4116 6184
434 305 510 362 43
1453 291 1791 353 ATTONIS
1841 286 2426 350 VERCELLENSIS
2475 287 2829 348 EPISCOPI
3768 293 3844 351 44

430 435 528 490 dia
556 433 782 490 liberati
841 431 1077 498 fuerint,
1129 429 1300 500 longo
1355 431 1616 497 tempore
1675 423 1730 478 in
1778 420 2450 490 abstinen-Aoffertur,
2495 419 2838 493 angelorum
2891 421 3220 494 frequentia
3277 421 3468 478 inesse
3527 439 3644 479 non
3674 424 3845 480 dubi-

431 525 516 579 tia
537 527 594 578 et
625 522 884 578 oratione
903 523 1288 593 permaneant
1312 515 1638 572 secundum
1665 512 1973 567 arbitrium
1995 528 2082 566 sa-

431 613 754 678 cerdotum,
791 617 849 666 et
878 611 961 666 sic
1013 611 1248 665 demum
1299 603 1734 662 communicent
1783 602 1936 656 inter
1975 617 2082 655 cae-

429 707 588 756 teros
617 700 1000 755 Christianos.
1036 697 1197 762 Quod
1233 696 1280 750 si
1313 691 1587 764 baptizati
1635 690 1724 746 vel
1755 688 2082 761 consignati

433 807 550 846 non
591 789 824 856 fuerint,
883 789 1018 842 licet
1076 801 1174 840 eos
1233 783 1394 838 omni
1450 787 1710 853 tempore
1767 779 2082 851 baptizare,

431 879 522 934 vel
555 879 918 950 consignare.
977 877 1037 930 In
1069 891 1222 944 aqua
1273 887 1408 927 vero
1467 869 1831 926 sanctiﬁcata
1885 865 2084 922 nullus

435 967 710 1022 balneum
743 967 930 1020 facere
978 963 1187 1017 audeat
1234 977 1337 1032 pro
1385 959 1582 1030 aliqua
1627 957 1968 1012 inﬁrmitate
1995 954 2085 1010 vel

438 1055 801 1120 necessitate,
837 1068 962 1123 qua:
992 1051 1188 1122 spargi
1227 1048 1638 1104 tantummodo
1669 1061 1946 1101 concessa
1975 1048 2083 1098 est.

441 1141 858 1214 Hujuscemodi
889 1141 1042 1196 enim
1078 1139 1306 1194 lavacra
1363 1152 1468 1192 nec
1511 1137 1570 1190 in
1631 1135 1814 1192 sacris
1863 1133 2086 1189 inveni-

439 1247 592 1298 mus,
629 1247 731 1285 nec
763 1247 796 1284 a
833 1230 1104 1284 Patribus
1154 1232 1284 1284 aeta
1341 1225 1696 1294 audivimus,
1757 1239 1861 1278 nec
1919 1222 2088 1277 nobis

440 1319 606 1376 utilia
634 1319 922 1375 videntur.

507 1431 646 1482 CAP.
681 1425 939 1481 LXXVII.
971 1454 1040 1464 —
1070 1424 1318 1494 Qualiter
1362 1421 1632 1494 mysteria
1676 1418 2022 1490 baptismatis

770 1497 854 1552 vel
883 1492 1197 1552 chrismatis
1234 1492 1584 1550 custodienda
1613 1494 1742 1546 sint.

507 1586 616 1650 Qui
647 1586 798 1641 sacri
829 1585 1204 1658 baptismatis
1231 1575 1596 1655 mysterium,
1617 1580 1704 1636 vel
1729 1581 1948 1634 donum
1972 1575 2098 1648 Spi-

434 1674 584 1730 ritus
615 1675 800 1730 sancti
837 1675 896 1728 in
929 1673 1246 1728 chrismate
1287 1669 1674 1742 susceperint,
1711 1671 1843 1722 ante
1873 1681 2094 1720 nonum

2189 514 2366 578 tatur,
2401 510 2795 582 periculosum
2819 513 2906 566 est
2927 510 3042 566 tale
3073 509 3296 581 aliquid
3319 509 3531 582 dicere,
3555 511 3644 568 vel
3676 529 3846 586 agere

2190 599 2343 668 quod
2377 598 2501 654 loco
2535 616 2648 654 non
2708 599 3011 655 convenit:
3065 599 3114 654 si
3175 600 3330 656 enim
3388 601 3674 658 Dominus
3715 602 3846 659 illos

2193 687 2264 741 de
2292 687 2510 758 templo
2546 686 2734 757 ejecit,
2796 688 2896 758 qui
2945 687 3213 745 victimas
3273 705 3404 761 quas
3453 691 3564 745 sibi
3607 692 3848 748 otl'eren-

2191 779 2308 840 tur,
2341 777 2616 830 emebant
2657 775 2745 830 vel
2802 776 3151 848 vendebant,
3203 783 3423 850 quanto
3480 780 3667 852 magis
3717 779 3848 837 illos

2195 863 2378 918 iratus
2431 863 2566 918 inde
2616 864 2870 934 abjiciet,
2923 867 3025 937 qui
3075 867 3419 938 mendaciis,
3475 869 3848 941 vaniloquiis,

2193 950 2433 1018 risibus,
2467 955 2523 1006 et
2555 951 2965 1022 hujuscemodi
3015 955 3186 1028 nugis
3217 955 3408 1014 locum
3441 958 3637 1014 divino
3665 959 3852 1014 cultui

2195 1039 2600 1110 mancipatum
2634 1041 2853 1097 foedant
2877 1047 2898 1097 Ρ

2267 1128 2400 1184 CAP.
2463 1128 2706 1184 LXXXI.
2757 1162 2826 1172 —
2857 1132 3230 1257 Derdoclrina
3283 1137 3528 1192 virorum
3575 1141 3628 1192 et
3655 1153 3781 1192 ma-

2946 1220 3140 1257 terum.

2946 1220 3140 1259 terum.

2271 1288 2499 1360 (Concil.
2537 1290 2899 1361 Carthag.1v,
2955 1310 3005 1348 c.
3039 1293 3147 1360 98;
3199 1295 3356 1364 Ibid.,
3409 1313 3458 1350 c.
3501 1297 3616 1365 99.)
3647 1297 3856 1353 Laicus
3917 1347 3922 1352 .

2201 1378 2592 1448 praesentibus
2623 1378 2869 1450 clericis,
2905 1380 3017 1437 nisi
3055 1381 3203 1454 ipsis
3233 1384 3622 1454 probantibus
3649 1385 3857 1442 docere

2203 1481 2320 1520 non
2350 1467 2579 1521 audeat.
2615 1472 2681 1521 ut
2729 1467 2959 1534 mulier,
3003 1471 3273 1540 quamvis
3323 1473 3494 1528 docta
3535 1473 3595 1527 in
3629 1477 3852 1542 sancta,

2203 1554 2357 1609 viros
2387 1553 2444 1608 in
2478 1561 2763 1612 conventu
2796 1558 3000 1613 docere
3024 1575 3140 1614 non
3157 1561 3374 1638 audeat
3397 1561 3487 1617 vel
3517 1567 3854 1633 praesumat.

2277 1661 2412 1716 CAP.
2465 1662 2720 1718 LXXXII.
2778 1695 2846 1706 —
2877 1669 3012 1720 [teni
3069 1665 3138 1720 de
3195 1667 3534 1724 indumentis
3577 1684 3784 1725 eorum.

436 1764 590 1818 diem
625 1780 756 1818 cum
805 1763 1151 1818 mulieribus
1199 1761 1360 1816 nullo
1414 1760 1587 1814 modo
1647 1752 2175 1830 coeantzsimi-n
2277 1749 2508 1819 (Concil.
2543 1751 2709 1823 Gang.
2766 1770 2891 1825 cap.
2949 1756 3055 1822 12;
3111 1755 3273 1823 Ibid.,
3331 1773 3380 1811 c.
3445 1757 3557 1830 13.)
3615 1757 3674 1813 Si
3725 1757 3860 1829 quis

436 1802 590 1818 ων...
625 1802 756 1818 .......
805 1802 1151 1818 .................
1201 1802 1359 1816 ..μην
1414 1802 1586 1814 ...νυ-υ
1649 1802 2062 1812 “omnm”---—
2769 1802 2891 1825 ηε..
2952 1802 3055 1822 η,
3111 1802 3273 1823 --....,
3333 1802 3380 1811 υ.
3447 1802 3556 1830 -...,
3615 1802 3674 1813 ν-
3725 1802 3860 1829 ν...

436 1851 569 1906 liter
601 1851 1007 1921 hujuscemodi
1055 1849 1334 1905 mulieres
1367 1848 1526 1903 omni
1560 1847 1733 1903 modo
1785 1863 1818 1899 a
1864 1843 2004 1898 viris
2038 1857 2099 1897 se
2129 1802 2177 1866 B
2210 1839 2466 1895 virorum
2502 1845 2736 1913 propter
2765 1843 3213 1912 continentiam,
3245 1861 3369 1918 quae
3419 1849 3679 1919 putatur,
3712 1847 3862 1903 ami-

437 1941 794 2006 abstineant,
829 1956 933 1994 nec
983 1937 1102 1993 ullo
1149 1938 1310 2008 turpi
1369 1936 1527 2004 ludo,
1577 1936 1667 1990 vel
1717 1933 1948 2005 negotio
1981 1929 2099 1986 ullo

438 2029 611 2083 modo
643 2029 966 2094 misceant;
997 2043 1031 2081 a
1070 2027 1338 2082 carnium
1373 2042 1556 2080 usura
1605 2024 1704 2078 diu
1740 2022 2080 2077 abstineant

439 2118 622 2172 donec
657 2090 968 2188 episcopus
1025 2115 1136 2170 loci
1187 2131 1292 2186 pro
1349 2113 1628 2186 qualitate
1680 2127 1964 2183 personae,
2009 2090 2104 2175 vel,

437 2205 720 2276 temporis
767 2205 1118 2276 praeviderit.
1161 2204 1274 2258 Nec
1325 2204 1394 2257 dc
1443 2219 1608 2258 sacro
1659 2203 1816 2256 fonte
1845 2199 2098 2270 aliquem

435 2295 658 2360 levare,
684 2300 785 2350 aut
815 2295 886 2350 ad
927 2294 1398 2366 consignandum
1455 2297 1588 2347 ante
1637 2291 1980 2362 episcopum
2013 2293 2099 2343 te-

440 2400 577 2439 nere
605 2383 818 2454 aliquis
850 2384 1102 2438 audeat:
1163 2399 1267 2437 nec
1325 2381 1573 2437 clericus
1631 2379 1818 2434 ullum
1865 2394 2099 2434 sacrum

441 2473 708 2528 ordinem
740 2487 1039 2528 assumere
1088 2478 1421 2543 praesumet,
1474 2469 1586 2525 nisi
1631 2470 1797 2540 prius
1853 2468 1972 2522 1]ωο
2003 2483 2096 2522 ea-

443 2563 575 2618 dem
609 2561 886 2633 praedicta
941 2563 1310 2616 sacramenta
1365 2560 1426 2614 in
1490 2575 1550 2615 se
1607 2557 2000 2628 celebraverit.
2039 2555 2098 2611 Si

442 2651 575 2722 quis
606 2653 801 2705 autem
834 2651 894 2706 in
927 2649 1122 2721 aliquo
1177 2648 1648 2721 supradictorum
1697 2646 2100 2718 praevaricator

444 2739 746 2808 exstiterit,
771 2739 996 2810 judicio
1027 2739 1285 2811 episcopi
1317 2738 1612 2810 pceniteat.

516 2846 648 2900 CAP.
679 2845 963 2902 LXXVIII.
999 2878 1064 2886 —
1099 2848 1160 2902 Ut
1206 2846 1513 2914 spectacula
1559 2843 1812 2900 ludorum
1839 2843 2028 2898 diebus

933 2921 1090 2990 [estis
1117 2935 1226 2974 non
1255 2917 1612 2974 celebrentur.

514 3007 723 3079 (Concil
777 3007 1046 3078 Africam.
1104 3009 1244 3078 61.)
1303 3006 1537 3062 Necnon
1592 3009 1649 3059 et
1691 3003 1834 3059 illud
1893 3006 2093 3074 peten-

445 3099 610 3167 dum,
644 3101 710 3152 ut
741 3095 1075 3168 spectacula
1102 3096 1490 3162 theatrorum,
1515 3099 1974 3162 caeterorumque
2003 3091 2093 3145 lu-

2211 1935 2307 1985 ctu
2337 1929 2476 2001 palii
2521 1931 2724 2000 utitur,
2786 1933 2954 2003 quasi
3012 1950 3115 2005 per
3165 1933 3272 1990 hoc
3329 1935 3543 1992 habere
3599 1953 3660 1992 se
3683 1935 3861 2008 justi-

2208 2017 2352 2072 tiam
2385 2020 2648 2089 credens,
2679 2024 2736 2076 et
2776 2021 3025 2093 despicit
3061 2038 3161 2078 eos
3219 2024 3318 2096 qui
3375 2041 3509 2080 cum
3541 2025 3862 2082 reverentia

2211 2107 2404 2178 birris,
2437 2112 2494 2162 et
2523 2109 2653 2164 aliis
2705 2111 3122 2166 communibus
3175 2111 3364 2168 solitis
3415 2119 3662 2169 utuntur
3689 2114 3871 2170 vesti-

2211 2196 2344 2263 bus,
2376 2197 2690 2254 anathema
2747 2199 2842 2254 sit.
2892 2201 3170 2256 Similiter
3199 2205 3256 2257 et
3303 2203 3515 2260 mulier
3555 2219 3681 2274 qua:
3725 2220 3862 2275 pro-

2209 2289 2338 2356 pter
2364 2288 2805 2352 continentiam,
2861 2306 2988 2360 quae
3037 2293 3295 2368 putatur,
3345 2291 3614 2348 habitum
3647 2294 3859 2362 mutat,

2210 2378 2268 2429 et
2295 2391 2399 2445 pro
2430 2375 2600 2432 solito
2633 2377 2906 2432 muliebri
2952 2379 3171 2433 amictu
3220 2379 3446 2436 virilem
3481 2380 3685 2448 sumit,
3719 2397 3860 2436 ana-

2209 2463 2408 2519 thema
2437 2464 2532 2519 sit.

2287 2553 2420 2608 CAP.
2483 2553 2774 2631 LXXXIII.
2801 2585 2892 2631 _——
2926 2557 3290 2631 Utnatalitia
3335 2573 3432 2613 seu
3487 2561 3693 2631 nuptiw
3736 2561 3792 2614 in

2653 2626 3090 2697 Quadragesi-ma
3119 2644 3230 2682 non
3259 2629 3416 2698 ﬁant.

2279 2711 2488 2784 (Concil
2535 2717 2761 2770 Bracar.
2827 2731 2876 2770 c.
2931 2716 3045 2788 48.)
3103 2717 3264 2779 Quod
3319 2734 3436 2773 non
3495 2723 3758 2790 oporteat
3799 2720 3862 2776 in

2207 2801 2664 2874 Quadragesima
2702 2807 3026 2876 martyrum
3076 2805 3342 2862 natalitia
3389 2807 3722 2876 celebrare;
3758 2811 3862 2865 sed

2205 2907 2409 2946 eorum
2441 2891 2500 2946 in
2547 2892 2801 2949 Sabbato
2860 2897 2918 2948 et
2975 2893 3280 2951 Dominico
3340 2897 3436 2952 die
3481 2901 3708 2953 tantum
3739 2914 3867 2954 me-

2207 2981 2392 3036 moria
2423 2981 2566 3036 ﬁeri.
2616 2981 2842 3054 Nuptiae
2889 2999 3023 3038 vero
3073 2988 3176 3040 aut
3222 2984 3445 3042 natalia
3494 2986 3698 3042 iisdem
3727 2987 3859 3043 die-

2207 3069 2317 3124 bus
2349 3069 2508 3126 nullo
2541 3072 2714 3127 modo
2745 3071 3130 3128 celebrentur.

439 3186 648 3240 dorum
680 3187 751 3242 de
777 3167 1121 3251 iDominica,
1168 3185 1256 3240 vel
1305 3184 1528 3240 creteris
1581 3182 1880 3254 religionis
1924 3180 2090 3234 Chri-
2123 3167 2164 3232 C
2275 3175 2406 3231 CAP.
2443 3177 2730 3233 LXXXIV.
2781 3209 2851 3218 —-
2880 3179 2956 3234 De
3011 3179 3230 3249 Jejunio
3283 3179 3785 3250 Quadragesimali.

443 3271 646 3328 stianae
679 3272 885 3328 diebus
933 3271 1392 3328 celeberriminis
1441 3277 1797 3326 amoveatur.
1847 3267 2096 3324 Maxime

442 3360 580 3432 quia
613 3361 799 3414 sancti
845 3361 1080 3414 Pascha:
1129 3365 1463 3416 octavarum
1495 3360 1586 3412 die
1635 3359 1833 3429 populi
1882 3359 1952 3412 ad
1985 3358 2094 3412 cir-

442 3463 597 3516 cum,
633 3448 821 3518 magis
861 3463 1039 3518 quam
1099 3448 1170 3501 ad
1225 3446 1532 3502 ecclesiam
1593 3445 1963 3511 conveniunt,
1997 3445 2095 3500 de-

443 3535 652 3590 berent
707 3535 1010 3590 transferri
1059 3535 1330 3606 praeﬁniti
1379 3534 1640 3605 ipsorum
1688 3533 1812 3589 dies
1862 3535 2096 3605 quando

446 3623 763 3690 evenerint,
823 3641 928 3679 nec
985 3625 1155 3680 debet
1209 3623 1366 3678 ullus
1422 3623 1785 3679 Christianus
1843 3622 1970 3693 cogi
2023 3623 2094 3678 ad

448 3712 801 3784 spectacula.

522 3820 655 3876 CAP.
709 3819 944 3875 LXXIX.
979 3851 1048 3860 -—
1099 3822 1162 3877 Ut
1206 3821 1390 3875 nullus
1433 3821 1704 3875 Kalendas
1741 3821 2023 3876 Januarii.

696 3893 894 3962 colere,
945 3901 1039 3947 aut
1064 3892 1250 3948 choros
1290 3894 1487 3948 ducere
1525 3895 1846 3963 praesumat.

519 3982 774 4055 (Zachar.
833 3981 894 4036 in
943 3983 1138 4038 concil.
1191 3985 1342 4038 Rom.
1403 3999 1452 4036 c.
1503 3983 1558 4050 9,
1613 3981 1977 4053 referturque
2004 3981 2095 4052 27,

447 4077 652 4144 qumst.
687 4073 740 4143 7,
772 4087 822 4128 c.
857 4073 918 4126 Si
970 4072 1135 4142 quis.)
1194 4071 1266 4126 Ut
1313 4070 1512 4126 nullus
1559 4071 1847 4126 Kalendas
1875 4071 2096 4126 Janua-

445 4162 514 4214 rii
545 4165 602 4216 et
640 4161 882 4215 brumas
931 4161 1046 4214 ritu
1097 4176 1459 4231 paganorum
1506 4160 1691 4214 colere
1741 4163 2092 4230 praesumat:

445 4249 494 4303 si
529 4249 660 4319 quis
693 4247 982 4302 Kalendas
1033 4247 1298 4302 Januarii
1347 4253 1403 4302 et
1451 4250 1692 4302 brumas
1736 4247 1921 4303 colere
1953 4266 2094 4320 proe-

444 4335 784 4408 sumpserit,
819 4338 920 4391 aut
969 4351 1203 4390 mensas
1234 4352 1366 4390 cum
1415 4335 1786 4407 lampadibus
1819 4337 1876 4390 in
1908 4337 2096 4391 domi-

444 4426 556 4480 bus
587 4439 933 4496 prazparare,
975 4429 1082 4478 aut
1133 4441 1234 4496 per
1283 4423 1441 4480 vicos
1488 4429 1544 4479 et
1575 4423 1834 4496 planteas
1874 4427 2094 4480 cantio-

2278 3267 2514 3335 (Concil.
2547 3267 2738 3336 Agath.
2764 3283 2890 3338 cap.
2946 3268 3058 3338 12.)
3087 3267 3312 3324 Placuit
3339 3269 3514 3324 etiam
3545 3274 3610 3325 ut
3655 3285 3864 3327 omnes

2205 3353 2494 3422 Ecclesiae,
2527 3354 2785 3426 exceptis
2844 3355 3052 3411 diebus
3113 3357 3451 3424 Dominicis,
3507 3358 3570 3413 in
3601 3360 3864 3424 Quadra-

2206 3443 2450 3512 gesima,
2484 3442 2662 3496 etiam
2707 3443 2801 3498 die
2849 3444 3110 3512 Sabbati,
3162 3445 3509 3502 sacerdotali
3539 3447 3861 3504 ordinatio-

2208 3547 2298 3594 ne,
2351 3535 2407 3584 et
2453 3531 2804 3588 discretione
2851 3533 2963 3604 (30)
3013 3534 3564 3591 communicationis
3612 3536 3866 3594 debeant

2203 3621 2490 3692 jejunare.

2277 3709 2406 3764 CAP.
2443 3741 2510 3750 —
2543 3709 2804 3766 LXXXV.
2853 3715 2995 3766 Item
3023 3712 3088 3767 de
3125 3713 3501 3770 observatione
3528 3713 3786 3786 ejusdem.

2277 3797 2510 3867 (Concil.
2545 3800 2709 3854 Laod.
2769 3816 2894 3872 cap.
2947 3801 3062 3873 50.)
3120 3803 3282 3867 Quod
3341 3819 3456 3858 non
3505 3807 3768 3876 oporteat
3796 3802 3858 3859 in

2207 3887 2664 3960 Quadragesima
2693 3889 2753 3944 in
2807 3889 3018 3945 ultima
3066 3891 3412 3962 septimana,
3455 3891 3671 3964 quintae
3701 3891 3858 3948 feriae

2199 3977 2496 4048 jejunium
2536 3977 2775 4048 solvere,
2825 3981 3128 4051 totamque
3181 3980 3699 4053 Quadragesimam
3730 3981 3859 4037 sine

2207 4066 2574 4122 veneratione
2601 4067 2872 4138 transire,
2923 4069 3228 4141 magisque
3271 4071 3572 4126 conveniet
3619 4087 3858 4126 omnem

2209 4155 2726 4228 Quadragesimam
2757 4156 3020 4214 districto
3049 4159 3310 4214 venerari
3333 4158 3578 4230 jejunio.

2477 4245 2608 4301 CAP.
2645 4244 2936 4300 LXXXVI.
2967 4279 3037 4288 ——
3069 4248 3204 4302 Item
3232 4247 3373 4302 unde
3401 4263 3588 4318 supra.

2278 4334 2459 4404 (Tolet.
2495 4351 2566 4402 IV,
2596 4350 2646 4389 c.
2681 4334 2757 4406 4.)
2809 4334 3058 4398 Quidam
3089 4337 3149 4391 in
3208 4337 3298 4392 die
3344 4336 3604 4406 ejusdem
3649 4332 3860 4388 Domi-

2207 4423 2346 4478 nicae
2379 4423 2672 4494 passionis
2703 4424 2775 4478 ad
2807 4423 3012 4480 horam
3036 4441 3249 4480 nonam
3273 4423 3566 4494 jejunium
3596 4420 3858 4492 solvunt,

445 4531 548 4569 nes
580 4519 635 4569 et
665 4514 870 4569 choros
917 4515 1126 4569 ducere
1181 4515 1643 4586 praesumpserit,
1695 4515 1848 4586 quod
1885 4531 2098 4586 magna
2127 4533 2174 4597 D
2206 4511 2480 4566 conviviis
2509 4512 2804 4580 abstinent
2851 4513 2983 4584 (31).
3045 4514 3114 4569 Et
3159 4513 3298 4568 dum
3357 4511 3442 4567 sol
3493 4511 3617 4583 ipse
3647 4511 3861 4568 eodem

444 4603 727 4674 iniquitas
757 4607 864 4674 est,
898 4619 1092 4657 coram
1125 4609 1239 4658 Deo
1271 4603 1583 4658 anathema
1615 4603 1708 4658 sit.

515 4707 650 4764 CAP.
713 4709 916 4764 LXXX.
969 4741 1035 4748 —-
1071 4711 1134 4766 Ut
1191 4709 1341 4782 quod
1396 4709 1465 4764 ad
1510 4708 1790 4765 ecclesiam
1829 4725 2022 4765 conve-

1073 4783 1338 4838 niendum
1365 4783 1458 4836 sit.

511 4868 842 4940 (Theodulf.
877 4885 927 4923 c.
963 4871 1075 4938 10.)
1133 4871 1258 4924 Non
1305 4870 1530 4926 debetis
1579 4871 1651 4925 ad
1683 4868 1987 4925 ecclesiam
2019 4869 2090 4925 ob

439 4957 616 5013 aliam
648 4974 887 5013 causam
920 4959 1246 5030 convenire,
1271 4959 1380 5015 nisi
1407 4960 1475 5014 ad
1501 4958 1863 5014 laudandum
1889 4965 2088 5027 Deum,

438 5052 496 5102 et
524 5048 652 5117 ejus
685 5046 984 5102 servitium
1039 5049 1372 5103 faciendum
1399 5067 1410 5116 ;
1473 5047 1927 5119 disceptationes
1957 5065 2090 5103 vero

439 5140 496 5191 et
542 5135 860 5201 tumultus,
915 5141 974 5192 et
1029 5138 1382 5208 vaniloquia,
1435 5142 1491 5191 et
1547 5143 1762 5192 steteras
1794 5137 2074 5205 actiones,

441 5225 512 5278 ab
561 5227 764 5281 eodem
815 5226 941 5280 loco
992 5231 1192 5281 sancto
1243 5227 1474 5297 penitus
1525 5227 1896 5298 prohibendis
1929 5231 2088 5282 sunt.

441 5311 551 5365 Ubi
582 5315 738 5368 enim
793 5315 892 5371 Dei
937 5331 1148 5386 nomen
1207 5315 1528 5380 invocatur,
1580 5316 1695 5372 Deo
1736 5315 2088 5370 sacriﬁcium

513 5435 624 5510 (30)
656 5437 722 5510 Et
748 5437 1084 5510 discretione.
1137 5439 1199 5494 In
1247 5439 1419 5495 editis
1464 5439 1724 5494 conciliis
1771 5437 2004 5510 legitur,
2038 5448 2094 5496 et

439 5507 796 5563 districtionis
824 5513 1260 5568 commutatione.

511 5579 951 5662 ‘31)Abstinent.
980 5584 1084 5642 Hic
1130 5599 1334 5642 omnes
1389 5581 1556 5640 facile
1589 5581 1789 5640 vident
1818 5581 2086 5640 nonnihil

2207 4600 2298 4656 die
2329 4601 2586 4656 tenebris
2634 4600 2908 4672 palliatus
2953 4601 3150 4657 lumen
3203 4600 3563 4668 subduxerit,
3609 4599 3861 4672 ipsaque

2204 4689 2490 4744 elementa
2527 4691 2760 4746 turbata
2813 4691 3149 4746 maestitiam
3197 4689 3375 4744 totius
3421 4689 3630 4746 mundi
3659 4694 3860 4745 osten-

2205 4778 2416 4849 derint,
2449 4778 2534 4832 illi
2577 4779 2872 4850 jejunium
2919 4779 3065 4834 tanti
3115 4777 3228 4833 diei
3285 4777 3579 4850 polluunt,
3633 4777 3860 4850 epulis-

2201 4885 2310 4940 que
2341 4867 2684 4924 inserviunt.
2723 4870 2788 4924 Et
2819 4869 2956 4940 quia
2996 4871 3183 4923 totum
3227 4869 3502 4924 eumdem
3535 4868 3686 4924 diem
3721 4868 3856 4922 uni-

2199 4958 2442 5014 versalis
2473 4958 2728 5014 Ecclesia
2749 4963 2983 5030 propter
3013 4957 3348 5028 passionem
3369 4957 3596 5013 Domini
3623 4957 3684 5011 in
3717 4973 3863 5014 moe-

2203 5063 2348 5117 rore,
2381 5053 2438 5102 et
2468 5048 2821 5104 abstinentia
2877 5047 3126 5118 peragit,
3177 5047 3509 5118 quicunque
3567 5045 3626 5100 in
3671 5063 3738 5102 eo
3764 5047 3862 5117 je-

2192 5135 2455 5206 junium,
2489 5141 2696 5208 praeter
2727 5134 3020 5209 parvulos,
3069 5153 3238 5193 senes
3267 5141 3324 5192 et
3353 5135 3687 5208 languidos,
3720 5139 3864 5191 ante

2201 5229 2463 5294 peractas
2495 5225 2868 5298 indulgentia
2901 5242 3102 5296 preces
3147 5224 3473 5293 resolverit,
3515 5241 3550 5280 a
3597 5223 3868 5296 paschali

2199 5314 2411 5384 gaudio
2443 5313 2784 5386 depellatur,
2819 5331 2924 5370 nec
2967 5315 3026 5370 in
3061 5333 3125 5371 eo
3174 5317 3610 5369 sacramentum
3641 5329 3858 5386 corpo-

2199 5437 2438 5522 deesse;
2467 5437 2566 5522 sed
2599 5439 2830 5520 concilii
2883 5439 3176 5522 sententia
3211 5439 3367 5521 adeo
3407 5438 3717 5522 perspicua
3745 5442 3864 5512 est,

2200 5511 2265 5562 ut
2293 5509 2351 5564 in
2381 5509 2572 5567 verbis
2603 5511 2900 5568 immorari
2931 5509 3332 5580 necessarium
3356 5509 3472 5568 non
3497 5509 3785 5568 videatur.
