4116 6184
288 354 357 412 45
1766 351 2287 413 CAPITULARE.
3642 366 3719 425 46

292 486 385 553 ris,
418 490 473 541 et
503 486 805 556 sanguinis
836 485 1069 542 Domini
1105 483 1442 557 percipiat,
1484 480 1594 551 qui
1631 481 1785 537 diem
1831 500 1967 555 pas-
1996 494 2050 559 Α
2082 485 2529 555 oppresserit,ad
2565 503 2735 542 suum
2760 489 3061 560 presbyter
3078 494 3337 545 recurrat
3356 491 3714 565 episcopum,

292 574 463 630 sionis
491 574 679 645 ipsius
710 592 807 646 per
836 575 1263 631 abstinentiam
1297 588 1435 627 non
1473 570 1748 625 honorat.

326 681 452 736 CAP.
480 680 781 735 LXXXVII.
811 712 876 721 -—
904 684 976 736 De
1001 684 1225 755 jejunio
1262 680 1559 746 Quatuor
1592 677 1924 748 Temporum.

358 768 585 839 (Calixti
606 785 764 840 papa:
784 786 903 840 quae
918 771 1123 826 dicitur
1142 769 1322 841 epist.
1364 764 1395 817 1
1412 804 1425 816 .
1442 765 1461 832 )
1478 763 1782 834 Jejunium
1807 769 1961 838 quod

294 863 374 914 ter
401 858 464 912 in
495 873 643 913 anno
675 859 825 928 apud
856 875 959 914 nos
1004 861 1287 916 celebrare
1354 851 1697 923 didicistis,
1757 873 1959 912 conve-

296 947 549 1003 nientius
577 962 732 1000 nunc
763 962 862 1016 per
887 952 1125 1017 quatuor
1148 953 1454 1013 tempora
1512 942 1633 997 ﬁePi
1668 944 1917 1000 dioimUS
1944 963 1955 1012 ;

300 1041 357 1091 ut
387 1037 543 1091 sicut
571 1051 757 1091 annus
786 1050 887 1104 per
916 1040 1154 1105 quatuor
1172 1028 1461 1089 volvitur
1485 1034 1770 1103 tempora,
1795 1034 1877 1089 sic
1902 1038 1959 1089 et

301 1142 402 1180 nos
433 1128 779 1196 quaternum
804 1138 1047 1193 agamus
1069 1124 1325 1179 solemne
1350 1114 1668 1187 jejunium
1693 1138 1796 1191 per
1820 1139 1957 1193 qua-

301 1219 429 1270 tuor
457 1219 737 1285 tempora,
761 1213 932 1283 juxta
959 1212 1246 1283 prophetae
1273 1204 1583 1263 ZaChariaa
1609 1226 1831 1277 vocem,
1856 1213 1953 1283 qui

304 1303 377 1357 ait
404 1320 416 1357 :
452 1304 572 1357 Hmc
599 1300 731 1356 dicit
760 1301 1021 1356 Dominus
1051 1300 1432 1356 exercituum:
1468 1298 1765 1369 Jejunium
1793 1316 1953 1371 (μιαν.

303 1392 363 1459 li,
395 1396 445 1446 et
467 1391 742 1463 jejunium
772 1390 973 1458 quinti,
1007 1393 1059 1443 et
1089 1389 1368 1459 jejunium
1410 1390 1657 1458 septimi,
1708 1396 1758 1442 et
1794 1390 1950 1458 jeju-

303 1482 461 1535 nium
487 1480 675 1534 decimi
705 1479 810 1533 erit
839 1477 1027 1533 domui
1054 1477 1207 1533 Iudae
1225 1479 1285 1530 in
1311 1476 1579 1544 gaudium
1600 1478 1651 1531 et
1673 1477 1949 1546 laetitiam,

306 1574 354 1623 et
380 1570 745 1625 solemnitate:
776 1569 1110 1638 praeclaras:
1148 1567 1436 1621 veritatem
1465 1570 1653 1620 tamen
1682 1574 1734 1620 et
1762 1581 1952 1636 pacem

306 1659 532 1729 diligite,
562 1657 693 1712 dicit
722 1657 986 1712 Dominus
1017 1658 1361 1710 exercituum
1391 1654 1649 1724 (Zachar.
1674 1671 1796 1721 νηί,
1838 1655 1946 1725 19).

310 1748 365 1802 In
394 1746 503 1802 hoc
534 1762 667 1817 ergo
698 1762 903 1801 omnes
935 1762 1042 1800 nos
1076 1744 1383 1799 unanimes
1414 1748 1640 1815 oportet
1691 1760 1839 1815 esse,
1886 1748 1952 1799 ut

311 1836 625 1891 secundum
648 1833 1029 1905 apostolicam
1052 1831 1382 1887 doctrinam
1408 1847 1420 1884 :
1447 1831 1686 1902 Idipsum
1698 1832 1948 1887 dicamus

309 1942 506 1991 omnes,
536 1933 585 1980 et
612 1938 721 1978 non
750 1924 859 1977 sint
890 1924 951 1976 in
973 1921 1130 1975 nobis
1159 1919 1463 1975 schismata
1494 1922 1543 1991 (Ι
1576 1921 1693 1975 Cor.
1751 1938 1790 1991 ι,
1834 1923 1943 1993 10).

373 2034 503 2088 CAP.
560 2028 894 2085 LXXXVIII.
928 2058 999 2068 ν-
1042 2028 1329 2088 Jeiunium
1367 2027 1786 2082 ecclesiasticum
1833 2045 1945 2083 non

910 2098 1332 2155 dissolvendum.

376 2193 563 2264 (Gang.
591 2192 782 2245 concil.
818 2206 866 2244 c.
905 2190 1018 2258 19.)
1052 2189 1112 2243 Si
1146 2188 1497 2259 quiseorum
1522 2186 1620 2256 qui
1644 2187 1949 2243 continen-

315 2281 399 2335 tiae
428 2280 680 2344 student,
711 2278 934 2348 absque
962 2276 1312 2330 necessitate
1343 2291 1619 2345 corporea
1648 2276 1864 2331 tradita
1886 2277 1945 2331 in

314 2366 926 2437 communejejunia,et
940 2365 1012 2419 ab
1028 2362 1285 2419 Ecclesia
1300 2363 1589 2418 custodita
1604 2380 1669 2419 su
1680 2364 1944 2434 pcrbien-

314 2459 383 2513 do
404 2454 931 2526 dissolvit,stimulo
951 2470 1071 2509 suae
1086 2452 1456 2524 cogitationis
1478 2452 1946 2524 impulsus,ana-

313 2546 504 2601 thema
533 2545 625 2600 sit.

374 2594 503 2690 (ὶῖρῖ
846 2663 912 2673 -
949 2633 1015 2687 Ut
1038 2631 1435 2701 paenitentibus
1466 2629 1706 2698 inﬁrmis
1761 2631 1945 2686 oleum

640 2705 1074 2774 sanctiﬁicatum
1104 2718 1214 2758 non
1245 2701 1603 2773 infundatur.

376 2794 668 2865 (Innocent
700 2794 741 2862 Ι,
774 2793 947 2864 epist.
971 2792 1044 2846 ad
1067 2791 1405 2847 Decentium
1428 2807 1478 2846 c.
1502 2789 1581 2860 8.)
1604 2790 1942 2847 Pmnitenti-

308 2884 416 2938 bus
446 2883 597 2938 istud
628 2882 859 2937 infundi
892 2897 1008 2936 non
1041 2883 1250 2951 potest,
1283 2880 1421 2951 quia
1436 2894 1625 2952 genus
1641 2885 1731 2933 est
1749 2895 1940 2936 sacra-

309 2971 505 3027 menti.
537 2975 679 3027 Nam
712 2972 929 3043 quibus
963 2969 1189 3040 reliqua
1217 2972 1583 3024 sacramenta
1631 2973 1938 3039 negantur,

306 3061 589 3132 quomodo
622 3076 803 3115 unum
836 3075 1027 3131 genus
1056 3062 1297 3129 putatur
1327 3072 1499 3129 posse
1532 3056 1815 3111 concedi?

371 3149 500 3203 CAP.
532 3152 641 3203 XC.
675 3179 743 3189 -—
774 3149 1029 3216 Qualiter
1084 3146 1393 3215 presbyteri
1438 3160 1566 3215 erga
1615 3146 1938 3214 paenitentes

368 3307 493 3364 Non
523 3307 697 3361 debet
726 3305 1028 3375 presbyter
1056 3303 1363 3373 injungere
1394 3300 1748 3374 pmnitentiaz
1785 3302 1943 3375 leges

308 3397 421 3452 sine
454 3394 655 3463 aliquo
688 3395 952 3464 respectu
988 3407 1268 3462 persona},
1301 3395 1403 3445 aut
1428 3406 1619 3446 causa:
1646 3407 1659 3456 ;
1684 3390 1781 3445 sed
1805 3395 1945 3448 tem-

306 3501 438 3555 pora
470 3480 822 3555 paenitentiae
854 3483 955 3535 aut
988 3479 1475 3534 reconciliationis
1500 3478 1757 3550 epiocopi
1786 3480 1940 3535 arbi-

305 3572 408 3627 trio
438 3571 734 3627 concedat.
771 3570 857 3633 Et,
891 3572 956 3623 ut
982 3568 1281 3639 presbyter
1310 3566 1638 3622 inconsulto
1671 3566 1941 3641 episcopo

308 3678 419 3715 non
450 3657 783 3715 reconciliet
814 3655 1212 3729 poenitentem,
1248 3655 1361 3711 nisi
1392 3656 1665 3727 episcopo
1699 3658 1941 3726 permit-

302 3753 485 3816 tente;
508 3748 603 3804 sed
626 3746 817 3818 potius
830 3744 1149 3818 presbyteri
1174 3744 1274 3815 qui
1297 3744 1355 3799 in
1379 3744 1652 3816 plebibus
1665 3746 1938 3801 ordinan-

302 3841 419 3907 tur,
440 3836 855 3908 providentiam
884 3850 1158 3906 magnam
1174 3833 1529 3902 habeant,ne
1554 3850 1753 3889 eorum
1777 3851 1940 3905 paro-

310 3925 501 3980 chiani
530 3925 586 3980 in
618 3923 944 3979 criminalia
968 3923 1226 3977 incidant
1242 3922 1466 3977 delicta.
1496 3922 1659 3985 Quod
1681 3924 1729 3977 si
1749 3939 1942 3979 evene-

304 4014 409 4081 rit,
438 4018 547 4068 tam
579 4015 647 4069 ab
678 4013 845 4085 ipsis,
870 4028 1047 4083 quam
1067 4012 1137 4067 ab
1161 4011 1436 4067 omnibus
1462 4011 1668 4065 vicinis
1690 4010 1941 4081 diligen-

314 4105 413 4155 ter
428 4101 662 4171 qualiter
682 4105 807 4157 acta
828 4104 987 4167 sunt,
1030 4099 1351 4171 inquirant,
1394 4104 1450 4155 et
1486 4098 1720 4170 scriptis
1741 4103 1941 4155 notare

303 4206 425 4245 non
478 4190 756 4261 differant,
816 4206 1032 4260 eosque
1076 4190 1390 4245 admonere
1439 4190 1775 4261 frequenter
1816 4194 1939 4245 stu-

302 4278 502 4346 deant,
535 4284 597 4334 ut
643 4280 711 4335 ad
746 4278 906 4350 pacis
965 4282 1023 4334 et
1081 4278 1428 4349 pmnitentim
1479 4278 1939 4334 satisfactionem

305 4367 583 4423 citissime
610 4372 864 4437 currant,
922 4370 980 4423 et
1032 4384 1167 4422 cum
1200 4366 1345 4438 ipsis
1400 4367 1625 4438 primus
1673 4367 1938 4437 ejusdem

305 4457 492 4527 plebis
522 4458 834 4529 presbyter,
868 4460 968 4511 aut
999 4456 1097 4528 qui
1133 4456 1336 4511 doctor
1394 4459 1525 4526 post
1568 4456 1762 4527 ipsum
1816 4456 1937 4512 fue-

306 4544 407 4611 rit,
436 4545 641 4615 veniat,
670 4546 943 4617 idemque
999 4545 1156 4616 quod
1215 4544 1548 4616 scripserat,
1602 4561 1798 4600 secum
1855 4545 1936 4600 af-

309 4595 477 4687 ferat.
510 4595 665 4699 Quod
696 4635 743 4689 si
768 4595 944 4689 iidjem
978 4595 1551 4706 pinnitentesrvenire
1583 4633 1939 4699 distulerint,
1972 4595 2019 4660 D

308 4721 437 4791 ipse
467 4722 523 4777 in
553 4724 732 4795 capite
756 4723 966 4794 jejunii
1000 4724 1069 4778 ad
1094 4723 1343 4795 primam
1377 4723 1639 4794 ejusdem
1684 4722 1941 4795 episcopi

309 4810 509 4865 sedem
538 4828 659 4867 esse
691 4811 847 4867 nullo
869 4812 1039 4867 modo
1062 4828 1194 4868 cum
1218 4812 1419 4867 eodem
1444 4811 1778 4868 dissimulet
1800 4813 1941 4867 scri-

309 4902 435 4968 pto,
469 4915 680 4971 suoque
713 4906 988 4971 suggerat
1016 4900 1310 4973 episcopo,
1344 4904 1408 4954 ut
1438 4902 1593 4972 quod
1638 4900 1687 4957 ei
1737 4900 1944 4956 exinde

312 4988 600 5056 agendum
634 4989 726 5056 sit,
742 4989 1086 5044 consideret.
1110 4990 1167 5044 Si
1191 4994 1385 5044 autem
1405 4990 1576 5044 etiam
1598 4990 1943 5061 pmnitentes

313 5073 620 5144 adfuerint,
655 5078 835 5148 leges,
859 5094 984 5147 qua:
1016 5077 1130 5132 illis
1163 5078 1511 5149 pmnitentiae
1543 5079 1945 5149 imponuntur,

315 5179 524 5217 rursus
553 5165 858 5232 describat,
893 5181 1208 5236 curamque
1238 5172 1294 5222 et
1324 5165 1778 5222 sollicitudinem
1807 5184 1944 5237 erga

316 5267 425 5305 eos
455 5253 753 5309 maximam
786 5258 967 5326 gerat,
1002 5258 1065 5308 ut
1081 5270 1277 5310 eorum
1304 5255 1805 5311 conversationem
1829 5254 1944 5325 ple-

312 5338 556 5395 nissime
585 5357 923 5413 cognoscere
955 5343 1157 5414 possit.
1191 5344 1350 5408 Quod
1382 5342 1431 5398 si
1462 5343 1669 5398 obnixe
1688 5344 1943 5414 aliquem

313 5427 661 5498 pcsnitentiae
690 5431 894 5487 viderit
922 5432 1279 5496 incumbere,
1313 5433 1722 5489 autdebilitate
1756 5434 1947 5487 incur-

316 5520 488 5571 rente
515 5518 826 5588 periculum
851 5524 1171 5592 speret,aut
1189 5519 1564 5577 siinfirmitas
1586 5538 1944 5594 quemquam

2077 576 2139 626 ut
2170 572 2249 626 illi
2286 589 2385 643 per
2416 573 2607 644 ipsum
2641 576 2895 631 remedia
2917 580 3330 635 concedantur.
3360 580 3521 643 Quod
3546 581 3593 636 si
3622 582 3716 637 de—

2074 661 2669 731 i’uerit,cardinalibus
2692 664 2891 733 primas
2915 666 3067 721 sedis
3090 666 3325 722 interim
3342 675 3710 740 suggeratur.

2070 749 2155 802 Ad
2188 749 2342 803 diem
2376 766 2629 820 namque
2652 753 3157 822 reconciliationis,
3192 756 3249 809 id
3282 760 3370 812 est
3401 772 3574 812 ccenaa
3612 760 3713 813 Do-

2071 837 2216 891 mini
2249 839 2370 908 ipse
2399 855 2632 909 quoque
2660 855 2793 894 cum
2822 841 2966 911 ipsis
2988 844 3206 913 pariter
3224 845 3428 901 adesse
3454 846 3707 917 festinet,

2069 930 2132 980 ut
2150 943 2458 1003 rursursus
2472 944 2597 999 quas
2622 926 2915 998 illisjussa
2931 931 3521 1004 fuerint,cognoscere
3537 938 3595 990 et
3616 937 3711 990 de-

2068 1015 2321 1070 scribere
2354 1016 2556 1086 possit.

2066 1124 2196 1176 CAP.
2231 1121 2365 1176 XCI.
2397 1153 2461 1162 —
2517 1121 2578 1178 Ut
2604 1124 2922 1192 pwnitentes
2951 1125 3190 1194 quotidie
3230 1144 3416 1197 genua
3459 1129 3702 1200 flectant.

2135 1226 2363 1295 (Concil.
2403 1227 2669 1301 Carthag.
2703 1245 2752 1283 c.
2782 1229 2861 1300 8.)
2896 1229 3243 1286 Poenitentes
3270 1232 3445 1288 etiam
3496 1235 3706 1292 diebus

2064 1316 2430 1371 remissionis
2461 1332 2655 1388 genua
2694 1316 2950 1372 ﬂectant.

2168 1422 2302 1477 CAP.
2328 1421 2485 1476 XCII.
2504 1454 2570 1462 —
2598 1423 2660 1477 Ut
2688 1428 2926 1477 mortuos
2953 1426 3273 1494 pne-nitentes
3304 1427 3595 1496 sepeliant.

2132 1528 2313 1598 (Ibid.,
2349 1545 2477 1600 cap.
2512 1529 2627 1599 83.)
2656 1532 2911 1585 Morinos
2943 1531 3292 1601 poenitentes
3322 1532 3568 1589 oﬁ‘erant
3613 1550 3705 1590 ec-

2061 1617 2272 1688 clesiae,
2308 1622 2364 1673 et
2394 1617 2699 1688 sepeliant.

2132 1725 2263 1779 CAP.
2298 1724 2484 1779 XCIII.
2522 1756 2587 1765 —-
2619 1726 2950 1780 Paenitenles
2977 1727 3205 1797 negotiis
3251 1728 3610 1785 saecularibus
3652 1745 3710 1786 se

2718 1797 3047 1853 abstineant.

1979 1863 2027 1927 B
2130 1886 2324 1951 [Leon.
2347 1884 2422 1938 M.
2448 1884 2619 1956 epist.
2643 1885 2733 1952 91,
2759 1902 2807 1940 c.
2830 1885 2910 1956 9.)
2932 1885 3193 1949 Qualitas
3215 1886 3361 1941 lucri
3402 1888 3706 1960 negotian-
3778 1886 3795 1893 “

2060 1977 2176 2027 tem
2212 1978 2314 2027 aut
2347 1978 2603 2043 excusat,
2628 1978 2730 2027 aut
2743 1973 2955 2045 arguit,
2979 1975 3117 2045 quia
3138 1978 3226 2031 est
3249 1975 3527 2032 honestus
3549 1994 3705 2047 quaa-

2058 2064 2208 2129 stus,
2242 2065 2299 2116 et
2326 2062 2552 2132 turpis:
2584 2067 2991 2116 verumtamen
3024 2063 3324 2133 pcenitenli
3370 2064 3573 2120 utilius
3617 2068 3709 2120 est

2059 2149 2368 2220 dispendia
2388 2150 2716 2220 pati,quam
2733 2149 3006 2220 periculis
3026 2150 3435 2220 negotiationis
3455 2152 3714 2207 obstrin-

2058 2238 2157 2309 gi;
2193 2238 2331 2308 quia
2370 2238 2608 2293 difficile
2650 2243 2743 2292 est
2790 2238 2942 2292 inter
2985 2238 3231 2293 ementis
3279 2239 3710 2308 vendentisque

2057 2327 2474 2381 commercium
2510 2343 2624 2381 non
2651 2326 3001 2381 intervenire
3031 2334 3353 2396 peccatum.
3388 2327 3551 2381 Unde
3586 2340 3710 2379 mo-

2057 2431 2266 2469 nemus
2297 2415 2408 2485 (32)
2433 2430 2503 2469 ne
2526 2414 2813 2485 posnitens
2832 2412 3025 2484 aliquo
3045 2414 3297 2485 negotio,
3320 2432 3421 2470 seu
3448 2412 3709 2469 venatio-

2056 2520 2127 2558 ne
2161 2519 2222 2558 se
2245 2503 2593 2574 obstringat,
2620 2503 2722 2557 sed
2756 2501 2866 2557 sub
2897 2502 3163 2559 custodia
3216 2502 3559 2566 sacerdotis,
3606 2496 3713 2568 qui

2054 2591 2179 2647 loco
2214 2592 2508 2662 praefuerit
2556 2592 2826 2659 orationi,
2873 2595 3047 2661 atque
3085 2591 3332 2662 jejuniis
3378 2593 3564 2654 vacet.
3612 2584 3713 2636 Vi-

2053 2685 2210 2735 ctum
2235 2685 2432 2736 autem
2448 2697 2621 2735 suum
2639 2680 2687 2735 si
2703 2696 2920 2751 egenus
2942 2684 3051 2750 est,
3076 2680 3177 2735 tali
3192 2680 3444 2737 artiﬁcio
3464 2674 3713 2746 quam,

2054 2769 2145 2824 cui
2173 2769 2335 2824 nulla
2366 2768 2646 2824 inhaereat
2672 2768 2903 2822 macula
2932 2768 3171 2838 peccati,
3206 2775 3509 2840 quatenus
3532 2760 3614 2814 ita
3628 2762 3717 2814 te-

2052 2857 2329 2913 stimonio
2361 2858 2682 2913 sacerdotis
2704 2855 2988 2924 fultus,ad
3014 2857 3310 2928 pontiﬁcis
3324 2854 3427 2916 sui
3452 2846 3719 2907 securius

2051 2951 2313 3002 recurrat
2344 2947 2697 3002 sententiam
2730 2944 3019 3015 (ejusdem
3050 2947 3222 3016 epist.
3250 2965 3304 3005 c.
3342 2945 3463 3017 10).
3487 2939 3594 2996 Sed
3618 2955 3720 2995 ne-

2051 3051 2164 3106 que
2196 3041 2327 3107 post
2358 3034 2710 3107 poenitentia
2743 3034 3031 3089 actionem
3064 3043 3278 3107 pergat
3308 3039 3388 3096 ad
3445 3030 3720 3091 militiam

2048 3124 2409 3189 saecularem,
2441 3139 2574 3177 cum
2611 3120 2925 3192 Apostolus
2973 3122 3167 3178 dicat:
3222 3128 3412 3184 Nemo
3470 3124 3724 3184 militum

1971 3226 2014 3291 ρ
2052 3212 2178 3277 Deo,
2215 3211 2462 3282 implicat
2491 3226 2546 3265 se
2575 3211 2809 3278 negotiis
2836 3210 3193 3265 saecularibus
3229 3214 3305 3285 (II
3352 3216 3493 3286 Tim,
3546 3233 3606 3286 ιι,
3641 3218 3717 3292 4).

2050 3298 2413 3370 Quapropter
2467 3315 2581 3352 non
2640 3301 2729 3352 est
2777 3296 2925 3352 liber
2964 3315 2998 3351 a
3036 3297 3272 3369 laqueis
3324 3304 3567 3376 diaboli,
3616 3311 3717 3383 qui

2052 3404 2114 3442 se
2144 3387 2364 3441 militiae
2398 3388 2710 3441 mundanae
2742 3385 2987 3440 voluerit
3007 3386 3340 3459 implicare.
3373 3395 3522 3467 Ergo
3545 3397 3713 3457 illici-

2052 3482 2242 3532 torum
2271 3477 2500 3533 veniam
2535 3475 2951 3547 postulantem,
2984 3482 3211 3548 oportet
3245 3485 3425 3539 etiam
3449 3502 3483 3541 a
3504 3490 3711 3551 multis

2048 3566 2223 3621 licitis
2258 3564 2573 3632 abstinere,
2607 3566 2839 3620 dicente
2891 3566 3205 3636 Apostolo:
3257 3571 3463 3629 Omnia
3519 3579 3703 3651 licent,

2048 3656 2147 3711 sed
2174 3672 2284 3710 non
2313 3656 2500 3710 omnia
2532 3653 2832 3725 expediunt
2862 3654 2910 3725 (Ι
2951 3658 3074 3712 Cor.
3126 3674 3199 3723 v1,
3258 3661 3388 3729 I2);
3441 3667 3599 3723 unde
3650 3673 3702 3725 si

2050 3744 2337 3815 paenitens
2366 3742 2543 3798 habet
2569 3758 2829 3809 causam,
2856 3759 3034 3813 quam
3065 3746 3356 3818 negligere
3389 3750 3536 3807 forte
3582 3774 3699 3816 non

2050 3833 2275 3898 debeat,
2300 3831 2511 3886 melius
2541 3832 2755 3902 expetit
2772 3830 3233 3890 ecclesiasticum
3257 3853 3435 3906 quam
3466 3840 3699 3902 forense

2041 3921 2359 3992 judicium.

2049 4009 2183 4065 CAP.
2216 4009 2402 4063 XCIV.
2437 4037 2505 4048 —-
2538 4008 2785 4082 Qualiter
2810 4024 3039 4082 sponsus
3062 4021 3113 4068 et
3138 4029 3343 4082 sponsa
3370 4030 3403 4068 a
3420 4021 3699 4077 sacerdote

2665 4078 3081 4135 benedicuntur.

2123 4165 2333 4237 (Cartli.
2366 4183 2440 4234 1v,
2474 4183 2524 4220 c.
2561 4167 2670 4238 13.)
2704 4167 2967 4237 Sponsus
2993 4173 3050 4224 et
3079 4186 3294 4241 sponsa
3349 4186 3482 4227 cum
3530 4174 3699 4233 bene-

2051 4254 2279 4309 dicendi
2312 4259 2450 4309 sunt
2481 4272 2513 4309 a
2543 4256 2860 4323 sacerdote,
2897 4274 2930 4311 a
2960 4257 3302 4328 parentibus
3326 4259 3471 4331 suis,
3496 4263 3581 4318 vel
3600 4281 3697 4335 pa-

2050 4343 2394 4415 ranymphis
2425 4344 2761 4400 oti‘erantur.
2796 4345 2903 4410 Qui
2936 4364 3069 4402 cum
3102 4346 3566 4407 benedictionem
3600 4370 3694 4408 ac-

2051 4432 2325 4503 ceperint,
2358 4433 2561 4487 eadem
2594 4438 2760 4489 nocte
2786 4451 2891 4505 pro
2924 4436 3245 4492 reverentia
3288 4435 3475 4507 ipsius
3521 4440 3695 4497 bene-

2050 4520 2323 4577 dictionis
2353 4521 2413 4576 in
2446 4522 2772 4594 virginitate
2804 4529 3204 4594 permaneant.

2231 4630 2363 4684 CAP.
2400 4629 2558 4683 XCV.
2594 4662 2659 4671 —
2689 4634 2829 4700 Qum
2867 4633 3077 4703 nupti}?
3104 4631 3355 4689 vitandae
3382 4634 3514 4688 sint.

2126 4717 2312 4789 (Cone.
2348 4720 2497 4775 Rom.
2536 4737 2572 4785 I,
2608 4720 2716 4775 sub
2740 4720 2908 4792 Greg.
2944 4720 3027 4788 II;
3062 4723 3211 4777 Rom.
3245 4722 3354 4776 sub
3391 4723 3610 4795 Eugen.
3645 4725 3693 4779 ΙΙ

2054 4811 2109 4862 et
2144 4808 2331 4863 Leone
2366 4808 2487 4879 III.)
2518 4807 2590 4863 Ut
2620 4808 2820 4864 nullus
2852 4816 3171 4880 praesumat
3201 4810 3316 4866 Deo
3349 4811 3600 4867 dicatam
3622 4814 3696 4867 fe-

2054 4896 2299 4964 minam,
2332 4901 2435 4952 aut
2467 4902 2846 4953 commatrem
2881 4916 3073 4967 suam,
3104 4899 3191 4955 vel
3227 4916 3555 4969 novercam,
3592 4918 3694 4955 seu

2054 4989 2324 5055 matrem,
2360 4992 2461 5040 aut
2485 5004 2765 5054 sororem,
2792 4993 2891 5042 aut
2913 4988 3090 5043 ﬁliam
3117 4987 3601 5060 spiritualem,vel
3625 4989 3695 5041 de

2054 5076 2290 5147 propria
2323 5076 2689 5147 cognatione,
2722 5076 2808 5131 vel
2832 5095 3004 5148 quam
3027 5084 3309 5149 cognatus
3333 5076 3555 5140 habuit,
3582 5074 3693 5129 sibi

2054 5166 2111 5219 in
2137 5165 2407 5235 conjugio
2423 5164 2793 5236 copulare.Et
2812 5166 3094 5238 virginem
3120 5173 3220 5222 aut
3243 5167 3473 5221 viduam
3495 5162 3695 5219 nullus

2054 5271 2257 5325 rapere
2288 5259 2623 5325 praesumat,
2656 5260 2759 5309 aut
2789 5255 2969 5310 furari
3020 5254 3077 5310 in
3126 5269 3383 5320 uxorem,
3437 5250 3549 5306 nisi
3601 5253 3697 5308 de-

2054 5347 2396 5414 sponsatam
2429 5342 2698 5399 habuerit
2724 5360 2756 5398 a
2783 5343 3033 5415 propriis
3054 5341 3415 5413 parentibus,
3441 5340 3583 5397 vela
3606 5346 3698 5396 tu-

2054 5432 2282 5487 toribus
2314 5432 2459 5503 ejus,
2500 5432 2727 5488 etiamsi
2760 5433 2888 5505 ipsa
2909 5430 3171 5485 voluerit.
3194 5428 3252 5482 Si
3278 5428 3411 5500 quis
3433 5446 3583 5499 vero,
3606 5429 3695 5483 vel

2057 5520 2101 5576 si
2140 5537 2257 5593 qua
2284 5520 2346 5575 in
2381 5520 2575 5593 aliquo
2597 5521 3007 5593 praedictorum
3030 5516 3249 5574 nefario
3272 5518 3542 5591 conjugio
3565 5532 3696 5593 conf

399 5624 507 5698 (32)
540 5626 677 5685 Unde
710 5643 1001 5687 monemus.
1062 5629 1190 5686 Haec
1246 5643 1431 5701 usque
1486 5632 1557 5688 ad
1619 5631 1723 5688 Sed
1776 5646 1953 5709 neque
1990 5629 2050 5687 in
2083 5629 2286 5689 Leonis
2316 5629 2577 5704 epistolis
2608 5645 2723 5685 non
2763 5627 3053 5699 leguntur,
