4116 6184
272 358 356 421 49
1790 341 2320 406 CAPITULABE.
3683 346 3763 410 50

275 495 416 551 CAP.
464 486 525 567 (ζ.
560 517 637 567 -ῖ
688 479 855 567 Quod
882 478 1042 567 ,θοίνα
1084 476 1727 567 ᾳιξᾳηψοεμηρρονζςᾳέ
1759 478 1993 567 quali"
2021 477 2077 544 Α
2107 486 2351 543 nomina
2383 488 2617 559 penitus
2640 487 3006 562 ignorantur,
3057 493 3115 548 et
3162 490 3233 549 ab
3282 490 3619 549 inﬁdelibus
3662 491 3755 550 vel

347 546 528 623 sacris
598 546 920 627 Scripturis
986 546 1309 622 recipienda
1375 547 1511 612 sint,
1580 546 1787 619 quaave'
1844 551 1967 619 refu

360 644 370 656 .
436 636 524 656 λ-

2108 576 2307 633 idiotis
2340 546 2763 649 sdperﬂuaﬁut
2794 546 3538 656 minus'aptaguam—ordo

352 636 546 695 ιαηιία.
1312 746 1317 747 ί
1381 745 1393 747 _
1730 746 1733 747 ί
1836 746 1843 747 ί
2107 668 2330 741 scripta
2360 636 2487 726 esse
2518 636 3757 747 mea;agragas;assa};

2105 756 2244 822 litae,
2270 760 2420 814 sicut
2452 762 2676 833 Georgii
2712 763 3076 835 aliorumque
3105 763 3394 837 ejusmodi
3425 765 3751 837 passiones,

2107 864 2234 918 qum
2264 850 2334 903 ab
2367 849 2651 905 hareticis
2689 852 3073 921 perhibentur
3119 854 3459 925 composita.
3511 856 3752 927 Propter

2105 938 2357 1007 quod,ut
2388 938 2605 993 dictum
2629 944 2815 1009 est,ne
2844 941 2930 995 vel
2963 941 3141 997 levior
3172 943 3576 999 subsannandi
3599 946 3749 1000 oria-

2104 1029 2202 1079 tur
2231 1026 2478 1096 occasio,
2511 1045 2624 1083 non
2657 1028 2931 1099 leguntur
2972 1030 3031 1084 in
3079 1036 3282 1086 sancta
3322 1032 3595 1089 Ecclesia.
3628 1037 3748 1090 Nos

2100 1116 2297 1168 tamen
2331 1131 2464 1169 cum
2494 1117 2763 1187 praedicta
2792 1117 3049 1173 Ecclesia
3097 1135 3299 1175 omnes
3347 1126 3655 1194 martyres,
3690 1127 3751 1179 et

2100 1218 2302 1257 eorum
2336 1203 2619 1275 gloriosos
2650 1221 2885 1277 agones,
2920 1207 3018 1277 qui
3049 1207 3165 1263 Deo
3196 1208 3384 1280 magis
3415 1226 3593 1280 quam
3633 1211 3747 1268 ho—

2098 1291 2361 1347 minibus
2393 1294 2511 1348 noti
2544 1299 2703 1360 sunt,
2734 1296 2891 1350 omni
2923 1296 3226 1352 devotione
3253 1313 3617 1354 veneramur.

2168 1382 2333 1451 Item,
2365 1382 2510 1438 vitas
2534 1388 2774 1439 Patrum
2809 1385 2989 1455 Pauli,
3024 1386 3285 1457 Antonii,
3323 1386 3662 1455 Hilarionis,
3690 1392 3750 1445 et

346 758 640 833 (Gelasius
672 755 716 823 Ι,
756 753 821 808 in
861 751 1021 806 Cone.
1070 754 1225 805 Rom.
1261 746 1326 815 1.)
1361 745 1623 812 Quamvis
1678 746 1844 800 aliud
1890 747 1993 815 ργ-

273 857 613 909 momentum
636 859 810 899 nemo
841 842 1018 912 possit
1042 852 1264 909 ponere,
1300 842 1500 903 przrter
1546 833 1605 888 id
1661 834 1817 903 quod
1844 836 1992 904 posi-

272 950 387 999 tum
434 944 509 996 est
560 934 830 991 Christus
862 934 1017 986 Jesus
1062 928 1115 999 (Ι
1164 929 1287 983 Cor.
1341 941 1429 991 III,
1486 924 1595 991 11),
1648 927 1868 977 tamen
1920 924 1991 977 ad

274 1028 718 1087 adificationcm
792 1024 1016 1076 sanctae
1081 1014 1350 1071 Ecclesiae
1412 1015 1542 1084 post
1598 1010 1762 1066 illas
1821 1016 1991 1067 Vete-

275 1123 356 1177 ris
400 1124 453 1174 et
499 1114 637 1171 Novi
686 1108 1084 1167 Testamenti
1140 1121 1287 1177 quas
1337 1100 1712 1172 regulariter
1744 1100 1992 1172 suscipi-

278 1228 425 1276 mus,
475 1206 646 1263 etiam
684 1202 810 1257 bas
846 1197 1080 1269 suscipi
1128 1212 1241 1250 non
1290 1191 1561 1264 prohibet
1612 1189 1989 1261 scripturas,

277 1301 335 1355 id
389 1302 471 1354 est
524 1296 804 1351 sanctam
861 1288 1163 1361 synodum
1210 1283 1503 1339 Nicaenam
1562 1282 1985 1335 trecentorum

276 1388 470 1444 decem
502 1388 554 1440 et
584 1386 715 1437 octo
751 1384 1033 1446 Patrum,
1064 1373 1365 1429 mediante
1396 1368 1667 1425 maximo
1695 1368 1983 1424 Constan-

275 1478 403 1532 tino
433 1476 681 1545 Augusto
724 1487 738 1523 :
783 1469 1064 1523 sanctam
1128 1461 1419 1535 sypodum
1466 1456 1865 1529 Ephesinam,
1922 1460 1979 1515 in

280 1584 400 1640 qua
437 1562 734 1619 Nestorius
796 1558 1132 1611 damnatus
1165 1556 1274 1620 est,
1308 1565 1600 1605 consensu
1638 1548 1977 1603 beatissimi

279 1638 564 1712 Celestini
596 1665 795 1723 papae,
834 1643 1144 1699 mediante
1173 1639 1385 1711 Cyrillo
1417 1642 1634 1695 sanctae
1665 1638 1826 1694 sedis
1846 1639 1973 1693 Ale-

279 1744 573 1802 xandrinze
603 1735 909 1798 antistite,
943 1736 998 1786 et
1027 1730 1289 1786 Arcadio
1322 1730 1393 1785 ab
1426 1727 1591 1784 Italia
1622 1727 1919 1784 destinato
1956 1745 1968 1783 :

2093 1471 2357 1526 omnium
2392 1475 2792 1541 eremitarum,
2833 1491 2980 1545 quas
3014 1480 3213 1531 tamen
3245 1476 3333 1531 vir
3360 1477 3742 1535 beatissimus

2092 1561 2481 1632 Ilieronymus
2514 1563 2883 1635 conscripsit,
2905 1581 3035 1619 cum
3070 1565 3231 1621 omni
3262 1565 3480 1621 honore
3501 1566 3747 1638 suscipi-

2090 1667 2244 1705 mus.
2280 1650 2613 1716 Item,actus
2644 1653 2798 1707 beati
2820 1652 3095 1725 Sylvestri
3119 1653 3373 1726 episcopi
3408 1653 3742 1725 apostolica

2086 1739 2264 1804 sedis,
2296 1738 2429 1794 licet
2460 1741 2588 1810 ejus
2621 1740 2719 1812 qui
2762 1742 3111 1813 conscripsit
3164 1757 3376 1798 nomen
3408 1742 3736 1815 ignoretur,

279 1838 545 1892 sanctam
577 1825 884 1901 synodum
907 1816 1789 1917 ChalcedAonensem,mediante
1824 1817 1971 1917 Mar-
2000 1851 2048 1917 Β
2084 1845 2129 1917 a7
2148 1828 2351 1883 multis
2378 1832 2575 1884 tamen
2608 1829 2665 1883 in
2695 1829 2837 1885 urbe
2868 1830 3053 1886 Roma
3073 1829 3369 1886 catholicli
3391 1829 3501 1902 legi
3522 1846 3739 1902 cogno-

278 1926 407 1981 tino
439 1918 790 1992 Augusto,et
823 1908 1097 1965 Anatolio
1149 1905 1807 1977 Constantinopolitano
1857 1906 1972 1977 epi-

281 2030 486 2085 scopo,
518 2011 574 2065 in
608 2023 730 2080 qua
758 1999 1114 2059 Nestoriana
1142 2002 1203 2052 et
1227 1996 1595 2068 Eutychiana
1624 1996 1874 2051 haereses
1898 1996 1972 2051 si-

283 2084 414 2160 mul
447 2116 576 2155 curr.
608 2097 893 2151 Dioscoro
928 2090 1190 2160 ejusque
1243 2084 1631 2157 complicibus
1680 2084 1968 2139 damnatae

285 2196 456 2249 sunt.
489 2192 651 2253 Item,
686 2180 978 2257 opuscula
1006 2176 1176 2232 beati
1208 2173 1422 2231 Caecilii
1453 2173 1723 2244 Cypriani
1756 2178 1969 2244 marty-

288 2271 896 2347 ris,Cartbaginensis
918 2265 1212 2340 episcopi;
1237 2262 1523 2335 opuscula
1540 2261 1690 2316 beati
1711 2261 1969 2332 Gregorii

290 2366 649 2427 Nazianzeni
685 2360 979 2434 episcopi;
1011 2353 1301 2427 opuscula
1334 2352 1487 2407 beati
1521 2349 1716 2405 Basilii
1745 2354 1970 2423 Cappa-

292 2458 484 2514 docia:
514 2451 805 2525 episcopi;
841 2442 1131 2520 opuscula
1162 2442 1318 2497 beati
1366 2438 1669 2495 Athanasii
1718 2439 1971 2496 Alexan-

296 2547 459 2603 drini
496 2532 1096 2615 episcopi;opuscula
1126 2531 1281 2586 beati
1302 2529 1547 2585 Joannis
1565 2529 1969 2586 Constantino-

293 2632 553 2708 politani
586 2627 876 2702 episcopi;
912 2619 1201 2694 opuscula
1231 2619 1383 2708 beati
1402 2616 1705 2708 Theophili
1728 2618 1972 2674 Alexan-

292 2705 462 2781 drini
492 2718 779 2792 episcopi;
815 2710 1101 2786 opuscula
1132 2707 1289 2764 beati
1314 2706 1555 2762 Proterii
1596 2705 1969 2763 Alexandrini

292 2810 600 2885 episcopi;
635 2803 926 2877 opuscula
942 2798 1095 2855 beati
1116 2794 1728 2853 Hilarii-Pictaviensis
1752 2797 1971 2869 episco-

292 2902 389 2974 pi;
422 2896 713 2969 opuscula
732 2891 887 2948 beati
907 2888 1201 2944 Ambrosii
1220 2885 1668 2942 Mediolanensis
1690 2886 1967 2958 episcopi;

291 2985 595 3061 opuscula
644 2981 795 3038 beati
860 2975 1177 3048 Augustini
1240 2974 1632 3046 Hipponensis
1681 2975 1968 3047 episcopi;

292 3073 595 3149 opuscula
616 3069 772 3126 beati
796 3065 1135 3137 Hieronymi
1158 3062 1499 3136 presbyteri;
1521 3062 1798 3135 spuscula
1822 3064 1971 3119 beati

291 3162 581 3235 Prosperi
613 3160 719 3215 viri
754 3154 1044 3227 religiosi;
1079 3152 1324 3222 epistola
1372 3152 1527 3206 beati
1574 3152 1780 3207 Leonis
1810 3170 1967 3224 papae

2080 1916 2296 1987 vimus,
2326 1923 2382 1973 et
2412 1935 2516 1991 pro
2557 1919 2796 1989 antiquo
2846 1937 2958 1974 usu
3009 1919 3209 1975 multae
3258 1918 3369 1974 hoc
3428 1918 3743 1975 imitantur

2081 2004 2371 2061 Ecclesiae.
2401 2010 2569 2076 Item,
2603 2007 2823 2078 scripta
2850 2008 2920 2063 de
2955 2007 3286 2063 inventione
3334 2011 3547 2063 sanctae
3597 2023 3737 2061 cru-

2082 2094 2189 2161 cis,
2239 2098 2295 2149 et
2344 2095 2458 2149 alia
2506 2096 2576 2149 de
2625 2096 2815 2167 capite
2858 2096 3103 2151 Joannis
3146 2096 3441 2166 Baptista.
3494 2093 3736 2150 novella

2083 2183 2353 2254 quaedam
2389 2183 2698 2239 relationes
2756 2188 2916 2250 sunt,
2968 2187 3027 2240 et
3072 2182 3340 2239 nonnulli
3388 2199 3484 2238 eas
3533 2182 3737 2239 catho-

2080 2270 2178 2326 lici
2212 2276 2450 2343 regunt;
2506 2273 2605 2327 sed
2650 2288 2781 2327 cum
2834 2272 2957 2326 haec
3005 2272 3076 2325 ad
3127 2269 3549 2326 catholicorum
3610 2286 3741 2325 ma-

2082 2377 2195 2414 nus
2228 2360 2611 2429 pervenerint,
2666 2360 2819 2416 beati
2874 2359 3035 2415 Pauli
3086 2358 3363 2430 procedat
3393 2358 3688 2414 sententia
3722 2374 3738 2413 :

2086 2451 2299 2504 Omnia
2338 2449 2583 2519 probate,
2626 2449 2767 2521 quod
2822 2449 3017 2505 bonum
3062 2452 3143 2503 est
3192 2452 3368 2503 tenete
3399 2446 3446 2519 (I
3472 2446 3647 2503 Thess.
3680 2464 3740 2516 ν,

2080 2538 2625 2607 2i).ltem,Ruﬁnus
2647 2538 2735 2592 vir
2755 2536 3063 2609 religiosus
3080 2535 3364 2608 plurimos
3384 2534 3741 2592 ecclesiasti-

2082 2626 2132 2681 ci
2158 2627 2351 2697 operis
2368 2627 2549 2682 edidit
2564 2625 3089 2696 libros,nonnullas
3109 2625 3284 2681 etiam
3308 2624 3628 2697 scripturas
3650 2624 3738 2680 in-

2080 2718 2436 2786 terpretatus
2467 2720 2576 2773 est.
2610 2717 2719 2771 Sed
2769 2715 3047 2787 quoniam
3094 2714 3304 2771 beatus
3341 2714 3734 2787 Hieronymus

2083 2820 2217 2858 eum
2251 2805 2308 2858 in
2344 2804 2641 2877 aliquibus
2673 2806 2743 2861 de
2774 2804 2999 2860 arbitrii
3024 2804 3294 2859 libertate
3338 2802 3578 2869 notavit,
3628 2801 3734 2857 illa

2083 2893 2371 2949 sentimus
2392 2912 2517 2966 quae
2540 2894 2882 2967 praedictum
2904 2894 3142 2950 beatum
3162 2893 3580 2965 Hieronymum
3605 2908 3736 2947 sen-

2082 2982 2190 3037 tire
2219 2984 2696 3054 cognovimus.Et
2717 3001 2832 3039 non
2865 2982 3057 3039 solum
3079 2982 3149 3037 de
3170 2982 3401 3049 Ruﬁno,
3436 2981 3534 3037 sed
3555 2980 3732 3036 etiam

2081 3070 2152 3125 de
2185 3070 2492 3143 universis,
2519 3090 2670 3144 quos
2698 3072 2787 3127 vir
2816 3071 3031 3143 saepius
3061 3072 3442 3138 memoratus,
3475 3067 3596 3125 zelo
3626 3067 3732 3125 Dei

2083 3177 2149 3214 ac
2180 3160 2313 3214 fidei
2344 3160 2623 3233 religione
2655 3161 3047 3231 reprehendit.
3081 3162 3249 3225 Item,
3280 3156 3546 3228 Origenis
3584 3174 3730 3214 non-

294 3218 758 3310 adili‘iavianum
774 3218 1491 3310 Constantin—opolitanum
1510 3218 1845 3310 episcopum
1871 3218 1967 3294 de-
2002 3218 2043 3283 Ο
2082 3248 2245 3302 nulla
2274 3218 2579 3319 opuscula,
2614 3218 2742 3321 qua;
2773 3249 2860 3303 vir
2904 3218 3283 3303 beatissimus
3339 3218 3730 3317 Hieronymus

297 3344 555 3409 stinata,
591 3336 764 3404 cujus
796 3334 1018 3385 textum
1052 3326 1345 3398 quispiam
1378 3327 1425 3381 si
1459 3343 1647 3399 usque
1681 3328 1751 3381 ad
1787 3345 1969 3383 unum

296 3433 419 3487 iota
449 3419 936 3496 disputaverit,et
969 3434 1085 3471 non
1118 3433 1246 3470 eam
1278 3416 1334 3470 in
1370 3416 1643 3470 omnibus
1674 3418 1968 3472 venerabi-

294 3521 436 3576 liter
470 3510 782 3582 receperit,
816 3506 1134 3563 anathema
1166 3505 1259 3559 sit.
1291 3505 1454 3571 Item,
1489 3503 1771 3575 opuscula
1793 3510 1968 3577 atque

293 3608 597 3665 tractatus
616 3614 819 3655 omnes
838 3595 1202 3650 diversorum
1228 3592 1461 3648 Patrum
1489 3592 1964 3666 orthodoxorum,

294 3697 405 3771 qui
440 3695 504 3747 in
538 3688 699 3745 nullo
724 3704 757 3742 a
778 3688 992 3741 sanctae
1022 3681 1290 3737 Ecclesiae
1315 3682 1605 3738 consortio
1638 3684 1963 3751 deviarunt,

293 3802 411 3842 nec
447 3781 522 3837 ab
554 3780 683 3850 ejus
716 3774 848 3829 fidei
882 3771 1293 3845 praedicatione
1346 3772 1625 3842 disjuncti
1675 3778 1831 3844 sunt,
1864 3775 1964 3829 sed

290 3873 500 3947 ipsius
535 3860 1085 3923 communicationis
1118 3876 1221 3931 per
1249 3860 1495 3931 gratiam
1547 3860 1645 3917 Dei
1688 3879 1874 3933 usque
1906 3863 1964 3916 in

292 3961 588 4018 ultimum
623 3955 779 4009 diem
806 3952 937 4006 vitm
970 3968 1091 4005 sum
1123 3949 1359 4003 fuerunt
1380 3950 1967 4021 participes,lcgenda

296 4045 705 4105 decernimus.
740 4042 905 4107 Item,
939 4038 1258 4094 decretales
1290 4038 1566 4109 epistolas
1589 4056 1735 4107 quas
1757 4040 1968 4093 beatis-

295 4134 454 4195 simi
488 4150 644 4205 papae
676 4130 921 4186 diversis
952 4126 1320 4199 temporibus
1369 4128 1440 4181 ab
1492 4128 1633 4182 urbe
1682 4128 1963 4193 Romana,

295 4241 417 4300 pro
452 4222 815 4277 diversorum
843 4219 1078 4273 Patrum
1113 4214 1536 4272 consultatione
1567 4217 1967 4288 dederunt,ve-

296 4311 653 4371 nerabiliter
682 4307 1108 4379 suscipiendas.

378 4404 554 4467 Item,
587 4403 750 4469 gesta
779 4400 1115 4451 sanctorum
1151 4396 1497 4464 martyrum,
1521 4410 1648 4463 quae
1682 4394 1963 4467 multipli-

300 4493 481 4550 cibus
514 4490 943 4543 tormentorum
976 4482 1417 4549 cruciatibus,et
1438 4482 1805 4537 mirabilibus
1828 4501 1964 4539 con—

2082 3353 2197 3390 non
2230 3338 2516 3407 repudiat,
2553 3338 2798 3409 legenda
2827 3336 3206 3408 suscipimus.
3245 3333 3493 3406 Reliqua
3530 3336 3729 3391 autem

2079 3425 2278 3480 omnia
2306 3442 2437 3480 cum
2469 3443 2576 3481 suo
2608 3430 2843 3481 auctore
2874 3424 3173 3481 remenda.

2150 3513 2594 3579 Item,chronica
2610 3514 2843 3570 Eusebii
2865 3512 3439 3583 Caesariensis,atque
3463 3512 3731 3584 ejusdem

2075 3602 2332 3657 historia:
2364 3602 2769 3660 ecclesiastica:
2802 3604 3005 3673 libros,
3038 3620 3216 3675 quam
3265 3601 3325 3656 in
3374 3601 3564 3673 primo
3595 3620 3731 3659 nar-

2077 3691 2320 3747 rationis
2352 3709 2470 3747 suae
2500 3692 2649 3747 libro
2682 3693 2935 3765 tepuerit
2965 3693 3163 3764 (33),et
3193 3693 3395 3763 postea
3432 3690 3493 3745 in
3538 3688 3731 3748 laudi-

2076 3781 2209 3847 bus,
2242 3785 2415 3853 atquc
2446 3782 2821 3838 excusatione
2852 3781 3119 3853 Origenis
3149 3777 3510 3837 schismatici
3541 3795 3730 3837 unum

2078 3868 2424 3941 conscripsit
2452 3870 2938 3942 librum;propter
2966 3874 3163 3925 tamen
3197 3865 3558 3940 singularem
3580 3869 3731 3925 noti-

2076 3957 2373 4028 tiam,quze
2394 3958 2465 4011 ad
2498 3958 2947 4013 instructionem
2978 3956 3731 4029 pertinent,usquequaque

2076 4058 2194 4097 non
2226 4042 2479 4099 dicimus
2511 4046 2864 4100 renuendos.
2890 4043 3160 4098 Orosium
3190 4041 3381 4095 virum
3403 4040 3731 4098 eruditissi-

2077 4148 2241 4185 mum
2274 4131 2704 4199 collaudamus,
2735 4134 2871 4202 quia
2918 4130 3084 4185 valde
3134 4129 3302 4183 nobis
3330 4128 3723 4187 necessariam

2078 4219 2357 4274 adversus
2375 4236 2704 4292 paganoum
2728 4217 3059 4275 calumnias
3081 4215 3372 4273 ordinavit
3390 4214 3722 4289 historiam,

2077 4308 2343 4378 miraque
2375 4307 2657 4364 brevitate
2684 4304 3368 4364 contexuit.Venerabilis
3397 4303 3507 4360 viri
3538 4305 3723 4363 Sedu-

2072 4396 2135 4450 lii
2164 4396 2439 4451 Paschale
2469 4413 2617 4467 opus
2648 4396 2898 4452 heroicis
2929 4394 3238 4467 descripsit
3264 4394 3551 4463 versibus,
3584 4394 3727 4451 insi-

2074 4485 2177 4557 gni
2204 4485 2378 4540 laude
2410 4484 2781 4557 proferimus.
2830 4484 3075 4539 Juvenci
3124 4482 3513 4539 nihilominus
3560 4482 3721 4540 labo-

304 4570 1452 4645 fessionumtriumphisirradiant.0uis
1484 4572 1563 4626 ita
1583 4588 1712 4628 esse
1733 4571 1967 4628 catholi-
1996 4584 2045 4649 D
2075 4573 2297 4629 riosum
2328 4590 2479 4645 opus
2510 4590 2625 4627 non
2657 4573 3013 4644 spernimus,
3046 4572 3146 4628 sed
3178 4571 3483 4627 miramur.

303 4684 513 4727 corum
551 4663 856 4733 dubitet,ct
885 4663 1109 4731 majora
1132 4676 1230 4715 eos
1252 4660 1309 4714 in
1330 4661 1615 4732 agonibus
1638 4676 1963 4733 perpessos,

305 4774 417 4814 nec
454 4755 579 4810 suis
609 4751 958 4821 viribus,sed
984 4750 1079 4804 Dei
1096 4749 1282 4821 gratia
1302 4753 1358 4803 et
1380 4750 1672 4819 adjutorio
1695 4751 1964 4805 universa

298 4842 631 4904 tolerasse?
662 4842 769 4896 Sed
793 4841 920 4895 ideo
955 4839 1279 4895 secundum
1312 4838 1613 4909 antiquam
1654 4844 1960 4894 consuetu-

299 4937 509 4993 dinem
543 4930 825 5003 singulari
857 4928 1085 4983 cautela
1114 4928 1173 4981 in
1196 4931 1397 4983 sancta
1424 4929 1684 4983 Romana
1705 4928 1960 4984 Ecclesia

303 5041 430 5080 non
462 5022 759 5093 leguntur,
812 5017 947 5088 quia
994 5020 1050 5071 et
1092 5032 1293 5072 eorum
1335 5017 1436 5088 qui
1486 5018 1961 5089 conscripserunt

383 5219 497 5291 (33)
531 5216 794 5287 Tepuerit.
824 5212 925 5267 llic
956 5211 1268 5291 Eusebium
1296 5212 1492 5291 lenius
1537 5216 1769 5291 tractat
1797 5214 1956 5291 Gela-

308 5284 489 5356 sius;
511 5284 644 5343 nam
679 5302 891 5341 eiscum
926 5300 1062 5356 esse
1089 5289 1329 5351 Oportet,
1367 5285 1466 5355 qui
1519 5302 1633 5340 non
1679 5284 1870 5340 videat
1901 5286 1958 5339 in

356 5355 511 5418 rimo
567 5357 822 5413 Historiae
864 5355 1264 5411 ecclesiasticae
1316 5356 1463 5410 libro
1513 5372 1842 5411 sermonem
1893 5358 1960 5411 de

346 5434 506 5489 Verbo
537 5431 613 5485 ita
643 5428 892 5495 institui,
928 5444 1039 5482 non
1074 5426 1261 5481 solum
1297 5432 1362 5481 ut
1395 5444 1686 5498 nusquam
1720 5428 1959 5498 aequalis

312 5504 511 5562 Patris
544 5505 889 5573 agnoscatur
920 5499 1227 5573 ﬁliussed
1259 5502 1320 5573 ut
1354 5498 1589 5573 inferior
1610 5502 1777 5573 Patre
1798 5501 1959 5554 dica-

310 5585 435 5643 tur,
472 5592 537 5629 ac
569 5570 744 5645 prOpe
774 5576 1015 5645 negetur
1045 5570 1221 5645 Deus.
1255 5571 1415 5645 Quod
1449 5588 1579 5645 cum
1625 5572 1962 5626 offendisset

316 5641 729 5717 Rufinum,qui
751 5641 877 5715 ejus
898 5643 1158 5698 Historia:
1182 5643 1243 5697 in
1267 5641 1531 5698 Latinam
1555 5644 1814 5715 linguam
1835 5660 1959 5699 ver-

2145 4665 2346 4718 Cetera
2374 4680 2501 4733 quae
2533 4663 2605 4717 ab
2634 4661 2941 4729 haereticis,
2994 4660 3113 4716 sive
3158 4658 3551 4717 schismaticis
3582 4676 3721 4716 con-

2075 4751 2291 4823 scripta
2313 4751 2398 4806 vel
2421 4752 2732 4822 praedicata
2762 4749 3269 4817 sunt,nullatenus
3292 4750 3499 4821 recipit
3517 4748 3717 4806 catho-

2069 4841 2180 4897 lica
2198 4847 2254 4897 et
2274 4841 2592 4912 apostolica
2607 4838 2919 4895 Ecclesiaze
2933 4838 3148 4910 quibus
3170 4856 3355 4911 pauca
3366 4855 3493 4911 qum
3516 4838 3586 4895 ad
3602 4855 3723 4894 me-

2069 4930 2316 4985 moriam
2346 4932 2650 4999 venerunt,
2684 4932 2741 4982 et
2770 4944 2804 4983 a
2834 4927 3136 4983 catholicis
3167 4927 3408 4984 vitanda
3428 4932 3717 4999 sunt,cre-

2068 5018 2265 5073 dimus
2288 5034 2415 5074 esse
2448 5017 2841 5072 subdenda.In
2866 5016 3075 5088 primis
3089 5016 3523 5075 Ariminensem
3546 5032 3725 5089 syno-

2068 5214 2255 5270 tendae
2308 5214 2565 5269 laborem
2613 5216 2971 5285 susceperat,
3012 5212 3305 5285 pleraque
3360 5210 3607 5267 mutavit
3659 5218 3720 5270 et

2074 5287 2311 5357 quidem
2334 5289 2494 5340 tanto
2518 5284 2887 5357 successu,ut
2907 5284 3061 5340 unde
3086 5286 3430 5355 argumenta
3451 5298 3719 5357 sumpse-

2074 5356 2165 5412 rat
2197 5356 2728 5428 Eusebius,quibus
2748 5356 3043 5412 Christum
3070 5361 3249 5428 Deum
3282 5370 3294 5408 :
3331 5370 3446 5409 non
3478 5371 3605 5412 esse
3626 5356 3721 5411 de-

2074 5426 2550 5495 blaterarctjndé
2583 5430 2709 5498 ejus
2740 5428 3029 5499 interpres
3059 5426 3171 5481 alia
3197 5428 3501 5499 mutuatus
3530 5432 3620 5483 est
3644 5429 3716 5484 ad

2072 5502 2434 5571 probandam
2466 5501 2675 5555 Christi
2709 5498 3092 5571 divinitatem.
3113 5498 3275 5571 Quod
3307 5498 3513 5555 deinde
3536 5503 3713 5555 Euse-

2070 5568 2162 5627 bio
2192 5574 2331 5627 vitio
2362 5573 2606 5627 vertitur
2637 5572 2942 5642 Origenem
2975 5568 3047 5621 ab
3077 5585 3142 5623 eo
3174 5570 3357 5626 fuisse
3386 5571 3711 5638 laudatum,

2069 5645 2398 5716 cujusmodi
2430 5645 2507 5700 sit
2527 5660 2698 5700 nemo
2720 5640 2833 5697 non
2856 5640 3029 5695 videt.
