4116 6184
269 317 352 382 53
1176 312 1281 376 DE
1326 310 1779 379 PRESSURIS
1824 316 2485 383 ECCLESIASTICIS.
2517 355 2597 369 —-
2626 323 2827 387 PARS
2871 323 2922 386 Ι.
3687 318 3767 383 64

270 448 573 519 convenit,
611 445 1053 521 perfectissime
1098 446 1473 511 intruxisset,
1530 447 1590 503 in
1626 450 1744 505 ﬁne
1788 452 1979 523 ipsius
2011 461 2065 528 Α
2105 459 2312 525 parent
2342 472 2403 511 se
2437 456 2553 525 isti,
2604 460 2740 529 quia
2766 475 2963 515 revera
3005 460 3447 530 persequentur,
3479 458 3535 513 et
3563 472 3767 530 perse-

269 540 572 604 sermonis
609 538 871 593 dixerit:
914 538 1105 592 Omnis
1122 538 1225 608 qui
1252 535 1415 591 audit
1447 538 1613 592 verba
1643 557 1775 594 mea
1798 540 1918 597 haec
1944 548 1997 597 et
2108 549 2381 599 verantes
2414 545 2474 599 in
2507 548 2620 601 ﬁne
2654 548 2896 603 feliciter
2943 548 3395 603 coronabuntur.
3428 547 3597 603 Nullo
3628 565 3763 620 ergo

266 637 408 709 facit
438 648 521 701 ea,
556 628 1003 685 assimilabitur
1028 628 1147 681 viro
1194 626 1459 696 sapienti,
1519 629 1624 696 qui
1683 630 1998 699 aedificavit
2106 631 2165 685 in
2200 637 2463 704 tempore
2492 641 2703 690 sanctze
2738 637 3002 692 Ecclesiae
3034 638 3260 692 deﬁciet
3280 638 3759 705 fundamentum,

268 727 491 782 domum
517 735 686 775 suam
715 733 898 788 supra
940 727 1183 787 petram.
1217 714 1508 769 Descendit
1535 716 1777 787 pluvia,
1812 728 1863 773 et
1902 737 1999 775 ve-
2108 722 2390 791 quotidie,
2443 723 2558 778 Deo
2599 727 2835 795 gratias,
2888 726 3095 797 accipit
3145 727 3592 782 incrementum.
3644 728 3759 783 Nec

270 820 475 871 nerunt
500 808 771 880 ﬂumina,
832 814 889 861 et
918 807 1200 876 ﬂaverant
1252 804 1422 871 venti,
1485 813 1537 859 et
1594 808 1907 863 iri-uerunt
1938 811 1998 863 in
2108 809 2356 865 deerunt
2387 811 2436 865 ei
2465 819 2880 883 persecutores,
2916 814 3174 869 ﬁdelium
3204 814 3471 870 videlicet
3508 815 3756 870 saevissi-

271 906 489 961 domum
511 900 702 963 illam,
762 899 824 950 et
852 911 968 951 non
998 895 1200 951 cecidit
1226 911 1245 949 :
1274 893 1509 964 fundata
1548 894 1711 949 enim
1749 901 1871 951 erat
1903 914 1996 952 su-
2107 899 2188 953 mi
2220 899 2586 971 laceratores,
2621 904 2720 973 qui
2742 919 2839 958 eos
2875 908 3004 974 post
3021 903 3235 959 multas
3256 904 3664 960 tribulationes
3686 904 3762 960 ad

267 1011 378 1067 pra
416 994 630 1065 petram
678 986 911 1057 (Matth.
948 1002 1049 1052 v11,
1098 984 1214 1055 24).
1248 982 1351 1037 Vir
1381 982 1536 1037 enim
1578 982 1690 1037 ille
1730 987 1995 1057 sapiens,
2107 992 2383 1043 aeternam
2416 992 2712 1060 pervenire
2742 992 2954 1046 faciant
2984 992 3384 1047 felicissimam
3419 1010 3757 1048 remunera-

274 1084 399 1156 ipse
428 1076 623 1153 procul
654 1074 858 1129 dubio
895 1078 986 1130 est
1017 1074 1091 1127 de
1145 1089 1261 1144 quo
1293 1075 1349 1127 et
1389 1072 1597 1127 beatus
1643 1074 1885 1129 Paulus
1917 1076 1999 1131 ait
2105 1077 2349 1133 tionem.
2375 1080 2723 1148 Hujusmodi
2748 1081 2920 1135 etiam
2942 1081 3116 1136 verba
3137 1082 3419 1137 Dominus
3441 1082 3757 1154 explanare

294 1169 616 1245 δροεῐοὶυει
679 1165 963 1221 Christus
1019 1164 1132 1216 θεῖ’
1184 1164 1384 1227 virtus.
1445 1164 1499 1214 et
1546 1161 1653 1214 Dei
1712 1166 1993 1233 sapientia
2105 1168 2353 1234 videtur,
2408 1184 2541 1223 cum
2591 1170 2671 1223 ait
2722 1169 3035 1240 apostolis:
3100 1171 3230 1224 Ecce
3284 1172 3439 1225 mitto
3495 1189 3585 1227 vos
3613 1175 3758 1227 sicut

2102 1273 2222 1311 oves
2271 1274 2328 1310 ιη
2358 1258 2537 1313 medio
2564 1260 2860 1329 luporum:
2904 1262 3061 1313 estote
3108 1274 3231 1329 ergo
3276 1260 3566 1329 prudentes
3611 1262 3754 1316 sicut

2102 1355 2398 1416 serpentes,
2432 1356 2483 1401 et
2511 1349 2785 1418 simplices
2830 1349 2974 1402 sicut
3001 1348 3265 1403 columbas
3295 1350 3511 1418 (Matth.
3548 1367 3604 1414 x,
3640 1351 3754 1417 16),

2103 1440 2213 1489 etc.
2274 1435 2467 1505 Usque
2528 1438 2598 1491 ad
2663 1436 2853 1491 illud:
2933 1438 3037 1503 Qui
3087 1441 3272 1491 autem
3323 1441 3754 1507 perseveraverit

2100 1540 2270 1593 usque
2303 1526 2361 1577 in
2418 1525 2601 1593 ﬁnem,
2650 1526 2738 1578 hic
2792 1526 2976 1580 salvus
3029 1528 3133 1580 erit
3193 1526 3413 1595 (Matth.
3472 1543 3584 1596 xlv,
3637 1529 3749 1598 13).

280 1264 333 1335 (ι
363 1262 471 1318 Cor.
502 1276 540 1327 Ι,
570 1258 698 1329 24);
740 1254 857 1326 qui
894 1255 1039 1309 bene
1064 1252 1315 1305 domum
1348 1267 1539 1316 suam,
1574 1249 1634 1302 id
1667 1257 1772 1305 est
1802 1252 1990 1309 Eccle-

276 1351 427 1407 siam
454 1351 739 1415 sanctam,
784 1345 864 1397 de
917 1357 1034 1412 qua
1092 1340 1219 1411 ipse
1268 1339 1405 1395 alibi
1473 1340 1553 1393 ait
1583 1354 1594 1392 :
1626 1339 1853 1397 Domus
1876 1360 1995 1399 mea

281 1441 476 1496 domus
504 1434 788 1493 orationis
826 1430 1129 1486 vocabitur
1167 1430 1320 1500 (Luc.
1355 1447 1474 1496 xxx,
1513 1428 1621 1498 46),
1668 1446 1858 1502 super
1888 1450 1993 1503 pe-

282 1534 438 1584 tram
477 1522 843 1586 asdiiicavitr
868 1518 1105 1575 scilicet
1157 1536 1340 1589 supra
1380 1518 1804 1589 semetipsum,
1837 1521 1992 1577 sicut

283 1622 344 1674 et
374 1616 520 1673 idem
557 1612 697 1669 dicit
749 1606 1136 1680 Apostolus:
1190 1611 1361 1662 Petra
1408 1611 1594 1663 autem
1642 1613 1775 1664 erat
1825 1609 1988 1665 Chri-

283 1714 400 1763 stus
429 1706 477 1777 (Ι
521 1703 641 1759 Cor.
697 1717 766 1769 χ,
836 1697 912 1767 1).
948 1696 1016 1751 Et
1079 1695 1270 1752 alibi:
1320 1699 1791 1753 Fundamentum
1827 1700 1986 1755 aliud

283 1811 446 1852 nemo
475 1794 638 1866 potest
682 1801 901 1861 ponere
944 1787 1167 1856 praeter
1200 1786 1345 1841 illud
1400 1787 1539 1857 quod
1583 1790 1831 1858 positum
1879 1798 1980 1857 est,

289 1885 439 1957 quod
466 1887 545 1939 est
586 1880 847 1938 Christus
895 1876 1050 1931 Iesus
1106 1873 1151 1944 (1
1210 1874 1359 1943 ϐοτη,
1392 1892 1455 1931 ιιι
1490 1877 1595 1941 11).
1640 1878 1831 1947 Hujus
1878 1878 1981 1933 d0-

292 1990 435 2029 mus
466 1983 775 2043 pressurae
808 1964 962 2020 idem
1011 1963 1314 2019 Dominus
1372 1964 1797 2035 praenuntians,
1848 1983 1983 2023 mox

296 2062 555 2134 adjecit:
629 2053 921 2113 Descendit
994 2053 1229 2124 pluvia,
1290 2057 1339 2107 et
1396 2062 1666 2108 venerunt
1723 2058 1978 2124 ﬂumina,

296 2156 351 2208 et
409 2151 677 2221 ﬂaverant
704 2146 861 2202 venti
910 2145 959 2198 et
992 2144 1298 2197 irruerunt
1348 2143 1409 2196 in
1456 2142 1677 2196 domum
1722 2144 1900 2210 illam,
1931 2147 1984 2199 et

299 2258 418 2297 non
449 2238 678 2296 cecidit:
714 2234 955 2307 fundata
983 2232 1137 2287 enim
1170 2234 1295 2285 erat
1324 2246 1501 2301 supra
1527 2236 1742 2300 petram
1772 2234 1980 2303 (Matth.

300 2347 407 2398 vn,
439 2330 555 2399 25).
589 2328 772 2397 Cujus
823 2326 1075 2378 ventura
1121 2318 1283 2373 mala
1332 2319 1463 2374 ideo
1504 2319 1629 2390 ipse
1673 2321 1982 2391 praedicere

304 2419 593 2491 dignatus
622 2418 735 2485 est,
761 2419 827 2468 ut
858 2409 1094 2483 quando
1129 2407 1482 2476 acciderent;
1518 2412 1680 2464 tanto
1710 2408 1894 2466 levius
1917 2428 1983 2466 ea

303 2510 525 2564 sancta
550 2501 815 2559 Ecclesia
858 2500 1054 2564 ferret,
1088 2500 1310 2568 quanto
1356 2496 1610 2569 amplius
1671 2513 1737 2553 ea
1769 2517 1981 2571 praeco-

298 2594 483 2669 gnita
512 2593 779 2648 haberet.
811 2589 1075 2643 Armav1t
1106 2586 1326 2657 quippe
1366 2602 1495 2641 eam
1529 2586 1725 2658 clypeo
1758 2589 1981 2659 patien-

306 2684 434 2753 tiae,
474 2681 757 2752 quoniam
793 2677 979 2733 levius
1011 2679 1264 2747 possunt
1313 2675 1448 2730 ferri
1497 2675 1651 2731 mala
1696 2678 1979 2749 praescita,

306 2788 504 2844 quam
535 2786 604 2826 ea
622 2785 748 2841 quae
765 2763 1401 2834 subito,etimprovisa
1432 2764 1735 2832 eveniunt;
1765 2768 1986 2823 undeet

306 2859 611 2917 Dominus
644 2857 783 2913 alibi
814 2874 827 2911 :
864 2859 980 2910 Hoc
1012 2854 1223 2908 locutus
1265 2869 1389 2907 sum
1436 2854 1602 2920 vobis,
1641 2863 1696 2909 ut
1742 2873 1866 2911 cum
1897 2873 1984 2912 vc-

305 2951 465 3005 ηενίι
500 2947 653 3016 hora,
686 2961 883 3001 eorum
936 2943 1404 3009 reminiscamiui,
1440 2943 1575 3013 quia
1625 2960 1718 3013 ego
1747 2945 1870 3000 dixi
1896 2962 1986 3001 vo-

308 3040 396 3093 bis
431 3037 614 3107 (Joan.
645 3052 763 3099 xv1,
801 3032 876 3103 4).
912 3030 1042 3086 Haec
1074 3029 1271 3101 itaque
1303 3031 1515 3085 domus
1548 3048 1661 3087 non
1712 3051 1780 3088 ex
1812 3036 1989 3105 parie-

313 3127 487 3182 tibus
521 3120 902 3185 manufactis,
935 3120 1037 3174 sed
1070 3135 1137 3173 ex
1180 3118 1324 3175 vivis
1358 3124 1412 3174 et
1442 3119 1639 3175 electis
1669 3120 1983 3193 lapidibus,

2100 1609 2141 1664 Ii
2176 1609 2377 1680 procul
2429 1611 2605 1665 dubio
2663 1617 2829 1666 erant
2868 1613 3081 1667 domus
3139 1612 3261 1679 illa,
3310 1612 3567 1668 Ecclesia
3616 1614 3750 1684 qui-

2096 1700 2251 1765 dem,
2302 1716 2427 1769 quae
2480 1699 2656 1755 variis
2707 1700 3186 1756 fluctuationibus
3235 1718 3520 1757 concussa
3568 1720 3751 1774 supra

2095 1794 2321 1860 petram
2381 1793 2576 1843 tamen
2646 1790 2950 1858 aedificata,
3001 1807 3118 1845 non
3176 1794 3266 1845 est
3325 1791 3579 1862 repulsa,
3641 1792 3745 1847 sed

2091 1876 2150 1929 in
2212 1876 2348 1930 ﬁdei
2419 1877 2697 1947 perdurat
2750 1878 3094 1933 constantia.
3159 1879 3277 1933 Hoc
3332 1895 3566 1950 quoque
3629 1878 3745 1950 ipsi

2093 1964 2283 2020 sancti
2327 1963 2601 2035 apostoli,
2634 1966 2940 2037 caeterique
2974 1972 3313 2022 sanctarum
3353 1967 3750 2023 Ecclesiarum

2094 2054 2381 2121 doctores,
2415 2053 2788 2107 Dominicum
2813 2054 3183 2109 intendentes
3206 2060 3579 2125 praeceptum,
3612 2061 3670 2109 et
3690 2071 3756 2109 se

2095 2142 2167 2196 ad
2200 2142 2546 2213 passionum
2597 2141 2963 2197 tolerantiam
3017 2143 3441 2214 praeparabant,
3496 2147 3553 2197 et
3608 2142 3758 2199 alios

2094 2230 2573 2285 constantissime
2624 2230 2969 2285 invitabant.
3023 2232 3185 2301 Ipsos
3246 2232 3423 2285 etiam
3479 2248 3756 2301 persecu-

2092 2324 2250 2374 tores
2290 2320 2550 2373 modeste
2600 2318 2943 2390 arguebant,
2983 2318 3326 2389 insipientes
3358 2319 3666 2387 docebant,
3700 2321 3763 2373 et

2094 2408 2373 2464 duritiam
2406 2407 2598 2462 cordis
2630 2423 2831 2462 eorum
2876 2407 3253 2461 vehementer
3282 2406 3755 2478 exprobrabant;

2097 2498 2252 2553 unde
2282 2502 2347 2551 ut
2378 2497 2666 2568 quosdam
2700 2497 2963 2567 ipsorum
2994 2496 3311 2566 aliquando
3341 2513 3375 2550 a
3403 2495 3764 2567 perversita-

2095 2587 2251 2641 libus
2282 2585 2630 2641 mirabiliter
2659 2585 3046 2657 corrigebant,
3070 2585 3357 2655 quosdam
3387 2601 3520 2640 vero
3552 2584 3759 2639 adver-

2096 2692 2227 2731 sum
2255 2691 2317 2729 se
2350 2676 2542 2746 potius
2594 2675 2924 2730 irritabant.
2977 2674 3138 2739 Quod
3172 2677 3228 2728 et
3268 2673 3439 2728 hodie
3471 2673 3666 2745 agitur
3697 2673 3759 2727 in

2096 2768 2301 2819 sancta
2332 2764 2609 2832 Ecclesia,
2646 2769 2708 2817 ut
2738 2765 2879 2818 dum
2904 2763 3192 2817 malorum
3228 2778 3261 2817 a
3292 2760 3613 2817 rectoribus
3636 2777 3762 2816 cor-

2097 2852 2392 2924 ripiuntur
2450 2869 2666 2919 mores,
2721 2852 2833 2924 ipsi
2867 2868 3099 2923 quoque
3153 2868 3291 2906 suos
3322 2854 3762 2923 persequuntur

2099 2944 2384 3008 doctores,
2420 2946 2571 2997 et'ut
2604 2941 3065 2997 ecclesiasticam
3088 2940 3321 2995 valeant
3351 2940 3603 3011 effugere
3635 2940 3757 2994 dis-

2100 3029 2375 3100 ciplinam
2426 3034 2749 3101 [pastorum
2783 3047 2897 3085 non
2932 3033 3204 3085 metuunt
3236 3029 3520 3084 infamare
3548 3028 3757 3083 vitam.

2103 3120 2212 3174 Sed
2246 3118 2353 3172 hoc
2381 3120 2566 3173 sancti
2600 3123 2803 3174 Patres
2848 3117 3248 3190 sagacissime]
3297 3117 3760 3184 considerantes,

310 3216 371 3269 id
407 3216 525 3279 est,
566 3216 910 3268 sanctorum
963 3207 1213 3261 coetibus
1260 3206 1692 3278 elegantissime
1731 3191 1982 3266 constat.
2020 3191 2061 3256 (Σ
2100 3207 2230 3261 ideo
2260 3205 2593 3261 inviolabile
2646 3212 2948 3276 pastorum
3011 3209 3331 3261 sanxerunt
3388 3204 3759 3276 privilegium

310 3304 459 3373 Ejus
496 3314 634 3355 vero
666 3300 975 3351 structurae
1008 3297 1150 3348 sunt
1193 3293 1409 3363 quique
1440 3295 1639 3350 ﬁdeles
1668 3297 1863 3352 variis.
1909 3340 1921 3352 .

311 3387 655 3445 virtutibus
678 3384 1065 3438 coruscantur
1085 3397 1098 3449 ;
1119 3383 1440 3438 structores
1457 3387 1650 3439 autem
1668 3384 1780 3456 ipsi
1798 3387 1988 3443 docto-

313 3495 1980 3534 res.................

311 3666 583 3728 quorum
615 3663 719 3720 per
749 3647 924 3703 fidem
955 3650 1012 3701 et
1044 3645 1440 3718 operationem
1499 3691 1511 3703 .
1594 3690 1606 3703 .
1688 3692 1700 3705 .
1782 3694 1793 3705 .
1875 3695 1886 3706 .
1969 3692 1984 3709 .

314 3787 329 3799 ,
422 3785 436 3797 .
527 3780 541 3793 .
623 3780 637 3792 .
714 3737 889 3806 cujus
921 3734 1315 3791 institutionis
1347 3738 1650 3793 exordium
1683 3739 1741 3793 in
1772 3739 1985 3796 beatis-

310 3830 465 3889 simi
515 3825 671 3882 Petri
723 3825 880 3880 fideli
931 3823 1302 3880 confessione
1334 3826 1625 3882 credimus
1652 3828 1985 3899 fundatum,

311 3935 467 3978 cum
500 3916 583 3972 ait
610 3916 682 3971 ad
711 3913 1059 3970 Dominum:
1089 3915 1161 3968 Tu
1175 3930 1233 3968 es
1267 3913 1510 3971 Christus
1534 3918 1719 3973 Filius
1740 3919 1839 3972 Dei
1860 3921 1984 3974 visi.

318 4016 445 4063 Pro
479 4021 592 4076 qua
619 4002 793 4058 etiam
830 4001 1305 4058 remuneratione
1349 4005 1552 4059 audire
1602 4006 1753 4061 inter
1784 4012 1989 4062 caetera

318 4092 581 4153 meruit:
613 4096 679 4148 Et
706 4108 800 4162 ego
826 4092 944 4148 dico
976 4092 1082 4146 tibi
1132 4092 1263 4161 quia
1292 4098 1350 4146 tu
1397 4109 1450 4148 es
1480 4096 1697 4161 Petrus,
1729 4103 1778 4151 et
1829 4113 1993 4167 super

314 4189 478 4242 hanc
502 4189 717 4254 petram
744 4180 1028 4251 aediﬁcabo
1062 4180 1365 4236 Ecclesium
1393 4199 1589 4250 meam,
1623 4190 1675 4238 et
1703 4190 1877 4256 portae
1908 4188 1993 4240 in-

315 4274 440 4347 feri
470 4287 583 4326 non
605 4270 989 4342 praevalebunt
1038 4269 1297 4325 adversus
1326 4287 1444 4327 eam
1496 4273 1711 4344 (Matth.
1745 4292 1859 4344 xv1,
1899 4277 1991 4329 16-

321 4364 441 4433 18).
494 4359 798 4414 }Ediﬁcata
827 4362 916 4415 est
946 4374 1082 4430 ergo
1135 4363 1341 4414 sancta
1385 4360 1647 4416 Ecclesia
1682 4379 1861 4433 supra
1894 4379 1991 4433 pe-

319 4456 486 4507 tram
514 4448 573 4502 in
604 4447 895 4502 soliditate
927 4445 1259 4518 apostolica:
1290 4448 1447 4514 ﬁdei,
1481 4466 1585 4520 per
1614 4450 1789 4505 fidem
1821 4455 1877 4504 et
1908 4450 1993 4504 di-

2099 3299 2477 3365 [permanere,
2512 3312 2585 3348 ne
2634 3295 3045 3366 superbientes
3095 3298 3152 3349 et
3181 3294 3475 3362 vecordes]
3510 3308 3607 3347 eos
3640 3292 3762 3351 ullo

2096 3382 2270 3438 modo
2308 3384 2591 3438 auderent
2635 3384 2957 3454 despicere,
3022 3382 3111 3437 vel
3166 3382 3427 3452 ipsorum
3476 3386 3764 3453 praecepta

2095 3475 2486 3529 contemnere.
2541 3474 2842 3535 Quomodo
2897 3472 3053 3527 enim
3102 3470 3383 3543 prazsules
3414 3474 3758 3528 cmterorum

2094 3564 2344 3633 possunt
2364 3560 2565 3633 culpas
2599 3577 2863 3632 arguere,
2889 3562 2936 3617 si
2960 3561 3043 3615 illi
3075 3577 3174 3616 eos
3202 3558 3714 3616 audentinfestare
3734 3562 3762 3616 ?

2094 3650 2163 3703 Et
2192 3649 2322 3704 ideo
2353 3647 2485 3705 illos
2511 3666 2626 3704 non
2651 3648 2855 3705 leviter
2878 3649 3259 3718 accusandos,
3284 3647 3373 3703 vel
3390 3646 3759 3705 calumnian-

2098 3738 2202 3793 dos
2225 3742 2562 3794 sanctorum
2587 3741 2808 3795 statuta
2830 3740 3067 3794 Patrum
3091 3737 3336 3809 pleniter
3360 3734 3756 3807 interdicunt;

2096 3843 2202 3882 nec
2234 3826 2487 3897 aliquem
2524 3828 2593 3882 ad
2621 3843 2820 3883 eorum
2847 3826 3280 3883 accusationem
3300 3824 3482 3881 sancti
3502 3841 3758 3884 canones

2099 3915 2444 3983 admittunt,
2476 3914 2587 3969 nisi
2622 3915 2723 3986 qui
2752 3918 2870 3971 vita
2894 3920 2953 3971 et
2983 3915 3247 3971 moribus
3280 3913 3436 3969 ﬁdeli
3468 3914 3760 3971 examina-

2098 4002 2255 4056 tione
2277 4002 2471 4072 dignis
2507 4004 2915 4059 sacerdotibus
2963 4002 3360 4073 coazquandus
3405 4001 3754 4058 inveniatur.

2100 4091 2210 4145 Sed
2244 4106 2349 4144 nec
2382 4090 2510 4145 ideo
2544 4090 2703 4160 ipsos
2755 4093 2995 4162 impune
3048 4090 3300 4169 transire
3333 4092 3670 4158 sanxerunt,
3710 4092 3761 4146 si

2102 4178 2349 4233 crimina
2393 4196 2517 4250 quae
2571 4180 2984 4235 Sacerdotibus
3016 4179 3267 4250 objiccre
3301 4194 3417 4233 non
3464 4180 3757 4247 metuunt,

2104 4268 2423 4339 approbare
2448 4285 2562 4323 non
2596 4273 2844 4340 possunt
2873 4287 2884 4324 :
2911 4270 3179 4324 eamdem
3204 4266 3644 4323 accusatoribus
3676 4285 3761 4324 re-

2104 4357 2362 4429 probatis
2393 4358 2763 4428 imponentes
2804 4359 3118 4429 jacturam,
3152 4374 3328 4428 quam
3360 4356 3606 4412 convicti
3638 4357 3759 4429 pati

2104 4447 2425 4501 debuerant
2457 4448 2716 4502 accusati
2745 4466 2756 4514 ;
2790 4448 3135 4518 nullamque
3167 4446 3599 4502 accusationem
3624 4462 3757 4501 con-

324 4538 647 4595 lectionem
677 4535 916 4606 Christi,
942 4540 999 4592 et
1018 4537 1448 4607 perceptionem
1472 4544 1992 4605 sacramentorum,
2024 4555 2071 4619 Β
2102 4539 2193 4590 tra
2222 4552 2284 4590 se
2316 4536 2605 4607 prolatam
2632 4537 2929 4608 suscipere
2950 4535 3038 4591 vel
3059 4537 3367 4591 defendere
3385 4535 3615 4601 debere,
3640 4535 3755 4591 nisi

326 4633 388 4685 et
416 4625 858 4682 observantiam
900 4626 1313 4680 mandatorum
1368 4627 1517 4697 ejus.
1571 4627 1725 4684 Felix
1756 4630 1991 4700 quidem

332 4718 583 4780 domus,
617 4730 742 4786 quae
776 4714 992 4785 pluviis
1014 4714 1377 4771 irruentibus
1394 4733 1507 4772 non
1540 4716 1784 4787 laeditur,
1811 4718 1998 4773 ﬂumi-

328 4806 516 4861 nibus
548 4803 978 4859 inundantibus
1009 4819 1124 4858 non
1155 4804 1399 4872 eruitur,
1428 4806 1621 4863 ventis
1650 4806 1996 4878 impellenti-

329 4896 452 4950 bus
483 4908 598 4947 non
635 4892 925 4963 dejicitur.
946 4893 1235 4948 Adversus
1266 4910 1447 4964 quam
1482 4911 1587 4950 nec
1618 4901 1793 4966 portas
1824 4895 1995 4951 inferi

328 4980 679 5056 praevalent,
712 4981 982 5052 quamvis
1029 4981 1189 5037 vario
1241 4982 1559 5038 luctamine
1600 4984 1821 5055 jugiter
1867 5002 1995 5040 eam

338 5071 681 5138 lacessant;
743 5086 871 5142 quas
938 5086 1042 5125 nec
1098 5071 1341 5128 occultis
1397 5073 1836 5144 tentationibus,
1894 5090 1997 5130 nec

335 5159 565 5232 apertis
595 5158 1122 5231 persecutionibus,
1173 5177 1278 5216 nec
1310 5161 1573 5231 ipsorum
1617 5163 1792 5218 etiam
1828 5163 1995 5218 mali-

338 5264 595 5323 gnorum
639 5247 956 5319 spirituum
1009 5248 1501 5320 infestationibus,
1555 5268 1659 5306 nec
1702 5252 1995 5324 vitiorum,

334 5342 445 5393 aut
472 5337 788 5393 criminum
819 5338 1179 5409 ponderibus
1210 5338 1327 5394 ullo
1357 5340 1529 5395 modo
1564 5342 1734 5397 cedit.

412 5431 721 5497 Deponant
752 5443 885 5499 ergo
918 5432 1183 5483 sanctam
1234 5413 1546 5485 Ecclesium
1582 5434 1999 5502 persequentes

346 5516 807 5583 contumaciam,
840 5522 1073 5572 sumant
1106 5515 1305 5571 ﬁdeles
1337 5516 1394 5569 in
1430 5522 1830 5588 persecutione
1862 5537 1998 5575 con-

343 5604 653 5662 stantiam.
688 5605 943 5662 Audiant
964 5605 1069 5675 illi,
1103 5607 1242 5677 quia
1263 5623 1378 5662 non
1410 5610 1834 5677 praevalebunt:
1860 5626 2000 5682 prae-

2105 4625 2238 4680 data
2269 4626 2338 4680 ad
2372 4625 2617 4680 invicem
2650 4625 2915 4681 cautione
2945 4644 2957 4693 ;
2983 4642 3169 4695 neque
3192 4624 3445 4696 jndicari
3475 4623 3590 4679 nisi
3611 4624 3753 4679 scri-

2107 4713 2242 4784 ptis,
2278 4714 2736 4785 prudentissime
2776 4718 3127 4770 statuerunt.
3175 4714 3486 4785 Ipsumque
3533 4712 3755 4768 cautio-

2108 4820 2261 4872 nem,
2295 4803 2343 4858 si
2370 4805 2444 4871 vi,
2481 4808 2581 4858 aut
2610 4809 2790 4868 metu,
2818 4803 2905 4858 vel
2937 4803 3068 4858 dolo
3090 4808 3285 4858 exorta
3310 4803 3504 4871 fuerit,
3528 4801 3754 4857 nullum

2107 4892 2309 4946 dicunt
2340 4893 2517 4947 robur
2543 4892 2771 4948 habere.

2176 4982 2489 5036 iudicandi
2540 4997 2772 5053 quoque
2818 4980 3057 5053 pariter,
3092 4985 3149 5037 et
3188 4981 3501 5038 accusandi
3533 4980 3592 5033 in
3640 4994 3756 5032 uno

2106 5070 2430 5141 eodemque
2462 5072 2716 5143 negotio,
2762 5071 3169 5142 cujuscunque
3218 5068 3582 5127 auctoritatis
3622 5082 3757 5135 per-

2108 5176 2251 5215 sona
2282 5159 2377 5227 sit,
2413 5160 2769 5215 omnimodis
2792 5160 3166 5216 excluserunt
3187 5159 3503 5216 licentiam.
3540 5156 3757 5211 Locum

2107 5248 2283 5303 etiam
2316 5254 2371 5304 et
2402 5253 2635 5322 tempus
2667 5250 2725 5304 in
2758 5267 2872 5321 quo
2904 5251 3023 5305 haec
3069 5251 3318 5305 debeant
3347 5243 3633 5313 ventilari,
3668 5244 3761 5301 in-

2108 5355 2286 5408 super
2314 5343 2371 5393 et
2401 5356 2709 5409 personam
2726 5340 2797 5394 ad
2826 5340 2995 5409 cujus
3015 5339 3342 5409 pertineant
3371 5334 3754 5403 audientiam,

2109 5428 2515 5500 sagassissime
2534 5427 3293 5497 indixerunt.Necjudicum
3316 5425 3506 5481 valere
3528 5429 3758 5481 senten-

2108 5516 2246 5571 tiam
2282 5525 2575 5585 asserunt,
2610 5519 2719 5572 nisi
2754 5519 2983 5573 illorum
3019 5514 3117 5584 qui
3146 5515 3218 5568 ab
3250 5514 3395 5586 ipsis
3431 5514 3597 5570 electi
3630 5514 3755 5569 fue-

2110 5606 2227 5661 rint
2258 5609 2568 5664 accusatis.
2589 5606 2890 5662 Induciam
2922 5619 3154 5677 quoque
3185 5622 3359 5663 suum
3401 5608 3753 5677 pertractan-
