4116 6184
378 321 462 386 88
932 317 960 352 ⁸

1406 320 1751 384 ATTONIS
1793 315 2377 381 VERGELLENSIS
2419 317 2776 383 EPISCOPI
3708 322 3787 384 56

378 456 440 512 di
468 470 816 529 responsum
848 457 1083 528 propter
1125 454 1529 512 innocentium
1560 453 2019 526 simplicitatem,
2051 451 2107 522 Α
2138 450 2260 507 lum
2293 467 2497 508 eorum
2529 453 2824 510 sententia
2869 469 2986 511 non
3019 470 3053 510 a
3099 469 3206 510 suo
3231 453 3434 525 judice
3460 454 3618 512 dicta
3649 473 3786 514 con-

377 551 436 602 et
471 546 872 618 improborum
929 549 1342 617 argumentosa
1387 544 1866 598 machinamenta
1910 558 2025 597 non

377 635 669 691 modicam
702 637 1135 700 concesserunt,
1168 632 1444 689 Damnari
1467 633 1642 688 etiam
1673 649 1772 687 eos
1803 633 2026 702 absque

378 727 591 780 sanctae
625 724 897 780 Romanae
919 724 1085 779 Sedis
1100 723 1437 778 auctoritate
1462 721 1887 777 interdixerunt
1907 735 2028 774 om-

378 813 552 881 nino;
587 813 855 885 quamvis
885 813 1108 878 audire,
1138 811 1225 866 vel
1249 811 1536 866 discutere
1564 808 2028 882 metrOpolitanis

378 918 500 957 una
519 919 654 958 cum
685 918 973 958 consensu
1007 900 1271 956 omnium
1307 898 1882 970 comprovincialium
1913 897 2032 969 epi-

380 1008 693 1064 scoporum
726 991 802 1046 sit
832 988 1065 1044 licentia
1095 988 1396 1043 attributa.

452 1082 562 1136 Sed
597 1098 668 1136 ne
693 1078 913 1150 aliquid
965 1078 1280 1132 enormiter
1328 1076 1489 1148 loqui
1540 1075 1860 1143 videamur,
1895 1091 2027 1130 san-

379 1173 607 1226 ctorum
637 1170 874 1224 Patrum
896 1166 1368 1222 institutionibus
1390 1182 1458 1221 ea
1479 1182 1603 1236 quae
1624 1166 1749 1234 jam
1773 1164 2029 1219 diximus

379 1258 613 1314 interim
646 1258 1031 1312 afﬁrmemus.
1083 1255 1505 1310 Sanctissimus
1551 1253 1767 1326 quippe
1807 1256 2029 1324 martyr

378 1347 696 1402 Alexander
727 1363 793 1401 ac
812 1347 1106 1400 Romanus
1139 1361 1288 1416 papa
1312 1342 1393 1398 ait
1413 1345 1592 1414 (epist.
1619 1345 1671 1410 1)
1697 1359 1710 1397 :
1745 1342 1855 1398 «Si
1896 1341 2028 1412 quis

379 1453 517 1507 erga
582 1435 922 1507 episcopum
975 1434 1058 1488 vel
1109 1439 1329 1488 actores
1385 1431 1651 1488 Ecclesiae
1705 1431 2031 1502 quamlibet

381 1525 675 1596 querelam
711 1525 960 1593 justam,
994 1539 1054 1578 se
1087 1521 1299 1576 habere
1326 1520 1656 1586 crediderit,
1707 1537 1821 1575 non
1865 1520 2029 1590 prius

381 1613 661 1685 primates
691 1617 794 1668 aut
839 1611 983 1667 alios
1023 1610 1256 1682 judices
1306 1627 1483 1680 quam
1532 1609 1692 1680 ipsos
1734 1627 1768 1664 a
1814 1609 2030 1680 quibus

382 1719 445 1758 se
476 1702 678 1757 laesum
707 1701 1022 1770 existimat,
1057 1699 1362 1756 conveniat
1392 1697 1796 1766 familiariter;
1829 1701 1886 1753 et
1915 1713 2029 1752 non

380 1795 607 1847 tentum
642 1789 842 1857 semel,
877 1790 978 1845 sed
1011 1789 1354 1860 saepissime,
1389 1793 1454 1843 ut
1478 1788 1550 1842 ab
1583 1787 1669 1843 eis
1716 1791 1820 1842 aut
1863 1801 2028 1842 suam

375 1880 692 1952 justitiam,
753 1881 854 1934 aut
903 1879 1131 1948 justam
1189 1877 1437 1949 accipiat
1493 1876 1946 1933 excusationem.
2001 1896 2030 1924 »

380 1971 526 2025 Item
555 1967 866 2024 Anacletus
897 1969 1074 2039 (epist.
1097 1970 1133 2021 2
1156 1983 1168 2023 :
1192 1989 1220 2017 «
1250 1966 1308 2020 Si
1332 1965 1489 2022 enim
1520 1967 1645 2022 sine
1673 1966 1919 2020 crimine
1941 1981 2032 2020 sa-

378 2058 581 2114 cerdos
611 2056 745 2128 eligi
793 2055 1146 2128 praecipitur,
1195 2055 1535 2112 nullatenus
1584 2057 1656 2110 ab
1689 2053 2032 2110 hominibus

377 2146 724 2202 criminibus
753 2144 992 2200 irretitis
1040 2144 1302 2200 accusari
1353 2149 1453 2199 aut
1502 2143 1850 2200 caluminari
1902 2160 2030 2216 per-

378 2235 650 2300 mittitur,
673 2250 779 2288 nec
805 2234 877 2288 ab
909 2232 1041 2287 aliis
1071 2249 1246 2304 quam
1281 2233 1352 2287 ab
1379 2232 1471 2288 his
1502 2233 1601 2303 qui
1626 2233 1752 2287 sine
1786 2231 2032 2286 crimine

379 2327 538 2392 sunt,
587 2326 644 2378 et
695 2323 866 2392 juxta
941 2320 1311 2386 electionem,
1362 2321 1410 2376 si
1459 2321 1777 2375 necessitas
1835 2321 2029 2390 fuerit,

379 2415 482 2469 aut
536 2411 649 2482 ipsi
696 2410 936 2466 volendo
993 2409 1240 2465 Domino
1295 2409 1512 2465 servire
1568 2409 1868 2481 elegerint,
1932 2427 2029 2465 sa-

379 2501 758 2571 cerdotesque
790 2499 918 2554 sine
948 2499 1192 2554 crimine
1227 2499 1370 2564 ﬁeri,
1404 2504 1460 2553 et
1484 2499 1745 2554 ordinari
1782 2498 2028 2570 possint,

379 2595 438 2645 et
465 2587 612 2645 tales
637 2605 740 2660 per
768 2587 966 2644 omnia
994 2587 1231 2654 fuerint,
1283 2587 1488 2659 quales
1519 2587 1652 2658 eligi
1699 2589 2030 2643 sacerdotes

370 2678 678 2748 jubentur.
739 2698 768 2727 »
815 2676 1213 2748 Eutychianus
1271 2677 1449 2747 (epist.
1508 2678 1602 2745 2):
1667 2699 1693 2726 «
1752 2675 2029 2748 Quisquis

377 2767 476 2822 ille
503 2771 593 2822 est
644 2765 743 2838 qui
800 2765 1022 2821 crimen
1080 2765 1354 2834 intendit,
1413 2765 1472 2820 in
1515 2765 1807 2836 judicium
1838 2765 2030 2820 veniat

377 2871 590 2912 nomen
624 2855 707 2910 rei
732 2854 972 2919 indicet,
1004 2854 1304 2910 vinculum
1333 2853 1732 2926 inscrpitionis
1763 2854 2025 2926 arripiat,

377 2945 656 3000 custodias
678 2942 1150 3008 similitudinem,
1166 2943 1368 2999 habita
1387 2948 1582 3000 tamen
1601 2943 1906 3016 dignitatis
1918 2943 2030 2998 exi-

378 3033 1019 3105 stimatione,patiatur,
1041 3048 1110 3088 ne
1134 3033 1279 3087 forte
1305 3032 1530 3087 noverit
1549 3032 1658 3087 sibi
1681 3030 2027 3088 attributam

376 3121 670 3180 licentiam
687 3121 1168 3188 mentiendi,cum
1186 3120 1610 3177 calumniantes
1624 3121 1693 3176 ad
1709 3120 2026 3176 vindictam

2136 540 2405 612 stringat.
2443 563 2470 590 ››
2506 542 2572 596 Et
2597 541 2786 598 idem:
2821 566 2848 592 «
2900 543 3215 599 Duodecim
3258 544 3492 615 judices
3541 545 3789 617 quilibet

2135 629 2445 702 episcopus
2476 636 2806 699 accusatus,
2840 633 2890 688 si
2911 649 3148 689 necesse
3169 633 3361 705 fuerit,
3379 633 3576 707 eligat,
3609 653 3644 691 a
3663 637 3787 708 qui-

2134 719 2246 774 bus
2279 721 2406 790 ejus
2438 736 2617 775 causa
2639 721 2802 792 juste
2825 722 3159 792 judicetur;
3186 739 3289 778 nec
3319 723 3484 794 prius
3515 725 3788 781 audiatur

2137 812 2237 862 aut
2257 809 2799 865 excommunicetur
2816 811 2903 866 vel
2919 810 3237 881 judicetur,
3263 829 3441 882 quam
3464 813 3576 884 ipsi
3605 831 3706 886 per
3724 831 3788 871 se

2136 897 2374 969 eligant.
2413 919 2440 946 »
2475 899 2542 952 Et
2569 899 2751 955 Felix:
2787 922 2816 949 «
2846 905 2923 955 De
2942 900 3195 955 induciis
3213 917 3346 956 vero
3375 902 3786 974 episcoporum

2137 1003 2313 1056 super
2343 987 2558 1057 quibus
2587 989 2993 1055 consuluistis,
3026 989 3291 1044 diversas
3329 1007 3361 1045 a
3391 991 3663 1046 Patribus
3694 1009 3789 1048 re-

2137 1074 2305 1146 gulas
2336 1074 2667 1131 invenimus
2699 1076 3022 1133 institutas.
3056 1078 3302 1141 Quidam
3325 1080 3478 1134 enim
3504 1081 3576 1135 ad
3609 1080 3793 1152 repel-

2139 1164 2312 1219 lenda
2341 1164 2748 1236 imperitorum
2780 1167 3278 1237 machinamenta,
3309 1172 3363 1223 et
3395 1185 3532 1224 suas
3564 1186 3789 1241 praepa-

2139 1253 2353 1308 randas
2373 1254 2801 1325 responsiones,
2828 1261 2886 1310 et
2901 1260 3080 1311 testes
3102 1256 3625 1325 conﬁrmandos,et
3647 1274 3789 1313 con-

2139 1340 2271 1396 silia
2299 1340 2728 1412 episcoporum,
2754 1348 2930 1415 atque
2961 1344 3284 1400 amicorum
3327 1348 3657 1416 quaerenda,
3691 1365 3793 1402 an-

2140 1446 2282 1484 num
2313 1434 2370 1485 et
2401 1447 2501 1486 sex
2532 1447 2764 1487 menses
2787 1433 3212 1488 mandaverunt
3235 1434 3470 1489 concedi
3501 1452 3514 1500 ;
3549 1435 3790 1506 quidam

2140 1522 2336 1574 autem
2366 1536 2586 1575 annum
2615 1520 2673 1575 in
2705 1537 2819 1592 quo
2870 1520 3107 1593 plurimi
3166 1524 3539 1578 concordant.
3597 1524 3791 1579 Minus

2138 1624 2270 1663 vero
2303 1624 2481 1680 quam
2525 1625 2624 1664 sex
2668 1626 2899 1666 menses
2949 1627 3064 1666 non
3113 1611 3318 1682 reperi.
3355 1634 3383 1660 »
3433 1613 3658 1668 Rursus
3688 1614 3792 1668 Ze-

2141 1696 2425 1769 phyrinus
2457 1698 2675 1770 (ibid):
2729 1721 2757 1749 ‹‹
2808 1700 3164 1756 Patriarcbae
3210 1716 3343 1757 vero
3369 1700 3458 1757 vel
3506 1701 3791 1772 primates

2141 1790 2480 1842 accusatum
2511 1787 2895 1844 discutientes
2941 1789 3306 1862 episcopum,
3340 1806 3455 1846 non
3496 1795 3630 1847 ante
3655 1807 3791 1846 sen-

2142 1875 2386 1931 tentiam
2416 1877 2714 1948 proferant
2760 1878 3066 1945 finitivam,
3101 1896 3281 1950 quam
3310 1880 3631 1952 apostolica
3660 1879 3795 1936 fulti

2143 1964 2504 2036 auctoritate,
2540 1970 2640 2021 aut
2670 1983 2832 2022 reum
2855 1967 3119 2039 seipsum
3141 1969 3507 2038 confiteatur,
3532 1973 3632 2024 aut
3689 1986 3796 2041 per

2141 2053 2482 2109 innocentes
2529 2057 2587 2109 et
2635 2054 2980 2126 regulariter
3026 2057 3390 2112 examinatos
3417 2056 3798 2112 convincatur

2141 2145 2342 2208 testes,
2375 2141 2475 2213 qui
2507 2141 2716 2198 minori
2751 2160 2864 2199 non
2897 2143 3015 2200 sint
3043 2160 3285 2201 numero
3315 2161 3493 2217 quam
3513 2145 3594 2200 illi
3623 2145 3797 2202 disci-

2140 2229 2265 2302 puli
2290 2231 2546 2300 fuerunt,
2571 2249 2720 2303 quos
2751 2231 3034 2288 Dominus
3053 2235 3461 2305 adjumentum
3495 2233 3795 2306 apostolo-

2140 2336 2272 2374 rum
2303 2319 2517 2391 eligere
2549 2322 2836 2392 praecepit.
2871 2344 2900 2371 »
2941 2323 3002 2377 Id
3035 2328 3144 2390 est,
3179 2324 3552 2396 septuaginta
3579 2324 3715 2378 duo.

2211 2408 2426 2463 Multos
2458 2408 2630 2464 etiam
2657 2415 2716 2464 et
2736 2410 2880 2465 alios
2906 2416 3120 2466 sanctae
3145 2411 3410 2467 Ecclesia;
3441 2413 3708 2468 doctores
3731 2412 3793 2466 in

2140 2496 2232 2552 his
2263 2497 2536 2554 omnibus
2581 2498 2883 2566 assentire,
2943 2515 3234 2556 canonum
3279 2499 3470 2555 edicta
3522 2505 3797 2572 patenter

2139 2587 2486 2655 ostendunt;
2503 2588 2602 2642 sed
2629 2605 2784 2644 nunc
2807 2589 2961 2659 quod
2983 2589 3206 2660 absque
3221 2589 3440 2661 injuria
3459 2595 3676 2646 sanctas
3692 2592 3794 2647 Dei

2140 2675 2402 2732 Ecclesiae
2433 2675 2623 2732 dicere
2641 2694 2755 2732 non
2787 2694 3129 2750 possumus,
3163 2679 3277 2735 heu
3303 2679 3315 2733 l
3341 2679 3400 2734 in
3427 2683 3658 2735 tantum
3681 2680 3796 2737 hoc

2138 2765 2422 2832 aboletur,
2456 2770 2522 2820 ut
2552 2767 2611 2821 in
2644 2766 2910 2822 ordinata
2926 2766 3100 2822 etiam
3124 2768 3495 2824 accusatione
3513 2769 3794 2826 vixlocus

2137 2854 2659 2926 maneatlegitimae
2682 2856 3060 2912 defensionis.
3099 2857 3214 2914 Nec
3232 2858 3614 2929 approbanda
3626 2859 3795 2930 judi-

2137 2948 2274 2998 cant
2302 2961 2431 3015 quas
2461 2944 2662 3015 inique
2693 2945 3004 3015 objiciunt,
3027 2946 3130 3002 sed
3162 2949 3576 3003 tantummodo
3599 2947 3792 3002 vindi-

2137 3048 2268 3087 care
2298 3049 2557 3104 quisque:
2589 3032 2754 3088 illata
2783 3039 3072 3105 quaerunt.
3097 3035 3259 3101 Quod
3284 3035 3428 3091 side
3452 3036 3794 3092 defensione

2139 3122 2290 3192 apud
2323 3137 2422 3176 eos
2453 3121 2751 3193 quaeritur,
2784 3123 2945 3177 omni
2977 3121 3243 3195 synodali
3276 3140 3526 3180 censura
3556 3129 3796 3197 postpo-

377 3215 580 3284 poscat
608 3210 935 3267 similitudo
957 3209 1250 3282 supplicii.
1274 3232 1301 3261 ››
1322 3211 1756 3266 Rursusisdem
1778 3211 2028 3266 Alexan-
2059 3192 2102 3260 Ο
2141 3209 2274 3278 sita,
2307 3210 2433 3266 suis
2481 3192 3220 3268 adiuventionibus'talem
3279 3213 3404 3268 fieri
3435 3192 3790 3284 dijudicant,

377 3302 481 3357 der
511 3302 688 3372 (epist.
722 3301 812 3370 1):
858 3321 886 3350 ‹‹
937 3298 1216 3354 Similiter
1264 3299 1313 3354 si
1363 3299 1707 3370 hujusmodi
1756 3299 2021 3372 personis

376 3390 646 3462 quaadam
679 3388 989 3459 sbripturas
1014 3388 1306 3458 quomodo
1331 3389 1503 3442 modo
1529 3405 1627 3458 per
1644 3393 1888 3459 metum,
1921 3393 2024 3444 aut

374 3478 663 3543 fraudem,
717 3482 820 3532 aut
859 3492 963 3547 per
992 3475 1107 3529 vim
1136 3479 1368 3530 extortae
1395 3475 1632 3544 fuerint,
1663 3477 1752 3531 vel
1783 3481 1847 3530 ut
1877 3492 1937 3532 se
1960 3476 2023 3532 li-

375 3567 578 3622 berare
608 3569 869 3637 possent,
903 3580 1255 3635 quocunque
1299 3564 1370 3618 ab
1429 3563 1515 3620 eis
1544 3565 1902 3636 conscriptae,
1932 3566 2022 3622 vel

375 3655 656 3710 roborata;
670 3652 1237 3724 fuerintingenio,ad
1260 3651 1489 3707 nullum
1514 3653 1597 3709 eis
1620 3653 2022 3724 praajudicium

376 3747 480 3798 aut
507 3746 924 3797 nocumentum
950 3741 1250 3812 provenire
1274 3756 1601 3798 censemus.
1645 3763 1673 3791 ››
1732 3743 2024 3799 Fabianus

374 3834 554 3903 (epist.
585 3831 640 3901 2)
667 3847 680 3886 :
718 3853 745 3881 «
776 3831 891 3886 Nec
912 3830 1071 3885 ullus
1092 3847 1353 3902 unquam
1377 3835 1694 3902 praesumat
1721 3837 2025 3888 accusator

376 3919 552 3976 simul
582 3936 712 3975 esse
758 3920 1020 3990 etjudex
1069 3923 1125 3973 et
1176 3919 1364 3984 testis,
1415 3920 1693 3991 quoniam
1748 3921 1806 3976 in
1865 3921 2022 3976 omni

369 4009 596 4082 judicio
618 4014 870 4082 quatuor
885 4025 1166 4081 personas
1189 4025 1425 4064 necesse
1437 4013 1525 4065 est
1546 4026 1777 4082 semper
1797 4011 2020 4067 adesse:

375 4099 432 4156 id
468 4103 576 4163 est,
599 4099 836 4169 judices
865 4099 1099 4167 electos,
1148 4101 1206 4154 et
1233 4103 1628 4166 accusatores,
1660 4117 1726 4154 ac
1758 4101 2026 4156 defenso-

377 4205 492 4258 res,
525 4194 700 4258 atque
727 4191 926 4243 testes.
961 4210 990 4237 »
1024 4187 1179 4242 Felix
1209 4188 1425 4259 quippe
1451 4189 1531 4242 ait
1561 4189 1735 4258 (epist.
1773 4191 1860 4257 2):
1897 4213 1926 4238 ‹‹
1966 4188 2025 4244 Si

379 4276 516 4348 quis
537 4276 850 4347 episcopus
869 4277 940 4331 ab
962 4274 1082 4329 illis
1112 4276 1550 4332 accusatoribus
1582 4277 1681 4347 qui
1713 4277 2030 4348 recipiendi

381 4367 543 4432 sunt,
576 4363 748 4418 fuerit
768 4367 1102 4429 accusatus,
1128 4368 1441 4434 postquam
1473 4364 1594 4435 ipse
1620 4365 1692 4420 ab
1723 4365 1808 4421 eis
1838 4365 2028 4421 chari-

379 4453 561 4509 tative
590 4456 908 4508 conventus
936 4451 1128 4521 fuerit,
1151 4455 1214 4506 ut
1233 4452 1422 4523 ipsam
1455 4469 1691 4508 causam
1718 4455 2027 4510 emendare

2131 3315 2310 3370 quam
2340 3299 2599 3355 accusati
2632 3299 2878 3372 implere
2900 3300 3142 3356 minime
3163 3300 3420 3367 valeant,
3442 3301 3532 3357 vel
3563 3318 3689 3374 quas
3724 3302 3795 3357 il-

2132 3387 2218 3444 los
2244 3389 2377 3458 jure
2408 3388 2581 3444 ofﬁcii
2612 3389 2850 3444 omnino
2881 3390 3223 3460 impediant,
3257 3398 3319 3446 ul
3348 3390 3408 3445 in
3457 3391 3792 3448 sacerdotes

2135 3475 2487 3532 Deiliberius
2510 3477 3026 3548 saeviant.Quippe,
3044 3494 3177 3534 cum
3199 3479 3522 3534 secundum
3549 3480 3789 3535 beatum

2133 3563 2378 3619 Paulum
2411 3563 2742 3636 apostolum
2771 3565 2884 3638 ipsi
2927 3566 3041 3621 sibi
3085 3566 3208 3622 sint
3234 3566 3324 3623 lex
3361 3569 3537 3639 (Rom.
3573 3585 3637 3636 ιι,
3672 3569 3804 3639 14),⁴

2136 3656 2522 3720 accusatores,
2570 3652 2804 3723 judices
2853 3658 2910 3708 et
2954 3659 3155 3724 testes,
3185 3672 3300 3711 non
3348 3657 3571 3712 ratione
3601 3657 3700 3713 sed
3731 3658 3789 3712 vi

2135 3741 2247 3813 ipsi
2273 3740 2497 3814 [simul]
2530 3741 2811 3797 existunt.
2831 3743 3304 3800 Satisfactionem
3319 3745 3498 3817 igitur
3529 3747 3790 3801 accusati

2136 3830 2455 3887 sacerdotis
2487 3831 2620 3899 [sub
2647 3831 3030 3902 jurejurando
3063 3833 3306 3889 minime
3337 3835 3537 3889 dicunt
3567 3834 3784 3903 valere,

2137 3919 2247 3975 nisi
2277 3920 2474 3992 plures
2502 3919 2678 3975 etiam
2711 3922 3043 3977 sacerdotes
3075 3923 3298 3994 secum]
3329 3923 3642 3994 compellat
3681 3925 3792 3994 ju-

2137 4009 2500 4081 rare,inique
2531 4008 2638 4064 hoc
2664 4015 3033 4066 assumentes
3071 4011 3131 4065 in
3168 3995 3592 4081 testimonium,
3629 4013 3786 4084 quod

2138 4099 2360 4153 factum
2414 4115 2476 4152 se
2507 4097 2718 4169 legisse
2741 4099 2971 4168 jactant
3021 4099 3078 4153 in
3131 4099 3356 4155 actibus
3388 4102 3784 4157 Romanorum

2137 4186 2505 4258 pontiﬁcum.
2539 4186 2681 4240 Nam
2717 4187 2871 4259 quod
2927 4189 2998 4243 de
3030 4188 3280 4244 Damaso
3310 4193 3366 4244 et
3394 4189 3575 4257 Sixto,
3610 4196 3788 4262 atque

2136 4274 2484 4347 Symmacho
2512 4275 2943 4331 venerabilibus
2974 4277 3348 4348 pontificibus
3380 4279 3694 4345 invenitur,
3718 4296 3787 4335 eo

2138 4364 2294 4434 quod
2326 4363 2465 4418 dum
2491 4381 2525 4419 a
2545 4364 2898 4434 quibusdam
2920 4365 3210 4436 perversis
3231 4367 3303 4422 de
3325 4367 3670 4422 criminibus
3692 4383 3786 4422 ac-

2137 4456 2503 4519 cusarentur,
2523 4451 2779 4508 collectis
2800 4454 3206 4526 episcoporum
3232 4455 3490 4510 conciliis
3508 4455 3783 4526 synodico

381 4542 614 4610 debeat,
648 4547 705 4597 et
732 4558 860 4597 eam
893 4541 1177 4610 corrigere
1226 4541 1511 4601 noluerit:
1557 4559 1672 4597 non
1705 4543 1865 4609 olim,
1926 4544 2025 4600 sed
2059 4554 2106 4619 ι)
2138 4543 2368 4614 purgati
2397 4545 2559 4608 sunt,
2589 4541 2700 4597 hoc
2730 4559 2790 4596 se
2838 4542 2932 4597 bis
2979 4543 3170 4600 verbis
3198 4543 3430 4616 penitus
3457 4542 3786 4615 intelligere

378 4635 518 4687 tunc
547 4632 618 4686 ad
645 4647 911 4686 summos
942 4628 1224 4700 primates
1256 4647 1433 4685 causa
1453 4631 1581 4701 ejus
1611 4632 1889 4689 canonice
1918 4633 2023 4688 de-

380 4721 619 4787 feratur,
644 4721 742 4790 qui
766 4719 825 4773 in
857 4734 1114 4788 congruo
1135 4718 1259 4774 loco
1283 4719 1434 4774 infra
1456 4718 1643 4791 ipsam
1667 4721 2023 4791 provinciam

380 4813 643 4880 tempore
671 4823 950 4879 congruo,
974 4805 1030 4861 id
1064 4810 1154 4862 est
1171 4807 1520 4876 autumnali,
1542 4807 1632 4864 vel
1651 4811 1869 4881 aestivo,
1893 4826 2029 4866 con-

383 4896 582 4953 cilium
617 4895 961 4969 regulariter
989 4911 1306 4952 convocare
1357 4897 1674 4965 debebunt,
1731 4899 1813 4954 ita
1855 4904 1918 4955 ut
1956 4900 2029 4955 ab

2137 4630 2412 4694 fatentur,
2446 4631 2601 4702 quod
2634 4646 2838 4686 omnes
2888 4631 3144 4703 praedicti
3184 4632 3434 4704 episcopi
3467 4647 3602 4687 cum
3632 4631 3784 4705 ipsis

2139 4720 2538 4792 pontiﬁcibus,
2573 4736 2675 4791 pro
2707 4719 2888 4776 illatis
2913 4723 3216 4791 jurassent
3236 4720 3783 4794 criminibus,quasi

2139 4825 2255 4865 non
2286 4825 2385 4865 eos
2407 4807 2641 4881 propria
2657 4812 3068 4867 tantummodo
3089 4809 3413 4867 absolveret
3441 4810 3782 4881 satisfactio,

2140 4898 2254 4954 nisi
2285 4897 2394 4952 hoc
2446 4897 2625 4952 etiam
2676 4898 3082 4968 praedictorum
3133 4901 3491 4955 confratrum
3523 4900 3785 4956 firmaret

381 4985 658 5042 omnibus
690 4985 958 5056 ejusdem
990 4985 1294 5054 provinciae
1324 4986 1614 5057 episcopis
1646 4986 1787 5043 inibi
1822 4988 2028 5044 audia-
2130 4986 2370 5057 juratio.
2405 4986 2584 5043 Nobis
2619 4991 2813 5042 tamen
2863 4987 3018 5058 quod
3064 4987 3148 5043 sic
3197 4988 3642 5062 intelligendum
3683 4988 3782 5060 sit,

382 5079 498 5131 tur.
522 5077 644 5141 Quo
666 5073 792 5146 ipse
815 5077 872 5128 et
892 5071 1238 5143 regulariter
1254 5080 1622 5139 convocatus,
1643 5076 1692 5130 si
1711 5092 1845 5131 eum
1865 5077 2025 5132 inﬁr-

383 5163 579 5232 mitas,
614 5167 717 5218 aut
747 5161 861 5218 alia
909 5161 1102 5234 gravis
1148 5163 1464 5218 necessitas
1522 5179 1636 5217 non
1690 5164 2024 5235 detinuerit,

381 5251 586 5307 adesse
617 5251 880 5319 debebit;
915 5249 1011 5319 qui
1034 5249 1187 5305 ultra
1217 5250 1524 5321 provinciae
1554 5252 1838 5308 terminos
1863 5271 2031 5309 accu-

381 5340 549 5396 sandi
583 5345 717 5394 ante
748 5339 982 5395 licentia
1017 5355 1133 5393 non
1183 5342 1292 5406 est,
1326 5355 1502 5409 quam
1535 5339 1832 5396 audientia
1861 5357 2026 5413 roge-

378 5433 492 5483 tur.
532 5450 558 5476 ››
595 5429 734 5482 Item
765 5429 943 5483 Gaius
973 5429 1150 5499 (epist.
1205 5428 1433 5496 unica):
1471 5449 1499 5476 «
1550 5427 1730 5482 Nemo
1763 5445 2025 5500 unquam

377 5518 712 5589 episcopum
739 5518 892 5586 apud
920 5518 1151 5587 judices
1168 5515 1588 5571 saecularesaut
1608 5516 1752 5572 alios
1778 5517 2026 5575 cluricos

381 5622 653 5663 accusare
683 5610 1018 5677 praesumat.
1054 5629 1080 5655 »
1114 5606 1471 5680 Zephyrinus
1502 5607 1681 5675 (epist.
1709 5606 1794 5676 1):
1836 5626 1857 5653 α
1891 5607 2026 5665 Nul-

2138 5092 2335 5132 revera
2357 5092 2470 5130 non
2505 5080 2682 5146 patet.
2717 5075 2896 5130 Plane
2924 5075 3079 5130 enim
3104 5093 3138 5132 a
3168 5076 3462 5149 praedictis
3491 5077 3785 5148 episcopis

2138 5164 2442 5236 prtedictos
2465 5165 2766 5234 pontifices
2782 5167 3062 5236 purgatos
3079 5166 3425 5237 accipimus,
3443 5165 3494 5221 si
3517 5166 3782 5237 ipsorum

2137 5254 2530 5326 suggestione,
2548 5253 2782 5325 propria
2797 5256 3206 5310 tantummodo
3219 5255 3619 5310 satisfactione
3635 5254 3784 5326 ipsis

2136 5343 2311 5397 etiam
2343 5343 2691 5407 faventibus,
2740 5358 2840 5398 eos
2881 5341 3103 5399 alienos
3151 5359 3186 5397 a
3223 5343 3571 5399 criminibus
3600 5343 3784 5399 fuisse

2135 5431 2434 5484 ﬁrmatum
2466 5434 2574 5485 est.
2609 5429 2716 5485 Sed
2752 5429 2800 5485 si
2841 5447 2944 5502 pro
2979 5429 3228 5500 alicujus
3250 5431 3400 5501 justi
3447 5431 3783 5487 innocentia

2135 5519 2306 5576 alicui
2331 5519 2549 5590 placuit
2561 5525 2992 5575 sacramentum
3015 5519 3268 5590 praebere
3289 5519 3589 5576 charitatis
3603 5536 3782 5578 causa

2134 5614 2199 5664 ut
2229 5624 2362 5664 eum
2388 5608 2476 5664 vel
2498 5607 2581 5664 sic
2601 5625 2638 5663 a
2659 5606 3150 5681 persequentibus
3169 5607 3462 5678 liberaret,
3489 5609 3780 5666 omnimo-
