4134 6182
324 352 400 413 5'1
1175 353 1277 413 DE
1322 350 1751 414 PRESSUBIS
1796 346 2447 414 ECCLESIAS'l-‘ICIS.
2478 384 2558 399 —
2585 352 2787 415 PARS
2829 354 2879 415 Ι.
3654 350 3731 415 58

330 482 416 539 dis
442 483 674 556 [placet.
706 483 1122 543 Verumtamen
1147 484 1281 541 licet
1310 501 1713 557 perversurum
1735 485 1975 541 infesta-
2005 484 2061 550 Α
2091 484 2325 556 prepria
2349 485 2534 541 solum
2564 503 2741 541 manu
2772 484 3033 559 praestita
3061 489 3426 543 sacramento
3456 484 3732 542 omnibus

327 572 483 629 tione
513 574 573 629 in
607 574 924 645 primitiva]
983 575 1241 630 Ecclesia
1297 575 1407 630 hoc
1464 575 1588 630 ﬁeri
1646 574 1969 646 potuisset;

330 661 581 733 [nullum
606 669 801 720 tamen
825 664 1176 736 exemplum]
1200 664 1256 719 in
1281 669 1578 736 posterum
1603 664 1852 734 relinqui
1874 664 1972 717 de-

327 752 477 806 buit.
511 754 634 817 Quo
664 754 879 809 etenim
912 760 1113 809 sancto
1147 752 1415 819 concilio,
1448 753 1537 808 vel
1578 753 1747 823 cujus
1779 752 1973 807 catho-

325 840 423 896 lici
445 846 502 897 et
522 842 765 913 apostoli
790 843 897 897 viri
918 844 1149 898 decreto
1190 842 1479 898 sancitum
1520 843 1615 909 sit,
1643 841 1973 896 sacerdotes

325 930 428 985 Dei
451 947 485 985 a
504 932 845 986 criminibus
871 932 1091 987 absolvi
1117 949 1234 986 non
1261 948 1451 1003 posse,
1474 932 1589 985 nisi
1613 932 1971 986 confralrum

324 1019 741 1091 satisfactione,
767 1021 1001 1091 penitus
1023 1021 1386 1093 ignoramus.
1430 1022 1573 1075 Cum
1596 1020 1750 1075 enim
1775 1036 1971 1074 sacra-

325 1113 522 1162 menta
553 1110 829 1164 omnibus
877 1110 1191 1165 interdicta
1240 1111 1359 1165 sint
1407 1110 1772 1174 Christianis,
1806 1107 1972 1163 valde

322 1196 713 1268 perniciosum
742 1204 831 1254 est
857 1201 1188 1254 sacerdotes
1233 1200 1303 1254 ad
1337 1200 1455 1253 haec
1486 1198 1663 1252 etiam
1696 1197 1841 1252 alios
1872 1213 1971 1251 co-

321 1301 475 1356 gere,
508 1289 665 1343 unde
694 1293 817 1343 tam
848 1306 911 1344 se
937 1289 1247 1352 custodire,
1282 1304 1459 1359 quam
1492 1291 1549 1342 et
1579 1286 1720 1342 alios
1751 1288 1965 1341 debue-

318 1380 453 1430 rant
473 1394 738 1448 arguere.
763 1378 854 1433 Ait
879 1378 1156 1433 Dominus
1198 1378 1256 1432 in
1282 1376 1586 1447 Evangelio
1609 1393 1620 1429 :
1647 1377 1752 1446 Ego
1782 1383 1972 1431 autem

314 1450 438 1519 dico
466 1466 637 1533 vobis,
680 1482 789 1521 non
845 1468 1032 1533 iurare
1085 1468 1311 1521 omnino
1369 1465 1575 1536 (Matth.
1638 1483 1695 1532 ν,
1759 1466 1871 1533 34).
1905 1465 1971 1518 Et

313 1552 577 1608 Jacobus
608 1554 906 1625 apostolus
959 1558 1392 1610 sacramentum
1443 1554 1755 1626 perhibens
1788 1552 1965 1608 dicit:

316 1642 457 1697 Ante
484 1645 691 1709 omnia,
720 1647 924 1713 fratres
956 1646 1086 1711 mei,
1134 1646 1306 1699 nolite
1349 1645 1550 1715 jurare
1596 1645 1737 1713 (Jac.
1768 1660 1823 1711 v,
1858 1643 1965 1712 12).

318 1732 389 1786 Et
412 1732 714 1788 Cornelius
762 1749 912 1805 papa
963 1733 1046 1788 ait
1091 1735 1268 1805 (epist.
1299 1736 1393 1800 2):
1448 1756 1475 1782 «
1521 1733 1967 1787 Sacramentum

2086 573 2384 629 satisfecit.
2420 574 2701 631 Similiter
2729 580 2785 630 et
2816 576 3167 632 venerabilis
3198 594 3349 648 papa
3381 576 3516 645 Leo,
3541 592 3674 630 cum
3697 592 3731 631 a

2082 665 2438 734 quibusdam
2471 663 2751 720 falsidicis
2784 666 2854 721 de
2885 665 3129 722 crimine
3160 666 3334 721 etiam
3370 665 3727 735 fatigaretur,

2082 770 2187 808 suo
2218 757 2450 807 tantum
2483 759 2765 825 purgatus
2798 759 2884 809 est
2923 766 3305 810 sacramento.
3340 755 3549 809 Beatus
3582 770 3729 826 quo-

2082 858 2193 913 que
2217 842 2551 913 Gregorius,
2570 842 2913 899 universalis
2935 849 3133 916 pastor
3151 844 3415 899 Ecclesiae
3448 848 3504 899 et
3533 844 3591 898 in
3616 845 3733 900 dis-

2082 930 2369 986 cutiendis
2398 933 2762 987 sacerdotum
2788 932 3134 987 criminibus
3158 933 3575 1005 sagacissimus
3600 950 3728 1005 per-

2082 1024 2388 1091 scrutator,
2415 1020 2868 1093 quibuscunque
2901 1026 3202 1077 accusatos
3233 1022 3579 1078 criminibus
3600 1028 3731 1094 post

2080 1114 2269 1164 actam
2303 1110 2763 1165 satisfactionem
2794 1110 2954 1165 omni
3006 1111 3222 1166 honore
3252 1112 3553 1167 habendos
3585 1129 3727 1167 con-

2080 1198 2439 1253 stantissime
2472 1199 2843 1271 praedicabat.
2889 1200 3050 1263 Quod
3082 1200 3255 1255 etiam
3305 1201 3376 1255 de
3425 1202 3609 1257 Leone
3638 1216 3730 1255 ve-

2080 1287 2325 1341 nerabili
2383 1288 2676 1361 episcopo,
2739 1294 2794 1343 et
2851 1293 3057 1343 Menna
3114 1306 3336 1343 necnon
3386 1294 3442 1345 et
3471 1290 3725 1345 Maximo

2080 1376 2416 1431 Salonitano
2457 1378 2727 1449 episcopo
2760 1377 2962 1433 multis
3011 1378 3357 1433 criminibus
3402 1380 3555 1449 apud
3590 1395 3725 1434 eum

2078 1470 2369 1533 accusata,
2404 1468 2743 1538 ceterisque
2776 1466 3177 1538 compluribus
3208 1467 3630 1535 sacerdotibus,
3666 1469 3725 1522 in

2077 1554 2308 1626 paginis
2340 1554 2432 1610 sui
2464 1556 2694 1627 registri
2726 1555 3091 1611 lucidissime
3144 1556 3571 1627 conspeximus.
3620 1557 3729 1611 Ve-

2076 1648 2410 1700 rumtamen
2436 1644 2485 1699 si
2510 1644 2885 1700 sacerdotalis
2910 1648 3101 1700 status
3116 1645 3285 1715 juxta
3305 1660 3614 1717 pravorum
3641 1661 3732 1699 ex-

2030 1800 2033 1801 ,
2078 1732 2412 1803 quireretur
2440 1735 2553 1805 (34)
2584 1734 2962 1800 voluntatem,
3009 1737 3110 1789 aut
3138 1734 3250 1805 vix,
3283 1738 3383 1789 aut
3412 1733 3610 1790 nullus
3643 1733 3730 1789 in-

316 1821 602 1877 hactenus
630 1839 666 1877 a
695 1822 947 1878 summis
969 1823 1372 1878 sacerdotibus
1393 1821 1564 1893 exigi,
1590 1821 1703 1877 nisi
1725 1838 1829 1893 pro
1852 1821 1965 1876 fide
2002 1856 2048 1920 B
2078 1822 2372 1878 veniretur
2403 1823 2694 1879 sacerdos.

318 1914 475 1967 recta
502 1911 744 1967 minime
773 1914 1175 1983 cognovimus,
1211 1928 1315 1967 nec
1366 1916 1573 1984 sponte
1616 1928 1715 1967 eos
1738 1912 1971 1981 jurasse

313 2001 658 2071 reperimus.
686 2023 713 2052 »
739 2002 849 2057 Sed
873 2006 931 2057 et
956 2002 1089 2073 quis
1114 2002 1355 2057 adverso
1374 2000 1970 2072 principe,judicibus

317 2106 552 2160 quoque
582 2090 832 2158 infestis,
874 2095 1054 2145 testes
1106 2107 1305 2146 secum
1356 2090 1679 2144 conducere
1720 2087 1870 2143 valet
1897 2088 1967 2142 ad

317 2195 556 2234 causam
578 2179 605 2233 ?
628 2179 903 2250 Nunquid
926 2180 1145 2251 Joseph
1194 2178 1498 2233 mentienti
1520 2178 1772 2233 domina
1795 2181 1971 2232 testes

318 2284 609 2339 Opponere
648 2269 857 2340 potuit,
892 2285 964 2323 ne
995 2269 1245 2324 carceris
1278 2271 1523 2323 sentiret
1561 2266 1838 2335 injuriam
1868 2268 1891 2320 Ρ
1917 2269 1973 2320 et

318 2360 514 2411 tamen
538 2358 741 2427 justus
770 2358 1048 2412 inventus
1081 2360 1185 2411 est.
1241 2356 1464 2411 Carceri
1518 2356 1753 2427 quidem
1784 2346 1973 2425 potuit

320 2428 662 2517 mancipari,
685 2446 784 2501 sed
804 2451 1000 2501 tamen
1017 2444 1250 2500 crimini
1268 2444 1431 2499 nullo
1451 2444 1623 2500 modo
1641 2443 1968 2515 subjugari.

320 2532 720 2590 Valueruntne
767 2535 1087 2590 Nabuthaao
1137 2539 1316 2590 testes
1363 2550 1721 2599 succurrere,
1755 2549 1889 2587 cum
1922 2531 1973 2587 ei

320 2604 501 2694 regali
525 2623 765 2678 avaritia
785 2623 982 2679 dolose
1004 2624 1298 2694 abjectum
1330 2624 1427 2691 sit,
1455 2624 1610 2694 quod
1636 2622 1971 2677 maledixis-

318 2717 407 2767 set
442 2716 551 2767 Deo
580 2718 639 2767 et
681 2712 850 2785 regi?
890 2715 974 2767 An
1023 2714 1228 2768 beatus
1280 2730 1430 2785 papa
1480 2712 1759 2767 Silverius
1792 2716 1973 2766 testes

316 2803 639 2857 conducere
664 2806 907 2872 poterat,
932 2802 1030 2873 qui
1056 2802 1389 2873 principum
1428 2801 1694 2869 factione,
1724 2817 1789 2855 eo
1818 2800 1970 2871 quod

316 2890 500 2945 nollet
520 2906 722 2946 eorum
751 2891 943 2963 pravis
964 2892 1196 2947 obedire
1230 2890 1551 2955 mandatis,
1581 2890 1723 2945 false
1745 2890 1815 2944 de
1840 2906 1971 2960 pro-

315 2977 537 3033 ditione
558 2994 799 3033 suorum
821 2978 1174 3045 concivium,
1198 2977 1439 3049 insuper
1458 2982 1514 3032 et
1531 2978 1794 3048 ipsorum
1817 2977 1973 3047 prin-

314 3065 510 3137 cipum
530 3073 841 3123 accusatus
865 3066 1230 3133 infidelitate,
1256 3083 1390 3122 mox
1412 3066 1599 3121 exsilii
1624 3083 1794 3137 poena
1812 3066 1971 3121 dam-

312 3158 488 3210 natus
510 3159 618 3222 est,
668 3157 769 3211 sed
820 3155 1038 3226 inique.
1072 3155 1273 3210 Exsilii
1305 3156 1543 3226 quidem
1575 3170 1805 3225 poenam
1833 3154 1963 3208 ideo

2149 1912 2669 1984 Adduntinsuper,
2694 1912 2973 1983 quoniam
3001 1913 3050 1967 si
3091 1912 3304 1984 aliquis
3341 1912 3597 1968 militum
3633 1930 3731 1969 sa-

2080 2001 2339 2056 cerdotes
2360 2001 2461 2056 Dei
2484 2002 2543 2056 in
2565 2001 2809 2056 crimine
2847 2001 3185 2073 pulsaverit,
3209 2019 3311 2072 per
3344 2018 3599 2074 pugnam
3622 2002 3733 2058 hoc

2081 2088 2365 2159 singulari
2385 2088 2701 2143 certamine
2718 2105 2843 2143 esse
2864 2090 3281 2143 dicernendum
3302 2090 3434 2159 (35),
3455 2091 3555 2144 sed
3575 2090 3731 2144 istud

2072 2177 2366 2249 judicium
2419 2178 2810 2247 quorumdam
2866 2177 3147 2232 laicorum
3202 2176 3571 2232 solummodo
3621 2181 3729 2245 est,

2081 2266 2236 2337 quod
2258 2283 2359 2321 nec
2382 2266 2528 2337 ipsis
2548 2266 2724 2321 etiam
2748 2266 2987 2321 omnino
3010 2266 3387 2337 approbatur.
3406 2265 3553 2320 Nam
3577 2282 3729 2337 saepe

2080 2356 2422 2411 innocentes
2467 2354 2625 2422 victi,
2672 2359 2946 2410 nocentes
2983 2371 3115 2410 vero
3136 2354 3382 2409 victores
3418 2354 3477 2410 in
3500 2354 3599 2409 tali
3627 2356 3730 2425 ju-

2080 2443 2230 2498 dicio
2261 2459 2388 2499 esse
2418 2443 2709 2498 videntur.
2747 2444 2892 2498 Dicit
2938 2443 3095 2498 enim
3140 2443 3347 2498 beatus
3378 2444 3728 2515 Gregorius:

2082 2532 2222 2597 Quis
2238 2531 2661 2603 intelligatquae
2676 2548 2803 2587 esse
2816 2532 2963 2588 ratio
2976 2535 3327 2587 secretorum
3343 2535 3553 2603 potest,
3575 2532 3729 2603 quod

2083 2638 2232 2693 saepe
2254 2621 2553 2691 virjustus
2580 2638 2612 2676 a
2644 2621 2868 2692 judicio
2904 2638 3017 2677 non
3046 2621 3235 2677 solum
3257 2620 3605 2688 vindicatus,
3629 2622 3729 2678 sed

2082 2710 2257 2765 etiam
2292 2711 2534 2781 punitus
2566 2711 2797 2777 redeat;
2832 2715 2889 2765 et
2933 2710 3173 2781 iniquus
3204 2712 3331 2781 ejus
3363 2710 3730 2766 adversarius

2081 2816 2194 2854 non
2228 2798 2421 2853 solum
2454 2816 2567 2853 non
2598 2799 2861 2869 punitur,
2895 2799 2994 2855 sed
3027 2800 3201 2854 etiam
3223 2800 3404 2854 victor
3430 2799 3727 2854 abscedat.

2080 2889 2149 2943 Et
2182 2887 2465 2943 Dominus
2494 2888 2554 2942 in
2586 2887 2915 2960 Evangelio.
2950 2888 3187 2944 Diabolo
3212 2888 3321 2943 sibi
3347 2887 3638 2952 suadenti,
3665 2894 3729 2943 ut

2079 2975 2177 3031 Dei
2202 2975 2412 3031 Filium
2438 2992 2499 3031 se
2521 2993 2648 3031 esse
2670 2977 2739 3031 de
2761 2976 2961 3049 templi
2998 2977 3409 3049 praecipitando
3431 2977 3612 3049 pinna
3634 2994 3725 3032 os-

2077 3066 2360 3133 tenderet,
2394 3065 2508 3120 ait:
2545 3066 2827 3139 Scriptum
2875 3071 2988 3121 est:
3022 3066 3139 3121 Non
3177 3066 3407 3121 tentabis
3438 3066 3728 3121 Dominum

2076 3155 2417 3209 Deumtnum
2436 3155 2656 3223 (Matth.
2679 3172 2755 3225 1v,
2772 3157 2850 3223 6).
2874 3157 2933 3210 In
2959 3172 3074 3227 qua
3093 3160 3214 3209 tam
3238 3154 3523 3225 exemplo,
3550 3170 3724 3224 quam

311 3243 517 3307 subiit,
541 3245 681 3314 quia
702 3244 993 3313 ajustitiaa
1021 3260 1083 3297 se
1107 3244 1258 3297 linea
1305 3260 1422 3297 non
1471 3242 1723 3296 retorsit.
1746 3246 1962 3296 Tamen
1994 3227 2035 3293 C
2074 3243 2265 3296 verbis
2296 3242 2511 3310 docuit,
2544 3259 2614 3296 ne
2636 3242 2884 3312 alicujus
2916 3242 3154 3313 periculi
3185 3241 3527 3297 discrimina
3558 3242 3727 3297 nobis

310 3331 361 3386 si
392 3332 491 3386 cui
507 3331 905 3401 hocignotum
929 3331 1124 3399 fuerit,
1163 3331 1353 3401 ipsius
1394 3334 1557 3385 actus
1583 3328 1751 3383 lectio
1776 3329 1967 3401 pleni-

308 3424 399 3475 ter
430 3419 690 3474 indicare
717 3418 953 3474 valebit.

382 3506 553 3562 Multi
586 3508 763 3561 etiam
795 3506 893 3561 alii
924 3507 1112 3561 sancti
1144 3509 1344 3561 Patres
1382 3511 1501 3561 tam
1534 3505 1758 3561 Veteris
1790 3522 1966 3577 quam

312 3596 453 3651 Novi
485 3596 848 3651 Testamenti
893 3594 1147 3650 falsitate
1189 3595 1471 3664 damnati,
1524 3595 1596 3650 ab
1628 3594 1967 3651 inﬁdelibus

315 3686 543 3740 diversa
572 3684 941 3756 pertulerunt
990 3688 1303 3754 tormenta,
1355 3685 1571 3754 quibus
1622 3700 1726 3739 nec
1760 3688 1964 3751 testes,

312 3788 417 3827 nec
447 3774 783 3828 defensores
813 3772 1141 3839 adfuerant,
1177 3773 1277 3844 qui
1328 3772 1445 3827 illis
1497 3771 1733 3844 aliquod
1765 3774 1966 3827 defen-

311 3861 484 3917 dendi
532 3866 806 3933 prmstare
851 3862 1195 3918 viderentur
1249 3861 1619 3932 suffragium.
1682 3862 1792 3916 Sed
1826 3861 1965 3933 quid

313 3949 484 4021 plura
499 3951 527 4004 ?
544 3950 658 4021 Ipsi
683 3966 938 4021 namque
956 3950 1141 4005 sancti
1160 3949 1407 4020 apostoli
1428 3950 1772 4004 imminente
1789 3967 1966 4021 prais-

312 4054 475 4103 sura,
497 4039 694 4095 relicto
726 4038 973 4094 Domino
1019 4040 1315 4110 fugerunt.
1340 4038 1617 4109 Nunquid
1642 4039 1769 4094 ideo
1792 4055 1966 4094 excu-

311 4127 537 4183 sandus
561 4133 650 4184 est
669 4128 915 4196 Pilatus,
940 4128 1028 4183 vel
1053 4128 1305 4200 populus
1343 4128 1708 4194 Judaaorum,
1737 4127 1876 4198 quia
1899 4144 1965 4183 eo

311 4221 587 4272 accusata
606 4222 787 4273 testes
810 4235 844 4273 a
870 4218 1085 4289 quibus
1124 4216 1524 4273 absolveretur
1545 4216 1742 4271 omnia
1765 4216 1963 4272 defue-

310 4310 464 4375 rant,
496 4307 597 4362 sed
630 4311 964 4374 accusatus,
1000 4308 1102 4362 sed
1126 4306 1452 4377 judicatus,
1486 4306 1586 4361 sed
1615 4306 1967 4361 condemna—

309 4399 424 4465 tus,
451 4396 654 4466 justus
684 4401 740 4452 et
764 4396 891 4452 sine
932 4395 1065 4452 dolo
1116 4395 1386 4451 inventus
1439 4395 1571 4450 est?
1619 4394 1967 4467 Plerumque

307 4484 462 4540 enim
498 4487 827 4541 secundum
858 4486 1097 4542 beatum
1148 4484 1495 4557 Gregorium
1538 4482 1659 4555 (lib.
1692 4501 1825 4539 XXXI
1855 4484 1965 4540 Μο-

2078 3329 2366 3401 eligamus
2394 3356 2407 3396 ;
2444 3332 2715 3401 quamvis
2751 3332 2823 3387 ab
2853 3332 3115 3401 ejusdem
3159 3332 3381 3387 Satanze
3406 3330 3541 3386 filiis
3573 3330 3727 3386 mul-

2075 3424 2201 3473 tum
2218 3419 2393 3473 etiam
2417 3418 2644 3484 afflicti,
2666 3419 2774 3474 hoc
2788 3436 2956 3492 agere
2977 3418 3267 3490 hodieque
3283 3418 3726 3492 compellamur,

2076 3523 2142 3562 eo
2160 3507 2312 3579 quod
2332 3523 2399 3562 ea
2416 3524 2541 3578 qua:
2566 3507 2818 3563 dicimus
2833 3524 2893 3563 se
2918 3508 3159 3564 minime
3178 3508 3409 3563 credere
3422 3508 3589 3564 aliter
3605 3525 3733 3580 pos-

2076 3613 2138 3651 se
2168 3600 2470 3653 testentur.
2506 3596 2705 3652 Simile
2734 3614 2867 3653 vero
2900 3613 2967 3653 ca
3012 3597 3071 3652 in
3123 3614 3293 3653 cruce
3322 3597 3512 3670 posito
3540 3597 3728 3653 Judaei

2076 3685 2383 3741 dicebant:
2418 3686 2478 3741 Si
2497 3687 2677 3741 Filius
2693 3688 2791 3742 Dei
2819 3695 2917 3753 est,
2960 3686 3247 3742 descendat
3273 3703 3424 3743 nunc
3454 3686 3519 3742 de
3544 3704 3726 3755 cruce,

2078 3782 2130 3829 τε
2155 3775 2425 3830 credimus
2466 3778 2537 3830 ei.
2591 3776 2841 3844 Conﬁdit
2887 3777 2948 3830 in
2996 3777 3118 3845 Deo,
3154 3777 3348 3832 liberet
3378 3792 3501 3832 eum
3529 3778 3581 3831 si
3607 3778 3728 3832 vult

2076 3865 2283 3934 (Matth.
2315 3881 2488 3933 xxvn,
2523 3864 2632 3935 41).
2668 3864 2831 3927 Quod
2868 3864 3154 3920 Dominus
3176 3866 3447 3936 quamvis
3472 3882 3587 3921 non
3613 3865 3729 3919 im-

2076 3952 2333 4023 pleverit,
2368 3969 2672 4023 nunquam
2694 3957 2890 4008 tamen
2917 3952 3098 4009 Filius
3121 3953 3219 4008 Dei
3236 3970 3363 4009 esse
3385 3954 3586 4011 desiit:
3610 3970 3725 4008 non

2075 4040 2231 4094 enim
2254 4040 2535 4095 Dominus
2568 4041 2765 4095 omnia
2794 4058 2902 4096 suo
2936 4038 3724 4111 prmsentijudiciodeclarat,

2076 4129 2175 4183 sed
2198 4132 2494 4199 exspectat
2518 4129 2692 4182 etiam
2715 4128 2969 4199 plurima
2992 4128 3048 4183 in
3073 4129 3357 4198 futurum,
3385 4127 3482 4182 ubi
3505 4127 3726 4181 illumi-

2076 4217 2239 4273 nabit
2251 4217 2594 4273 abscondita
2605 4215 3729 4283 tenebrarum,etmanifestahitconsilia

2076 4306 2360 4363 cordium.
2376 4305 2615 4361 Occulto
2634 4322 2890 4378 namque
2904 4306 3004 4362 Dei
3019 4306 3246 4377 judicio
3262 4306 3514 4361 Jacobus
3533 4305 3604 4361 ab
3617 4306 3724 4362 He-

2076 4396 2214 4451 rode
2271 4395 2749 4467 comprehensus,
2814 4394 2968 4451 illico
3025 4395 3351 4463 occiditur;
3410 4399 3467 4449 et
3522 4394 3725 4450 Petrus

2074 4489 2208 4557 post
2240 4484 2465 4539 Pascha
2492 4485 2929 4556 producendus,
2979 4488 3035 4540 et
3086 4483 3145 4539 in
3206 4499 3434 4539 carcere
3463 4488 3726 4539 servatus

306 4575 435 4643 NL,
467 4590 596 4645 cap.
625 4575 739 4646 23),
761 4576 942 4647 quieti
966 4579 1143 4646 atque
1196 4573 1515 4629 indiscussi
1557 4572 1965 4645 relinquimur,
2000 4590 2047 4653 D
2078 4572 2423 4628 mirabiliter
2452 4573 2673 4629 interea
2728 4572 3028 4641 liberatur,
3083 4590 3214 4629 cum
3271 4588 3449 4628 unam
3483 4576 3726 4644 uterque

308 4662 355 4717 si
374 4663 611 4719 obviare
632 4663 823 4736 pravis
862 4681 967 4735 pro
1001 4662 1241 4735 justitia
1265 4680 1380 4719 non
1404 4679 1701 4718 curamus.
1726 4664 1889 4728 Quod
1922 4672 1971 4726 si

308 4749 549 4807 illorum
582 4753 931 4823 redarguere
962 4751 1283 4825 nequitiam
1317 4752 1688 4823 coeperimus,
1716 4751 1871 4807 illico
1894 4754 1965 4808 ab

304 4840 447 4911 ipsis
478 4842 914 4914 persequimur,
942 4846 999 4897 et
1026 4841 1205 4897 etiam
1238 4840 1620 4911 infamamur,
1654 4844 1721 4895 ut
1749 4840 1837 4895 vel
1869 4841 1955 4895 sic

302 4928 483 4985 vitam
508 4931 874 5001 reprobando
894 4931 1170 4998 doctoris,
1192 4928 1421 4986 valeant
1444 4944 1810 5002 compescere
1837 4946 1958 4983 ser-

301 5033 535 5074 monem
568 5018 971 5090 correptionis.

368 5108 503 5178 Sed,
537 5111 604 5163 ut
632 5109 704 5164 ad
735 5108 969 5178 incepta
998 5108 1329 5174 redeamus,
1357 5106 1587 5161 nullum
1616 5110 1953 5163 sanctorum

300 5195 539 5252 Patrum
570 5198 696 5268 [pro
728 5212 790 5252 se
820 5186 892 5251 ad
940 5204 1371 5252 sacramentum
1425 5195 1570 5251 alios
1602 5196 1955 5267 protraxisse

294 5289 383 5343 vel
441 5289 726 5344 invitasse
791 5288 1111 5360 aliquando
1166 5287 1443 5359 legimus.
1488 5288 1640 5343 Nam
1674 5288 1952 5357 domnus]

298 5393 454 5450 papa
494 5377 765 5449 Pelagius
812 5376 1081 5448 quamvis
1130 5392 1244 5431 non
1277 5376 1470 5431 solum
1501 5375 1716 5442 invide,
1748 5392 1945 5430 verum

298 5469 357 5521 et
393 5466 719 5538 suspiciose
779 5466 1152 5538 [quibusdam
1212 5464 1608 5520 eminentibus
1664 5465 1949 5520 causisin

304 5554 959 5627 mortejpraadecessoris
971 5555 1061 5611 sui
1076 5570 1137 5611 se
1148 5553 1543 5609 immiscuisse
1555 5559 1948 5620 accusaretur,

368 5646 480 5717 (34)
512 5646 926 5717 Exquireretur.
959 5643 1151 5701 Codex
1184 5643 1355 5700 Resb.
1389 5649 1792 5714 exsequeretur.

2083 4663 2407 4718 doctrinam
2441 4663 2643 4718 eadem
2677 4662 3022 4728 constantia,
3075 4663 3184 4717 sub
3231 4678 3346 4717 uno
3380 4660 3640 4732 principe
3670 4666 3726 4715 et

2074 4756 2337 4824 tempore
2364 4752 2792 4823 evangelizasse
2820 4756 3155 4807 noscantur.
3181 4750 3463 4805 Similiter
3483 4754 3538 4806 et
3557 4749 3725 4805 Urias

2074 4841 2263 4896 Semei
2296 4840 2453 4895 filius
2511 4840 2704 4907 cadit;
2765 4839 3060 4911 simulque
3105 4840 3392 4895 Jeremias
3449 4840 3509 4894 in
3556 4843 3723 4895 Jeru-

2069 4929 2250 4985 salem
2283 4929 2661 5001 prophetans,
2690 4933 2823 5000 post
2853 4930 3051 5001 fugam
3095 4946 3163 4985 ex
3209 4929 3451 5001 Egypto
3481 4928 3723 4999 insuper

2066 5023 2353 5074 retractus
2388 5016 2774 5084 interficitur;
2808 5022 2865 5073 et
2891 5018 3180 5073 Jeremias
3213 5017 3357 5072 inihi
3388 5017 3564 5072 etiam
3596 5031 3720 5087 per-

2067 5107 2283 5162 sistens
2307 5111 2702 5162 conservatur.
2722 5107 2935 5163 Beatus
2953 5123 3188 5180 quoque
3212 5105 3562 5162 Laurentius
3584 5104 3718 5174 igne

2064 5203 2328 5266 exustus,
2360 5194 2588 5251 Christo
2612 5196 2865 5251 reddidit
2889 5196 3160 5269 spiritum
3184 5214 3196 5263 ;
3223 5212 3356 5251 cum
3384 5190 3717 5248 noverimus

2064 5285 2239 5340 etiam
2272 5284 2566 5352 mulieres,
2598 5290 2655 5340 et
2684 5285 2958 5356 parvulos
2992 5286 3178 5359 ipsius
3223 5280 3627 5353 confessionis,
3660 5286 3717 5337 et

2062 5374 2197 5429 ﬁdei
2221 5373 2404 5429 multo
2428 5374 2635 5444 majori
2658 5374 2779 5447 igni
2802 5374 3119 5439 immissos,
3148 5388 3260 5426 non
3282 5374 3513 5425 tantum
3532 5370 3603 5427 ab
3622 5370 3713 5425 in-

2061 5464 2263 5519 cendio
2287 5464 2497 5519 illwsos
2516 5462 2928 5535 permansisse,
2948 5464 3043 5517 sed
3067 5460 3241 5515 etiam
3260 5460 3507 5515 flammae
3532 5460 3712 5532 impe-

2057 5558 2183 5609 tum
2200 5553 2429 5624 penitus
2442 5552 3137 5608 exstinxissePrmcursor
3147 5549 3361 5604 etenim
3374 5548 3605 5605 Domini
3620 5549 3714 5604 Jo-

2129 5645 2239 5715 (35)
2272 5644 2717 5700 Discernendum.
2750 5642 2908 5698 Idem
2942 5638 3138 5710 codex,
3170 5638 3596 5697 discutiendum.
