4114 6172
339 308 419 370 se
1359 311 1694 377 ATTONIS
1737 312 2321 380 VEBCELLENSIS
2365 317 2724 384 EPISGOPI
3190 402 3198 403 κθ
3667 322 3770 386 so

341 459 524 501 annos
537 443 1010 517 Baptista,misso
1023 445 1890 519 spiculatore,illicodecollatus
1903 450 1992 505 est
2018 449 2075 517 Α
2103 454 2361 524 tempore
2391 460 2744 527 properaret.
2776 456 2935 521 Quos
2964 453 3122 511 enim
3151 453 3275 510 vult
3299 453 3607 529 Dominus,
3636 455 3746 513 mi-

342 532 804 605 cumlegerimus
817 536 887 591 de
899 529 1195 609 aliquibus
1206 541 1438 593 sanctos
1451 537 1991 608 percuterevolenti-

343 621 476 687 bus,
495 624 647 694 quod
663 640 864 680 eorum
882 625 1122 682 brachia
1134 627 1274 682 adeo
1292 626 1671 698 obriguerint,
1697 631 1760 681 ut
1777 627 1887 682 nisi
1903 627 1988 699 ip-

345 710 427 767 sis
450 713 1221 780 sanctisintcrvenientibus,
1241 715 1399 771 eailli
1418 715 1750 772 nullatenus
1765 732 1992 771 movere

345 798 501 856 ultra
518 801 821 858 valuerint.
841 804 999 859 Sicut
1012 803 1137 859 etin
1158 804 1532 877 Dialogorum
1546 805 1711 861 libris
1726 805 1804 878 (S.
1822 806 1985 877 Greg.

347 889 491 944 Dial.
529 888 630 946 lib.
656 910 738 963 In,
761 909 810 947 c.
837 893 928 963 57)
954 892 1300 964 reperimus,
1326 894 1395 949 de
1424 895 1678 966 quodam
1701 893 1990 960 sanctulo,

349 978 450 1050 qui
471 995 602 1034 cum
617 981 1048 1052 aLongobardis
1062 983 1415 1038 occidendus
1429 987 1742 1051 teneretur,
1757 983 1992 1037 tandem

348 1067 419 1121 ad
448 1067 853 1124 decollandum
878 1070 1090 1125 ductus
1129 1075 1234 1126 est.
1262 1075 1330 1126 Et
1367 1071 1502 1143 quia
1531 1073 1694 1144 prius
1725 1088 1858 1127 eum
1891 1071 1993 1125 ha-

348 1155 566 1210 bebant
596 1157 994 1223 notissimum,
1029 1159 1293 1231 undique
1338 1165 1728 1217 convenerant
1754 1161 1824 1216 ad
1862 1176 1994 1231 spe-

349 1244 625 1298 standum
642 1250 887 1301 mortem
907 1248 1793 1322 ejus.Circumsteteruntitaque
1821 1249 1996 1318 acies,

347 1330 436 1386 vir
456 1337 651 1388 autem
687 1335 916 1389 Domini
959 1337 1246 1394 deductus
1272 1338 1330 1394 in
1365 1339 1557 1395 medio
1588 1343 1695 1407 est,
1726 1342 1902 1410 atque
1933 1353 2000 1392 ex

349 1421 625 1477 omnibus
658 1421 908 1480 fortibus
941 1425 1161 1482 electus
1190 1432 1280 1483 est
1307 1445 1482 1496 unus,
1516 1429 1587 1482 de
1617 1445 1731 1501 quo
1753 1427 1999 1482 dubium

350 1525 464 1564 non
497 1515 670 1582 esset,
703 1515 857 1583 quod
887 1532 1002 1570 uno
1048 1515 1166 1571 ictu
1215 1522 1388 1588 caput
1432 1519 1561 1588 ejus
1611 1516 2002 1582 abscinderet,

348 1598 731 1656 Venerandus
755 1602 934 1674 igitur
955 1604 1045 1659 vir
1065 1605 1218 1661 inter
1251 1610 1507 1662 armatos
1537 1607 1769 1671 ductus,
1794 1605 1864 1660 ad
1898 1620 2005 1660 sua

355 1703 520 1742 arma
549 1689 744 1745 statim
782 1693 1097 1748 concurrit.
1129 1694 1272 1750 Nam
1324 1695 1491 1767 petiit
1531 1699 1598 1750 ut
1627 1694 1738 1750 sibi
1771 1695 2008 1749 daretur

352 1777 657 1849 paululum
691 1780 894 1836 orandi
927 1780 1181 1838 licentia.
1207 1784 1310 1839 Cui
1333 1784 1474 1839 dum
1499 1799 1841 1840 concessum
1868 1781 2006 1836 fuis-

354 1872 462 1938 set,
494 1868 552 1922 in
583 1873 740 1926 terra
769 1887 831 1926 se
861 1871 1085 1941 stravit,
1119 1876 1176 1927 et
1205 1873 1408 1929 oravit.
1456 1874 1563 1939 Qui
1603 1874 1745 1928 dum
1779 1870 2001 1927 diutius

354 1961 564 2022 oraret,
585 1957 742 2013 hunc
755 1957 1094 2016 interfector
1106 1960 1262 2017 calce
1277 1961 1553 2033 pulsavit,
1570 1962 1799 2016 dicens:
1821 1960 2005 2031 Surge

353 2048 409 2099 et
438 2061 590 2117 genu
633 2047 777 2102 ﬂexo
809 2049 985 2103 tende
1038 2049 1344 2104 cervicem.
1377 2050 1638 2105 Surrexit
1695 2053 1888 2104 autem
1917 2047 2008 2102 vir

353 2133 476 2200 Dei,
519 2138 576 2188 et
622 2151 772 2207 genu
822 2137 968 2192 ﬂexo
1023 2137 1306 2194 cervicem
1363 2139 1653 2206 tetendit;
1708 2139 1809 2193 sed
1842 2141 2006 2192 tenso

357 2221 504 2278 collo
535 2224 804 2279 eductam
836 2229 1038 2280 contra
1061 2243 1121 2281 se
1141 2227 1386 2298 spadam
1411 2227 1668 2299 intuens,
1690 2227 1800 2283 hoc
1822 2242 2008 2282 unum

358 2311 542 2367 fertur
573 2311 806 2384 publice
857 2314 1116 2370 dixisse:
1170 2317 1380 2371 Sancte
1425 2317 1684 2372 Joannes
1730 2315 2008 2387 Baptista,

360 2399 590 2472 suscipe
621 2400 805 2456 illam.
839 2403 1002 2457 Tunc
1065 2402 1286 2460 electus
1343 2405 1599 2460 carnifex
1642 2404 2010 2476 evaginatum

355 2487 620 2561 gladium
652 2493 881 2557 tenens,
914 2491 1126 2548 adnisu
1171 2493 1327 2563 forti,
1380 2493 1438 2548 in
1492 2493 1674 2550 altum
1706 2492 2013 2549 brachium

356 2593 748 2650 percussurus
783 2579 1008 2650 levavit,
1039 2582 1142 2637 sed
1177 2581 1467 2654 deponere
1507 2581 1671 2638 nullo
1703 2583 1876 2637 modo
1907 2597 2012 2653 po-

355 2666 470 2722 tuit
492 2682 506 2722 :
526 2669 923 2739 namjrepente
943 2669 1209 2742 diriguit,
1228 2675 1284 2726 et
1304 2675 1493 2727 erecto
1514 2671 1573 2726 in
1592 2670 1804 2726 caelum
1821 2668 2014 2743 gladio

357 2756 664 2812 brachium
687 2757 1006 2814 inflexibile
1033 2759 1336 2816 remansit.
1370 2761 1536 2816 Tunc
1567 2759 1760 2815 omnis
1793 2760 2018 2830 Longo-

356 2845 676 2900 bardorum
707 2846 881 2903 turba
912 2863 1038 2917 qua;
1091 2849 1163 2903 ad
1194 2847 1337 2903 illud
1372 2848 1578 2904 mortis
1613 2848 2016 2920 spectaculum

360 2934 582 3003 aderat,
614 2933 673 2988 in
705 2934 900 2990 laudis
938 2952 1212 3007 pavorem
1263 2954 1543 2994 conversa
1591 2936 1796 2993 mirari
1823 2936 2018 3008 coepit,

357 3022 667 3092 virumque
693 3023 790 3078 Dei
821 3040 954 3080 cum
1006 3024 1215 3081 timore
1262 3027 1547 3095 venerari,
1592 3025 1732 3098 quia
1760 3027 2019 3098 profecto

361 3109 654 3168 claruerat
679 3114 852 3185 cujus
884 3114 1217 3171 sanctitatis
1247 3119 1418 3184 esset,
1462 3115 1562 3188 qui
1592 3115 1884 3171 carniﬁcis
1925 3121 2018 3173 sui

2099 541 2364 598 rabiliter
2384 543 2456 598 ab
2477 544 2807 601 imminenti
2826 544 2999 617 eripit
3019 544 3591 617 periculo,quosdam
3612 563 3745 602 vero

2098 631 2195 686 hic
2227 631 2402 687 etiam
2425 633 2764 689 innocentes
2797 634 2914 706 pati
2974 633 3281 706 permittit,
3342 634 3442 706 qui
3502 635 3574 690 ab
3617 634 3745 707 ipso

2100 736 2329 793 quoque
2352 721 2536 778 multo
2567 724 2805 795 dignius
2836 724 2896 778 in
2927 723 3123 779 futuro
3156 727 3528 779 coronantur.
3586 723 3749 780 Unde

2101 826 2207 865 nec
2239 810 2320 864 illi
2345 813 2666 868 sanctiores
2697 812 3087 880 habendi,nec
3112 812 3207 867 isti
3251 812 3556 868 inferiores
3616 812 3747 867 nul-

2101 897 2332 954 latenus
2355 917 2388 955 a
2415 900 2583 956 nobis
2603 906 2742 956 sunt
2753 901 3200 971 judicandi.Sed
3219 905 3276 956 et
3295 899 3405 956 hoc
3427 902 3748 957 cavendum

2104 991 2284 1055 est,ut
2314 1005 2419 1044 nec
2446 990 2588 1060 justi
2621 989 2776 1046 mala
2798 989 3088 1062 patientes
3115 1006 3176 1045 se
3199 989 3366 1061 quasi
3387 989 3523 1045 victi
3547 991 3752 1062 despe-

2106 1072 2255 1137 rent,
2286 1085 2391 1124 nec
2423 1068 2738 1125 inferentes
2769 1070 3078 1141 supplicia,
3111 1069 3279 1140 quasi
3300 1069 3754 1127 devictoriasibi

2107 1161 2416 1212 assumant
2447 1158 2720 1213 ﬁduciam
2748 1176 2760 1214 :
2786 1159 2867 1213 ait
2895 1158 3053 1214 enim
3080 1159 3360 1214 Dominus
3399 1159 3471 1213 ad
3501 1158 3637 1228 Job,
3679 1158 3754 1213 de

2107 1245 2312 1317 iniqua
2354 1247 2668 1303 Leviathan
2695 1246 2942 1319 loquens
2964 1247 3223 1320 potentia
3246 1264 3260 1314 ;
3286 1247 3456 1302 Dolus
3486 1249 3547 1302 in
3572 1263 3757 1302 manu

2109 1337 2225 1408 ejus
2250 1336 2527 1405 dirigetur
2554 1335 2684 1406 (Job
2714 1354 2838 1403 vm,
2867 1338 2980 1405 25).
3013 1336 3175 1402 Quod
3197 1351 3490 1407 exponens
3519 1336 3755 1403 {beatus

2111 1425 2422 1497 Gregorius
2454 1426 2571 1480 ait:
2605 1425 2782 1481 Dolus
2807 1426 3023 1498 quippe
3054 1425 3114 1480 in
3146 1441 3326 1481 manu
3358 1427 3467 1492 est,
3503 1424 3662 1479 fraus
3694 1424 3754 1478 in

2111 1512 2490 1584 virtute,quia
2518 1531 2690 1570 omne
2721 1515 2878 1586 quod
2897 1513 3473 1586 nequitervolet,hoc
3503 1513 3575 1568 ad
3606 1516 3750 1568 tem-

2115 1618 2225 1674 pus
2255 1603 2489 1675 exsequi
2522 1602 2695 1658 etiam
2727 1603 2953 1658 fortiter
2982 1606 3192 1674 potest.
3217 1601 3395 1657 Dolus
3439 1617 3572 1657 vero
3627 1601 3756 1671 ejus

2115 1691 2288 1765 dirigi
2307 1691 2681 1762 dicitur,quia
2705 1693 2928 1749 fraudis
2942 1693 3068 1763 ejus
3090 1690 3314 1747 malitia
3331 1689 3494 1746 nulla
3513 1689 3760 1746 difﬁcul-

2115 1785 2234 1836 tate
2264 1781 2636 1853 przspeditur.
2661 1782 2778 1838 Hoc
2809 1782 2966 1837 enim
2997 1780 3318 1837 Leviathan
3347 1779 3480 1846 iste,
3503 1779 3592 1835 vel
3621 1794 3761 1834 vasa

2110 1871 2238 1941 ejus
2258 1869 2470 1926 habere
2490 1871 2690 1927 crebro
2713 1871 3016 1942 proprium
3038 1869 3412 1942 solent,quod
3444 1868 3516 1924 ad
3543 1866 3758 1938 iniqui-

2112 1960 2250 2014 tatis
2280 1976 2398 2015 suae
2420 1959 2748 2031 cumulum,
2777 1975 2846 2015 ea
2874 1976 3001 2031 quae
3031 1957 3298 2030 nequiter
3327 1961 3630 2029 appetunt,
3660 1972 3760 2012 ex-

2114 2046 2272 2120 plere
2303 2048 2554 2118 nequius
2570 2053 2839 2120 possunt.

2186 2138 2356 2209 Ergo,
2391 2138 2599 2193 fratres
2632 2137 2996 2208 charissimi,
3053 2136 3231 2192 nolite
3254 2135 3524 2208 judicare
3553 2151 3768 2190 secun-

2123 2226 2266 2280 dum
2299 2225 2529 2294 faciem,
2563 2227 2665 2282 sed
2690 2227 2924 2298 justum
2957 2226 3252 2298 judicium
3274 2225 3557 2296 judicate,
3581 2223 3776 2279 consi-

2121 2313 2392 2369 derantes
2423 2314 2579 2384 quod
2613 2313 2922 2384 perversis,
2957 2313 3072 2368 imo
3104 2317 3162 2368 et
3181 2309 3572 2383 iniquissimis
3612 2310 3775 2381 judi-

2121 2403 2287 2458 cibus
2317 2400 2651 2474 evangelica
2673 2400 2950 2472 loquatur
2975 2401 3419 2471 sententia,quaa
3443 2399 3556 2455 ait:
3593 2391 3778 2468 Quare

2121 2496 2174 2547 et
2203 2508 2294 2547 vos
2333 2491 2799 2558 transgredimini
2825 2488 3144 2546 mandatum
3178 2488 3274 2544 Dei
3319 2491 3546 2560 propter
3596 2486 3775 2544 tradi-

2125 2583 2330 2636 tionem
2361 2587 2596 2636 vestram
2625 2580 2911 2651 (Matt.xv,
2943 2578 2996 2649 3)
3028 2581 3052 2631 ?
3081 2577 3368 2634 Dominus
3398 2576 3554 2632 enim
3586 2576 3728 2632 dicit
3760 2601 3775 2644 ;

2126 2669 2187 2726 Si
2211 2671 2332 2743 quis
2362 2673 2412 2725 te
2434 2670 2767 2741 percusserit
2799 2670 2864 2724 in
2893 2667 3119 2723 dextera
3146 2666 3384 2722 maxilla
3409 2669 3534 2732 tua,
3589 2666 3780 2737 praebe

2126 2761 2182 2815 ei
2207 2766 2259 2815 et
2289 2759 2605 2829 alteram,et
2634 2760 2731 2830 qui
2754 2767 2933 2814 tecum
2952 2757 3189 2812 voluerit
3209 2755 3429 2829 judicio
3458 2753 3781 2810 contendere

2128 2851 2178 2903 et
2208 2849 2452 2903 tunicam
2482 2855 2634 2902 tuam
2663 2846 3099 2915 tollere,remitte
3125 2847 3178 2901 ei
3206 2854 3260 2902 et
3283 2844 3782 2917 pallium(Matth.v

2128 2936 2220 3009 39)
2248 2954 2269 2999 ,·
2298 2940 2356 2991 et
2384 2954 2403 2991 :
2420 2936 2482 2992 Si
2492 2940 2711 3008 patrem
2721 2937 2868 3007 filias
2886 2935 3193 2992 Beelzebub
3222 2937 3780 3003 vocaverunt,quanto

2127 3027 2304 3094 magis
2332 3029 2385 3080 et
2409 3025 2730 3080 domesticos
2759 3025 2875 3096 ejus
2893 3024 2922 3079 ?
2940 3025 3011 3079 Et
3041 3024 3098 3078 in
3145 3022 3417 3094 passione
3446 3039 3465 3076 :
3523 3021 3674 3089 Quod
3728 3021 3782 3075 si

2129 3116 2190 3170 in
2219 3114 2388 3170 viridi
2418 3114 2568 3183 ligno
2597 3114 2710 3168 haec
2727 3112 3067 3187 fecerunt,in
3089 3113 3247 3168 arido
3263 3111 3395 3184 quid
3410 3110 3592 3180 ﬁet?et
3617 3108 3779 3164 alibi:

359 3199 666 3257 brachium
681 3200 740 3257 in
757 3219 888 3258 aere
905 3202 1161 3274 ligasset.
1183 3205 1382 3276 Itaque
1397 3186 1730 3278 postulatus
1745 3208 1811 3259 ut
1823 3218 2023 3274 surge-
2052 3186 2096 3254 C
2132 3205 2197 3259 In
2202 3202 2477 3275 patientia
2491 3205 2669 3257 vestra
2679 3201 3022 3273 possidebitis
3031 3204 3248 3257 animas
3258 3207 3464 3255 vestras
3485 3199 3634 3271 (Luc.
3662 3213 3780 3266 xxx,

363 3293 470 3356 ret,
497 3291 782 3347 surrexit:
811 3291 1145 3365 postulatus
1169 3309 1305 3367 ergo
1329 3294 1714 3351 utbrachium
1735 3291 2030 3349 suicarni'

362 3379 491 3435 ficis
512 3384 769 3448 sanaret,
792 3382 1025 3453 negavit
1047 3382 1247 3438 dicens
1269 3399 1282 3436 :
1307 3383 1426 3454 Ego
1449 3400 1554 3454 pro
1581 3399 1646 3438 eo
1670 3381 1832 3437 nullo
1856 3381 2029 3437 modo

365 3469 564 3535 orabo,
587 3468 701 3523 nisi
715 3471 890 3523 antea
903 3467 1252 3541 mihijuram
1263 3475 1465 3526 entum
1481 3471 1724 3540 dederit,
1741 3469 1878 3542 quia
1894 3486 2028 3525 cum

367 3573 548 3611 manu
573 3557 690 3612 ista
731 3555 1125 3613 Christianum
1150 3558 1453 3614 hominem
1493 3575 1608 3614 non
1638 3558 1885 3614 occidat.
1917 3558 2029 3613 Sed

369 3645 791 3718 Longobardus
814 3645 968 3702 idem
993 3645 1114 3718 qui,
1145 3651 1211 3703 ut
1241 3647 1324 3702 ita
1342 3647 1556 3719 dicam,
1580 3647 1885 3703 brachium
1899 3663 2031 3702 con-

368 3737 462 3806 tra
483 3738 664 3789 Deum
688 3733 978 3790 tendendo
1000 3735 1354 3808 perdiderat,
1403 3753 1576 3808 paena
1627 3753 1737 3792 sua
1767 3735 2033 3809 exigente

371 3822 714 3895 compulsus
733 3827 824 3878 est
837 3823 1040 3894 jurare
1062 3839 1125 3880 ss
1148 3824 1549 3882 Christianum
1568 3825 1868 3881 hominem
1883 3841 2030 3880 nun-

373 3928 551 3984 quam
573 3929 681 3967 sua
704 3928 882 3968 manu
910 3912 1191 3969 occidere.
1215 3913 1382 3968 Nunc
1406 3913 1494 3968 vir
1513 3914 1613 3970 Dei
1638 3913 1783 3969 dixit
1806 3914 1856 3969 ei
1883 3931 1895 3969 :
1926 3914 2031 3969 De-

375 4019 525 4076 pone
553 4018 794 4058 manum
817 4001 1094 4058 deorsum
1120 4002 1256 4075 :qui
1291 4002 1494 4059 statim
1521 4003 1795 4075 deposuit
1818 4021 1832 4072 ;
1855 4007 2033 4075 atque

376 4091 535 4148 illico
557 4091 859 4164 adjunxit:
906 4091 1157 4147 Remitte
1177 4092 1545 4164 evaginatum
1570 4091 1832 4164 gladium
1849 4091 1911 4147 in
1931 4109 2030 4148 va-

379 4183 604 4256 ginem,
637 4186 695 4238 et
723 4181 926 4238 statim
959 4180 1208 4237 remisit.
1241 4180 1504 4253 Miroque
1534 4181 1707 4237 modo
1729 4183 1814 4237 sic
1835 4185 2032 4237 actum

378 4275 488 4341 est,
521 4274 587 4325 ut
614 4273 672 4324 et
702 4269 827 4340 ipse
872 4268 1082 4325 beatus
1139 4287 1174 4325 a
1233 4285 1572 4342 percussore
1627 4273 1802 4342 caput
1830 4268 2036 4325 incun-

380 4363 606 4416 ctanter
633 4357 948 4428 amitteret,
978 4361 1034 4412 et
1062 4357 1172 4413 iste
1202 4360 1328 4429 ejus
1359 4357 1623 4414 invocato
1653 4357 1892 4414 nomine
1915 4374 2032 4413 non

381 4453 612 4506 tantum
647 4462 822 4502 suum
856 4451 1129 4516 servaret,
1164 4447 1265 4502 sed
1315 4448 1495 4503 etiam
1543 4447 1712 4504 ferire
1740 4445 2030 4504 volentem

381 4539 525 4596 adeo
556 4537 616 4592 in
648 4536 930 4592 membris
961 4535 1308 4593 debilitaret.

455 4629 538 4684 Ibi
563 4627 741 4683 etiam
763 4626 949 4698 (Ibid,
984 4643 1033 4682 c.
1067 4627 1154 4699 18)
1186 4631 1244 4683 et
1271 4626 1489 4700 legitur
1525 4627 1596 4683 de
1618 4627 1836 4698 juvene
1864 4626 2041 4684 Bene-

383 4717 538 4774 dicto
565 4715 997 4787 nomine,cujus
1027 4715 1299 4772 cellulam
1329 4733 1464 4772 cum
1489 4715 1662 4772 Gothi
1683 4715 1842 4772 nullo
1865 4716 2038 4772 modo

383 4806 695 4863 incendere
723 4805 1073 4878 potuissent,
1114 4805 1250 4861 inde
1297 4821 1430 4862 eum
1482 4805 1870 4872 extrahentes,
1904 4821 2033 4860 suc-

386 4912 560 4952 censo
590 4894 650 4949 in
670 4894 898 4950 clibano
917 4893 1254 4950 clauserunt
1279 4913 1292 4964 ;
1315 4895 1407 4952 die
1427 4910 1562 4950 vero
1583 4893 1768 4950 altera
1782 4893 2032 4949 illaesum

387 5001 524 5040 eum
547 4983 914 5054 invenerunt,
941 4985 1039 5039 sed
1081 5000 1186 5040 nee
1205 4984 1552 5040 vestimenta
1572 4984 1701 5055 ejus
1718 4982 1837 5039 ullo
1861 4983 2033 5038 modo

389 5077 532 5129 sunt
558 5075 784 5127 exusta.
829 5071 993 5128 Unde
1024 5073 1106 5129 ait
1152 5073 1356 5130 beatus
1401 5071 1717 5144 Gregorius
1742 5071 1800 5125 in
1832 5071 2035 5125 eodem

389 5161 766 5234 Dialogorum
798 5160 945 5217 libro
970 5180 983 5218 :
1018 5163 1224 5218 Petrus
1253 5163 1311 5217 in
1335 5162 1483 5217 mari
1507 5159 1756 5233 pedibus
1775 5157 2041 5213 ambula-

388 5249 494 5318 vit,
516 5249 735 5305 Paulus
756 5249 1126 5324 naufragium
1150 5249 1408 5323 pertulit,
1433 5248 1567 5303 etin
1587 5265 1702 5303 uno
1721 5247 2042 5318 eodemque

391 5339 680 5394 elemento
712 5338 810 5395 ubi
842 5339 1058 5396 Paulus
1089 5355 1222 5393 cum
1257 5337 1389 5392 navi
1420 5337 1503 5392 ire
1552 5352 1667 5390 non
1717 5336 1929 5409 potuit,
1960 5335 2042 5390 ibi

393 5428 598 5484 Petrus
630 5428 877 5501 pedibus
908 5430 1020 5484 iter
1049 5425 1202 5480 fecit.
1235 5425 1379 5481 Cum
1406 5425 1614 5481 Petrus
1658 5425 1848 5482 adhuc
1879 5425 2047 5481 dubi-

392 5522 545 5574 taret
574 5518 633 5574 in
663 5519 798 5587 ﬁde,
829 5515 1043 5574 Paulus
1085 5531 1220 5571 vero
1260 5514 1373 5570 ﬁde
1411 5520 1470 5570 et
1515 5531 1688 5588 opere
1711 5517 1836 5587 jam
1868 5516 2050 5588 perfe-

394 5613 542 5677 ctus,
577 5606 1051 5666 constantissime
1082 5622 1186 5680 pro
1233 5604 1462 5663 Christo
1497 5605 1565 5662 ad
1600 5605 1947 5679 martyrium
1983 5622 2048 5663 eo

2139 3292 2322 3364 19).Et
2350 3290 2432 3346 illi
2462 3290 2683 3346 dicunt:
2709 3290 2770 3346 Si
2803 3289 3023 3364 aliquid
3046 3287 3668 3346 adversussacerdotes
3682 3285 3785 3342 Dei

2138 3381 2313 3436 fuerit
2332 3380 2852 3452 prolatum,pugna
2863 3396 2992 3435 esse
3009 3377 3553 3435 vincendum.Unde
3567 3379 3624 3432 et
3643 3392 3784 3448 praa-

2138 3470 2304 3524 dictaa
2335 3468 2636 3524 sententiis
2657 3484 2791 3524 mox
2817 3468 3088 3523 subditur
3111 3465 3606 3538 :Hypocritae,bene
3624 3465 3786 3521 devo-

2141 3559 2224 3614 bis
2251 3559 2600 3630 prophetaoit
2618 3559 2790 3613 Isaias
2810 3556 3268 3627 dicens:Populus
3289 3554 3558 3612 hictabiis
3583 3570 3672 3610 me
3687 3553 3784 3610 ho-

2136 3655 2318 3715 norat,
2349 3663 2443 3703 cor
2469 3651 2657 3702 autem
2687 3662 2881 3702 eorum
2910 3646 3065 3717 longe
3099 3651 3177 3701 est
3203 3661 3240 3700 a
3265 3661 3353 3700 me
3382 3662 3402 3699 .·
3443 3646 3564 3700 sine
3620 3659 3789 3698 causa

2138 3744 2326 3793 autem
2348 3737 2536 3793 colunt
2563 3751 2667 3802 me,
2691 3735 2937 3791 docentes
2966 3734 3245 3791 doctrinas
3272 3741 3322 3790 et
3365 3732 3636 3789 mandata
3690 3731 3785 3787 ho-

2141 3828 2354 3882 minum
2384 3825 2592 3897 (Matth.
2626 3839 2721 3890 xv,
2748 3823 2825 3895 7).
2862 3822 3007 3879 Hinc
3039 3822 3222 3879 Isaias
3253 3840 3272 3876 :
3310 3822 3401 3879 Vae
3429 3822 3525 3894 qui
3552 3819 3789 3876 condunt

2144 3915 2288 3986 leges
2318 3915 2559 3985 iniquas,
2590 3917 2645 3968 et
2673 3912 2965 3969 scribentes
2993 3912 3328 3985 injustitiam
3347 3912 3701 3982 scripserunt,
3726 3912 3790 3964 ut

2139 4004 2514 4078 opprimodent
2532 4003 2588 4058 in
2612 4002 2825 4074 judicio
2841 4005 3189 4075 pauperes,et
3208 4001 3321 4057 vim
3347 4003 3592 4073 facerent
3612 4012 3792 4054 causae

2139 4074 2438 4149 humilium
2467 4093 2602 4164 (Isa.
2635 4109 2689 4156 ι,
2725 4091 2799 4163 1).
2834 4074 2902 4147 Et
2932 4092 3182 4147 fortasse
3211 4089 3502 4146 audierint
3541 4087 3791 4144 Paulum
3885 4074 3891 4078 Α

2141 4181 2472 4254 apostolum
2499 4181 2787 4236 dicentem
2817 4195 2829 4236 :
2855 4180 3095 4252 Accipite
3126 4195 3217 4235 vos
3275 4186 3624 4234 armaturam
3674 4175 3790 4244 Dei,

2138 4280 2203 4328 ut
2233 4271 2453 4344 possitis
2480 4270 2731 4325 resistere
2759 4271 2821 4325 in
2851 4270 2938 4325 die
2960 4269 3110 4326 malo
3137 4267 3354 4341 (Ephes.
3387 4283 3466 4333 v1,
3491 4266 3600 4335 13).
3621 4264 3784 4330 Quod

2142 4362 2191 4418 si
2221 4359 2310 4416 vel
2330 4358 2651 4426 audierint,
2684 4359 2912 4414 utinam
2938 4357 3355 4431 intelligant,et
3383 4372 3510 4428 quas
3541 4370 3796 4423 sequun-

2141 4455 2238 4508 tur
2261 4468 2274 4506 :
2302 4450 2517 4507 Induite
2545 4450 2772 4505 loricam
2793 4449 3046 4516 iustitiae,
3068 4450 3348 4503 sumentes
3393 4446 3611 4500 scutum
3640 4440 3790 4509 ﬁdet,

2050 4554 2097 4620 1)
2130 4550 2180 4602 et
2202 4541 2417 4614 galeam
2445 4539 2639 4594 salutis
2670 4537 2948 4603 assumite,
2980 4540 3033 4590 et
3055 4535 3305 4607 gladium
3350 4531 3612 4620 spiritus,
3643 4527 3796 4599 quod

2148 4636 2224 4691 est
2251 4629 2477 4687 verbum
2500 4627 2600 4682 Dei
2645 4625 2866 4697 (Ephes.
2922 4641 3002 4691 vx,
3055 4625 3164 4691 15).
3203 4619 3366 4685 Quod
3414 4621 3473 4674 et
3521 4615 3795 4674 Salomon

2147 4734 2381 4796 quoque
2411 4717 2482 4772 de
2506 4713 2688 4786 justis
2717 4712 2987 4784 loquens,
3023 4710 3105 4766 ait
3132 4726 3145 4764 :
3172 4709 3410 4796 Induent
3430 4723 3531 4779 pro
3578 4712 3797 4764 thorace

2129 4795 2443 4884 justitiam,
2468 4811 2522 4858 et
2541 4808 2821 4858 assumant
2861 4815 2964 4870 pro
3019 4799 3180 4869 galea
3211 4795 3507 4870 judicium
3561 4800 3796 4884 certum,

2140 4879 2362 4956 sument
2387 4897 2604 4949 scutum
2635 4887 3065 4961 inexpugnabile
3094 4887 3378 4958 aequitatis
3404 4887 3516 4959 (ap.
3564 4901 3619 4952 v,
3682 4879 3792 4953 19).

2144 4982 2496 5058 Hujusmcdi
2525 4979 2706 5037 armis
2736 4977 2834 5034 isti
2883 4977 3071 5032 nostri
3127 4973 3496 5048 antesignani
3550 4987 3659 5026 nos
3705 4969 3816 5024 in-.

2145 5077 2383 5133 struunt
2408 5070 2708 5127 dimicare.
2728 5067 2875 5123 Nam
2899 5065 3282 5122 saecularibus
3312 5061 3492 5118 armis
3513 5073 3798 5132 pugnare,

2148 5166 2275 5238 ipse
2295 5160 2514 5218 Paulus
2539 5175 2644 5214 nos
2668 5155 2939 5231 prohibet
2980 5155 3221 5212 dicens:
3271 5157 3394 5211 Non
3448 5149 3802 5238 vosmetipsos

2149 5237 2862 5327 defendetdes,charissimi,
2916 5245 3009 5301 sed
3055 5245 3184 5302 date
3238 5243 3416 5297 locum
3471 5241 3597 5296 irae.

2147 5325 2306 5416 ptum
2333 5345 2409 5398 est
2439 5340 2623 5396 enim:
2656 5335 2794 5391 Mihi
2821 5334 3123 5390 vindictam
3163 5347 3267 5404 ego
3304 5329 3626 5398 retrivuam,
3657 5325 3803 5382 dixit

2155 5433 2426 5488 Dominus
2455 5429 2631 5501 (Rom.
2662 5441 2764 5489 xu,
2799 5424 2910 5493 12).
2944 5423 3014 5478 Et
3041 5422 3250 5478 Petrus
3281 5416 3580 5490 apostolus
3606 5416 3804 5472 :Estote

2157 5537 2267 5578 non
2292 5519 2576 5578 recidentes
2602 5515 2814 5570 malum
2840 5528 2944 5584 pro
2974 5511 3140 5580 malo,
3171 5509 3254 5565 vel
3301 5506 3652 5563 maledictum
3702 5518 3804 5574 pro

2162 5609 2473 5682 maledicto,
2504 5605 2598 5664 sed
2627 5620 2656 5662 e
2684 5602 2959 5661 contrario
2990 5600 3399 5665 benedicentes;
3430 5596 3564 5668 quia
3598 5595 3661 5651 in
3708 5591 3806 5686 hoc
