4096 6178
240 278 318 341 61
1112 273 1217 337 DE
1264 271 1708 335 PRESSURIS
1754 273 2425 338 ECCLESIASTICIS.
2460 306 2540 318 —
2583 274 2785 337 PARS
2828 275 2880 337 Ῑ.
3641 268 3720 334 62

237 413 431 472 vocati
461 411 610 479 estis,
643 417 704 465 ut
738 407 1170 466 benedictionem
1195 406 1555 462 hereditatis
1614 407 1940 478 possidentis
1970 410 2034 476 Α
2067 424 2233 462 mam
2268 423 2436 463 suam
2469 406 2633 478 ponit
2661 424 2765 479 pro
2796 408 3020 464 ovibus.
3045 407 3269 463 Rursus
3296 422 3309 463 :
3350 404 3718 466 Hercenarius

241 507 292 579 (I
316 509 478 561 Petr.
514 518 597 568 ιιι,
631 500 711 571 9).

316 595 455 649 Haec
486 596 681 646 tamen
719 588 928 642 omnia
959 592 1016 643 et
1047 587 1158 642 alia
1189 590 1544 642 sanctarum
1606 589 1934 661 Scriptura-

245 701 385 740 rum
416 681 783 737 documenta
798 675 1044 747 maligni
1069 680 1124 730 et
1142 674 1393 746 improbi
1412 677 1937 749 parvipeudentes,

245 774 320 830 ad
365 785 623 844 pugnam
656 766 1010 822 sacerdotes
1039 765 1362 836 impingere
1390 766 1941 839 quaerunt,nullarn

244 861 513 935 amplius
543 855 947 914 reverentiam
978 854 1124 926 ipsis
1154 854 1563 926 observantes,
1617 856 1729 912 nisi
1778 856 1941 927 quod

244 970 373 1009 non
397 948 638 1024 propriis
662 945 984 1011 manibus,
1010 943 1108 999 sed
1134 958 1237 1014 per
1258 944 1729 1003 submissasillis
1754 947 1809 1002 in
1833 945 1943 1002 tali

243 1039 592 1098 discrimine
611 1035 906 1107 judicent
931 1033 1043 1105 (36)
1067 1031 1383 1089 dimicare:
1405 1038 1463 1089 et
1494 1037 1719 1107 quibus
1749 1035 1947 1108 prohi-

242 1131 446 1187 bitum
472 1132 555 1183 est
572 1128 956 1181 armatorum
981 1122 1305 1188 cuneis,vel
1323 1124 1499 1179 etiam
1527 1125 1784 1197 publicis
1805 1142 1939 1196 spe-

241 1217 499 1276 ctaculis
528 1216 844 1278 interesse,
869 1213 946 1268 ad
967 1227 1232 1284 pugnam
1257 1214 1605 1283 producere,
1623 1215 1737 1270 heu
1765 1215 1776 1269 l
1808 1232 1945 1269 nos-

240 1315 370 1366 tros
406 1302 828 1376 compellimur
858 1301 1127 1367 vicarios,
1162 1305 1229 1356 ut
1259 1301 1347 1357 vel
1378 1304 1635 1359 istorum
1670 1306 1825 1359 crede
1856 1304 1940 1358 vi-

245 1399 353 1465 cti,
386 1396 479 1451 vel
506 1394 741 1449 illorum
778 1392 953 1464 quasi
985 1389 1245 1445 absoluti
1277 1409 1405 1447 esse
1445 1394 1801 1461 videamur;
1836 1410 1944 1448 nec

246 1486 493 1562 purgari
508 1481 948 1562 acrimine,uisi
963 1484 1302 1555 perpetrato
1322 1481 1580 1537 crimine
1612 1482 1940 1538 valeamus.

246 1559 397 1632 Cum
427 1574 575 1630 enim
600 1559 972 1644 praeceptum
993 1570 1075 1625 sit
1096 1570 1280 1625 David
1315 1587 1429 1625 non
1463 1571 1771 1627 aediﬁcare
1803 1571 1945 1626 visi-

245 1664 368 1721 bile
392 1662 700 1734 templum,
725 1660 881 1733 quia
911 1658 1279 1731 sanguinum
1304 1658 1390 1714 vir
1418 1658 1576 1714 belli
1611 1660 1947 1732 frequentia

2061 499 2224 566 cuius
2256 512 2363 551 non
2394 504 2519 550 sunt
2550 513 2671 552 oves
2692 499 2944 569 propriae,
2968 498 3112 553 videt
3158 499 3348 568 lupum
3386 498 3711 560 venientem,

2063 592 2116 642 et
2146 587 2375 642 dimittit
2395 603 2514 642 oves
2536 592 2585 642 et
2604 590 2745 659 fugit
2766 588 2947 657 (Ibid,
2975 590 3084 659 12.)
3130 587 3189 643 Si
3234 586 3319 641 illi
3372 582 3713 643 mercenarii

2067 675 2347 731 dicuntur
2376 676 2475 748 qui
2506 680 2737 733 tantum
2782 677 3122 749 relinquunt
3172 693 3326 744 oves,
3361 680 3416 730 et
3449 674 3703 746 fugiunt,

2066 765 2225 837 quali
2275 770 2588 821 censentur
2614 766 2893 821 vocabulo
2926 767 3025 837 qui
3057 783 3155 821 eas
3180 766 3355 821 morti
3386 761 3702 835 objiciunt?

2064 859 2166 910 aut
2198 856 2489 926 quomodo
2518 860 2719 911 contra
2743 873 2840 911 eos
2863 856 3043 910 armis
3065 855 3348 910 dimicare
3369 867 3708 927 possumus,

2061 962 2211 1017 quos
2234 945 2473 1000 omnino
2496 944 2760 1016 diligere,
2785 949 2842 1000 et
2871 962 2973 1015 pro
2999 944 3218 1015 quibus
3248 944 3429 999 etiam
3454 958 3616 998 orare
3636 939 3709 994 ab

2058 1034 2189 1105 ipso
2226 1034 2468 1089 Domino
2492 1033 2802 1105 iubemur?
2835 1032 2926 1089 Ait
2954 1033 3109 1088 enim
3136 1032 3423 1087 Dominus
3442 1032 3499 1086 in
3524 1031 3709 1084 Evan-

2057 1122 2248 1197 gelio:
2285 1124 2508 1193 Diligite
2537 1124 2793 1179 inimicos
2849 1126 3089 1177 vestros:
3153 1122 3449 1192 benefacite
3495 1120 3581 1174 his
3612 1117 3708 1187 qui

2055 1214 2293 1268 oderunt
2324 1229 2414 1268 vos
2444 1214 2649 1284 (Matth.
2674 1230 2728 1281 v,
2763 1214 2877 1279 44.)
2900 1213 2968 1267 Et
2993 1229 3004 1266 :
3042 1211 3212 1267 Orate
3253 1226 3350 1283 pro
3372 1222 3710 1281 persequen-

2056 1303 2206 1357 tibus
2236 1308 2290 1355 et
2317 1303 2783 1357 calumniantibus
2812 1318 2902 1356 vos
2961 1302 3112 1372 (Luc.
3174 1317 3338 1365 xxm,
3395 1299 3511 1370 34.)
3544 1291 3711 1358 Quod

2059 1391 2239 1446 etiam
2268 1391 2326 1445 in
2349 1408 2518 1447 cruce
2542 1391 2765 1463 positus
2786 1391 2908 1461 ipse
2945 1388 3202 1457 edocuit,
3246 1388 3480 1444 dicens:
3514 1386 3707 1446 Pater,

2058 1496 2129 1536 ne
2159 1487 2366 1535 statuas
2392 1481 2508 1536 illis
2538 1482 2637 1537 hoc
2691 1488 2969 1553 peccatum
3017 1480 3155 1551 (Act.
3216 1496 3313 1549 v11,
3348 1479 3463 1549 59.)
3500 1477 3621 1539 Quo
3654 1472 3713 1522 et

2061 1568 2329 1639 exemplo
2358 1570 2596 1626 beatum
2627 1570 2882 1636 levitam,
2916 1573 2974 1624 et
3002 1572 3491 1640 protomartyrem
3536 1573 3717 1617 suum

2061 1658 2425 1730 Stephanum
2460 1660 2603 1715 adeo
2661 1660 2977 1715 informare
3034 1658 3313 1729 dignatus
3352 1661 3468 1727 est,
3501 1654 3570 1708 ut
3596 1647 3727 1718 ipse

248 1755 365 1825 (37)
396 1756 586 1818 esset;
612 1750 925 1843 quomodo
978 1748 1243 1843 poterint
1299 1748 1646 1843 sacerdotes
1697 1750 1942 1820 bellum,
1982 1778 2030 1843 Β
2061 1763 2297 1819 quoque
2322 1748 2547 1804 noverit
2568 1749 2692 1804 suis
2724 1765 2828 1820 pro
2859 1746 3329 1803 interfectoribus
3351 1754 3626 1803 exorare.
3656 1736 3736 1793 Et

254 1847 358 1900 aut
388 1857 641 1914 pugnam
673 1856 792 1895 sua
827 1839 1005 1895 etiam
1039 1855 1150 1910 pro
1173 1837 1409 1908 justitia
1436 1836 1618 1904 inire,
1655 1840 1757 1911 qui
1796 1844 1943 1894 tem-

250 1931 421 2004 plum
450 1930 652 1986 debent
674 1927 1066 1996 aedificareﬁd
1092 1931 1189 1982 est
1208 1925 1531 1982 Ecclesiam
1563 1928 1665 1983 Dei
1689 1929 1897 1984 docere
1918 1928 1946 1982 ?

250 2021 347 2075 Ait
376 2021 584 2075 beatus
612 2016 843 2073 Paulus
872 2016 1199 2087 Apostolus
1228 2033 1240 2070 :
1304 2015 1588 2086 Templum
1644 2018 1793 2072 enim
1836 2018 1948 2071 .Dei

253 2117 357 2177 est,
390 2106 531 2178 quod
559 2108 677 2161 estis
706 2121 809 2160 vos
843 2105 890 2172 (I
919 2104 1038 2158 Cor.
1074 2120 1168 2173 In,
1204 2104 1315 2171 17).
1343 2103 1413 2156 Et
1444 2102 1586 2157 alibi
1613 2120 1625 2157 :
1668 2106 1762 2159 Vos
1788 2105 1947 2160 enim

255 2199 389 2253 estis
422 2194 684 2266 templum
714 2193 823 2249 Dei
858 2194 993 2259 vivi,
1052 2194 1203 2247 sicut
1259 2191 1394 2247 dicit
1453 2192 1616 2257 Deus,
1677 2195 1947 2263 quoniam

256 2286 582 2341 inhabitabo
614 2286 670 2337 in
700 2283 830 2336 illis
860 2289 916 2336 et
945 2280 1307 2335 inambulabo
1335 2281 1484 2334 inter
1513 2296 1629 2348 eos,
1658 2290 1711 2337 et
1740 2298 1834 2337 ero
1866 2282 1944 2335 il-

253 2377 444 2431 lorum
471 2375 624 2439 Deus,
657 2376 712 2427 et
746 2372 862 2442 ipsi
886 2372 1045 2424 erunt
1075 2368 1224 2423 mihi
1238 2369 1476 2440 populus
1498 2368 1573 2439 (II
1595 2368 1945 2437 Cor.v1,16.)

252 2466 622 2534 Quapropter
652 2460 735 2516 ait
767 2460 981 2514 beatus
1008 2457 1359 2512 Ambrosius
1391 2457 1520 2525 (lib.
1554 2475 1570 2512 ι
1604 2458 1670 2513 de
1703 2458 1893 2531 Ofﬁc.)
1927 2475 1939 2513 :

252 2576 283 2601 ι(
306 2551 659 2607 Bellioarum
684 2564 886 2604 rerum
910 2546 1174 2602 studium
1189 2551 1433 2601 anostro
1448 2547 1641 2601 ofﬁcio
1650 2547 1787 2618 jam
1805 2546 1945 2604 alie-

256 2657 412 2696 num
440 2640 688 2703 videtur,
722 2637 868 2710 quia
897 2635 1105 2690 animm
1135 2636 1323 2708 magis
1354 2651 1531 2706 quam
1552 2640 1831 2709 corporis
1864 2639 1943 2694 of-

256 2731 401 2785 ﬁcio
433 2728 801 2783 intendimus
828 2744 841 2793 ;
878 2741 982 2780 nec
1014 2725 1084 2779 ad
1117 2741 1279 2779 arma
1303 2726 1429 2796 jam
1463 2730 1665 2781 noster
1695 2732 1942 2802 spectat

262 2836 443 2874 usus.
477 2818 619 2873 Nam
652 2832 801 2872 usus
831 2813 946 2869 cito
976 2812 1218 2868 inflectit
1247 2818 1539 2868 naturam.
1577 2836 1605 2863 »
1640 2816 1717 2871 Et
1758 2817 1940 2890 paulo

254 2912 445 2979 post:
484 2928 513 2957 «
556 2904 859 2961 Fortitudo
902 2901 1058 2957 enim
1080 2901 1809 2973 sinejustitiainiquitatis
1825 2925 1942 2963 ma—

257 2996 419 3053 teria
436 2998 545 3051 est.
568 2994 749 3050 David
770 3007 1005 3064 quoque
1026 2992 1407 3046 confirmatus
1446 2991 1506 3045 in
1540 3007 1750 3064 regno,
1784 3014 1940 3052 nun-

263 3101 455 3157 quam
480 3083 594 3139 nisi
628 3080 898 3137 consulto
928 3079 1172 3135 Domino
1201 3080 1423 3135 bellum
1474 3080 1726 3138 adorsus
1758 3090 1871 3141 est.
1909 3110 1935 3136 υ

2060 1838 2268 1893 beatus
2282 1838 2499 1894 Paulus
2511 1837 2811 1910 apostolus
2830 1839 2900 1893 ad
2916 1837 3227 1893 Romanos:
3249 1834 3587 1892 Benedicite
3606 1844 3737 1901 per-

2057 1928 2402 1998 sequentibus
2412 1927 2909 1993 vos,benedicite,et
2920 1926 3092 1981 nolite
3106 1923 3562 1981 maledicere.Et
3576 1917 3741 1977 alibi:

2058 2015 2119 2069 Si
2136 2018 2394 2071 esurierit
2416 2017 2676 2070 inimicus
2706 2015 2985 2083 tuus,ciba
3014 2014 3251 2085 illum,si
3277 2013 3443 2085 sitit,
3460 2019 3659 2085 potum
3678 2013 3753 2073 da

2058 2104 2147 2159 illi
2167 2108 2345 2175 (Rom.
2368 2103 2744 2173 xn,22).ltem
2766 2101 3110 2157 Ambrosius
3126 2099 3248 2167 (lib.
3274 2116 3293 2153 1
3316 2099 3530 2169 Ofﬁc.,
3560 2105 3711 2182 0.48)
3736 2128 3750 2168 :

2057 2215 2083 2243 «
2110 2194 2166 2248 Si
2189 2193 2481 2266 perfectus
2498 2190 2920 2258 sim,benedico
2964 2189 3470 2254 maledicentem,
3503 2193 3672 2257 sicut
3698 2208 3757 2262 et

2054 2282 2435 2338 benedicebat
2464 2281 2703 2347 Paulus,
2727 2279 2828 2352 qui
2866 2279 2981 2335 ait:
3024 2276 3443 2334 Maledicimur
3482 2287 3539 2338 et
3592 2290 3754 2353 bene-

2052 2372 2308 2440 dicimus,
2329 2372 2763 2443 persecutionem
2795 2371 3042 2441 patimur
3066 2374 3117 2423 et
3132 2366 3499 2427 sustinemus
3534 2380 3590 2444 (Ι
3618 2384 3740 2443 Cor.

2052 2479 2127 2526 1v,
2162 2463 2270 2533 l2).
2306 2483 2334 2509 ››
2368 2462 2589 2516 Tamen
2621 2465 2678 2516 et
2725 2463 2995 2515 sanctum
3028 2455 3206 2513 David
3240 2455 3298 2509 in
3333 2455 3462 2514 hoc
3490 2479 3737 2540 quoque

2051 2565 2261 2623 genere
2290 2550 2524 2606 virtutis
2554 2550 2842 2621 imparem
2876 2548 3054 2603 Paulo
3080 2562 3196 2601 non
3230 2544 3426 2601 fuisse
3476 2554 3726 2613 edocere

2052 2656 2409 2712 possumus;
2443 2638 2542 2710 qui
2574 2640 2764 2711 primo
2795 2638 3059 2710 quidem,
3083 2650 3217 2689 eum
3243 2632 3630 2695 malediceret
3661 2646 3715 2699 ei

2050 2730 2208 2785 ﬁlius
2239 2728 2450 2795 Semei,
2483 2733 2540 2783 et
2569 2728 2818 2784 crimina
2866 2726 3165 2797 objiceret,
3199 2723 3453 2789 tacebat,
3487 2731 3545 2780 et
3588 2728 3709 2784 hu-

2052 2819 2317 2874 miliabat
2348 2834 2429 2883 se,
2462 2822 2518 2872 et
2547 2817 2759 2873 silebat
2790 2834 2821 2871 a
2854 2816 3023 2872 bonis
3046 2812 3192 2879 suis,
3217 2810 3327 2867 hoc
3358 2817 3449 2868 est
3479 2813 3702 2870 bonum

2049 2924 2290 2980 operum
2325 2906 2723 2963 conscientia:
2762 2906 2973 2961 deinde
3001 2902 3382 2973 exspectabat
3429 2903 3703 2957 maledici

2050 2996 2327 3069 sibi,quia
2356 2995 2664 3051 maledicto
2696 2994 2795 3049 illo
2815 2994 3074 3049 divinam
3104 2989 3446 3061 acquirebat
3476 2990 3701 3045 miseri-

2050 3088 2329 3142 cordiam.
2371 3085 2477 3151 Qui
2510 3086 2686 3140 etiam
2717 3089 2773 3139 et
2800 3083 2861 3138 in
2894 3080 3139 3154 psalmis
3170 3080 3286 3135 ait:
3312 3080 3505 3133 Averte
3546 3079 3701 3131 mala

264 3145 337 3230 ἐι
359 3173 505 3229 alibi
527 3190 540 3226 :
563 3196 590 3222 «
614 3172 863 3227 Videtur
884 3168 1050 3236 mihi,
1075 3170 1228 3240 quod
1249 3169 1338 3223 vir
1358 3167 1695 3225 Cbistianus
1731 3175 1934 3243 justus
1968 3145 2010 3213 C
2048 3178 2296 3232 inimicis
2326 3145 2482 3238 meis,
2517 3178 2568 3228 et
2607 3176 2664 3227 in
2692 3145 2920 3227 veritate
2952 3179 3045 3226 tua
3073 3168 3323 3238 disperde
3361 3167 3485 3221 illos
3518 3166 3693 3237 (Psal.

268 3268 329 3319 et
351 3262 619 3334 sapiens,
653 3274 911 3330 quaerere
945 3256 1057 3311 sibi
1113 3258 1294 3312 vitam
1356 3256 1548 3312 aliena
1605 3266 1795 3317 morte
1826 3280 1939 3320 non

270 3351 511 3419 debeat,
547 3350 747 3419 utpote
777 3345 879 3417 qui
908 3344 1142 3400 etiamsi
1183 3345 1241 3399 in
1300 3344 1589 3400 latronem
1640 3355 1938 3408 armatum

276 3435 862 3504 incidat,'ferientem
893 3434 1130 3489 referire
1158 3450 1273 3488 non
1305 3433 1513 3506 possit,
1550 3450 1621 3488 ne
1676 3437 1817 3494 dum
1851 3458 1940 3495 sa-

276 3528 467 3583 lutem
502 3523 786 3591 defendit,
820 3522 1093 3594 pietatem
1124 3523 1503 3578 contaminet.
1540 3544 1567 3571 ››
1599 3523 1680 3580 De
1731 3543 1846 3599 quo
1878 3530 1937 3585 in

168 3672 181 3682 α
272 3614 736 3688 Evangeliorum
761 3611 927 3667 libris
949 3616 1149 3685 aperta
1169 3615 1230 3667 et
1246 3612 1482 3667 evidens
1496 3615 1789 3670 sententia
1818 3622 1934 3675 est:

274 3704 526 3763 Reconde
554 3701 808 3772 gladium
838 3709 995 3756 tuum
1023 3703 1084 3756 in
1115 3704 1294 3757 locum
1321 3718 1488 3756 suum
1513 3718 1532 3754 :
1576 3706 1760 3759 omnis
1789 3708 1939 3763 enim

273 3796 376 3867 qui
404 3792 593 3862 gladio
626 3792 972 3861 percusserit,
1006 3790 1195 3859 gladio
1224 3790 1457 3861 ferietur
1502 3791 1731 3859 (Matth.
1780 3811 1936 3867 xxw,

274 3884 394 3951 52.)
426 3880 566 3945 Quis
601 3879 751 3933 latro
781 3877 1201 3947 detestabilior,
1235 3895 1413 3949 quam
1459 3884 1794 3950 persecutor
1834 3884 1935 3955 qui

274 3974 538 4039 venerat,
566 3971 634 4023 ut
662 3967 960 4024 Christum
984 3967 1322 4023 occideret?
1344 3969 1454 4023 Sed
1475 3967 1662 4023 noluit
1683 3986 1744 4025 se
1766 3972 1935 4028 Chri-

190 4055 199 4061 ’
280 4062 415 4116 stus
438 4058 877 4128 persecutorum
901 4055 1130 4110 defendi
1154 4055 1524 4123 vulnere,nec
1547 4074 1721 4112 suum
1748 4076 1936 4132 usque

280 4147 351 4202 ad
385 4142 776 4200 homicidium
809 4142 1080 4215 quamvis
1112 4142 1392 4216 religione
1420 4144 1718 4217 pervenire
1740 4147 1936 4205 taliter

280 4233 581 4292 consensit
602 4230 960 4304 apostolum;
979 4232 1136 4287 unde
1152 4235 1209 4287 et
1229 4248 1402 4303 quem
1426 4232 1523 4289 ille
1540 4244 1931 4309 percusserat,

282 4340 414 4380 mox
444 4323 574 4395 ipse
606 4336 813 4376 sanare
843 4319 1118 4392 dignatus
1151 4324 1257 4376 est.
1288 4320 1460 4377 Nulla
1487 4338 1623 4394 ergo
1644 4325 1934 4395 proinno-

284 4412 473 4468 centia
504 4409 889 4466 saecularibus
913 4409 1093 4464 armis
1123 4426 1407 4481 pugnare,
1434 4416 1536 4466 aut
1554 4410 1701 4469 alios
1731 4415 1800 4469 ad
1825 4415 1933 4472 hoc

2051 3283 2169 3332 Lm,
2198 3266 2280 3337 7.)
2310 3262 2456 3327 Quid
2490 3278 2624 3334 ergo
2655 3264 2910 3333 prastat,
2945 3259 2993 3314 si
3036 3256 3361 3313 secundum
3411 3270 3697 3327 quorum-

2049 3354 2184 3410 dam
2207 3351 2502 3425 judicium
2544 3367 2755 3422 corpus
2785 3350 2895 3405 hoc
2923 3346 3273 3403 moriturum
3306 3343 3459 3400 male
3490 3346 3562 3400 de
3597 3345 3694 3400 in-

2050 3440 2229 3497 famia
2256 3439 2341 3495 vel
2374 3438 2663 3511 supplicio
2713 3437 3052 3500 liberemus,
3083 3434 3341 3491 animam
3389 3437 3585 3489 autem
3635 3434 3695 3488 in

2048 3535 2396 3602 perpetuum
2429 3529 2780 3583 damnemur
2802 3545 2816 3596 ;
2840 3527 3067 3582 dicente
3091 3524 3338 3580 Domino
3365 3540 3377 3579 :
3404 3524 3545 3592 Quid
3565 3540 3692 3595 pro-

2046 3619 2165 3675 dest
2192 3619 2409 3674 homini
2435 3620 2485 3673 si
2508 3620 2829 3673 universum
2854 3614 3129 3671 mundum
3186 3614 3446 3684 lucretur,
3489 3614 3697 3669 animae

2044 3725 2170 3764 vero
2199 3724 2319 3764 suae
2337 3708 2727 3763 detrimentum
2752 3707 3044 3778 patiatur?
3071 3702 3282 3773 (Matth.
3311 3720 3429 3768 xvr,
3451 3702 3563 3773 16.)
3582 3702 3692 3757 Sed

2045 3798 2145 3854 illa
2166 3798 2367 3854 infelix
2397 3797 2597 3853 anima
2626 3796 2734 3852 hoc
2766 3797 2837 3851 ad
2862 3793 3285 3866 perliciendum
3304 3792 3416 3864 (38)
3439 3791 3689 3859 obediet,

2045 3888 2115 3942 de
2148 3905 2265 3959 qua
2296 3887 2580 3959 scriptum
2603 3891 2725 3941 est:
2762 3886 3007 3941 Privavit
3034 3900 3156 3939 eam
3184 3884 3327 3938 Deus
3392 3882 3691 3952 sapientia,

2043 3992 2142 4031 nec
2170 3977 2319 4033 dedit
2348 3977 2437 4031 illi
2468 3977 2901 4048 intelligentiam
2931 3973 3067 4044 (Job.
3103 3989 3294 4040 xxxrx,
3325 3971 3407 4040 7.)

2115 4065 2296 4119 Nobis
2326 4080 2460 4119 vero
2491 4064 2755 4123 divinum
2778 4062 3001 4134 jugiter
3052 4060 3322 4116 convenit
3378 4057 3694 4128 implorare

2044 4152 2418 4221 auxilium,et
2436 4151 2789 4207 omnimodis
2816 4151 3170 4222 satagere,ut
3190 4146 3457 4219 quia(38)
3471 4146 3695 4218 absque

2044 4245 2278 4312 peccato
2310 4257 2438 4297 esse
2470 4257 2584 4296 non
2616 4256 2956 4312 possumus,
2980 4237 3119 4294 vela
3148 4236 3495 4291 criminibus
3518 4234 3691 4290 alieni

2044 4330 2291 4386 existere
2319 4329 2640 4395 valeamus,
2666 4330 2805 4400 quia
2825 4328 3150 4384 secundum
3174 4326 3411 4382 beatum
3444 4324 3690 4379 Paulum

2043 4417 2374 4489 apostolum
2408 4418 2533 4474 sine
2565 4417 2808 4474 crimine
2837 4418 3167 4474 sacerdotes
3197 4431 3326 4471 esse
3356 4414 3586 4470 debent.
3621 4413 3692 4467 Et

287 4518 383 4573 pro
405 4500 581 4556 nobis
605 4498 953 4571 compellere
974 4498 1262 4554 convenit.
1284 4499 1429 4556 Nam
1474 4502 1521 4556 si
1573 4500 1850 4560 facientes
1881 4510 1938 4561 et
1970 4511 2014 4575 D
2047 4508 2316 4578 quamvis
2336 4524 2742 4580 perversorum
2762 4506 3112 4563 oraomnino
3127 4505 3429 4560 obstruere
3442 4519 3691 4574 nequea-

285 4589 720 4645 consentientes
752 4585 877 4658 pari
931 4603 1102 4659 poena
1162 4588 1665 4661 constringuntur,
1716 4598 1934 4664 quanto

283 4678 468 4751 magis
492 4677 564 4733 ad
590 4691 850 4748 pugnam
873 4676 1311 4747 persuadentes,
1336 4677 1426 4732 vel
1447 4678 1622 4735 etiam
1652 4679 1798 4737 alios
1830 4698 1932 4753 pro

283 4783 342 4823 se
371 4769 771 4840 opponentes,
789 4765 1390 4838 pugneimplicantur
1417 4768 1673 4838 periculo
1692 4768 1720 4824 ?
1740 4770 1936 4826 Insen-

288 4857 399 4913 sati
437 4861 496 4913 et
525 4854 757 4929 perﬁdi,
790 4859 942 4911 certe
973 4855 1023 4911 si
1055 4855 1224 4911 nobis
1240 4856 1421 4913 armis
1451 4863 1671 4915 certare
1701 4877 1932 4932 compe-

281 4949 449 5011 teret,
483 4944 729 5000 liberius
758 4960 866 5016 pro
888 4944 1169 5000 fratribus
1192 4944 1614 5018 bellare,quam
1638 4965 1742 5019 pro
1764 4950 1935 5007 nobis

292 5034 438 5090 alios
468 5033 723 5105 objicere
750 5032 1153 5101 crederemus;
1186 5050 1344 5101 nam,
1402 5035 1483 5090 ait
1529 5036 1815 5094 Dominus
1872 5039 1934 5095 in

279 5121 590 5195 Evangelia
613 5139 628 5179 :
664 5123 851 5178 Bonus
876 5128 1063 5192 pastor
1076 5124 1231 5192 ponit
1249 5123 1500 5179 animam
1528 5142 1690 5181 suam
1704 5143 1806 5198 pro
1827 5130 1936 5183 ovi-

282 5209 383 5265 bus
415 5211 530 5266 suis
566 5212 743 5279 (Joan.
778 5227 837 5279 x,
868 5210 980 5277 11.)
1014 5207 1137 5265 Non
1169 5211 1320 5268 enim
1353 5212 1454 5279 ait,
1495 5212 1689 5271 bonus
1735 5220 1935 5287 pastor

280 5314 421 5355 oves
453 5298 564 5355 sibi
589 5298 933 5355 commissas
958 5313 1064 5371 pro
1086 5299 1282 5354 anima
1303 5317 1409 5358 sua
1452 5305 1639 5375 ponit,
1672 5306 1772 5360 sed
1806 5306 1931 5361 ani-

358 5422 468 5498 (36)
492 5422 770 5498 Indicant.
805 5423 897 5478 Sic
930 5421 1297 5480 restituimus
1326 5441 1357 5481 e
1393 5428 1587 5484 codice
1617 5429 1794 5486 Resb.
1823 5448 1836 5498 ;
1870 5430 1929 5486 in

284 5494 479 5563 editis,
514 5496 781 5550 indicant.

364 5567 475 5638 (37)
503 5566 848 5638 Frequentia.
900 5565 983 5623 Ita
1030 5566 1305 5623 laudatus
1350 5569 1527 5625 codex
1559 5571 1731 5629 Resb.
1766 5572 1928 5645 editi,

2045 4612 2201 4667 mus,
2236 4597 2306 4652 de
2336 4613 2485 4669 pura
2513 4596 2704 4652 securi
2724 4595 3099 4660 conscientia,
3153 4592 3398 4648 interius
3447 4589 3689 4646 ﬁducia-

2041 4684 2174 4740 liter
2202 4686 2586 4757 gaudeamus.
2611 4685 2759 4739 Nam
2791 4682 2928 4754 quid
2957 4682 3173 4737 mirum
3195 4681 3244 4737 si
3266 4680 3535 4736 homines
3556 4695 3689 4751 per-

2044 4773 2172 4841 diti,
2197 4778 2253 4828 et
2282 4773 2545 4829 subversi
2576 4773 2863 4829 bonorum
2894 4772 3074 4827 vitam
3103 4770 3390 4825 infamare
3422 4785 3534 4824 non
3567 4784 3690 4823 me-

2042 4865 2219 4917 tuunt
2240 4862 2379 4918 ?Ait
2406 4861 2563 4916 enim
2590 4861 2799 4917 beatus
2830 4859 3182 4932 Gregorius:
3206 4859 3390 4914 Habet
3422 4858 3532 4914 hoc
3554 4873 3687 4929 pro-

1989 4942 2001 4951 ’
2043 4948 2238 5021 prium
2266 4949 2493 5021 antiqui
2516 4949 2702 5006 hostis
2724 4949 2964 5016 invidia,
2990 4953 3054 5003 ut
3084 4964 3232 5019 quos
3272 4947 3331 5001 in
3377 4959 3687 5019 pravorum

2043 5042 2281 5094 actuum
2305 5038 2753 5110 perpetratione,
2786 5038 2901 5093 Deo
2933 5038 3044 5093 sibi
3077 5022 3401 5105 resistente,
3425 5032 3688 5102 decipere

2043 5144 2158 5182 non
2190 5127 2361 5199 valet,
2399 5128 2703 5199 opiniones
2730 5142 2932 5182 eorum
2964 5126 3110 5182 falsa
3139 5126 3211 5180 ad
3233 5138 3487 5196 praesens
3509 5120 3687 5175 simu—

2042 5215 2536 5283 lando,dilaceret.
2565 5217 2677 5272 Sed
2708 5214 2942 5271 illorum
2966 5214 3267 5270 malitiosa
3297 5209 3685 5266 detractiones

2010 5305 2311 5377 ‘quamvis
2342 5305 2594 5361 multum
2625 5305 2908 5377 impedire
2954 5304 3278 5365 videantur,
3337 5315 3454 5354 non
3512 5298 3683 5355 nobis

2036 5434 2357 5501 frequentis.

2253 5501 2675 5585 Perﬁcieiqdum.
2705 5501 2893 5585 codex
2925 5497 3095 5585 Resb.
3126 5496 3562 5585 proficiendum,

2132 5569 2220 5646 39)
2259 5577 2321 5632 Ut
2350 5569 2602 5647 quia.Sic
2632 5572 2905 5628 laudatus
2935 5569 3115 5626 codex
3140 5585 3153 5624 :
3180 5570 3408 5641 editi,ut
3428 5570 3523 5642 qui
3534 5569 3672 5639 jam.
