4114 6172
414 321 494 388 63
1435 329 1775 392 ATTONI’S
1817 325 2401 391 VERCELLENSIS
2443 323 2802 389 EPISCOPI
3739 328 3818 391 64

413 461 612 530 tamen
644 458 810 517 aliter
855 463 1217 521 excusandas
1275 481 1402 523 esse
1458 465 1897 539 perpendimus,
1939 464 2053 522 nisi
2084 465 2141 528 Α
2171 461 2229 517 id
2261 462 2416 535 quod
2446 465 2619 534 turpe
2644 463 2754 529 est,
2787 476 2903 516 non
2934 459 3123 534 possit
3151 475 3280 517 esse
3310 459 3672 535 utile,neque
3688 478 3817 519 rur-

417 551 916 620 quemadmodum
961 559 1298 611 sanctorum
1347 557 1585 611 Patrum
1647 556 2056 612 saluberrimis

426 637 900 698 institutionibus
931 645 1334 711 admonemur,
1359 646 1498 717 quia
1530 648 1813 718 scriptum
1837 652 1926 702 est
1953 665 1966 703 :
1991 649 2067 704 Ne

420 731 849 802 transgrediaris
879 735 1031 806 ﬁnes,
1065 751 1197 806 quos
1224 746 1527 807 posuerunt
1552 747 1738 810 patres
1763 741 1846 795 tui
1872 742 2060 807 (Prov.

415 834 556 884 xxn,
585 821 701 892 28.)
735 822 793 878 Si
827 823 958 894 quis
989 829 1181 880 tamen
1214 827 1490 881 canonico
1522 827 1580 881 in
1612 827 1705 883 his
1756 833 2062 884 contentus

417 906 530 978 (40)
564 925 695 964 esse
727 910 973 965 noluerit
993 912 1240 982 judicio,
1263 915 1362 969 sed
1393 931 1499 970 sua
1531 916 1939 972 adinventione
1970 935 2064 973 sa-

418 997 680 1054 cerdotes
712 999 809 1054 Dei
855 1016 1233 1071 praegravare,
1289 1020 1519 1071 vexare,
1571 1005 1661 1060 vel
1719 1006 2060 1078 exspoliare,

417 1083 661 1158 insuper
688 1088 859 1142 etiam
895 1092 952 1143 et
983 1089 1031 1144 si
1063 1091 1322 1147 occidere
1356 1094 1811 1166 praesumpserit,
1839 1101 2066 1167 Oportet

417 1191 523 1229 nos
557 1180 892 1232 sanctorum
927 1194 1234 1235 censuram
1294 1183 1576 1238 servando
1635 1183 1851 1254 puniri,
1885 1202 2061 1256 quam

416 1264 544 1333 ejus
575 1281 760 1336 prava
793 1267 1130 1324 satisfacere
1184 1269 1494 1342 voluntati,
1544 1274 1812 1342 quamvis
1869 1280 1927 1329 et
1955 1275 2063 1330 hoc

417 1368 586 1424 agere
617 1355 1010 1425 perniciosum
1043 1358 1139 1424 sit,
1173 1364 1229 1414 et
1258 1360 1392 1416 talis
1421 1378 1608 1432 poena,
1644 1363 1725 1418 vel
1781 1380 1938 1419 mors
1971 1381 2061 1420 sa-

414 1442 492 1498 tis
525 1460 736 1514 aspera
767 1445 1052 1501 videatur.
1089 1450 1224 1515 Quae
1255 1450 1410 1505 enim
1469 1468 1628 1507 mors
1658 1453 1717 1508 in
1757 1452 1888 1521 [hoc
1919 1471 2062 1524 pree-

417 1531 565 1587 senti
598 1533 810 1588 szeculo
841 1535 1132 1592 crudelior
1161 1555 1289 1593 esse
1317 1539 1548 1610 poterit,
1569 1557 1744 1612 quam
1773 1558 1904 1596 cum
1931 1558 2061 1612 pas-

418 1624 574 1676 tores
603 1619 871 1678 Ecclesiaz
904 1624 974 1679 ab
1007 1625 1212 1682 ovibus
1242 1633 1626 1699 separantur;
1672 1634 1750 1697 et,
1780 1635 1880 1685 aut
1939 1647 2063 1686 car-

417 1707 554 1779 ceri]
587 1709 989 1780 includuntur,
1020 1714 1109 1769 vel
1139 1715 1340 1772 exsilio
1373 1716 1689 1788 pelluntur,
1722 1720 2064 1791 [eorumque

415 1813 659 1870 corpora
677 1801 937 1871 penuriis
959 1807 1542 1872 atteruntur,mentes
1568 1812 1763 1864 autem
1795 1815 2058 1877 mcerore]
2093 1837 2140 1901 B

417 1887 807 1944 afﬁciuntur?
836 1891 916 1946 De
963 1909 1024 1948 se
1083 1894 1403 1965 suspirant,
1459 1896 1528 1951 de
1581 1897 1693 1952 sibi
1725 1897 2059 1954 commissis

417 1974 658 2047 ejulant,
694 1980 1003 2048 praesentia
1033 1982 1338 2052 patiuntur
1367 1985 1676 2057 supplicia,
1698 1987 2060 2058 futuraquea

416 2062 789 2121 carnificibus
821 2068 1264 2137 promittuntur,
1295 2076 1575 2144 expavent
1605 2075 2060 2144 majora,conso-

416 2151 629 2208 latores
661 2155 733 2208 ab
789 2155 936 2226 ipsis
992 2157 1298 2224 tolluntur,
1333 2161 1767 2233 exprobrantes,
1801 2162 1887 2219 vel
1941 2167 2061 2218 ter-

417 2243 614 2297 rentes
651 2243 875 2314 jugiter
930 2246 1268 2302 assistunt?
1321 2249 1524 2306 Nonne
1579 2250 1762 2307 levius
1822 2252 2062 2323 praecisa

417 2329 634 2385 cervice
656 2333 1069 2389 occumberent
1088 2336 1116 2390 ?
1140 2339 1253 2391 Aut
1273 2337 1520 2394 fortasse
1543 2339 1652 2394 hoc
1669 2345 1907 2412 agentes
1931 2340 2060 2396 ideo

416 2415 723 2474 homicidae
775 2437 889 2476 non
934 2427 1093 2489 sunt,
1153 2427 1290 2496 quia
1337 2425 1437 2481 isti
1496 2426 1719 2499 absque
1775 2429 2062 2502 sanguine

417 2510 716 2562 necantur.
752 2508 917 2566 Certe
947 2510 1223 2569 Julianus
1255 2514 1385 2570 ideo
1417 2515 1708 2572 crudelior
1736 2534 1850 2588 prae
1890 2523 2062 2574 caete-

416 2592 499 2649 ris
528 2597 794 2668 tyrannis
826 2597 1018 2656 dictus
1049 2606 1156 2666 est,
1193 2603 1331 2674 quia
1358 2608 1643 2678 martyres
1673 2606 1887 2662 Christi
1935 2623 2063 2662 san-

419 2683 658 2754 guinem
692 2685 932 2744 fundere
964 2706 1078 2745 non
1111 2690 1363 2760 sinebat,
1394 2695 1493 2748 sed
1544 2694 1793 2750 diversis
1837 2695 2061 2767 suppli-

419 2770 524 2826 ciis
553 2775 856 2844 torquens,
903 2781 1036 2849 post
1081 2778 1316 2851 longam
1373 2782 1827 2839 macerationem
1881 2783 2061 2839 vitam

418 2858 587 2915 ﬁnire
621 2863 881 2935 cogebat.
917 2865 1061 2922 Hinc
1093 2867 1276 2926 Isaias
1307 2871 1422 2926 ait:
1460 2871 1628 2928 Omne
1655 2880 1816 2943 caput
1840 2872 2061 2942 langui-

421 2947 571 3020 dum,
604 2959 655 3006 et
684 2968 842 3008 omne
872 2971 964 3010 cor
986 2973 1234 3028 maerens,
1267 2976 1302 3014 a
1330 2948 1524 3030 planta
1559 2961 1713 3032 pedis
1767 2977 1938 3032 usque
1994 2962 2064 3018 ad

420 3039 684 3094 verticem
714 3056 825 3096 non
849 3051 929 3099 est
955 3045 1014 3098 in
1039 3061 1099 3100 eo
1128 3048 1340 3102 sanitas
1371 3047 1526 3120 (Isai.
1560 3065 1598 3116 ι,
1630 3046 1708 3119 3.)

490 3125 906 3187 Verumtamen
927 3131 1064 3190 licet
1083 3133 1206 3189 haec
1235 3135 1557 3192 durissima
1576 3152 1703 3192 esse
1732 3137 2060 3207 videantur,

420 3214 681 3271 divinam
714 3219 815 3274 sed
849 3220 1004 3276 enim
1054 3223 1378 3280 habeamus
1418 3224 1897 3292 consolationem,
1932 3205 2060 3296 quae
2092 3205 2134 3272 (ἶ

418 3303 535 3361 ait:
566 3306 744 3363 Nolite
770 3309 964 3365 timere
993 3327 1088 3367 eos
1116 3314 1212 3382 qui
1241 3312 1490 3369 occidunt
1543 3329 1757 3385 corpus,
1809 3316 2064 3370 animam

417 3401 604 3449 autem
632 3411 740 3451 non
767 3402 994 3467 possunt
1025 3400 1270 3454 occidere
1294 3417 1315 3461 ;
1345 3400 1437 3457 sed
1463 3403 1642 3473 potius
1697 3417 1822 3458 eum
1856 3403 2060 3473 timete,

418 3484 516 3552 qui
539 3491 713 3552 potest
737 3485 985 3540 animam
1015 3490 1065 3541 et
1122 3503 1313 3560 corpus
1363 3491 1588 3561 perdere
1646 3492 1702 3546 in
1759 3491 2063 3562 gehennam

419 3569 629 3639 (Matth.
653 3589 706 3637 x,
741 3572 857 3644 28.)
887 3573 1033 3629 Nam
1063 3577 1387 3632 secundum
1420 3578 1654 3634 beatum
1689 3579 2061 3635 Ambrosium

419 3657 481 3727 (Ι.
517 3673 580 3713 III
605 3659 784 3730 0fﬁc.,
810 3677 858 3715 c.
881 3661 936 3729 9)
969 3668 1208 3720 sanctus
1220 3665 1580 3723 Nabuthaeus
1601 3667 1660 3722 in
1683 3683 1750 3723 eo
1772 3668 2061 3740 perfectus

421 3746 660 3818 exstitit,
694 3748 833 3820 quia
863 3752 1149 3823 sanguine
1170 3754 1402 3827 proprio
1425 3755 1762 3812 defenderat
1773 3757 1912 3826 jura
1935 3773 2062 3812 ma-

411 3836 634 3907 jorum,
675 3841 731 3923 et
760 3837 1084 3897 honestatis
1144 3843 1631 3917 contemplatione
1676 3849 1924 3901 mortem
1973 3845 2060 3899 in-

422 3941 652 3982 currere
683 3945 797 3983 non
831 3927 1184 3988 formidavit.
1219 3930 1364 3988 Cum
1421 3933 1578 3988 enim
1633 3934 1705 3989 ab
1735 3949 1802 3989 eo
1832 3933 2061 3989 vineam

421 4030 522 4070 rex
541 4022 808 4088 posceret
832 4020 1141 4091 pecuniam
1173 4038 1235 4077 se
1264 4023 1541 4079 daturum
1575 4022 1876 4095 pollicens,
1896 4023 2060 4079 inde-

421 4120 621 4160 corum
656 4107 910 4178 pretium
943 4125 1047 4181 pro
1097 4114 1338 4182 paterna
1387 4114 1676 4169 recusavit
1705 4112 2061 4180 haereditate,

421 4193 747 4266 maluitque
779 4201 965 4252 morte
998 4198 1290 4255 declinare
1356 4200 1698 4274 hujusmodi
1742 4202 2066 4273 turpitudi-

421 4299 556 4338 nem
579 4303 598 4338 :
628 4285 746 4341 Non
773 4286 934 4356 mihi,
967 4286 1180 4358 inquit,
1214 4290 1312 4358 ﬁat
1340 4305 1374 4343 a
1403 4291 1532 4360 Deo,
1563 4293 1625 4344 ut
1655 4290 1785 4346 dem
1813 4291 1916 4346 tibi
1952 4289 2065 4346 hae-

420 4371 709 4429 reditatem
731 4381 962 4447 patrum
990 4391 1236 4431 meorum
1294 4378 1404 4446 (III
1460 4380 1588 4450 Reg.
1648 4396 1762 4447 xxI,
1818 4379 1912 4452 3):
1956 4378 2066 4435 hoc

421 4466 509 4517 est
537 4467 771 4518 tantum
802 4463 947 4518 mihi
981 4465 1360 4536 opprobrium
1394 4484 1510 4523 non
1531 4468 1654 4533 ﬁat,
1677 4484 1792 4523 non
1824 4468 2066 4540 permit-

2173 570 2277 610 sus
2309 553 2366 608 id
2395 553 2545 622 quod
2580 552 2889 608 honestum
2924 556 3031 620 est,
3065 550 3293 619 inutile,
3337 550 3476 622 quia
3521 552 3822 624 complexa

2173 643 2466 699 honestati
2498 646 2587 697 est
2616 658 2848 712 semper
2878 641 3123 708 utilitas,
3156 646 3213 696 et
3243 641 3480 696 utilitati
3517 641 3817 698 honestas.

2175 734 2285 788 Sed
2319 733 2419 804 qui
2453 735 2790 788 sanctorum
2842 731 3082 786 Patrum
3141 730 3574 802 parvipendunt
3612 732 3821 799 edicta,

2175 838 2456 894 magnum
2471 838 2586 877 non
2608 820 2756 876 estsi
2772 824 2973 876 nostra
2985 820 3159 875 etiam
3176 820 3271 875 red
3281 825 3530 891 arguant
3542 825 3597 875 et
3610 837 3783 892 opera
3805 839 3817 876 :

2176 928 2384 983 nempe
2416 910 2514 982 qui
2548 909 2783 965 illorum
2816 926 2933 965 non
2966 913 3237 964 metuunt
3274 912 3492 964 statuta
3512 914 3818 977 temerare,

2175 1017 2280 1055 nec
2303 1004 2517 1055 nostra:
2546 1003 2818 1055 metuunt
2843 998 2972 1053 vitae.
3004 998 3324 1064 detrahere,
3346 1015 3547 1054 verum
3573 999 3749 1055 etiam
3768 1005 3825 1056 et

2169 1090 2457 1161 judicium
2476 1087 3138 1161 praegravareQuamvis
3153 1088 3332 1160 igitur
3343 1089 3414 1143 ab
3427 1089 3822 1145 ecclesiastica

2175 1180 2517 1235 recedamus
2549 1194 2817 1243 censura,
2852 1177 3206 1248 quibusdam
3258 1194 3326 1232 ex
3371 1177 3516 1248 ipsis
3557 1179 3823 1246 [faventi-

2175 1271 2307 1336 bus,
2342 1268 2577 1324 illorum
2611 1268 2784 1322 etiam
2809 1267 3053 1337 judicio,
3079 1267 3474 1322 satisfaciendi
3503 1267 3695 1322 locum
3729 1284 3821 1323 re-

2179 1358 2363 1430 perire
2391 1357 2545 1430 apud
2580 1355 2888 1412 saeculares
2918 1357 2977 1410 in
3009 1355 3351 1426 hujusmodi
3392 1356 3816 1427 potuissemus,

2176 1448 2616 1503 incommodum
2650 1446 3026 1509 arbitramur,
3062 1462 3133 1500 ne
3164 1445 3298 1500 aliis
3324 1444 3433 1500 hoc
3465 1444 3695 1514 assequi
3724 1463 3816 1514 vo-

2173 1537 2450 1602 lentibus,
2476 1535 2563 1590 vel
2585 1534 2787 1607 etiam]
2811 1533 3228 1601 valentibus,in
3253 1533 3585 1605 exemplum
3613 1535 3822 1604 produ-

2175 1630 2404 1682 ceretur
2432 1625 2567 1696 (41),
2596 1628 2654 1680 et
2715 1623 2996 1678 fratribus
3054 1623 3307 1679 eveniret
3338 1622 3396 1676 in
3452 1623 3818 1692 scandalum,

2175 1714 2330 1787 quod
2365 1731 2398 1769 a
2422 1713 2588 1768 nobis
2622 1713 3033 1785 quoquomodo
3082 1711 3292 1767 fuisset
3339 1714 3651 1767 extortum.
3695 1713 3819 1767 Non

2175 1804 2332 1860 enim
2360 1807 2449 1858 est
2478 1803 2710 1874 sapiens
2733 1802 2832 1872 qui
2865 1805 3050 1857 nocet.
3073 1800 3243 1856 Aliud
3268 1805 3358 1856 est
3377 1816 3512 1856 vero
3552 1817 3814 1856 commu-

2171 1894 2322 1948 niter
2349 1890 2736 1964 sapere,aliud
2759 1894 2849 1946 est
2879 1905 3084 1962 sapere
3114 1890 3383 1962 perfecte.
3409 1890 3517 1956 Qui
3557 1907 3821 1946 commu-

2171 1980 2324 2035 niter
2357 1981 2531 2052 sapit,
2563 1997 2665 2051 pro
2696 1979 3121 2051 temporalibus
3139 1978 3311 2052 sapit,
3342 1979 3441 2050 qui
3463 1983 3658 2034 autem
3683 1996 3819 2051 per-

2172 2069 2319 2125 fecte
2363 2071 2539 2142 sapit,
2569 2086 2682 2124 non
2716 2069 2923 2141 quaerit
2950 2072 3180 2123 tantum
3215 2069 3368 2139 quod
3397 2068 3505 2124 sibi
3538 2067 3680 2123 utile
3706 2073 3814 2136 est,

2172 2160 2274 2214 sed
2305 2160 2459 2231 quod
2494 2158 2790 2214 omnibus.
2815 2157 2910 2212 Ait
2942 2157 3179 2228 quidem
3212 2157 3416 2212 beatus
3459 2156 3775 2229 Gregorius
3803 2175 3816 2213 :

2173 2249 2336 2319 Saepe
2358 2247 2428 2302 ab
2454 2247 2796 2303 hominibus
2817 2247 2995 2302 timor
3017 2243 3226 2301 debilis
3267 2250 3436 2301 cauta
3457 2245 3817 2318 dispensatio

2169 2342 2429 2403 vocatur,
2454 2341 2510 2391 et
2541 2335 2708 2408 quasi
2737 2336 3056 2406 prudenter
3087 2335 3371 2405 impetum
3396 2350 3456 2390 se
3487 2334 3817 2389 declinasse

2173 2429 2605 2492 asserunt,cum
2638 2423 2927 2494 fugientes
2943 2424 3054 2495 (42)
3072 2422 3316 2494 turpiter
3337 2423 3393 2477 in
3416 2426 3580 2493 terga
3603 2422 3818 2478 feriun-

2171 2519 2286 2570 tur.
2320 2512 2754 2585 Congruentius
2787 2528 2921 2584 ergo
2963 2511 3235 2584 eligimus
3281 2515 3540 2566 nostram
3589 2516 3816 2582 portare

2171 2602 2470 2674 injuriam,
2505 2618 2682 2673 quam
2715 2599 2846 2656 aliis
2877 2601 3089 2657 inferre
3113 2599 3494 2668 calumniam,
3517 2603 3572 2655 et
3596 2600 3666 2654 ab
3689 2598 3819 2655 aliis

2173 2693 2392 2764 injuste
2417 2691 2742 2763 pati,quam
2767 2707 2800 2746 a
2817 2689 2986 2746 nobis
3003 2688 3226 2759 injuste
3247 2688 3496 2745 defendi:
3517 2705 3631 2744 non
3658 2689 3818 2743 enim

2173 2782 2232 2836 in
2264 2783 2613 2853 perpetuum
2644 2781 3017 2849 damnamur,
3051 2794 3183 2832 cum
3214 2777 3434 2848 injuste
3455 2778 3819 2849 judicamur,

2173 2871 2400 2927 dicente
2420 2869 2770 2925 Psalmista:
2803 2872 2917 2925 Nec
2966 2867 3254 2924 damnabit
3309 2884 3434 2924 eum
3459 2884 3584 2924 cum
3612 2868 3818 2938 iudiea-

2175 2960 2321 3015 bitur
2349 2959 2445 3014 illi
2471 2958 2646 3027 (Psal.
2667 2974 2834 3024 xxxv,
2867 2957 2982 3029 33.)
3151 2946 3160 2951 ”

2244 3047 2412 3104 Multi
2443 3046 2695 3118 denique
2717 3046 3088 3102 sacerdotum
3113 3043 3342 3116 culpam
3365 3044 3485 3101 zelo
3508 3045 3609 3101 Dei
3624 3061 3818 3118 perse-

2173 3139 2273 3210 qui
2306 3153 2367 3193 se
2392 3137 2759 3209 profitentur,
2793 3136 2896 3191 sed
2929 3135 3070 3190 dum
3102 3133 3415 3190 indiscrete
3463 3133 3572 3188 hoc
3613 3137 3819 3206 agunt,

2174 3224 2460 3298 sacrilegii
2486 3225 2712 3280 facinus
2733 3223 3128 3291 incurrunt,et
3148 3224 3289 3279 dum
3308 3222 3632 3295 pracipites
3646 3222 3821 3294 quasi

2172 3316 2243 3372 ad
2275 3315 2710 3371 emendandum
2739 3320 2942 3380 ruunt,
2963 3311 3075 3384 ipsi
3097 3328 3328 3384 quoque
3359 3311 3613 3367 deterius
3635 3311 3820 3368 multo

2172 3404 2360 3476 magis
2391 3404 2644 3458 cadunt:
2678 3403 2833 3457 unde
2856 3405 2914 3457 et
2940 3401 3000 3455 in
3033 3400 3182 3457 libro
3211 3405 3435 3472 Regum
3458 3401 3529 3456 de
3559 3416 3693 3456 arca
3715 3403 3820 3457 Do-

2171 3492 2320 3548 mini
2348 3491 2580 3563 legitur,
2615 3490 2753 3561 quia
2778 3493 3068 3561 postquam
3095 3492 3366 3544 venerunt
3395 3489 3465 3545 ad
3495 3507 3686 3546 arcam
3715 3491 3821 3545 Na-

2169 3583 2319 3649 chor,
2343 3579 2596 3636 extendit
2613 3594 2844 3635 manum
2865 3581 2980 3637 075a
3000 3577 3069 3634 ad
3089 3595 3275 3634 arcam
3311 3580 3550 3650 Domini,
3575 3584 3627 3636 et
3647 3580 3820 3635 tenuit

2169 3687 2312 3738 eam,
2338 3669 2605 3741 quoniam
2655 3666 3031 3724 calcitrabant
3078 3667 3251 3734 boves.
3297 3673 3354 3724 et
3403 3667 3821 3724 declinaverunt

2169 3776 2289 3816 eam
2313 3766 2401 3822 ;et
2430 3759 2606 3814 iratus
2636 3757 3025 3831 indignatione
3054 3757 3317 3814 Dominus
3339 3760 3528 3814 contra
3561 3758 3747 3829 0mm,
3769 3761 3821 3814 et

2166 3849 2434 3920 percussit
2457 3863 2582 3902 eum
2608 3863 2774 3919 super
2797 3848 3159 3903 temeritatem
3177 3864 3198 3909 ,·
3220 3849 3317 3918 qui
3347 3853 3598 3904 mortuus
3629 3852 3709 3903 est
3739 3848 3821 3903 ibi

2156 3941 2338 4012 juxta
2357 3953 2545 3993 arcam
2573 3937 2792 3992 Domini
2832 3937 2910 4008 (II
2942 3937 3068 4008 Reg.
3121 3952 3198 4006 v1,
3221 3937 3301 4008 6.)
3332 3937 3480 4001 Quid
3532 3936 3687 3992 enim
3719 3953 3823 4008 per

2174 4043 2372 4084 arcam
2396 4024 2606 4082 melius
2627 4041 2804 4096 quam
2822 4023 3283 4082 sanctaEcclesia
3295 4025 3819 4098 designatur?0uid

2173 4132 2278 4188 per
2302 4114 2500 4181 boves,
2535 4129 2712 4183 quam
2746 4113 3098 4168 dissidentes
3125 4113 3502 4169 sacerdotes?
3533 4113 3679 4178 Quid
3719 4131 3824 4186 per

2174 4200 2497 4269 Ozam,nisi
2529 4199 2779 4272 aliquem
2810 4199 3188 4255 temerarium
3219 4199 3606 4272 intelligimus
3625 4201 3654 4256 ?
3682 4201 3822 4259 Saul

2177 4290 2353 4348 etiam
2385 4289 2458 4344 ab
2487 4288 2615 4361 ipso
2641 4287 2886 4344 Domino
2910 4287 2971 4344 in
2995 4303 3174 4360 regno
3195 4287 3434 4355 electus,
3459 4288 3598 4359 quia
3627 4305 3821 4345 sacer-

2174 4378 2327 4436 dotis
2364 4393 2648 4450 usurpare
2673 4393 2854 4432 ausus
2879 4379 2968 4432 est
2985 4375 3397 4443 ministerium,
3422 4375 3628 4430 merito
3647 4391 3821 4446 apro-

2175 4469 2350 4541 pheta
2380 4465 2599 4522 audivit
2619 4483 2638 4520 .·
2669 4465 2844 4520 Stulte
2867 4467 3046 4536 egisti,
3076 4481 3176 4520 nec
3219 4463 3504 4519 custodisti
3550 4462 3820 4519 mandata

421 4553 508 4606 tat
539 4550 694 4641 Deus
725 4555 955 4607 tantum
987 4555 1315 4626 extorqueri
1347 4555 1654 4628 ﬂagitium.
1685 4555 1813 4611 Non
1865 4557 2066 4628 utique
2096 4575 2143 4641 ι)
2179 4558 2401 4614 Domini
2429 4557 2527 4611 Dei
2548 4556 2653 4625 tui,
2685 4568 2812 4625 quae
2835 4555 3105 4625 praecepit
3132 4553 3254 4609 tibi.
3289 4553 3417 4620 Quae
3444 4552 3495 4606 si
3518 4565 3630 4606 non
3657 4552 3825 4623 fecis-

420 4656 523 4710 pro
555 4639 774 4695 vitibus
804 4641 913 4696 hoc
944 4641 1110 4697 dicit:
1147 4660 1336 4715 neque
1366 4645 1522 4700 enim
1573 4646 1644 4700 de
1671 4645 1891 4702 vitibus
1923 4663 2063 4701 cura

417 4730 506 4781 est
536 4726 672 4793 Deo,
707 4745 896 4800 neque
927 4731 1254 4800 degterreno
1284 4733 1494 4806 spatio,
1529 4734 1629 4788 sed
1693 4734 1765 4788 de
1815 4734 1949 4804 jure
1978 4733 2062 4788 lo-

418 4812 621 4883 quitur
650 4815 1114 4875 Patrum.Potuit
1146 4821 1350 4892 utique
1381 4825 1437 4878 et
1467 4821 1708 4877 alteram
1740 4821 1969 4878 vineam
1993 4823 2062 4876 de

412 4901 602 4959 vineis
633 4900 787 4978 regis
821 4908 1195 4981 accipere,§et
1226 4911 1453 4967 amicus
1503 4911 1656 4984 regis
1695 4927 1827 4968 esse
1856 4912 1914 4966 in
1947 4925 2061 4983 quo

417 5009 533 5050 non
557 4995 869 5052 mediocris
899 4998 1094 5053 seaculi
1125 4999 1302 5070 hujus
1320 4999 1546 5056 utilitas
1570 4999 1847 5056 aestimari
1879 4999 2062 5056 solet:

417 5085 515 5142 sed
543 5087 698 5157 quod
719 5090 890 5159 turpe
914 5089 1341 5159 eratjudicavit
1360 5107 1473 5145 non
1523 5089 1707 5145 videri
1745 5089 1907 5157 utile,
1945 5105 2062 5146 ma-

416 5174 642 5247 luitque
673 5176 998 5248 periculum
1030 5193 1165 5232 cum
1190 5177 1492 5234 honestate
1515 5179 1919 5251 subire,quam
1943 5179 2061 5234 uti-

419 5264 642 5322 litatem
657 5283 790 5323 cum
821 5268 1693 5341 opprobrio.Animadvertimus
1723 5268 1907 5342 igitur
1925 5268 2064 5341 quia

489 5412 600 5483 (40)
634 5411 902 5468 Canonico
959 5454 972 5468 .
1019 5452 1031 5468 .
1066 5453 1079 5466 .
1124 5419 1442 5483 contentus.
1503 5411 1597 5468 Sic
1649 5412 1828 5468 codex
1885 5412 2060 5469 Resb.

418 5483 762 5608 emendgre:
799 5485 958 5554 prior
996 5482 1193 5556 editio,
1246 5485 1505 5538 canonice
1539 5527 1552 5539 .
1589 5526 1601 5539 .
1637 5529 1652 5555 ,
1705 5489 2058 5556 contemptus,

417 5571 626 5626 corrup
656 5570 707 5610 e.
752 5625 761 5626 ί
1354 5625 1357 5626 ν
1740 5625 1743 5626 ν

487 5625 607 5698 (41)
622 5625 1039 5684 Produceretur.
1054 5626 1148 5684 Sic
1177 5643 1244 5683 ex
1264 5625 1443 5684 codex
1465 5626 1636 5684 Resb.
1662 5625 1821 5699 prior
1862 5627 2060 5696 editio,

2183 4663 2286 4714 ses,
2313 4646 2437 4716 jam
2467 4659 2616 4698 nunc
2638 4651 3009 4714 przeparasset
3064 4642 3328 4698 Dominus
3383 4656 3620 4710 regnum
3665 4645 3823 4698 tuum

2174 4751 2338 4807 super
2371 4733 2537 4789 Israel
2564 4733 2625 4787 in
2656 4734 3067 4804 sempiternum,
3092 4731 3185 4788 sed
3211 4746 3558 4803 nequaquam
3596 4746 3821 4802 regnum

2171 4830 2332 4881 tuum
2363 4821 2521 4878 ultra
2552 4827 2858 4892 consurget.
2891 4822 3157 4889 Quaesivit
3191 4821 3455 4877 Dominus
3491 4820 3600 4874 sibi
3637 4821 3819 4874 virum

2156 4917 2337 4988 juxta
2362 4926 2458 4968 cor
2484 4926 2667 4981 suum,
2687 4914 2738 4966 et
2761 4911 3028 4982 praecepit
3048 4912 3103 4966 ei
3150 4911 3436 4976 Dominus,
3458 4913 3522 4963 ut
3549 4914 3684 4964 esset
3704 4907 3822 4962 dux

2171 5017 2334 5075 super
2362 5001 2671 5074 populuum
2698 5015 2886 5068 suum,
2917 5014 2982 5056 eo
3029 4998 3166 5072 quod
3210 5014 3321 5054 non
3367 4999 3665 5054 servaveris
3701 5013 3823 5070 quae

2171 5091 2439 5166 pracepit
2461 5091 2729 5147 Dominus
2750 5089 2800 5162 (Ι
2813 5089 2938 5161 Reg.
2962 5105 3086 5160 xm,
3110 5086 3222 5160 13.)
3242 5085 3410 5143 Ozias
3448 5101 3682 5157 quoque
3701 5102 3820 5156 rex,

2177 5197 2313 5238 cum
2345 5195 2449 5252 per
2478 5178 2703 5250 aliquot
2731 5194 2916 5234 annos
2945 5175 3094 5234 Deos
3120 5177 3367 5244 favente,
3390 5174 3484 5230 cui
3515 5173 3719 5231 devote
3745 5177 3824 5232 fa-

2176 5268 2393 5326 mulari
2419 5268 2746 5334 videbatur,
2771 5266 3014 5323 feliciter
3037 5267 3336 5340 regnasset
3363 5263 3422 5319 in
3453 5262 3693 5336 populo,
3727 5270 3821 5320 ne-

2167 5417 2510 5486 procuretur.
2544 5409 2753 5486 Statim
2785 5409 2886 5486 ubi
2915 5426 2986 5486 ex
3015 5408 3216 5486 eodem
3279 5407 3475 5486 codice
3498 5405 3610 5486 edi
3641 5423 3816 5462 cura-

2169 5477 2363 5541 vimus
2393 5487 2693 5553 extortum,
2731 5480 3006 5553 Acherius
3035 5477 3315 5553 ediderat,
3348 5485 3622 5553 exortum.

2243 5556 2522 5629 (112)70um
2549 5550 2848 5627 fugientes.
2885 5553 2970 5629 Ita
2997 5551 3189 5629 legere
3229 5550 3491 5629 placuit;
3541 5566 3678 5607 nam
3718 5565 3818 5604 an-

2171 5622 2265 5686 tea
2293 5622 2515 5686 editum
2542 5622 2684 5698 erat,
2712 5627 2984 5684 asserunt.
3018 5622 3423 5696 confugientes.
