4116 6184
253 306 338 366 65
1126 304 1229 364 DE
1270 305 1706 370 PRESSURIS
1752 304 2413 367 ECCLESIASTICIS.
2470 343 2555 355 --
2598 313 2800 375 PARS
2848 316 2893 373 Ι.
3642 326 3719 388 66

254 438 442 494 fanda
474 435 720 490 tandem
754 433 1224 505 praesumptione
1254 439 1647 495 sacerdotium
1704 440 1942 510 insuper
1968 441 2021 506 Α
2052 441 2450 506 monstratur,
2489 444 2562 498 de
2595 461 2710 515 qua
2740 447 3022 519 scriptum
3053 455 3171 506 est:
3198 453 3277 508 Si:
3306 454 3464 510 homo
3488 457 3718 514 υειοαταά

253 534 468 583 contra
492 526 599 596 jus
632 524 891 595 arripere
918 522 1129 577 voluit.
1192 524 1299 580 Pro
1360 544 1477 599 qua
1530 528 1703 584 etiam
1740 528 1941 582 illicita
2049 527 2420 596 audiendum,
2460 534 2516 583 et
2565 535 2757 590 tardus
2803 537 2872 591 ad
2898 539 3077 595 iram:
3138 544 3224 595 ira
3253 546 3401 598 enim
3437 545 3717 615 justitiam

252 616 596 673 temeritate
615 612 781 685 lepra
804 628 1413 686 percussus,regnum
1436 634 1550 688 quo
1577 618 1834 690 legitime
1859 616 1940 672 uti
2048 618 2145 672 Dei
2172 632 2291 671 non
2320 629 2596 686 operatur
2615 626 2757 689 (Jac.
2785 643 2821 691 1,
2856 626 2940 692 19,
2972 628 3083 700 20).
3119 629 3262 685 Hinc
3321 612 3524 688 rursus
3570 635 3715 690 εει-ί..

252 711 508 780 poterat,
544 708 605 759 et
636 702 889 759 salutem
922 701 1157 756 amisit.
1192 707 1301 759 Per
1342 706 1499 761 viam
1557 724 1691 780 ergo
1722 707 1941 779 regiam
2052 710 2224 778 ptum
2250 709 2339 758 est
2362 721 2374 760 :
2396 710 2540 775 Quis
2559 720 2724 781 potest
2740 713 2986 769 habitare
3008 733 3129 771 cum
3154 718 3391 789 homine,
3425 724 3516 776 cui
3543 726 3712 794 spiri-

251 809 755 865 unumquemque
801 790 1120 846 ambulare
1177 798 1424 865 Oportet,
1487 797 1656 852 sicut.
1738 839 1750 851 .
1832 838 1844 852 .
1927 837 1940 849 .
2054 794 2351 865 tus/‘acilis
2381 805 2467 851 est
2498 800 2571 853 ad
2600 802 3185 873 irascendum?(Prov.
3246 825 3402 871 xvm,
3455 790 3711 881 l4.)-HOC

248 887 342 941 via
369 882 619 941 Domini
653 886 742 939 est
773 886 830 939 et
860 884 1046 947 recta,
1085 896 1181 935 ne.
1265 925 1276 938 .
1359 926 1373 940 .
1457 928 1469 940 .
1553 927 1567 941 .
1645 928 1656 941 .
1739 927 1752 940 .
1833 928 1845 939 .
1926 927 1939 939 .
2054 885 2273 939 iterum
2297 882 2828 944 dicitueroliesse
2855 908 2979 945 cum
3031 893 3250 950 homine
3290 898 3594 953 iracundo:
3622 916 3715 954 ne-

651 1016 664 1029 .
744 1014 756 1026 .
841 1013 855 1027 .
939 1011 950 1024 .
1043 1011 1056 1022 .
1145 1012 1160 1025 .
1241 1013 1255 1026 .
1339 1014 1351 1026 .
1445 1017 1457 1029 .
1539 1016 1552 1028 .
1633 1016 1647 1029 .
1741 1018 1753 1028 .
1834 1017 1847 1030 .
1928 1014 1941 1026 .
2056 989 2158 1044 que
2184 971 2437 1029 ambules
2465 992 2593 1031 cum
2622 977 3089 1047 hominefurioso,
3123 999 3192 1036 ne
3218 986 3359 1052 forte
3394 987 3571 1041 discas
3626 1004 3708 1043 se-

252 1110 264 1121 .
348 1108 360 1120 .
448 1107 461 1119 .
553 1105 566 1117 .
652 1105 665 1117 .
746 1103 759 1115 .
842 1102 854 1114 .
910 1060 1223 1114 dexteram
1286 1061 1620 1134 declinavit,
1679 1064 1777 1135 qui
1811 1063 1946 1135 plus
2054 1063 3204 1131 mitaseius,etsumasseandalumanimaz
3226 1076 3329 1127 tua:
3354 1073 3537 1144 (Prov.
3570 1093 3708 1147 xxu,

248 1170 424 1226 quam
460 1168 620 1223 opus
651 1154 742 1206 est
768 1149 907 1221 agit,
929 1149 1007 1204 ad
1034 1147 1371 1211 sinistram.
1455 1192 1468 1206 .
1548 1194 1563 1208 .
1646 1195 1658 1207 .
1738 1195 1750 1207 .
1834 1195 1846 1206 .
1929 1194 1941 1206 .
2056 1152 2168 1224 24),
2203 1155 2417 1209 Contra
2450 1153 2600 1210 hanc
2631 1156 2690 1209 in
2721 1155 2892 1210 laude
2924 1158 3213 1227 patientia
3244 1161 3527 1232 scriptum
3579 1168 3705 1219 est:

253 1287 266 1299 .
347 1287 361 1299 .
443 1284 456 1296 .
548 1282 560 1295 .
650 1285 663 1296 .
746 1281 758 1294 .
840 1281 853 1293 .
937 1281 949 1292 .
1040 1278 1053 1291 .
1092 1236 1417 1294 Psalmista
1444 1240 1563 1294 ait:
1627 1242 1807 1297 Deduc
1834 1257 1940 1305 me,
2057 1241 2255 1296 Melior
2291 1246 2371 1296 est
2402 1244 2487 1298 vir
2514 1245 2611 1314 qui
2642 1247 2807 1299 vincit
2838 1246 3000 1313 iram,
3035 1264 3199 1316 quam
3227 1250 3324 1318 qui
3342 1254 3488 1320 capit
3516 1254 3710 1306 civita-

252 1332 512 1395 Domine,
544 1331 607 1383 in
641 1330 731 1384 via
752 1331 855 1383 tua
876 1326 1057 1399 (Psal.
1093 1342 1273 1393 xxxv,
1309 1328 1421 1399 11).
1464 1329 1681 1384 Beatus
1712 1346 1947 1402 quoque
2057 1333 2165 1386 tem
2192 1348 2454 1401 magnam
2483 1334 2671 1405 (Prov.
2704 1351 2819 1403 xw,
2850 1335 2961 1403 32(.
2994 1335 3141 1389 Hinc
3181 1336 3361 1392 David
3396 1356 3707 1409 personam

251 1420 470 1476 Paulus
502 1415 811 1490 apostolus
843 1415 960 1481 ait;
1001 1415 1396 1488 Unusquisque
1424 1418 1485 1471 in
1544 1420 1845 1483 vocatione,
1889 1420 1955 1472 in
2060 1420 2119 1474 in
2147 1437 2209 1476 se
2241 1421 2611 1477 inﬁrmorum
2644 1439 2971 1490 assumens,
3005 1424 3123 1479 ait:
3162 1426 3422 1480 Turbatus
3486 1432 3563 1482 est
3585 1444 3708 1500 prae

253 1527 365 1584 qua
394 1512 618 1564 vocat-us
644 1514 743 1573 est,
776 1508 832 1561 in
864 1522 928 1559 ea
953 1509 1300 1576 permaneat
1333 1506 1381 1576 (Ι
1410 1504 1531 1560 Cor.
1576 1523 1652 1573 1v,
1712 1508 1804 1574 20)
1825 1524 1845 1561 :
1878 1523 1949 1562 ne
2060 1510 2149 1564 ira
2179 1511 2367 1565 oculus
2396 1527 2570 1566 meus.
2600 1513 2789 1582 Atque
2821 1527 2889 1567 ex
2918 1512 3047 1583 ipsa
3073 1514 3403 1569 turbatione
3441 1516 3583 1587 quid
3616 1534 3708 1573 se-

254 1602 396 1656 dum
427 1596 619 1653 ambit
650 1594 869 1662 illicita,
889 1594 1055 1665 juste
1088 1594 1311 1665 perdat
1343 1593 1659 1666 acquisita,
1720 1598 1779 1649 et
1808 1596 1949 1651 dum
2063 1603 2276 1669 quatur
2306 1600 2605 1670 adjunxit:
2664 1601 2971 1655 Invcleravi
3026 1603 3169 1657 inter
3214 1619 3400 1658 omnes
3452 1606 3709 1661 inimicos

256 1689 446 1746 aliena
476 1683 814 1741 ministeria
833 1699 1121 1754 usurpare
1138 1684 1545 1754 gaudet,jure
1563 1682 1623 1737 in
1652 1683 1767 1739 sibi
1788 1684 1949 1739 debi-
2060 1703 2205 1743 meos
2233 1690 2407 1757 (Psal.
2439 1706 2516 1759 v1,
2548 1690 2627 1757 8).
2652 1689 2729 1743 Ex
2751 1689 2836 1745 ira
2856 1689 3071 1762 quippe
3094 1708 3227 1747 cum
3244 1693 3514 1749 turbatus
3532 1694 3710 1749 fuerit

255 1776 327 1832 tis
360 1778 614 1848 torpeat.
652 1772 816 1829 Unde
844 1772 1075 1828 evenire
1105 1770 1291 1840 solet,
1358 1775 1424 1826 ut
1480 1771 1817 1840 seeoulares,
1852 1773 1953 1845 qui
1982 1819 2030 1883 B
2063 1776 2270 1832 oculus
2292 1778 2675 1846 cordis,inter
2703 1778 2962 1834 inimicos
2994 1784 3223 1836 nostros
3255 1782 3326 1835 ad
3357 1786 3709 1837 vetustatem

352 1864 365 1883 1
440 1864 481 1883 2,
510 1863 712 1883 .11--..4
753 1864 1117 1883 __“___M___L
1152 1860 1440 1883 ἔ..---.1-..-
1471 1861 1918 1883 J.‘__--!L:___-__
2106 1866 2159 1883 ,1
2221 1866 2257 1883 κ’
2541 1867 2552 1877 ο
2626 1866 2636 1877 ·
2692 1871 2700 1883 ι
2902 1867 2936 1883 1·
3189 1869 3198 1879 ο
3244 1869 3275 1883 ι.
3443 1871 3457 1883 1
3570 1875 3577 1883 .
3672 1871 3705 1883 .-

254 1863 719 1922 ecclesiasticam
753 1864 1121 1935 praesumunt
1152 1860 1445 1916 invadere
1465 1861 1947 1933 dispositionem,
1982 1860 2030 1883 υ
2064 1866 2419 1934 reducimur,
2455 1867 2593 1938 quia
2624 1866 2774 1921 inter
2804 1867 3090 1939 malignos
3114 1869 3357 1939 spiritus
3391 1871 3461 1924 ad
3494 1871 3709 1926 vetusti

254 1972 351 2011 nec
374 1952 655 2010 Ecclesia)
675 1950 1043 2007 orationibus
1056 1948 1735 2020 mereanturacquirere
1750 1966 1951 2022 pacem
2061 1954 2320 2008 hominis
2342 1953 2790 2009 similitudinem
2814 1972 3167 2010 revocamur.
3193 1958 3335 2012 Cum
3358 1957 3539 2028 igitur
3561 1959 3710 2014 iram

255 2061 353 2099 nec
384 2042 511 2099 suis
544 2040 786 2098 valeant
820 2040 999 2095 armis
1032 2038 1294 2109 adipisci
1326 2038 1661 2093 victoriam.
2063 2059 2192 2114 qua:
2227 2057 2323 2097 cor
2353 2048 2665 2113 permovet,
2690 2059 2856 2098 sacra
2877 2043 3106 2114 eloquia
3128 2049 3211 2099 tot
3236 2046 3587 2101 testimoniis
3610 2048 3711 2102 de-

319 2134 428 2189 Sed
464 2131 617 2187 dicit
652 2130 907 2202 aliquis;
944 2128 1247 2198 numquid
1281 2128 1482 2182 omnia
1515 2126 1678 2182 mala
1708 2144 1833 2199 qua:
1869 2131 1953 2183 fe-
2065 2132 2809 2202 testentur,perpendamus
2832 2149 2949 2203 qua
2971 2132 3713 2190 intentionedebemusboc

259 2223 433 2279 cerint
493 2220 865 2289 sacerdotes,
929 2217 1232 2289 portanda
1290 2216 1480 2270 sunt?
1542 2218 1771 2281 Quibus
1818 2235 1954 2273 con-
2064 2219 2273 2273 vitium
2306 2219 2525 2289 fugere,
2559 2220 2713 2289 quod
2746 2220 3079 2289 Deojudice
3110 2221 3169 2274 in
3192 2221 3527 2277 testimonio
3551 2223 3711 2278 illius

256 2315 531 2385 gruenter
566 2309 985 2381 respondetur,
1018 2305 1177 2376 quod
1239 2321 1274 2358 a
1328 2304 1614 2376 pluribus
1666 2308 1957 2377 portanda
2068 2308 2241 2363 toties
2300 2308 2665 2377 reprobatur.
2726 2309 2866 2362 Item
2926 2309 2997 2363 ad
3053 2308 3470 2364 Godescalcum
3503 2311 3714 2367 ducem

257 2407 449 2473 sunt,a
469 2398 845 2473 quibusdam
866 2411 1002 2451 vero
1026 2394 1355 2450 secundum
1378 2396 1677 2451 creditam
1702 2396 1815 2450 sibi
1840 2396 1956 2451 dis-
2067 2397 2435 2468 Campagniae
2464 2397 2645 2466 (Idem
2677 2396 2741 2451 R.
2774 2396 2942 2468 Greg.
2979 2396 3016 2450 l.
3049 2414 3171 2463 vm,
3205 2401 3359 2469 egist.
3386 2401 3471 2472 12)
3498 2416 3511 2454 :
3549 2421 3575 2452 «ι
3607 2400 3715 2457 Illa

259 2491 673 2565 pensationem
714 2503 851 2542 cum
883 2482 1142 2540 maxima
1173 2482 1403 2539 cautela
1435 2488 1597 2541 sunt
1631 2486 1951 2557 arguenda.
2070 2485 2516 2557 praepositorum
2540 2484 2870 2540 sollicitudo
2902 2484 3083 2550 utilis,
3114 2485 3216 2540 illa
3244 2491 3333 2541 est
3355 2488 3716 2544 cautelalau-

257 2577 674 2637 Temereenim
699 2576 771 2631 ab
795 2571 1137 2629 hominibus
1161 2574 1954 2642 nonsuntillidiscutiendi,
2070 2573 2306 2640 dabilis,
2341 2574 2397 2627 in
2432 2590 2548 2644 qua
2571 2577 2760 2628 totum
2793 2574 2938 2628 ratio
2971 2574 3109 2645 agit,
3143 2580 3201 2630 et
3230 2576 3392 2631 furor
3432 2576 3541 2631 sibi
3565 2578 3713 2653 nihil

261 2669 362 2741 qui
390 2672 446 2738 [α
476 2667 622 2736 Deo]
656 2666 1003 2737 potestatem
1031 2666 1374 2733 acceperunt
1397 2665 1615 2721 etiam
1644 2663 1714 2717 de
1735 2662 1958 2735 angelis
2067 2662 2345 2717 vindicat.
2370 2662 2794 2734 Restringenda
2817 2679 2950 2735 ergo
2973 2663 3082 2718 sub
3098 2666 3318 2719 ratione
3330 2670 3585 2735 potestas
3603 2672 3713 2739 est,

256 2756 591 2829 judicandi.
627 2758 774 2809 Nam
810 2756 876 2806 ut
906 2749 985 2806 ait
1013 2750 1216 2805 beatus
1248 2752 1646 2822 Augustinus
1677 2752 1779 2823 (lib
1826 2770 1866 2807 11
1896 2753 1961 2808 de
2070 2756 2129 2807 et
2153 2767 2258 2805 nec
2289 2751 2611 2823 quidquam
2644 2752 3317 2823 agendum,priusquam
3338 2754 3626 2810 concitata
3642 2757 3714 2811 ad

268 2848 535 2903 Sermone
566 2844 789 2901 Domini
842 2857 905 2896 in
952 2844 1149 2910 monte,
1206 2856 1255 2894 c.
1315 2839 1477 2910 18.):
1527 2863 1562 2895 (ι
1612 2842 1962 2913 Plerumque
2072 2839 2561 2913 tranquillitatem
2580 2840 3554 2898 mensredcat.Namcommotionis
3576 2849 3722 2899 tem-

269 2935 420 2993 nihil
444 2938 624 2991 nocet
643 2933 695 2988 ei
718 2933 788 2987 de
811 2946 925 3001 quo
948 2928 1511 3001 temerejudicatur,
1541 2932 1606 2986 ei
1641 2934 1836 2987 autem
1860 2932 1960 3003 qui
2073 2946 2213 3002 pore
2235 2929 2467 2999 justum
2500 2932 2670 3001 putat
2700 2928 2785 2982 ira
2816 2944 2987 2984 omne
3018 2930 3171 3000 quod
3205 2931 3422 3000 fecerit,
3458 2933 3553 2987 sed
3580 2938 3636 2988 et
3667 2934 3719 2989 si

272 3033 499 3082 temere
523 3023 780 3095 judicat,
812 3020 943 3090 ipsa
970 3017 1270 3072 temeritas
1326 3024 1415 3072 est
1472 3036 1730 3076 necesse
1760 3024 1825 3074 ut
1856 3037 1957 3074 no-
2073 3034 2312 3073 oramus
2345 3023 2407 3073 ut
2437 3019 2496 3072 in
2530 3018 2616 3073 ira
2647 3034 2679 3072 a
2700 3016 2945 3071 Domino
2969 3035 3079 3072 non
3110 3020 3723 3094 corrripiamur,expe-

277 3120 425 3170 ceat.
462 3136 492 3163 »
529 3113 603 3166 Et
633 3112 773 3164 item
800 3124 813 3161 :
845 3130 872 3156 ‹‹
907 3107 1013 3171 Qui
1048 3106 1204 3160 enim
1236 3110 1423 3171 nocet,
1488 3109 1581 3162 ait
1630 3107 1964 3179 Apostolus,
2076 3105 2162 3159 dit
2184 3109 2247 3158 ut
2268 3103 2413 3160 alios
2431 3122 2564 3160 cum
2588 3105 2675 3159 ira
2698 3103 3484 3177 nonjudicemus.Scriptum
3506 3109 3727 3181 quippe

278 3202 497 3274 recipit
530 3201 590 3254 id
625 3198 780 3270 quod
814 3195 995 3250 novit.
1034 3216 1061 3241 »
1094 3194 1161 3247 Et
1188 3194 1475 3249 Dominus
1504 3196 1572 3250 in
1605 3196 1914 3267 Evangelio
1944 3212 1957 3248 :
1994 3183 2035 3248 C
2076 3198 2200 3249 est:
2236 3193 2543 3249 Memorare
2601 3194 2860 3246 timorem
2917 3192 3156 3260 Domini,
3210 3196 3261 3248 et
3315 3211 3426 3249 non
3456 3198 3724 3255 irascaris

283 3296 343 3348 In
366 3307 476 3363 quo
511 3288 730 3360 judicio
765 3282 1174 3355 judicaveritis,
1198 3281 1630 3349 judicabimini:
1665 3293 1717 3339 et
1769 3286 1827 3337 in
1856 3301 1965 3355 qua
2076 3283 2331 3354 proximo
2362 3283 2562 3351 (Eccli.
2595 3296 2796 3347 xxvm,
2823 3281 2895 3343 8).
2928 3299 2953 3330 ιι
2993 3282 3060 3336 Et
3108 3282 3311 3338 beatus
3358 3286 3724 3357 Augustinus

282 3393 564 3436 mensura
584 3374 763 3428 mensi
772 3372 1337 3442 ['uerilis,remetzetur
1355 3369 1735 3441 vobis(Matth.
1761 3390 1859 3439 v11,
1884 3373 1961 3438 2).
2078 3371 2161 3425 ait
2184 3387 2195 3425 :
2225 3370 2331 3432 Qui
2357 3370 2660 3426 irascendo
2684 3384 2746 3424 se
2772 3368 3089 3425 terribilem
3109 3373 3361 3427 ostendit
3389 3374 3572 3443 fratri,
3606 3379 3724 3433 ter-

288 3469 542 3541 Oportet
568 3478 706 3532 ergo
728 3476 827 3515 eos
852 3459 1069 3530 quibus
1084 3456 1229 3512 alios
1254 3458 1554 3527 judicandi
1580 3461 1861 3517 attributa
1876 3465 1965 3516 est
2078 3476 2267 3514 rorem
2290 3458 2471 3517 divini
2488 3458 2701 3531 judicii
2734 3457 3065 3514 sustinebit.
3090 3459 3199 3515 Sed
3224 3460 3331 3516 hoc
3354 3480 3467 3520 non
3491 3470 3725 3525 tantum

289 3562 587 3631 potestas,
622 3557 741 3605 tam
773 3549 1037 3603 modeste
1068 3546 1177 3601 hoc
1210 3562 1398 3617 agere,
1423 3552 1488 3602 ut
1518 3550 1857 3607 redeuntem
1892 3552 1963 3606 ad

289 3665 355 3703 se
387 3645 678 3701 talionem
710 3637 955 3693 minime
985 3635 1448 3708 perhorrescant.
1508 3637 1759 3695 Caveant
1788 3641 1964 3696 etiam

292 3752 370 3791 ne
393 3732 534 3789 odio
560 3732 661 3784 aut
683 3726 1031 3794 invidia,seu
1065 3741 1169 3796 pro
1191 3723 1389 3796 aliqua
1419 3724 1735 3785 inimicitia
1761 3735 1971 3786 contra.

290 3821 604 3897 proximos
628 3816 943 3889 plusquam
966 3829 1222 3886 praesens
1236 3812 1494 3885 postulet
1506 3816 1966 3885 actio,invehan-

2078 3566 2111 3604 a
2141 3548 2490 3605 Christianis
2521 3555 2575 3605 et
2605 3546 2930 3615 catholicis,
2962 3565 3163 3605 verum
3193 3550 3368 3607 etiam
3418 3570 3451 3609 a
3479 3558 3726 3627 paganis

2077 3640 2450 3696 observatum
2483 3642 2541 3696 in
2576 3638 2780 3694 multis
2813 3639 3160 3711 invenimus,
3219 3640 3443 3698 scilicet
3497 3651 3563 3700 ut
3593 3646 3727 3705 irati

2078 3730 2375 3785 neminem
2406 3730 2721 3793 discutere,
2763 3730 2865 3781 aut
2893 3730 3099 3798 punire
3157 3738 3597 3802 prazsumerent.
3630 3737 3729 3794 Ait

2079 3818 2236 3874 enim
2266 3819 2653 3874 Terentianus
2687 3814 3002 3888 philopbus
3034 3819 3105 3874 ad
3144 3819 3404 3878 villicum
3435 3840 3608 3880 suum
3636 3843 3649 3882 :
3683 3827 3726 3883 Ο

293 3921 420 3970 tur.
456 3907 901 3964 Praevidendum
934 3919 1167 3973 quoque
1199 3919 1270 3957 ne
1303 3903 1631 3972 fraudibus,
1672 3908 1762 3962 vel
1796 3925 1966 3963 man-

295 4000 467 4057 datis
500 3994 900 4052 accusantium
928 3990 1048 4047 ullo
1073 3991 1243 4045 modo
1273 3990 1740 4064 decipiantur,ne
1764 3996 1965 4051 adula-

292 4090 416 4152 tio,
452 4101 551 4139 seu
581 4082 889 4139 oblectatio
922 4080 1116 4136 locum
1146 4079 1555 4149 obtineant,ne
1581 4098 1968 4153 personarum

295 4174 458 4233 inibi
492 4174 567 4227 sit
596 4170 873 4243 acceptio,
899 4174 1001 4224 aut
1026 4167 1354 4245 affinitatis,
1388 4173 1490 4223 aut
1521 4169 1773 4243 alicujus
1795 4173 1973 4229 clien-

298 4264 438 4323 telae
464 4264 784 4332 respectus,
818 4274 959 4313 neve
980 4256 1361 4313 exardescant
1390 4257 1450 4311 in
1480 4257 1587 4330 ira,
1624 4277 1749 4332 quas
1768 4262 1970 4333 procul

300 4374 335 4412 θ.
360 4351 596 4425 judicio
628 4349 864 4405 omnino
896 4348 1067 4403 debet
1098 4344 1325 4417 expelli.
1360 4345 1454 4401 Ait
1483 4348 1641 4404 enim
1686 4351 1971 4407 Dominus
2082 4368 2214 4407 care
2238 4358 2558 4423 praesumat
2585 4371 2597 4421 ;
2623 4351 2760 4423 quia
2784 4352 3051 4424 quamvis
3074 4370 3209 4410 vera
3229 4355 3367 4424 sint,
3394 4374 3506 4412 non
3530 4363 3728 4416 tamen

303 4448 367 4501 in
402 4439 713 4511 Evangelio
755 4438 943 4493 Omnis
1001 4438 1097 4508 qui
1150 4437 1417 4490 irascitur
1468 4439 1642 4506 fratri
1696 4456 1811 4508 suo,
1844 4458 1973 4496 reus
2083 4441 2372 4497 credenda
2391 4448 2551 4509 sunt,
2576 4441 2687 4497 nisi
2711 4458 2835 4513 qua}
2862 4442 3188 4499 manifestis
3210 4444 3445 4501 incidiis
3465 4464 3732 4521 compro-

306 4536 416 4590 erit
437 4530 659 4602 judicio
690 4527 899 4598 (Matth.
933 4529 1104 4594 v,22).
1135 4526 1203 4580 Et
1228 4525 1433 4581 beatus
1462 4528 1715 4584 Jacobus
1737 4535 1972 4603 aposto-
2010 4554 2057 4617 Β
2086 4532 2318 4600 bantur,
2352 4532 2464 4586 nisi
2498 4549 2624 4603 quas
2658 4531 2971 4586 manifesto
3022 4533 3251 4603 judicio
3284 4535 3727 4608 convincuntur,

306 4625 447 4678 lus:
481 4622 578 4675 Ira
597 4620 746 4674 enim
776 4617 883 4671 viri
910 4616 1289 4685 iustitiamDei
1319 4631 1428 4671 non
1474 4622 1736 4687 operatur
1763 4621 1901 4691 (Jac.
1931 4639 1971 4688 1,
2088 4620 2200 4676 nisi
2232 4637 2358 4691 quae
2382 4619 2695 4691 judiciario
2728 4620 2927 4676 ordine
2948 4622 3343 4692 publicentur.
3376 4644 3401 4675 η

304 4714 425 4783 20).
462 4711 534 4764 Et
568 4708 744 4764 item:
777 4708 942 4761 Homo
973 4707 1184 4761 homini
1233 4708 1411 4761 servat
1469 4708 1639 4774 iram,
1698 4714 1748 4764 et
1796 4726 1832 4764 a
1872 4712 1972 4766 Deo

309 4801 515 4875 quaerit
542 4798 813 4853 medelam
841 4797 1026 4867 (Eccli.
1060 4812 1253 4865 xxvm,
1289 4796 1363 4867 3).
1425 4794 1701 4853 Salomon
1753 4799 1970 4871 quippe

309 4891 396 4947 ait
425 4908 438 4944 :
466 4890 557 4943 Ira
579 4889 639 4940 in
654 4888 785 4941 sinu
805 4886 960 4941 stulti
980 4886 1267 4956 requiescit
1292 4885 1478 4955 (Eccli.
1524 4902 1624 4953 vn,
1661 4888 1770 4958 10).
1808 4887 1970 4942 Unde

312 4985 375 5036 et
406 4980 616 5033 beatus
649 4975 962 5047 Gregorius
994 4976 1064 5029 ad
1103 4974 1405 5030 Leontium
1430 4976 1803 5031 excousulem
1834 4978 1972 5033 scri-

314 5075 471 5124 bens
502 5066 585 5121 ait
614 5066 733 5133 (lib.
769 5080 893 5130 VIII,
925 5064 1082 5134 epist.
1112 5064 1203 5135 51)
1230 5081 1241 5118 :
1284 5082 1305 5111 α
1332 5063 1568 5128 Quoties
1593 5063 1680 5119 ira
1706 5065 1971 5121 animum

315 5156 570 5222 invadit,
606 5158 861 5210 mentem
893 5153 1120 5223 edoma,
1152 5152 1317 5209 vince
1347 5152 1801 5223 teipsum,ditfer
1821 5161 1973 5209 tem-

2077 3911 2133 3961 te
2164 3905 2475 3976 infelicem,
2511 3921 2687 3978 quem
2720 3904 3083 3977 afﬁ‘ictarem,
3119 3908 3231 3963 nisi
3290 3910 3473 3967 iratus
3512 3929 3726 3971 essem.

2152 3999 2433 4051 Praeterea
2463 3994 2863 4067 quodincerta
2911 3996 3175 4064 judicare
3233 4016 3347 4054 non
3389 4001 3727 4075 debeamus,

2080 4083 2350 4155 plurimis
2381 4084 2688 4141 sententiis
2746 4083 3076 4139 edocemur.
3136 4084 3299 4141 Unde
3354 4088 3730 4148 beatissimus

2082 4172 2442 4246 papaJulius
2469 4175 2549 4229 ait
2571 4176 2656 4246 (In
2669 4174 2831 4241 epist.
2854 4176 3026 4227 contr.
3054 4174 3260 4230 Orienl.
3320 4193 3417 4248 pro
3438 4177 3726 4249 Alhanas.,

2082 4279 2129 4318 ο.
2164 4263 2290 4333 19);
2321 4284 2348 4313 ‹‹
2379 4264 2606 4320 Incerta
2637 4278 2897 4334 unquam
2956 4263 3156 4319 nullus
3200 4267 3541 4337 pontiﬁcum
3567 4270 3733 4340 judi-

2156 4711 2301 4766 Deus
2326 4726 2557 4781 quoque
2590 4709 2981 4780 omnipotens,
3016 4716 3081 4766 ut
3108 4728 3213 4767 nos
3246 4731 3279 4767 a
3310 4714 3730 4787 praecipitantia

2081 4799 2381 4855 sententiae
2412 4799 2735 4871 prolatione
2776 4807 3189 4871 compesceret,
3223 4803 3316 4857 cui
3348 4806 3547 4861 omnia
3578 4807 3735 4861 nuda

2080 4894 2137 4944 et
2167 4893 2366 4953 aperta
2397 4893 2537 4942 sunt
2566 4887 2752 4943 oculis
2783 4890 2930 4959 ejus,
2994 4890 3151 4945 mala
3208 4897 3402 4949 tamen
3462 4895 3730 4950 Sodomae

2082 4976 2269 5031 noluit
2301 4976 3040 5047 praecipitanterjudicarc.
3076 4979 3182 5042 Qui
3217 4981 3332 5036 ait:
3377 4983 3731 5049 Descendam,

2082 5073 2132 5120 et
2158 5066 2354 5121 videbo
2377 5073 2563 5119 utrum
2622 5066 2914 5121 clamorem
2961 5070 3056 5137 qui
3118 5072 3263 5124 veni:
3318 5070 3387 5125 ad
3431 5087 3517 5123 me
3574 5084 3734 5139 opere

2086 5154 2497 5225 compleverint:
2518 5171 2589 5209 an
2604 5172 2717 5209 non
2746 5160 2822 5210 est
2852 5156 2952 5220 ita,
2970 5160 3030 5210 ut
3047 5160 3219 5212 sciam
3242 5158 3391 5227 (Gen.
3426 5173 3586 5219 xvm,
3616 5158 3731 5227 27).

314 5263 435 5320 pus
460 5244 692 5298 furoris.
719 5243 863 5298 Cum
887 5240 1204 5312 tranquilla
1225 5258 1389 5298 mens
1412 5242 1767 5314 t'uerit,quod
1788 5243 1976 5314 placet
2084 5244 2468 5315 Omnipotens
2486 5243 2681 5315 itaque
2703 5246 2987 5301 Dominus
3012 5248 3210 5302 omnia
3227 5247 3436 5312 sciens,
3472 5261 3576 5302 cur
3598 5252 3734 5304 ante

305 5335 546 5408 judica.
580 5355 607 5382 ››
640 5333 707 5388 Et
738 5331 911 5403 paulo
934 5336 1098 5403 post;
1127 5330 1419 5393 «Quando
1451 5332 1609 5387 enim
1642 5333 1702 5388 in
1732 5350 1974 5389 exsecu-
2086 5332 2487 5404 probationem
2512 5333 2678 5405 quasi
2701 5333 2931 5390 dubitat
2962 5374 2973 5387 .
3056 5375 3069 5388 .
3150 5375 3162 5388 .
3244 5374 3255 5386 .
3338 5374 3350 5387 .
3431 5375 3445 5389 .
3527 5378 3542 5391 .
3622 5377 3636 5392 .
3714 5378 3733 5396 .

315 5422 741 5493 tionejustitize
766 5420 1556 5493 placatamenteirascimur,
1608 5422 1975 5479 iracundiam
2088 5463 2101 5477 .
2187 5463 2199 5476 .
2282 5464 2293 5477 .
2372 5461 2388 5478 .
2471 5465 2481 5478 .
2566 5464 2578 5476 .
2659 5465 2671 5478 .
2754 5466 2767 5479 .
2850 5466 2863 5478 .
2946 5438 3168 5492 .quam
3199 5422 3465 5493 probare.
3502 5424 3645 5481 Hinc
3676 5431 3734 5482 et

318 5518 383 5570 et
415 5528 535 5567 non
569 5510 888 5582 sequimur,
921 5516 975 5565 et
1005 5510 1368 5565 exhibemus.
1396 5532 1423 5558 »
1450 5511 1538 5565 lra
1567 5512 1722 5567 enim
1745 5514 1977 5585 quaaju-
2085 5512 2293 5566 beatus
2322 5512 2635 5585 Apostolus
2666 5512 2737 5567 ad
2767 5511 3133 5566 Timotheum
3161 5528 3173 5566 :
3206 5511 3477 5569 Adversus
3507 5514 3731 5585 presby-

322 5601 557 5661 stitiam
571 5600 1111 5674 perturbat,quanta
1124 5599 1974 5674 considerationecavendaest,
2086 5607 2265 5660 temm
2292 5603 2686 5660 accusationem
2708 5617 2777 5657 ne
2805 5599 3061 5672 recipias.
3116 5599 3187 5659 Et
3214 5602 3392 5677 paulo
3420 5607 3585 5677 post:
3620 5604 3730 5661 De-
