4116 6184
439 344 515 403 67

1455 330 1796 393 A'l‘TONIS
1839 328 2427 392 VERCELLENSIS
2471 327 2827 412 EPISCOPI

3765 337 3844 396 68

437 473 743 543 linquentes
771 476 954 524 autem
1010 482 1200 523 coram
1253 463 1508 520 omnibus
1559 478 1737 535 argue
1792 465 1851 516 ut
1893 463 2081 516 caeteri
2112 465 2166 529 Α
2196 461 2474 516 adversus
2498 459 2901 516 auctoritatem
2927 459 3147 532 proprii
3203 459 3461 533 episcopi
3519 466 3718 519 contra
3738 464 3842 534 jus

439 566 642 617 metum
670 559 904 614 habeant
964 559 1007 628 (ι
1069 557 1202 611 Tim.
1260 573 1314 621 v,
1372 553 1480 620 19).
1537 552 1660 606 Non
1709 551 1863 606 enim
1918 549 2082 605 facile

433 649 590 706 credi
619 649 791 704 debet
819 647 891 702 de
919 645 1212 718 episcopo,
1271 642 1358 698 vel
1416 641 1771 714 presbytero,
1829 655 2078 710 quorum

431 740 573 795 ordo
603 737 794 800 adhuc
823 735 1045 792 divisus
1076 750 1193 788 non
1224 736 1368 797 erat,
1399 728 1665 802 quamvis
1723 728 1808 784 eis
1856 727 2076 783 crimen

431 826 763 899 objiciatur,
796 824 910 880 nisi
943 823 1254 896 probetur;
1289 819 1425 892 quia
1455 818 1814 873 sacerdotem
1854 815 2075 871 nemini

431 913 879 979 damnarelicet,
900 913 1013 967 nisi
1038 913 1359 982 autsponte
1383 908 1739 970 confessum,
1763 909 1865 960 aut
1887 903 2074 976 legiti-

430 1003 544 1060 mis
569 1003 817 1059 testibus
835 999 1112 1056 canonice
1129 997 1591 1068 comprobatum.
1614 995 1833 1050 Tamen
1863 993 1909 1048 si
1931 992 2073 1064 legi-

425 1092 570 1147 time
591 1091 903 1163 probatum
918 1087 1003 1144 vel
1020 1086 1397 1142 manifestum
1418 1084 1593 1140 fuerit
1609 1083 1759 1152 quod
1775 1083 2070 1152 objectum

425 1184 534 1245 est,
569 1178 798 1250 publice
827 1183 916 1233 est
961 1175 1318 1248 arguendus,
1382 1179 1446 1228 ut
1500 1173 1691 1228 caeteri
1719 1175 2066 1226 terreantur.

425 1269 566 1324 Cum
591 1268 747 1323 enim
769 1267 964 1321 vident
989 1268 1220 1320 tantum
1243 1263 1431 1318 virum
1455 1261 1667 1318 erroris
1699 1277 1878 1316 causa
1890 1259 2064 1316 corri-

425 1357 503 1430 pi,
538 1371 773 1412 necesse
804 1358 894 1410 est
926 1358 988 1409 ut
1021 1353 1226 1425 reliqui
1259 1351 1370 1408 sibi
1403 1355 1660 1406 caveant.
1711 1348 1859 1404 Illud
1891 1349 2066 1404 etiam

421 1447 592 1519 plane
616 1444 1034 1500 attendendum
1059 1448 1146 1498 est
1167 1442 1322 1514 quod
1348 1441 1629 1495 Dominus
1649 1438 2067 1510 aitinEvange-

417 1535 496 1592 lio
525 1551 539 1590 :
564 1535 740 1590 Nolite
779 1540 907 1588 ante
934 1535 1145 1603 tempus
1165 1531 1444 1600 judicare,
1480 1528 1656 1600 quoad
1686 1544 1855 1598 usque
1877 1529 2066 1582 veniat

415 1624 704 1689 Dominus,
735 1624 832 1695 qui
857 1629 907 1676 et
938 1620 1288 1676 iltuminabit
1327 1617 1657 1674 abscondita
1709 1619 2065 1673 tenebrarum

417 1718 469 1768 et
487 1712 865 1783 manifestabit
890 1711 1122 1765 consilia
1143 1708 1392 1764 cordium
1447 1709 1493 1778 (I
1524 1708 1643 1763 Cor.
1705 1723 1779 1776 ιν,
1813 1706 1886 1777 5).
1937 1705 2061 1761 Non

417 1803 575 1858 enim
608 1805 797 1872 potest
829 1799 1086 1854 humano
1117 1797 1488 1853 condemnari
1548 1795 1834 1862 examine,
1885 1811 2059 1866 quem
2092 1839 2139 1903 B

413 1891 570 1946 Deus
603 1906 709 1944 suo
771 1887 1083 1944 reservavit
1125 1887 1371 1958 judicio.
1427 1883 1850 1941 Constantinus
1880 1885 2057 1939 etiam

413 1977 830 2034 sanctissimus
860 1977 1201 2047 imperator,
1261 1992 1394 2030 cum
1453 1974 1513 2028 in
1572 1973 1806 2029 Nicaena
1836 1973 2057 2045 synodo

412 2066 712 2139 querelam
745 2064 1137 2136 quorumdam
1170 2063 1577 2135 episcoporum
1601 2078 1797 2116 coram
1821 2078 1882 2116 se
1908 2061 2059 2118 dela-

410 2162 536 2211 tam
566 2153 948 2225 conspiceret,
981 2153 1098 2208 ait:
1131 2152 1249 2208 Vos
1280 2170 1313 2207 a
1341 2151 1573 2207 nemine
1609 2150 1860 2222 judicari
1894 2157 2056 2223 pote-

410 2245 539 2312 stis,
591 2244 730 2316 quia
759 2242 942 2298 solius
971 2241 1072 2296 Dei
1094 2240 1318 2312 judicio
1349 2240 1744 2296 reservamini.
1780 2240 1868 2294 Dii
1899 2241 2052 2295 enim

406 2332 594 2388 vocati
617 2332 783 2398 estis,
806 2330 1020 2385 idcirco
1041 2345 1154 2385 non
1176 2329 1418 2401 potestis
1442 2329 1512 2384 ab
1535 2329 2052 2400 hominibusjudi-

407 2422 548 2477 cari.
574 2421 737 2486 Quod
760 2425 817 2475 et
838 2418 1120 2474 Dominus
1145 2418 1203 2472 in
1227 2418 1420 2472 Exodo
1451 2418 1763 2472 ostendens
1796 2417 1877 2471 ait
1904 2434 1916 2471 :
1943 2418 2056 2472 Diis

399 2527 470 2566 ne
498 2509 782 2576 detrahas,
841 2513 894 2563 et
949 2509 1198 2578 principi
1244 2507 1444 2578 populi
1500 2506 1582 2560 tui
1638 2522 1708 2561 ne
1753 2506 2056 2562 maledicas

401 2598 592 2669 (Exod.
626 2614 765 2668 xxu,
797 2597 910 2667 28).
961 2596 1029 2650 Et
1059 2596 1263 2650 beatus
1295 2593 1608 2666 Gregorius
1640 2593 2053 2664 imperatorem

403 2687 756 2743 Mauricium
785 2686 842 2740 in
877 2685 984 2740 hoc
1019 2683 1267 2740 laudans
1322 2683 1404 2738 ait
1461 2683 1560 2749 (lib
1618 2698 1680 2748 ιι,
1730 2685 1886 2754 epist.
1917 2684 2048 2754 56):

402 2777 598 2842 «Quia
619 2773 980 2831 serenissimi
1003 2773 1222 2829 domini
1251 2771 1620 2844 imperatoris
1646 2772 1910 2826 animum
1934 2789 2050 2828 non

403 2866 765 2937 ignoramus,
804 2863 959 2935 quod
987 2879 1050 2918 se
1081 2863 1140 2916 in
1173 2861 1368 2917 causis
1399 2861 1770 2920 sacerdotum
1808 2861 2049 2916 miscere

403 2970 518 3009 non
551 2953 754 3023 soleat,
787 2968 858 3007 ne
889 2951 1105 3007 nostris
1136 2950 1194 3005 in
1229 2950 1426 3021 aliquo
1460 2949 1712 3021 peccatis
1757 2952 2046 3021 gravetur.

402 3042 546 3098 Item
578 3042 650 3098 ad
674 3042 962 3098 Joannem
982 3040 1346 3096 defensorem
1374 3055 1388 3094 :
1415 3039 1494 3094 De
1523 3053 1772 3108 persona
1801 3039 2044 3111 presby-

397 3132 507 3188 teri
540 3131 647 3186 hoc
677 3129 1096 3186 attendendum
1129 3133 1236 3198 est,
1300 3128 1438 3200 quia
1492 3126 1541 3182 si
1596 3144 1772 3198 quam
1806 3143 2044 3183 causam

394 3220 622 3289 habuit,
655 3236 771 3275 non
803 3219 874 3275 ab
906 3218 1020 3274 alio
1049 3217 1254 3285 teneri,
1317 3217 1418 3272 sed
1480 3216 1819 3288 episcopum
1854 3215 2042 3288 ipsius
2073 3205 2115 3270 C

397 3309 545 3364 adiri
566 3308 787 3364 debuit.
818 3330 846 3358 ››
873 3306 1254 3363 Beatissimus
1275 3306 1446 3361 etiam
1465 3304 1752 3378 Sylvester
1771 3321 2043 3360 summus

393 3397 652 3469 pontifex
683 3397 764 3468 (in
794 3396 1039 3468 Epilog.,
1072 3401 1128 3449 et
1155 3410 1283 3466 cap.
1313 3395 1346 3448 3
1377 3410 1524 3449 conc.
1585 3394 1780 3462 Rom),
1827 3397 1883 3448 et
1911 3393 2040 3448 uni-

389 3485 632 3541 versalis
658 3486 961 3557 apostolus
991 3483 1232 3540 collecta
1261 3483 1481 3555 synodo
1511 3481 1569 3535 in
1600 3486 1803 3536 sancta
1839 3486 1896 3536 et
1947 3497 2038 3537 ve-

387 3574 633 3630 nerabili
665 3574 928 3630 Romana
957 3572 1216 3628 Ecclesia
1246 3588 1348 3643 per
1376 3569 1575 3626 omnia
1621 3569 1939 3636 interdixit,
1975 3574 2039 3625 ut

386 3661 585 3719 nullus
613 3662 799 3719 laicus
831 3663 1053 3718 crimen
1085 3661 1295 3717 clerico
1326 3659 1538 3715 audeat
1595 3658 1828 3724 inferre,
1887 3662 1944 3712 et
1975 3662 2039 3712 ut

382 3753 688 3824 presbyter
716 3769 830 3808 non
865 3753 1148 3808 adversus
1180 3749 1544 3820 episcopum,
1609 3763 1711 3803 nec
1755 3748 2035 3802 diaconus

381 3840 660 3897 adversus
689 3843 1120 3914 presbyterum,
1153 3855 1268 3894 non
1299 3836 1697 3893 subdiaconus
1755 3836 2034 3892 adversus

379 3928 834 4001 diaconum,non
851 3928 1154 4001 acolythus
1168 3928 1447 3983 adversus
1461 3925 2032 3990 subdiaconum,non

377 4019 665 4074 exorcista
696 4020 976 4074 adversus
1006 4015 1364 4088 acolythum,
1395 4032 1511 4071 non
1541 4014 1724 4070 lector
1753 4014 2032 4071 adversus

376 4107 745 4173 exorcistam,
780 4124 894 4163 non
928 4106 1204 4162 ostiarius
1261 4105 1540 4161 adversus
1596 4103 1890 4168 lectorem,
1935 4104 2032 4158 det

375 4197 804 4253 accusationem
829 4194 1184 4266 aliquam.Et
1205 4210 1320 4248 non
1344 4195 1656 4250 damnetur
1678 4191 2028 4264 praesul,nisi

375 4283 435 4338 in
468 4285 846 4357 septuaginta
877 4283 1126 4348 duobus,
1180 4298 1368 4354 neque
1427 4279 1639 4353 praesul
1694 4296 1966 4335 summus
1996 4296 2030 4334 a

373 4372 1026 4444 quoquamjudicetur:
1054 4370 1334 4442 quoniam
1360 4370 1644 4441 scriptum
1668 4374 1759 4425 est
1782 4371 1926 4425 :Non
1954 4378 2031 4425 est

371 4462 678 4533 discipulus
706 4477 877 4532 supra
906 4461 1236 4529 magistrum
1294 4458 1504 4530 (Matth.
1568 4475 1622 4529 x,
1667 4457 1777 4528 24).
1813 4459 2025 4514 Beatus

372 4547 1140 4637 quoquePaulusapostolus
1153 4548 1314 4602 aitad
1327 4546 1699 4637 Timotheum
1717 4546 2021 4637 :Seniorem
2048 4573 2096 4637 D

369 4653 439 4692 ne
468 4639 862 4708 increpaveris,
913 4636 1003 4690 sed
1035 4637 1251 4692 obsecra
1280 4639 1339 4690 ut
1364 4645 1571 4708 partem
1606 4636 1649 4707 (ι
1685 4637 1817 4692 Tim.
1850 4653 1904 4705 v,
1939 4635 2013 4709 Ι).

372 4723 516 4797 Ergo
549 4742 662 4780 non
695 4731 784 4781 est
815 4725 1030 4781 mirum
1063 4725 1239 4796 [quod
1299 4725 1370 4780 de
1426 4723 1714 4796 episcopis
1743 4725 2016 4796 superius

371 4812 592 4868 dictum
611 4820 701 4869 est
730 4815 801 4869 ad
825 4830 1075 4885 quorum
1101 4813 1486 4886 cognitionem
1504 4812 1730 4884 judicia
1751 4814 2015 4869 omnium

370 4901 701 4973 specialiter
720 4904 1015 4975 pertinent
1035 4902 1399 4976 clericorum]
1426 4919 1438 4970 ;
1472 4920 1603 4958 cum
1627 4903 1804 4958 etiam
1828 4905 2014 4972 [cete-

369 5007 464 5046 ros
491 4991 746 5063 Domini]
779 4992 1130 5059 sacerdotes,
1163 4991 1364 5047 levitas
1396 4997 1452 5046 et
1505 4993 1914 5060 subdiacones,
1949 5009 2014 5047 ac

368 5082 670 5152 sequentis
699 5081 923 5137 ordinis
956 5097 1142 5152 usque
1173 5083 1243 5136 ad
1276 5080 1464 5136 ultimi
1524 5081 1742 5152 gradus
1774 5081 2014 5137 clericos

368 5169 726 5226 omnimodis
756 5168 988 5225 exclusa
1011 5169 1089 5224 sit
1117 5169 1279 5225 laicis
1308 5169 1544 5226 licentia
1574 5171 1884 5226 accusandi
1923 5170 2012 5225 vel

360 5257 691 5328 judicandi,
712 5263 946 5330 excepto
973 5259 1021 5314 si
1053 5258 1266 5330 aliquis
1295 5276 1520 5327 eorum,
1545 5260 1698 5331 quod
1725 5259 1896 5330 absit,
1920 5264 2013 5315 tu-

364 5360 526 5402 more
545 5347 834 5418 superbiaa
859 5347 1525 5416 elatus,ecclesiasticam
1547 5348 1821 5403 deserens
1845 5348 2015 5403 disci-

365 5433 614 5508 plinam,
646 5435 717 5491 ad
745 5435 1083 5493 saecularem
1115 5453 1177 5493 se
1201 5437 1518 5493 contulerit
1546 5441 1916 5509 potestatem,
1950 5442 2015 5492 ut

2196 550 2307 621 (43)
2331 550 2695 606 defendatur.
2721 551 2886 606 Tunc
2905 549 3217 621 episcopali
3246 551 3708 623 suggestione,fsi
3741 571 3839 610 ne-

2190 652 2350 694 cesse
2373 639 2565 704 fuerit,
2588 637 2870 710 principis
2891 639 2978 694 vel
2991 639 3212 710 judicis
3245 639 3458 696 auxilio
3481 641 3684 696 tandiu
3701 643 3837 700 talis

2188 728 2631 799 persequendus
2660 726 2791 796 erit,
2827 726 3008 782 donec
3038 726 3451 785 ecclesiasticis
3483 733 3571 785 vel
3615 729 3836 788 invitus

2188 816 2377 871 discat
2407 816 2626 888 regulis
2656 815 2909 872 obedire.

2255 905 2669 960 Accusationes
2701 909 2895 960 autem
2918 921 3120 960 eorum
3152 921 3268 960 non
3301 905 3468 962 aliter
3512 906 3832 980 inquirere,

2182 993 2269 1048 vel
2279 994 2547 1064 judicare
2569 993 2734 1049 laicis
2756 995 3226 1065 praesumendum
3255 995 3483 1058 est,nisi
3511 997 3583 1052 ab
3603 999 3830 1070 episco-

2181 1083 2273 1153 pis
2292 1082 2632 1150 invitantur,
2658 1083 2729 1137 ad
2760 1099 3011 1154 quorum
3035 1083 3156 1139 haec
3179 1084 3509 1156 parochiam
3533 1087 3829 1158 pertinere

2177 1171 2470 1227 videntur.
2506 1172 2606 1226 Ait
2635 1171 2790 1226 enim
2823 1171 3027 1228 beatus
3057 1172 3272 1228 Paulus
3296 1173 3595 1244 apostolus
3623 1191 3636 1230 :
3670 1177 3738 1231 Et
3765 1185 3832 1232 tu

2180 1262 2301 1330 quis
2329 1276 2408 1329 es,
2458 1263 2556 1333 qui
2604 1261 2830 1331 judicas
2878 1261 3125 1316 alienum
3166 1262 3423 1317 servum?
3479 1279 3576 1318 suo
3596 1265 3830 1320 Domino

2175 1353 2284 1404 stat
2305 1353 2399 1404 aut
2427 1351 2572 1406 cadit
2599 1351 2772 1421 (Rom.
2797 1367 2911 1420 xiv,
2944 1351 3020 1421 4).
3053 1349 3360 1406 Saecularis
3390 1354 3584 1407 tamen
3618 1369 3647 1408 e
3679 1371 3827 1410 con-

2174 1440 2266 1494 tra
2295 1443 2574 1510 potestas,
2609 1439 2762 1510 quod
2793 1437 3187 1507 lamentabile,
3248 1438 3614 1496 multimodis
3643 1442 3827 1499 eccle-

2175 1526 2474 1583 siasticam
2489 1527 2785 1584 interdum
2804 1527 3542 1600 supprimitauctoritatem
3558 1533 3824 1602 :etcujus

2173 1616 2460 1672 subsidiis
2477 1617 2757 1680 debuerat
2785 1616 3017 1686 elevari,
3051 1617 3180 1688 eius
3201 1616 3349 1674 solet
3368 1618 3825 1677 adversitatibus

2173 1704 2377 1777 afﬂigi.
2414 1707 2480 1760 Et
2511 1707 2664 1762 sicut
2696 1706 2754 1761 in
2781 1705 3060 1762 electione
3107 1705 3428 1778 praesulum
3487 1724 3596 1764 sua
3628 1708 3826 1781 potius

2169 1797 2326 1862 vota,
2359 1812 2536 1866 quam
2570 1801 2905 1851 sanctorum
2938 1795 3173 1851 Patrum
3205 1795 3476 1852 instituta
3524 1797 3824 1870 principes

2169 1883 2404 1939 ﬁrmare
2425 1884 2891 1951 contendunt,ita
2916 1883 3040 1941 etin
3055 1884 3820 1958 audiendo,veljudicando,

2169 1987 2272 2027 seu
2287 1973 2464 2028 etiam
2487 1972 2770 2044 ejiciendo
2791 1978 2912 2028 tam
2933 1973 3093 2044 ipsos
3105 1989 3284 2046 quam
3307 1971 3425 2028 illis
3447 1975 3823 2047 commissos,

2169 2062 2488 2131 contrajus
2514 2077 2804 2117 canonum
2823 2079 2940 2116 sua:
2956 2079 3059 2133 per
3075 2061 3273 2118 omnia
3293 2067 3564 2134 quaerunt
3579 2064 3821 2120 satisfa-

2169 2166 2296 2205 cere
2319 2149 2628 2206 voluntati.
2664 2151 2733 2205 Et
2763 2152 3089 2206 secundum
3121 2167 3526 2223 perversorum
3543 2153 3820 2221 judicum

2169 2239 2517 2294 sententiam
2541 2255 2643 2294 nec
2673 2237 2844 2310 culpa
2874 2238 3120 2294 retrahit
3178 2238 3437 2311 aliquem
3496 2257 3530 2296 a
3559 2239 3824 2298 culmine

2167 2327 2602 2399 regiminis,nec
2625 2327 2882 2400 regimen
2899 2326 3086 2382 ullum
3105 2332 3342 2384 excusat
3359 2329 3432 2384 ab
3445 2329 3822 2386 accusatione

2167 2415 2418 2488 alicujus
2451 2416 2733 2472 criminis.
2769 2417 2929 2480 Quod
2963 2415 3204 2472 viriliter
3260 2417 3466 2473 beatus
3504 2417 3823 2475 Anaoletus

2166 2521 2318 2576 papa
2348 2505 2750 2561 contradicons
2781 2504 2862 2559 ait
2889 2522 2901 2560 :
2939 2504 3289 2560 Electionem
3321 2523 3693 2562 summorum
3725 2523 3822 2564 sa-

2166 2593 2466 2648 cerdotum
2500 2593 2610 2648 sibi
2647 2595 2926 2648 Dominus
2946 2594 3279 2662 reservavit,
3309 2593 3444 2650 licet
3472 2595 3820 2652 electionem

2165 2698 2367 2738 eorum
2401 2682 2570 2738 bonis
2601 2683 3004 2739 sacerdotibus
3036 2688 3091 2738 et
3147 2683 3554 2755 spiritualibus
3585 2684 3823 2757 populis

2163 2771 2570 2826 concessisset.
2599 2770 2704 2826 Cui
2735 2787 2871 2842 ergo
2899 2771 3114 2826 similis
3171 2788 3298 2828 esse
3355 2773 3668 2841 videbitur,
3712 2773 3822 2845 qui

2162 2860 2318 2932 quod
2345 2859 2499 2915 Deus
2531 2859 2641 2914 sibi
2675 2865 2904 2914 tantum
2938 2861 3110 2916 modo
3142 2860 3474 2929 reservavit,
3513 2862 3820 2934 subripere

2161 2949 2482 3019 praesumit.
2518 2949 2717 3004 Restat
2747 2949 2952 3020 utique
3012 2953 3078 3004 ut
3135 2949 3240 3017 illi,
3295 2949 3396 3022 qui
3451 2950 3567 3006 ait:
3602 2955 3817 3009 Ponam

2155 3038 2332 3094 sedem
2362 3054 2541 3094 meam
2570 3037 2641 3094 ad
2670 3039 3012 3108 Aquilonem,
3039 3041 3090 3094 et
3147 3055 3238 3094 ero
3293 3040 3503 3095 similis
3533 3040 3815 3098 Altissimo

2157 3131 2295 3198 (lsa.
2336 3144 2450 3196 xw,
2481 3127 2590 3198 24).

2278 3235 2518 3306 Explicit
2543 3250 2681 3306 pars
2708 3235 2892 3305 prima
2921 3233 2985 3289 de
2999 3234 3241 3307 judiciis
3278 3237 3676 3309 episcoporum.

2543 3402 2807 3458 INCIPIT
2837 3403 3018 3458 PARS
3057 3403 3406 3461 SECUNDA.

2519 3519 2590 3573 De
2618 3520 3064 3575 ordinationibus
3088 3521 3425 3576 earumdem.

2218 3659 2364 3714 Illud
2396 3659 2566 3732 plane
2597 3659 2860 3732 diligenti
2891 3660 3291 3718 observatione
3328 3663 3650 3718 cavendum
3683 3669 3798 3735 est,

2146 3753 2210 3804 ut
2241 3750 2395 3821 quod
2427 3754 2578 3806 Deus
2609 3749 2779 3805 bonis
2812 3750 3240 3817 sacerdotibus,
3299 3755 3357 3806 et
3385 3750 3798 3823 spiritualibus

2145 3837 2379 3910 populis
2408 3836 2926 3906 concessit,nullus
2957 3838 3027 3894 ad
3063 3839 3365 3910 proprium
3389 3840 3600 3896 audeat
3621 3842 3800 3913 privi-

2141 3925 2359 3999 legium
2393 3932 2742 3998 retorquere.
2775 3929 2920 3982 Cum
2953 3927 3110 3982 enim
3144 3927 3459 4000 episcopali
3509 3928 3795 3988 electione

2140 4015 2451 4088 generalis,
2483 4020 2540 4072 et
2560 4033 2675 4071 non
2707 4013 2980 4087 specialis
3011 4017 3320 4087 quaerenda
3351 4017 3426 4072 sit
3457 4017 3700 4086 utilitas,
3734 4023 3794 4076 et

2139 4104 2546 4161 eeclesiasticae
2578 4104 2665 4160 aei
2696 4105 3087 4176 inquirendus
3119 4105 3197 4160 sit
3243 4106 3636 4179 dispensator,
3669 4125 3789 4166 non

2140 4193 2391 4266 publice,
2421 4193 2508 4249 vel
2535 4194 2758 4266 private
2815 4191 3030 4265 aliquis
3088 4199 3464 4266 procurator:
3511 4196 3645 4268 quis
3676 4214 3790 4252 un-

2138 4299 2314 4354 quam
2340 4282 2596 4354 aliquem
2623 4281 2776 4336 adid
2803 4282 3076 4338 idoneum
3111 4283 3361 4354 reperire
3408 4285 3640 4356 poterit,
3674 4285 3793 4343 nisi

2138 4371 2262 4444 ipse
2293 4372 2391 4444 qui
2425 4370 2785 4428 occultorum
2819 4375 2908 4426 est
2942 4370 3304 4444 cognitor?.
3392 4415 3403 4427 .
3485 4416 3496 4427 .
3577 4416 3591 4430 .
3673 4417 3685 4428 .
3773 4418 3787 4432 .

2707 4479 2719 4490 ·
2803 4503 2815 4516 .
2898 4505 2909 4516 .
2994 4502 3005 4515 .
3088 4503 3099 4516 .
3182 4503 3194 4516 .
3275 4503 3287 4517 .
3371 4461 3790 4520 .custodiam?

2134 4550 2240 4616 Qui
2266 4551 2473 4605 merito
2494 4550 2604 4605 hoc
2636 4549 2812 4605 etiam
2845 4549 3018 4606 bonis
3065 4549 3482 4614 sacerdotibus,
3515 4553 3572 4604 et
3601 4550 3785 4622 spiri-

2128 4638 2388 4694 tualibus
2411 4653 2757 4710 cognoscere
2780 4655 2930 4711 sape
2953 4638 3216 4694 concedit
3236 4636 3785 4712 populis,quiaipse

2128 4744 2362 4800 quoque
2392 4725 2528 4782 alibi
2563 4726 2947 4798 promiserat:
2986 4727 3086 4783 Ubi
3129 4728 3340 4797 fuerint
3378 4731 3692 4798 congregati
3720 4731 3782 4786 in

2127 4818 2480 4873 nominemeo
2500 4815 2606 4870 duo
2626 4816 2709 4870 vel
2731 4819 2858 4882 tres,
2885 4815 3134 4871 in'medio
3179 4832 3364 4872 eorum
3406 4832 3532 4872 sum
3555 4819 3777 4885 (Matth.

2124 4921 2284 4976 xvm,
2317 4905 2427 4976 20).
2462 4905 2528 4959 Et
2559 4904 2615 4958 in
2648 4903 2891 4976 psalmis
2912 4921 2924 4959 :
2944 4905 3208 4960 Dominus
3236 4909 3382 4961 stetit
3409 4907 3468 4960 in
3496 4924 3779 4979 synagoga

2129 4995 2375 5061 deorum,
2401 4996 2460 5049 in
2488 4993 2666 5049 medio
2688 5003 2869 5049 autem
2891 5009 2978 5048 eos
2993 4994 3259 5061 diiudicat
3275 4995 3449 5066 (Psal.
3475 5013 3661 5064 LXXXI,
3701 4999 3777 5069 1).

2126 5084 2299 5139 Plane
2321 5100 2456 5155 ergo
2475 5083 2599 5155 ipse
2617 5083 2754 5139 facit
2776 5083 2928 5154 quod
2955 5083 3065 5154 ipsi
3096 5083 3446 5156 faciunt,qui
3465 5085 3524 5140 in
3539 5085 3777 5143 nomine

2124 5173 2252 5243 ejus
2267 5171 2860 5243 congregantur,quia
2871 5185 3068 5227 revera
3083 5178 3241 5243 patet
3254 5173 3408 5244 quod
3423 5173 3532 5244 ipsi
3549 5174 3777 5247 absque

2124 5279 2190 5318 eo
2213 5279 2341 5318 esse
2370 5261 2451 5316 ibi
2484 5278 2596 5316 non
2630 5259 2875 5331 possint.
2912 5260 3040 5332 Ipse
3066 5261 3303 5331 quidem
3327 5267 3417 5318 est
3437 5263 3688 5335 qui,tam
3712 5266 3774 5320 in

2121 5350 2317 5407 Veteri
2346 5366 2523 5420 quam
2548 5349 2604 5402 in
2629 5348 2782 5403 Novo
2805 5349 3537 5419 Testamento,sacerdotes
3562 5369 3666 5423 per
3682 5369 3778 5409 se-

2123 5439 2444 5510 metipsum
2466 5437 2677 5508 eligere
2690 5437 2964 5508 dignatus
2981 5437 3196 5494 est.Ait
3208 5438 3364 5494 enim
3379 5438 3439 5494 in
3452 5439 3645 5496 Veteri
3657 5441 3776 5498 Te~

436 5611 553 5697 (43)
587 5612 791 5673 Contra
805 5615 923 5688 jus.
955 5613 1190 5694 Optima
1217 5612 1388 5672 lectio
1437 5613 1655 5675 codicis
1712 5615 1886 5676 Resb.
1923 5622 1981 5676 at
2018 5617 2188 5679 lectio
2216 5616 2429 5694 prioris
2462 5615 2752 5690 editionis,
2780 5616 3113 5685 contrarius,
3144 5615 3422 5689 pessima.
