4096 6178
252 287 325 345 89

1098 270 1204 332 DE
1247 269 1695 356 PRESSURIS
1738 270 2409 335 ECCLESIASTICIS.
2455 301 2531 315 --
2570 273 2773 336 PARS
2820 274 2897 337 II.

3645 283 3723 342 70

255 414 544 474 stamento
569 411 638 465 de
663 406 902 476 Levitis,
930 405 1166 462 Scilicet
1201 401 1336 457 Levi
1378 401 1549 471 filiis,
1583 405 1652 459 de
1683 421 1944 477 quorum
1979 407 2038 472 Α
2067 403 2199 475 ipse
2230 404 2484 458 minetur
2512 404 2570 457 in
2606 404 2909 479 Evangelio
2944 424 2955 463 :
2989 410 3104 465 Non
3126 414 3351 481 potestis
3378 429 3587 469 servire
3616 415 3721 470 Deo

253 499 667 562 tantummodo
701 496 887 568 stirpe
919 494 1255 551 sacerdotes
1287 490 1370 545 illi
1405 492 1475 546 in
1513 492 1688 549 Israel
1721 493 1953 549 consti-

257 600 422 651 tuere
452 596 591 644 tunc
637 584 868 657 placuit
921 601 935 638 :
996 586 1118 638 Ecce
1153 580 1296 648 eligo
1328 581 1536 635 levitas
1584 581 1646 637 de
1674 581 1851 637 medio
1882 583 1959 650 [i-

260 688 466 741 liorum
522 676 698 733 Israel
757 689 859 745 pro
915 674 1072 728 omni
1123 671 1514 742 primogenita
1573 672 1709 743 quod
1768 669 1964 743 aperit

259 774 481 830 vulvam
509 784 544 821 a
572 765 717 837 ﬁliis
749 762 947 828 Israel,
980 759 1367 829 redemptiones
1408 774 1616 814 eorum
1642 763 1803 816 erunt
1830 758 1964 824 isti,

262 873 311 920 et
339 866 503 918 erunt
532 854 676 909 mihi
711 852 971 910 Levitee;
1001 848 1140 902 mihi
1170 848 1317 901 enim
1335 848 1697 917 sanctiﬁcavi
1742 849 1967 920 primo-

264 953 518 1024 genitum
555 947 611 1000 in
667 946 832 998 terra
892 938 1121 1009 ngypti
1180 936 1359 1006 (Num.
1420 954 1517 1008 In,
1575 940 1688 1010 21).
1734 937 1841 993 Ubi
1878 934 1970 990 ait

268 1043 510 1099 sanctus
546 1029 919 1087 Ambrosius
962 1044 974 1082 :
1021 1047 1049 1075 «
1087 1025 1215 1079 Non
1240 1025 1540 1082 mediocre
1566 1027 1828 1082 officium
1869 1027 1968 1079 est

268 1128 607 1187 Levitarum.
665 1116 1075 1192 Cognovimus
1107 1113 1461 1187 enim,quia
1519 1116 1675 1171 inter
1725 1119 1968 1170 caeteros

274 1218 476 1275 Levita
508 1211 962 1283 computantur,
984 1204 1087 1261 sed
1119 1204 1402 1260 omnibus
1436 1203 1967 1276 praeferuntur,qui

269 1308 566 1379 eliguntur
590 1317 661 1357 ex
685 1295 1061 1363 hominibus,
1090 1296 1148 1347 et
1170 1293 1723 1357 sanctiﬁcantur,ut
1752 1293 1971 1363 primo.

272 1376 473 1472 genita
500 1392 809 1447 fructuum
835 1390 1012 1456 atque
1045 1381 1478 1472 primitiaa,qua_3
1502 1381 1764 1472 Domino
1784 1382 1971 1472 depn-

274 1469 495 1547 tantur,
526 1480 580 1535 in
611 1476 845 1549 quibus
877 1476 963 1529 est
992 1474 1267 1526 votorum
1291 1470 1510 1526 solutio
1548 1473 1611 1524 et
1641 1469 1973 1541 redemptio

276 1576 664 1649 peccatorum.
701 1588 731 1614 ››
773 1564 938 1620 Unde
968 1564 1028 1616 et
1057 1559 1337 1615 subditur
1369 1576 1380 1614 :
1413 1560 1554 1614 Non
1587 1560 1846 1630 accipies,
1881 1558 1975 1613 in-

280 1663 430 1735 quit,
463 1674 545 1714 eas
575 1658 725 1712 inter
755 1654 909 1723 ﬁlios
932 1650 1123 1718 Israel,
1152 1651 1204 1703 et
1228 1650 1536 1704 constitues
1566 1649 1784 1703 Levilas
1812 1662 1981 1719 super

2076 500 2131 546 et
2156 508 2487 549 mammonae
2515 494 2664 563 (Luc.
2694 512 2805 563 XVI,
2838 498 2949 569 23).
2984 500 3052 553 Et
3082 500 3294 556 iterum
3332 521 3342 557 :
3379 504 3615 559 Facilius
3646 506 3723 559 est

2077 582 2347 636 camelum
2375 598 2474 652 per
2499 584 2745 653 foramen
2764 601 2893 640 acus
2923 596 3154 655 intrare,
3184 607 3352 661 quam
3382 592 3602 649 divitem
3634 594 3726 647 in-

2082 678 2229 725 trare
2258 673 2317 726 in
2350 687 2578 742 regnum
2618 675 2713 729 Dei
2739 676 2940 746 (Matth.
2996 694 3112 747 xm,
3152 680 3264 751 24).
3320 682 3385 735 Et
3416 698 3620 737 rursus
3651 680 3722 736 ad

2083 759 2321 814 divitem
2357 778 2369 814 :
2403 760 2601 829 Stulte,
2651 763 2749 816 hac
2788 774 2940 819 nocte
2980 777 3222 837 repetent
3268 772 3515 825 animam
3552 780 3723 835 tuam,

2079 853 2131 903 et
2161 865 2223 903 ea
2243 864 2368 919 quae
2391 853 2626 921 parasti,
2685 853 2841 923 cujus
2869 855 3088 909 erunt?
3145 859 3297 928 (Luc.
3338 877 3438 915 x11.
3488 862 3601 931 20.)
3658 859 3730 913 Et

2081 936 2222 992 alibi
2257 954 2269 993 :
2303 939 2489 994 Nolite
2519 940 2891 996 lhesaurisare
2915 944 3062 998 vobis
3090 944 3376 1003 thesauros
3427 966 3591 1021 super
3617 952 3728 1003 ter-

2077 1043 2224 1093 ram,
2254 1027 2351 1081 ubi
2376 1044 2560 1097 wrugo
2591 1033 2641 1085 ct
2673 1030 2826 1085 tinea
2853 1030 3169 1100 demolitur,
3202 1043 3252 1089 et
3285 1038 3379 1092 ubi
3402 1041 3557 1108 fures
3602 1037 3729 1107 θῇς-

2078 1115 2243 1170 diuut
2286 1123 2337 1171 et
2385 1120 2681 1187 furantur.
2740 1121 3127 1177 Thesaurizate
3174 1133 3361 1180 autem
3410 1129 3563 1181 vobis
3611 1125 3731 1179 the-

2078 1220 2275 1260 sauros
2308 1206 2367 1259 in
2396 1207 2567 1273 cazlis,
2594 1208 2691 1262 ubi
2725 1225 2899 1278 neque
2924 1225 3136 1279 scrugo,
3188 1230 3287 1268 nec
3329 1217 3480 1271 tinea
3537 1214 3730 1268 demo-

2085 1295 2245 1363 litur,
2278 1298 2329 1348 et
2386 1296 2484 1349 ubi
2529 1298 2678 1367 fures
2724 1314 2835 1351 non
2892 1299 3155 1370 effodiunt
3184 1318 3278 1356 nec
3312 1306 3597 1373 furantur.
3637 1299 3743 1355 Ubi

2084 1386 2161 1437 est
2207 1382 2499 1440 thesaurus
2550 1388 2697 1457 tuus,
2764 1388 2843 1441 ibi
2893 1394 2973 1442 est
3035 1405 3129 1444 cor
3186 1395 3341 1446 tuum
3397 1390 3602 1463 (Matth.
3660 1405 3746 1455 vr,

2090 1472 2201 1540 19).
2262 1472 2355 1526 Ait
2412 1473 2566 1529 enim
2624 1475 2831 1530 beatus
2864 1477 3212 1535 Ambrosius
3272 1498 3285 1535 :
3345 1481 3591 1538 Nullum
3640 1475 3749 1530 ad-

2093 1560 2445 1616 miniculum
2507 1567 2786 1634 praestant
2846 1565 3058 1620 divitiae
3117 1568 3188 1622 ad
3246 1569 3432 1626 vitam
3492 1568 3755 1623 beatam.

2092 1650 2257 1714 Quod
2290 1649 2584 1706 evidenter
2605 1651 2888 1708 Dominus
2915 1659 3203 1712 monstrat
3232 1657 3291 1711 in
3315 1653 3642 1729 Evangelio
3676 1655 3767 1709 di-

280 1747 697 1807 tabernaculum
752 1740 1087 1805 testimonii,
1140 1746 1194 1793 et
1241 1753 1402 1809 super
1437 1739 1647 1792 omnia
1692 1754 1825 1793 vasa
1854 1739 1982 1807 ejus
2013 1782 2059 1847 Β
2093 1752 2232 1791 cens
2263 1757 2282 1791 :
2311 1742 2475 1794 Beati
2498 1756 2787 1811 pauperes,
2822 1743 3078 1813 quoniam
3110 1749 3353 1802 vestrum
3409 1751 3493 1805 est
3526 1759 3772 1812 regnum

282 1848 497 1905 astare,
527 1840 575 1892 et
601 1849 772 1905 super
804 1842 1149 1903 quacunque
1176 1831 1309 1882 sunt
1339 1829 1399 1881 in
1430 1827 1583 1896 ipso.
1619 1828 1732 1897 Ipsi
1781 1826 1981 1881 tollant

280 1925 703 1986 tabernaculum
731 1925 791 1977 et
826 1920 1017 1974 omnia
1048 1932 1187 1971 vasa
1201 1916 1397 1986 ejus,et
1426 1916 1543 1984 ipsi
1572 1916 1895 1971 ministrent
1914 1929 1985 1969 ex

285 2036 372 2090 eo,
409 2021 463 2072 et
492 2018 549 2069 in
569 2012 822 2069 circuitu
845 2006 1205 2063 tabernaculi
1233 2010 1411 2059 castra
1432 2004 1547 2074 ipsi
1565 2005 1985 2068 constituant,et

288 2103 647 2181 promovendo
693 2096 1137 2155 tabernaculum
1178 2095 1294 2164 ipsi
1338 2096 1587 2147 statuant
1616 2111 1635 2146 :
1667 2094 1986 2181 alienigena

292 2179 601 2269 quicunque
630 2188 946 2256 accesserit,
976 2187 1160 2240 morte
1209 2184 1480 2238 morietur
1539 2182 1726 2251 (Nam.
1776 2198 1817 2247 ι,
1867 2179 1979 2246 49).

295 2283 581 2343 Similiter
600 2284 655 2335 et
679 2278 753 2333 ad
782 2273 1270 2347 apostolos,quos
1293 2286 1492 2325 revera
1524 2270 1982 2325 fundamentum

293 2370 587 2439 Ecclesiae,
618 2373 674 2424 et
718 2364 1025 2439 primitias
1074 2360 1397 2433 praesulum
1447 2374 1579 2414 esse
1627 2361 1888 2421 constat,
1920 2356 1982 2412 in

295 2459 610 2533 Evangelio
662 2456 744 2511 ait
795 2472 809 2509 :
869 2455 964 2509 Vos
1010 2450 1076 2505 de
1124 2448 1336 2504 mundo
1386 2463 1499 2504 non
1547 2450 1695 2514 estis,
1748 2446 1851 2504 sed
1889 2460 1982 2516 ego

292 2553 451 2624 elegi
476 2564 563 2605 vos
591 2547 656 2602 de
687 2542 898 2599 mundo
927 2542 1107 2598 (Joan.
1159 2556 1249 2606 xv,
1301 2538 1409 2610 19).
1463 2537 1627 2602 Quod
1661 2537 1832 2593 enim
1866 2533 1982 2591 illis

291 2642 469 2708 ait,et
498 2638 605 2692 hoc
635 2629 1082 2690 successoribus
1104 2644 1307 2683 eorum
1334 2625 1552 2682 dixisse
1579 2627 1980 2681 manifestum

290 2729 487 2788 est.Et
517 2724 735 2781 Paulus
768 2717 1068 2793 apostolus
1095 2734 1107 2772 :
1137 2716 1321 2772 Omnis
1346 2716 1691 2787 ponti/"exex
1714 2716 1980 2773 homini-

192 2797 197 2801 ⁸
297 2823 401 2876 bus
434 2821 761 2886 assumptus,
795 2824 894 2882 pro
942 2807 1253 2861 hominibus
1282 2805 1635 2861 constituitur
1686 2806 1892 2877 (Hebr.
1926 2823 1978 2860 v.

302 2912 379 2977 1).
417 2906 501 2962 Ex
528 2920 644 2976 qua
673 2918 735 2958 re
761 2900 1023 2971 apparet,
1058 2895 1195 2967 quia
1215 2893 1474 2967 episcopi
1503 2893 1679 2965 digne
1713 2894 1889 2967 eligi,
1924 2899 1982 2950 et

295 3000 469 3069 juste
493 2988 770 3064 judicari,
804 2986 921 3042 nisi
951 3002 986 3040 a
1019 2986 1128 3039 Deo
1178 2983 1517 3039 nullatenus
1545 2988 1830 3052 possunt.
1867 2985 1983 3040 Hoc

305 3101 453 3141 vero
480 3080 808 3137 notandum
839 3074 1095 3145 est,quia
1125 3089 1259 3128 cum
1293 3073 1364 3127 ab
1387 3070 1534 3142 ipsis
1559 3070 1784 3141 quibus
1820 3073 1892 3128 ab
1916 3088 1981 3128 eo

2076 2005 2203 2076 «20).
2235 2005 2303 2058 Et
2332 2006 2402 2059 ad
2438 2006 2684 2061 divites:
2724 2009 2809 2063 Vae
2854 2008 3001 2062 vobis
3058 2010 3344 2081 divitibus,

2096 1826 2212 1883 Dei.
2247 1829 2401 1883 Beat:
2438 1830 2536 1899 qui
2562 1846 2713 1884 nunc
2739 1833 2988 1886 esuriant
3017 1838 3067 1887 et
3111 1835 3329 1904 sitiunt,
3367 1839 3517 1909 quia
3548 1839 3779 1897 satura-

2096 1916 2316 1971 bunlur.
2350 1918 2511 1971 Beati
2539 1921 2636 1989 qui
2663 1936 2810 1973 nunc
2839 1921 3004 1989 ﬂetis,
3036 1924 3168 1992 quia
3196 1924 3473 1982 ridebitis
3505 1927 3666 1999 (Luc.
3698 1950 3781 2010 vi,

3439 2019 3541 2088 qui
3578 2018 3790 2093 habetis

2088 2095 2509 2149 consolationem
2556 2103 2818 2150 vestram.
2879 2098 2961 2151 Va:
2992 2100 3138 2153 vobis
3167 2100 3265 2171 qui
3302 2101 3594 2166 saturati
3637 2125 3765 2181 εδιίε

2093 2186 2223 2253 quia
2253 2185 2551 2249 esurietis;
2588 2191 2642 2240 et
2702 2186 2816 2240 illis
2875 2189 2971 2256 qui
3023 2189 3229 2259 rident,
3286 2195 3458 2261 quia
3516 2172 3795 2279 lugebat;

2092 2273 2393 2343 (Ibiil.,24).
2434 2274 2502 2327 Et
2527 2274 2743 2329 Paulus
2775 2276 3075 2346 apostolus
3108 2294 3120 2331 :
3160 2280 3484 2349 Cupiditas
3517 2273 3688 2359 ναξῖιχ

2092 2360 2342 2413 omnium
2369 2361 2643 2415 malorum
2691 2361 2737 2432 (Ι
2791 2362 2919 2416 lim.
2963 2380 3037 2417 vx.
3083 2364 3191 2435 10).
3227 2366 3297 2419 Et
3324 2367 3613 2441 Jacobus
3646 2360 3779 2456 ait:

2093 2450 2329 2501 Exortus
2357 2455 2433 2501 est
2462 2446 2550 2501 sol
2579 2464 2704 2503 cum
2732 2449 2954 2520 ardore,
2981 2458 3035 2505 et
3062 2454 3298 2523 arefecit
3326 2457 3559 2532 fenum,
3591 2480 3645 2527 et
3665 2446 3775 2545 ﬂia;

2090 2537 2210 2607 ejus
2242 2535 2481 2597 decidit;
2512 2544 2562 2590 et
2592 2536 2749 2592 decor
2776 2538 2966 2593 vultus
2995 2542 3113 2607 eius
3142 2541 3385 2613 deperiit
3416 2549 3494 2605 ita
3523 2561 3581 2608 et
3608 2535 3764 2622 άέυέέ

2092 2626 2153 2679 in
2182 2626 2471 2679 itineribus
2498 2627 2613 2680 suis
2643 2630 2929 2683 marcescit
2976 2630 3123 2699 (Jac.
3159 2647 3198 2701 ι,
3236 2632 3346 2700 11).
3386 2641 3453 2691 Et
3484 2640 3701 2704 iterum
3740 2672 3754 2708 ;

2093 2713 2280 2769 Nonne
2307 2715 2447 2769 Deus
2475 2715 2637 2785 elegit
2661 2732 2927 2787 pauperes
2972 2719 3032 2772 in
3061 2719 3158 2773 hoc
3184 2723 3410 2790 mundo,
3445 2727 3643 2787 divites
3692 2740 3753 2792 in

2090 2803 2215 2874 ﬁde,
2247 2806 2297 2858 et
2326 2802 2565 2858 hteredes
2594 2807 2753 2876 regni
2780 2805 2923 2876 quod
2941 2809 3255 2878 repromisit
3275 2808 3631 2883 diligentibus
3650 2826 3751 2879 se?

2091 2892 2230 2963 (Jac.
2264 2909 2325 2946 ιι.
2356 2891 2433 2963 5.)
2466 2891 2535 2947 Et
2563 2893 2735 2965 paulo
2768 2900 2900 2965 post
2949 2913 2962 2950 :
3013 2898 3207 2950 Nonne
3256 2898 3456 2956 divites
3489 2921 3592 2975 per
3645 2927 3747 2980 ρο-

2092 2983 2319 3037 tentiam
2397 2982 2718 3051 opprimunt
2767 2999 2858 3038 vos
2888 2986 2913 3037 .9
2964 2983 3132 3052 Idid.,
3195 2985 3337 3043 Item
3394 2993 3745 3053 Ambrosius

2092 3071 2173 3125 ait
2206 3088 2218 3126 :
2250 3068 2511 3125 Joachim
2544 3071 2643 3141 qui
2668 3088 2877 3126 aurum
2905 3072 2963 3127 in
2995 3072 3297 3129 obsidione
3327 3081 3617 3150 servabat,
3640 3101 3745 3139 nec

312 3185 669 3230 concessum
696 3170 809 3235 est,
841 3162 1103 3234 legitime
1125 3160 1492 3224 ordinantur,
1519 3157 1606 3213 vel
1634 3158 1986 3228 judicantur
2015 3151 2057 3217 C
2096 3157 2473 3230 dispensabat
2502 3158 2789 3214 alimoniae
2819 3162 3244 3235 comparanda,
3267 3169 3325 3220 et
3357 3184 3569 3225 aurum
3601 3172 3747 3228 vidit

316 3265 395 3320 ab
426 3262 562 3332 ipso
590 3253 797 3329 procul
829 3251 1030 3315 dubio,
1063 3250 1216 3305 sicut
1237 3251 1363 3320 jam
1404 3263 1585 3318 supra
1615 3246 1843 3303 dictum
1875 3255 1985 3317 est,

318 3353 432 3407 hoc
468 3341 937 3419 agitur.Expedit
966 3356 1101 3412 ergo
1131 3343 1195 3393 ut
1220 3337 1367 3393 tales
1407 3338 1480 3391 de
1510 3336 1732 3391 mundo
1778 3339 1850 3393 ad
1880 3337 1989 3394 hoc

323 3437 591 3497 ofﬁcium
622 3427 1226 3504 eligantur,qui,sicut
1244 3426 1370 3497 ipse
1400 3424 1629 3493 ait,jam
1663 3425 1734 3479 de
1768 3427 1987 3482 mundo

324 3546 444 3585 non
478 3526 619 3591 sint,
654 3526 712 3577 et
741 3518 1067 3575 secundum
1098 3530 1335 3571 carnem
1367 3530 1485 3569 non
1518 3513 1842 3569 ambulent.
1880 3515 1990 3578 Qui

324 3617 1891 3674 etiam..............

333 3748 347 3763 .
428 3748 444 3762 .
528 3743 541 3756 .
625 3743 639 3755 .
721 3739 734 3753 .
817 3740 830 3752 .
911 3736 925 3750 .
1006 3736 1019 3749 .
1100 3736 1112 3748 .
1194 3736 1206 3750 .
1294 3736 1306 3746 .
1386 3692 1990 3764 ﬁeripotest;verum

329 3796 591 3867 princeps
620 3789 788 3859 hujus
816 3784 1011 3841 mundi
1037 3800 1146 3839 non
1190 3784 1437 3838 inveniat
1483 3782 1781 3854 quidquam
1812 3782 1989 3853 (Joan.

334 3899 463 3949 vm,
510 3880 617 3944 l3;
670 3878 822 3931 Rom.
873 3891 992 3929 V111.
1047 3874 1117 3935 1;
1169 3873 1325 3928 Joan.
1375 3889 1476 3939 xu,
1516 3870 1626 3940 31).
1678 3869 1992 3943 Irreligiosi

339 3978 537 4027 tamen
573 3964 870 4038 principes
901 3962 1021 4017 haec
1051 3961 1249 4017 omnia
1279 3959 1783 4032 parvipendentes,
1818 3976 1994 4015 suum

344 4054 759 4115 tantummodo
792 4052 849 4107 in
880 4052 972 4107 bis
1007 4054 1215 4123 parant
1244 4048 1552 4122 praevalere
1582 4048 1860 4103 edictum.
1895 4049 1998 4105 So-

345 4150 470 4205 lent
509 4146 688 4202 etiam
721 4142 1039 4197 admodum
1075 4139 1390 4212 indignari,
1423 4139 1471 4193 si
1501 4137 1587 4193 vel
1621 4138 1692 4192 ab
1723 4137 1855 4193 aliis
1887 4137 1999 4192 ali-

347 4237 481 4310 quis
512 4236 922 4304 cujuscunque
953 4229 1143 4284 meriti
1165 4230 1261 4295 sit,
1296 4227 1605 4299 episcopus
1634 4226 1999 4297 eligatur,vel

349 4329 397 4384 si
428 4344 463 4382 a
493 4341 557 4381 se
587 4322 809 4378 electus
839 4320 1241 4390 cujuscunque
1265 4317 1565 4389 pravitatis
1597 4315 1774 4381 sit,ab
1807 4315 2001 4387 aliquo

352 4415 718 4488 reprobetur.
752 4407 991 4463 Illorum
1024 4424 1163 4462 sane
1212 4422 1359 4477 quos
1406 4404 1518 4477 ipsi
1569 4403 1794 4475 eligunt
1836 4405 2001 4476 vitia,

2095 3247 2288 3318 diripi,
2314 3250 2371 3301 et
2390 3263 2451 3301 se
2479 3246 2537 3301 in
2569 3248 2963 3319 captivitatem
2994 3250 3222 3306 deduci.
3259 3257 3325 3309 Et
3356 3256 3528 3326 paulo
3558 3266 3694 3331 post
3727 3280 3740 3319 :

2096 3336 2246 3392 Illud
2325 3379 2337 3391 .
2420 3379 2433 3391 .
2514 3379 2527 3391 .
2609 3380 2623 3392 .
2704 3380 2717 3393 .
2801 3380 2813 3392 .
2890 3355 3006 3410 quo
3038 3339 3497 3416 utimur:quod
3548 3353 3744 3406 autem

2103 3467 2114 3480 .
2197 3468 2209 3481 .
2293 3466 2305 3477 .
2388 3467 2399 3479 .
2482 3467 2493 3479 .
2577 3467 2589 3479 .
2668 3443 2780 3482 non
2814 3427 2989 3483 habet
3040 3430 3431 3499 possessionis
3463 3434 3743 3505 fructum,

2098 3516 2199 3571 sed
2233 3513 2507 3571 custodiae
2540 3515 3072 3587 periculum.Isaias
3096 3534 3329 3592 quoque
3349 3525 3749 3593 praevaricatio

1975 3643 1988 3657 .
2099 3602 2462 3675 nempopuli
2541 3646 2554 3659 .
2637 3645 2649 3658 .
2731 3646 2743 3658 .
2826 3648 2837 3659 .
2920 3650 2931 3661 .
3014 3650 3026 3662 .
3108 3650 3120 3662 .
3202 3651 3215 3663 .
3295 3611 3375 3666 ait
3462 3630 3475 3669 :
3555 3614 3750 3672 Omnes

2098 3693 2339 3764 diligunt
2357 3708 2609 3757 munera,
2639 3699 2944 3765 sequuntur
2975 3697 3359 3755 retributiones
3393 3702 3525 3772 (Isa.
3567 3720 3604 3770 ι,
3634 3705 3749 3777 23).

2102 3782 2169 3836 Et
2197 3798 2404 3837 rursus
2432 3799 2452 3835 :
2503 3782 2588 3837 Va:
2636 3784 2732 3853 qui
2769 3785 3085 3855 justiﬁcatis
3141 3788 3371 3858 impium
3415 3805 3516 3861 pro
3555 3808 3754 3847 mune-

2104 3871 2277 3938 ribus,
2310 3874 2366 3925 et
2406 3872 2685 3941 justitiam
2722 3873 2866 3943 justi
2910 3877 3142 3946 aufertis
3198 3878 3265 3931 ab
3316 3894 3375 3934 eo
3408 3880 3516 3947 (Isa
3550 3898 3601 3951 γ,
3633 3882 3748 3952 23).

2104 3958 2330 4014 Etenim
2359 3957 2406 4013 si
2438 3958 2477 4011 ii
2510 3959 2609 4030 qui
2638 3958 2698 4013 in
2730 3961 2918 4015 stadio
2977 3966 3240 4031 currunt,
3291 3965 3371 4019 ita
3422 3966 3755 4022 referuntur

2105 4046 2409 4118 praeceptis
2454 4047 2752 4102 informari
2797 4054 2970 4120 atque
3002 4050 3200 4117 intrui,
3252 4057 3317 4106 ut
3345 4054 3754 4127 unusquisque

2108 4135 2399 4190 celeritate
2428 4152 2541 4189 non
2576 4137 2779 4193 fraude
2808 4139 3442 4213 contendat,cursuque
3464 4150 3753 4214 quantum

2111 4228 2301 4296 potest
2320 4224 2389 4278 ad
2410 4223 2707 4280 victoriam
2730 4232 2998 4298 properet
3026 4246 3037 4282 :
3062 4229 3439 4301 supplantare
3463 4237 3657 4288 autem
3678 4233 3757 4289 al-

2108 4316 2434 4380 terum,aut
2465 4330 2641 4369 manu
2665 4314 2912 4385 dejicere
2938 4333 3053 4371 non
3110 4318 3267 4374 ausit
3291 4335 3303 4373 :
3329 4326 3547 4391 quanto
3571 4322 3759 4395 magis

2112 4402 2171 4455 in
2205 4417 2381 4458 cursu
2412 4403 2540 4457 vita:
2569 4403 2742 4459 istius
2773 4404 2897 4459 sine
2920 4406 3123 4461 fraude
3155 4406 3479 4477 alterius,et
3507 4411 3761 4467 circum-

356 4500 627 4576 quamvis
660 4497 846 4553 multa
875 4501 932 4551 et
979 4511 1193 4567 magna
1241 4495 1377 4565 sint,
1426 4492 1585 4549 velut
1618 4492 1779 4548 nulla
1806 4497 2004 4549 tamen
2036 4512 2083 4577 D
2114 4490 2919 4562 spectionerepetendanobis
2940 4493 3762 4554 victoriaestJeremiasnam-

360 4593 728 4665 reputantur.
763 4587 1020 4650 Quorum
1053 4584 1291 4656 quidem
1325 4584 1383 4638 in
1432 4582 1859 4639 examinatione
1888 4600 2004 4638 non

364 4681 619 4739 charitas
652 4682 709 4733 et
739 4676 904 4741 fides,
936 4673 1027 4729 vel
1055 4690 1187 4745 spes
1218 4672 1617 4743 inquiruntur,
1642 4672 1742 4727 sed
1774 4671 2007 4737 divitiae,

366 4769 709 4835 afﬁnitas,et
739 4762 1580 4835 obsequiumconsiderantur.
1614 4763 1746 4826 Quae
1776 4759 2011 4828 tria,vel

368 4862 517 4934 quod
536 4858 732 4932 potius
745 4855 941 4910 minus
954 4870 1080 4909 esse
1092 4853 1430 4920 videatur,si
1444 4855 1558 4907 duo
1570 4868 1637 4906 ex
1652 4851 1744 4907 his
1759 4852 1814 4907 in
1834 4867 2012 4907 unam

371 4951 757 5019 eamdemque
797 4960 1105 5016 personam
1155 4946 1490 4996 convertant
1541 4941 1673 5011 (44),
1719 4940 1828 4996 hac
1884 4942 2012 5012 jam

374 5056 564 5095 revera
588 5036 741 5089 inter
761 5032 1045 5088 caelicolas
1068 5030 1533 5101 computabitur;
1558 5034 1612 5085 et
1632 5046 1812 5083 unum
1836 5030 2011 5085 etiam

2117 4597 2230 4651 que
2263 4580 2344 4635 ait
2374 4597 2387 4635 :
2427 4582 2511 4637 Va
2557 4580 2929 4637 habitantibus
2975 4586 3158 4651 terra,
3191 4587 3448 4654 quoniam
3478 4604 3509 4641 a
3554 4590 3767 4645 minore

2118 4685 2285 4739 usque
2306 4669 2375 4724 ad
2402 4671 2674 4740 majorem
2689 4671 2901 4727 student
2921 4675 3178 4730 avaritia;
3208 4675 3421 4745 (Jer.v1,
3456 4676 3639 4747 13).Et
3663 4677 3767 4733 ite-

2122 4775 2253 4812 rum
2278 4776 2291 4812 :
2319 4757 2527 4813 Perdix
2544 4760 2691 4828 fovet
2716 4776 2833 4829 quae
2855 4776 2962 4815 non
2981 4763 3187 4832 peperit
3204 4765 3472 4834 insipiens
3493 4766 3764 4836 (Jer.xvn,

2124 4849 2233 4915 11).
2285 4848 2353 4901 Et
2405 4848 2543 4902 item
2604 4866 2617 4902 :
2670 4849 2750 4903 Vae
2801 4852 2897 4920 qui
2950 4853 3291 4923 conjungitis
3331 4854 3552 4909 domum
3581 4855 3649 4909 ad
3671 4855 3764 4909 do-

2123 4953 2294 5003 mum,
2326 4944 2376 4990 et
2400 4952 2598 5005 agrum
2653 4937 2725 4992 ad
2753 4955 2947 5006 agrum
2980 4942 3246 5010 capulatis
3270 4959 3442 5013 usquv
3472 4943 3541 4998 ad
3573 4944 3764 4998 termi-

2123 5042 2256 5079 num
2288 5026 2413 5080 loci.
2442 5026 2701 5097 Nunquid
2730 5043 2818 5081 vos
2848 5029 2952 5082 soli
2984 5028 3305 5085 habitabilis
3335 5047 3497 5101 super
3522 5036 3727 5085 terram
3748 5034 3773 5086 .9

374 5145 441 5183 ex
468 5126 561 5182 bis
593 5123 737 5180 satis
766 5121 1034 5177 sufﬁcere
1062 5119 1399 5185 credunt,ad
1428 5117 1775 5190 episcopalis
1796 5118 2018 5175 scilicet
2126 5116 2229 5170 Isa.
2258 5132 2311 5182 v,
2362 5114 2439 5181 8.)
2470 5114 2741 5170 Salomon
2773 5117 2987 5188 quippe
3048 5119 3129 5173 ait
3178 5136 3191 5173 :
3240 5120 3462 5173 Munera
3491 5119 3772 5176 abcaecant

372 5215 660 5271 cathedrae
717 5210 1084 5283 dignitatem.
1129 5206 1237 5263 Sed
1298 5207 1435 5279 quid
1468 5206 1687 5263 talibus
1745 5207 2019 5279 loquatur
2126 5203 2286 5259 corda
2332 5206 2611 5274 potentum
2641 5203 2812 5275 (Eccl.
2861 5222 2950 5273 xr,
2984 5207 3093 5277 31).
3141 5207 3265 5262 Non
3296 5206 3450 5261 enim
3506 5207 3773 5266 divinum

374 5303 683 5367 Dominus,
732 5298 975 5356 sollicite
1016 5299 1464 5368 perscrutemur.
1506 5296 1824 5352 Videamus
1858 5313 2016 5370 ergo,

2130 5290 2307 5346 simul
2340 5292 2773 5364 obsequium,et
2801 5295 3181 5366 pecuniarum
3211 5299 3401 5365 potest
3430 5296 3653 5369 acquiri
3680 5296 3774 5353 lu-

375 5391 731 5461 cbarissimi,
782 5385 1280 5460 quemadmodum
1351 5385 1711 5443 amatoribus
1759 5386 2022 5459 pecunia
2128 5395 2314 5437 crum.
2367 5382 2437 5438 Et
2492 5382 2807 5441 Psalmista
2838 5402 2852 5443 :
2884 5384 3072 5441 Melius
3125 5382 3400 5441 modicum
3420 5387 3569 5460 justo
3597 5402 3767 5463 super

455 5570 565 5647 (44)
598 5569 942 5627 Convertunt.
977 5565 1147 5639 Lego,
1176 5563 1520 5631 conveniant,
1554 5563 1689 5624 haec.
