4114 6172
340 316 417 372 73
990 301 1001 307 ’
1170 318 1271 377 DE
1314 316 1750 377 PRESSURIS
1798 316 2447 381 ECCLESIASTICIS.
2484 354 2559 367 —
2590 323 2787 384 mas
2834 325 2906 384 u.
3657 336 3735 392 74

344 465 456 505 non
488 451 681 520 potest
703 448 761 505 in
796 448 891 506 his
922 466 1047 522 que
1076 451 1145 505 ad
1181 448 1383 504 faciem
1416 453 1555 505 sunt
1586 466 1764 520 prava
1795 449 1985 505 subri-
2014 452 2069 517 Α
2099 451 2190 506 dis
2235 451 2601 510 solummodo
2650 457 3093 515 retributionem
3153 467 3439 534 querunt,
3471 463 3511 519 ii
3562 464 3736 521 nimi-

345 537 717 610 pere,ca1lide
740 539 930 609 specie
953 539 1115 609 quasi
1140 538 1372 609 pietatis
1388 539 1601 609 injecta
1617 538 1826 593 nititur
1845 556 1909 594 su
1921 556 1983 610 p-

343 631 629 698 ptantare,
662 628 983 698 suadetque
1016 627 1257 682 forsitan
1290 627 1497 683 debere
1530 629 1602 682 ab
1633 628 1983 683 habentibus

340 715 546 788 accipi,
578 720 645 771 ut
676 717 725 772 si
766 716 918 786 quod
967 715 1153 786 possit
1182 732 1296 770 non
1328 715 1680 772 habentibus
1732 716 1977 787 erogari,

339 805 662 860 dummodo
692 804 775 860 vel
809 805 891 859 sic
915 820 1137 859 venena
1164 804 1466 859 mortifera
1486 805 1864 877 eleemosyne
1897 822 1984 859 ce-

340 893 461 949 lata
477 893 921 949 obumbratione
937 894 1332 948 transfundat.
1353 894 1552 964 Neque
1569 895 1726 949 enim
1746 895 1986 949 eleemo-

335 1000 487 1054 syna
518 981 836 1053 reputanda
856 986 964 1047 est,
985 982 1034 1037 si
1056 982 1415 1053 pauperibus
1436 983 1808 1052 dispensatur
1829 984 1983 1054 quod

336 1088 407 1127 ex
435 1070 655 1125 illicitis
685 1070 858 1124 rebus
890 1070 1193 1140 accipitur,
1222 1072 1363 1142 quia
1393 1071 1492 1142 qui
1524 1072 1633 1126 hac
1665 1071 1985 1126 intentione

322 1159 489 1215 male
520 1158 753 1230 accipit,
781 1164 847 1213 ut
869 1159 1037 1229 quasi
1074 1160 1220 1214 bene
1241 1160 1560 1231 dispenset,
1582 1164 1855 1232 gravatur
1880 1178 1987 1231 po-

339 1249 455 1303 tius
477 1264 656 1319 quam
672 1249 931 1315 juvetur.
951 1247 1236 1312 Quoniam
1261 1248 1445 1319 liquet
1466 1264 1533 1303 ea
1555 1264 1685 1304 esse
1707 1254 1988 1320 perpetua

337 1354 403 1392 ac
455 1336 665 1403 solida,
698 1352 826 1406 que
860 1352 992 1391 vera
1047 1340 1202 1406 sunt,
1237 1342 1295 1391 et
1325 1353 1451 1407 que
1510 1336 1734 1392 sincere
1793 1337 1985 1408 potius

336 1442 515 1497 quam
539 1424 673 1479 dolo
701 1429 1149 1496 congregantur.
1175 1423 1557 1496 Eleemosyna
1582 1425 1985 1497 Redemptoris

336 1513 520 1569 nostri
553 1512 738 1569 oculis
792 1512 893 1568 illa
950 1513 1155 1584 placet,
1190 1530 1315 1584 que
1372 1531 1487 1568 non
1548 1514 1619 1568 de
1678 1513 1900 1570 illicitis
1931 1518 1989 1569 et

335 1603 644 1674 iniquitate
674 1602 1023 1673 congeritur.
1044 1602 1205 1657 Unde
1235 1602 1411 1658 etiam
1442 1601 1587 1657 illud
1620 1608 1844 1658 certum
1876 1607 1983 1670 est,

336 1691 477 1763 quia
524 1695 581 1746 et
626 1690 675 1746 si
726 1690 1099 1761 monasteria,
1150 1693 1251 1745 aut
1298 1690 1674 1760 xenodochia,
1705 1691 1794 1746 vel
1844 1691 1984 1762 quid

336 1779 496 1835 aliud
527 1783 921 1848 construatur,
956 1780 1207 1835 mercedi
1248 1796 1361 1835 non
1404 1781 1670 1851 proﬁcit:
1706 1781 1984 1851 quoniam

335 1870 475 1924 dum
512 1885 817 1941 perversus
848 1872 1076 1940 emptor
1104 1869 1343 1924 honoris
1374 1869 1432 1923 in
1466 1868 1658 1924 locum
1690 1869 1988 1925 transmit-

334 1958 502 2024 titur,
536 1962 593 2013 et
623 1957 767 2013 alios
801 1958 871 2012 ad
904 1958 995 2013 sui
1041 1956 1490 2013 similitudinem
1538 1958 1645 2013 sub
1695 1958 1986 2014 commodi

337 2046 616 2101 dilatione
646 2046 971 2113 constituit,
996 2045 1166 2118 plura
1196 2047 1346 2102 male
1363 2048 1689 2102 ordinando
1716 2047 1984 2118 destruit,

336 2152 515 2207 quam
547 2134 647 2190 ille
678 2140 868 2206 potest
887 2136 1194 2201 editicare,
1218 2136 1318 2206 qui
1350 2136 1423 2190 ab
1452 2152 1518 2191 eo
1550 2137 1859 2206 pecuniam
1883 2152 1987 2207 pro

337 2224 704 2281 ordinatione
730 2224 972 2295 accepit.
996 2224 1077 2279 Ne
1098 2240 1234 2296 ergo
1267 2224 1377 2279 sub
1409 2224 1650 2279 obtentu
1676 2223 1989 2296 eleemosy-

339 2330 429 2368 ne
455 2328 589 2367 cum
612 2318 847 2384 peccato
870 2311 1093 2383 aliquid
1118 2313 1463 2367 studeamus
1494 2313 1771 2383 accipere,
1796 2317 1989 2384 aperte

337 2419 506 2457 sacra
529 2401 834 2473 Scriptura
854 2418 960 2456 nos
983 2400 1270 2473 prohibet,
1294 2401 1492 2457 dicens
1518 2418 1531 2457 :
1562 2403 1765 2458 Hosti}?
1797 2404 1990 2473 impio-

275 2542 289 2555 ,
348 2507 476 2545 rum
506 2491 921 2556 abominabiles,
968 2505 1094 2560 quae
1120 2491 1512 2562 oﬂerunturex
1557 2491 1755 2545 scelere
1800 2491 1985 2561 (Prov.

339 2596 455 2649 xm,
481 2580 596 2651 27).
620 2579 915 2650 Quidquid
947 2578 1103 2633 enim
1137 2580 1197 2633 in
1231 2579 1327 2634 Dei
1360 2578 1643 2634 sacriﬁcio
1675 2596 1745 2634 ex
1774 2578 1989 2635 scelere

338 2668 603 2734 offertur,
631 2668 1049 2739 omnipotentis
1080 2667 1178 2723 Dei
1217 2684 1334 2723 non
1374 2666 1568 2738 placat
1597 2668 1986 2734 iracundiam,

336 2758 441 2812 sed
472 2757 679 2812 irritat.
716 2757 858 2811 Hinc
905 2773 1110 2812 rursus
1154 2756 1437 2828 scriptum
1470 2761 1560 2811 est
1592 2774 1604 2813 :
1636 2759 1858 2813 Honora
1881 2758 1990 2812 Do-

336 2848 555 2901 minum
586 2846 655 2901 de
676 2848 787 2901 tuis
808 2847 976 2917 justis
997 2846 1283 2901 laboribus
1303 2847 1489 2916 (Prov.
1517 2862 1601 2915 III,
1625 2847 1700 2917 9).
1726 2846 1833 2910 Qui
1854 2862 1989 2916 ergo

337 2934 491 2989 male
522 2934 693 3002 tollit,
725 2937 789 2988 ut
818 2935 985 3006 quasi
1033 2936 1180 2990 bene
1211 2934 1485 3005 prebeat,
1521 2939 1748 2990 constat
1787 2933 1988 3006 procul

336 3023 516 3078 dubio
560 3023 717 3095 quod
766 3024 1073 3079 Dominum
1124 3040 1239 3079 non
1287 3023 1724 3079 honorat.Hinc
1755 3038 1990 3094 quoque

334 3127 440 3183 per
483 3111 849 3168 Salomonem
899 3112 1111 3167 dicitur
1145 3129 1157 3167 :
1193 3113 1299 3180 Qui
1345 3114 1500 3183 oﬂert
1544 3113 1883 3181 sacriﬁcium
1927 3111 1993 3165 de

2095 558 2225 596 rum
2259 544 2413 613 quod
2444 546 2627 613 gratis
2666 552 3033 617 acceperunt,
3065 551 3247 621 gratis
3276 569 3393 608 non
3438 554 3730 624 tribuunt,

2096 630 2233 699 quia
2263 631 2333 685 de
2361 630 2624 703 impenso
2656 634 2845 689 ofﬁcio
2877 637 3211 694 sanctitatis
3234 656 3542 697 nummum
3573 658 3739 715 expe-

2094 721 2226 771 tunt
2256 718 2486 774 favoris.
2520 720 2679 775 Unde
2709 723 2855 778 bene
2884 741 3017 780 cum
3040 727 3271 797 justum
3300 729 3493 786 virum
3526 732 3738 788 descri-

2096 806 2259 861 beret
2278 808 2561 879 propheta
2591 810 2707 866 ait:
2745 814 2849 879 Qui
2872 817 3077 869 excutit
3112 833 3311 873 manus
3340 835 3465 874 suas
3488 821 3557 876 ab
3586 823 3738 877 omni

2094 912 2324 951 munere
2354 898 2505 966 (Isai.
2544 912 2744 967 xxxm,
2772 901 2879 972 15).
2905 902 3102 973 Neque
3130 905 3286 960 enim
3317 905 3480 975 dixit,
3503 908 3605 980 qui
3634 924 3737 963 ex-

2096 985 2243 1039 cutit
2273 1001 2484 1041 manus
2515 1002 2653 1041 suas
2682 1005 2716 1042 a
2745 1005 3005 1056 munere,
3040 994 3138 1047 sed
3167 994 3435 1064 adjunxit
3462 996 3536 1053 ab
3564 998 3736 1065 omni,

2097 1072 2234 1144 quia
2290 1073 2448 1128 aliud
2508 1092 2728 1131 munus
2777 1077 2847 1131 ab
2906 1079 3206 1150 obsequio,
3240 1082 3390 1138 alius
3445 1102 3663 1142 munus
3705 1102 3740 1141 a

2096 1178 2298 1232 manu,
2322 1162 2480 1217 aliud
2539 1181 2756 1220 munus
2806 1183 2840 1221 a
2885 1166 3103 1239 lingua.
3144 1174 3355 1227 Munus
3402 1173 3617 1245 quippe
3665 1176 3737 1231 ab

2095 1251 2376 1323 obsequio
2407 1258 2496 1307 est
2527 1254 2812 1324 subjectio
2846 1256 3099 1312 indebita
3130 1259 3423 1330 impensa;
3458 1279 3677 1319 munus
3706 1280 3741 1319 a

2101 1356 2299 1405 manu,
2344 1342 2622 1411 pecunia;
2673 1360 2891 1399 munus
2921 1362 2955 1400 a
2984 1344 3205 1419 lingua,
3240 1349 3416 1404 favor.
3450 1351 3558 1416 Qui
3604 1368 3740 1424 ergo

2097 1444 2295 1483 sacros
2317 1429 2566 1486 honores
2587 1432 2815 1499 tribuit,
2833 1438 2972 1490 tunc
2997 1436 3068 1490 ab
3090 1437 3249 1491 omni
3270 1454 3512 1495 munere
3532 1457 3743 1497 manus

2097 1519 2334 1585 excutit,
2368 1520 2602 1589 quando
2633 1520 2692 1575 in
2723 1521 2937 1577 divinis
2961 1524 3135 1579 rebus
3166 1541 3280 1579 non
3303 1526 3495 1582 solum
3518 1528 3742 1585 nullam

2097 1607 2427 1676 pecuniam,
2453 1609 2553 1663 sed
2578 1609 2753 1664 etiam
2779 1610 3099 1667 humanam
3126 1614 3375 1685 gratiam
3407 1632 3523 1671 non
3551 1617 3744 1688 requi-

2098 1694 2193 1749 rit.
2222 1718 2243 1747 ι
2268 1696 2432 1751 Unde
2460 1701 2517 1752 et
2544 1697 2755 1753 Joanni
2800 1700 3073 1772 episcopo
3105 1702 3537 1759 Corinthiorum
3586 1704 3743 1761 idem

2098 1780 2413 1853 Gregorius
2435 1788 2569 1855 post
2588 1785 2774 1841 multa
2794 1787 3057 1844 scribens
3080 1788 3161 1843 ait
3180 1788 3303 1861 (lib.
3330 1808 3404 1860 ιν,
3427 1794 3583 1862 epist.
3609 1792 3701 1864 55)
3726 1809 3739 1847 :

2098 1892 2125 1919 ‹‹
2142 1870 2380 1941 Oportet
2406 1876 2467 1926 ut
2490 1889 2593 1927 nec
2614 1889 2715 1945 per
2729 1876 3330 1949 commodum,neque
3352 1896 3451 1950 per
3471 1880 3741 1951 gratiam,

2097 1962 2200 2013 aut
2224 1960 2615 2030 quorumdam
2662 1963 3154 2034 supplicationem
3186 1965 3412 2038 aliquos
3443 1970 3514 2023 ad
3548 1986 3746 2025 sacros

2098 2047 2331 2109 ordines
2362 2050 2741 2105 consentiatis
2762 2051 2849 2105 vel
2876 2053 3228 2122 permittatis
3258 2056 3488 2110 adduci.
3513 2058 3659 2112 Nam
3688 2062 3746 2113 et

2098 2139 2423 2206 peccatum,
2447 2138 2602 2192 sicut
2631 2138 2909 2209 diximus,
2940 2157 3114 2212 grave
3143 2146 3251 2211 est,
3275 2148 3333 2198 et
3361 2143 3488 2200 sine
3518 2160 3745 2217 correp-

2096 2223 2255 2279 tione
2284 2224 2393 2279 hoc
2425 2242 2540 2280 non
2572 2226 2829 2297 patimur
2871 2244 3192 2285 remanere.
3224 2254 3246 2282 ι
3280 2232 3466 2295 Quare
3496 2232 3743 2288 nullate-

2096 2315 2269 2366 tenus
2306 2311 2488 2367 voluit
2517 2313 2851 2385 Gregorius.
2897 2356 2909 2369 .
2955 2356 2969 2369 .
3017 2358 3029 2369 .
3076 2358 3088 2371 .
3135 2357 3149 2371 .
3195 2360 3207 2371 .
3254 2360 3268 2372 .
3315 2362 3328 2373 .
3374 2361 3387 2373 .
3435 2359 3447 2373 .
3493 2360 3506 2374 .
3553 2360 3566 2375 .
3612 2361 3626 2374 .
3672 2362 3685 2374 .
3728 2362 3741 2373 .

2098 2401 2391 2471 Propterea
2421 2418 2507 2457 vos
2537 2419 2641 2458 non
2690 2405 2937 2466 auditis,-
2982 2408 3114 2475 quia
3167 2422 3237 2462 ea:
3291 2409 3397 2464 Deo
3450 2425 3560 2464 non
3616 2411 3747 2465 estis

2098 2489 2282 2559 (Joan.
2308 2506 2389 2556 In,
2414 2491 2532 2558 47);
2559 2495 2616 2546 et
2644 2491 2782 2546 alibi
2810 2509 2821 2546 :
2849 2493 2909 2547 Si
2937 2496 3060 2563 quis
3085 2494 3277 2567 diligit
3306 2512 3411 2564 me,
3445 2512 3747 2554 sermonem

2098 2594 2281 2633 meum
2310 2581 2554 2634 servabit
2582 2581 2758 2649 (Joan.
2784 2598 2899 2647 xxv,
2922 2583 3036 2653 23).
3072 2584 3139 2637 Et
3177 2584 3488 2641 Psalmista
3518 2587 3588 2642 de
3621 2587 3743 2643 viro

2098 2666 2319 2737 injuste
2350 2668 2431 2722 ait
2465 2684 2476 2721 :
2510 2669 2699 2723 Noluit
2744 2671 3053 2739 intelligere
3080 2676 3139 2726 ut
3180 2673 3310 2729 bene
3356 2679 3539 2743 ageret
3568 2676 3741 2746 (Psal.

2098 2771 2266 2825 xxxv,
2291 2755 2363 2826 4).
2394 2758 2667 2822 Quamvis
2698 2758 2877 2830 igitur
2908 2760 2979 2813 ab
3010 2760 3252 2816 avaritia
3280 2763 3538 2834 pecunie
3568 2763 3628 2818 in
3659 2780 3747 2819 or-

2100 2843 2375 2899 dinandis
2404 2845 2697 2917 episcopis
2728 2846 3159 2919 aliquantulum
3194 2850 3233 2904 ii
3264 2852 3409 2907 tales
3438 2852 3747 2908 videantur

2100 2935 2511 3004 quoquomodo
2545 2952 2786 2991 manum
2810 2937 3122 3005 retrahere,
3145 2956 3260 2994 non
3292 2940 3420 2997 ideo
3454 2941 3525 2997 ad
3553 2941 3746 3013 legiti-

2101 3039 2257 3076 mam
2291 3022 2701 3079 liberalitatem
2732 3025 3129 3082 ecclesiastica
3159 3028 3360 3084 electio
3394 3030 3744 3100 pertinebit;

2101 3112 2200 3166 sed
2222 3112 2860 3183 autconsanguinitatis
2874 3114 3214 3182 affectio,vel
3232 3117 3559 3172 amicorum
3574 3118 3749 3175 dilec-

332 3186 644 3256 substantia
672 3202 948 3271 pauperis,
972 3217 1039 3257 ac
1060 3203 1111 3255 si
1138 3203 1383 3256 victimet
1414 3202 1592 3269 ﬁlium
1621 3202 1681 3253 in
1706 3204 1989 3270 conspectu
2017 3185 2060 3252 C
2098 3200 2200 3269 tio,
2216 3216 2318 3254 seu
2339 3201 2515 3255 etiam
2537 3200 2916 3256 familiarium
2940 3204 3222 3274 obsequia
3241 3204 3656 3275 prevalebunt.
3677 3206 3749 3261 Et

328 3292 512 3361 patris
545 3290 733 3356 (Eccli.
758 3289 1076 3359 xxx1v,2-’i).
1098 3290 1361 3352 Quantus
1392 3294 1587 3342 autem
1620 3287 1784 3342 dolor
1804 3287 1989 3357 patris

338 3377 427 3431 sit
458 3376 966 3447 perpendamus,si
986 3376 1045 3429 in
1068 3376 1196 3446 ejus
1218 3380 1529 3446 conspectu
1553 3374 1710 3429 ﬁlius
1734 3374 1994 3431 victime-

332 3470 453 3520 tur.
489 3464 553 3518 Et
572 3463 710 3518 hinc
739 3463 906 3519 facile
926 3464 1354 3535 cognoscimus,
1374 3468 1592 3529 quanto
1615 3468 1766 3519 Deus
1798 3464 1986 3518 omni-

334 3556 547 3625 potens
590 3551 789 3608 dolore
818 3556 1216 3623 exasperatur,
1249 3552 1483 3621 quando
1533 3552 1582 3606 ei
1633 3551 1985 3607 sacrificium

334 3643 405 3697 de
438 3641 646 3713 rapina
690 3641 986 3696 tribuitur.
1020 3641 1210 3697 Nimis
1250 3656 1386 3712 ergo
1433 3640 1984 3708 declinandum'est,

338 3729 713 3786 dilectissimi
731 3730 1074 3795 fratres,sub
1093 3730 1331 3785 obtentu
1354 3729 1731 3802 eleemosynas
1755 3734 1991 3801 peccata

333 3818 670 3873 simoniace
727 3817 1017 3873 hereseos
1072 3822 1425 3890 perpetrare.
1477 3818 1623 3873 Nam
1680 3818 1840 3873 aliud
1897 3824 1986 3875 est

337 3914 572 3978 propter
604 3910 842 3978 peccata
884 3906 1287 3978 eleemosynas
1324 3908 1530 3972 facere,
1564 3906 1722 3961 aliud
1754 3912 1991 3979 peccata

336 4000 574 4066 propter
606 3995 1011 4067 eleemosynas
1042 3997 1425 4050 committere.
1453 4016 1481 4043 »

414 4083 507 4137 He
540 4088 677 4139 sunt
700 4084 958 4156 Gregorii
1001 4082 1360 4139 sanctissimi
1386 4087 1443 4137 et
1473 4082 1797 4138 doctissimi
1828 4100 1989 4154 pape

338 4187 444 4243 pro
459 4171 795 4228 simoniacis
809 4172 1097 4228 etillicitis
1110 4171 1577 4227 ordinationibus
1592 4171 1992 4227 saluberrime

337 4261 799 4329 admonitiones;
835 4278 939 4317 nec
971 4262 1259 4332 acquievit
1288 4262 1526 4317 omnino
1552 4262 1731 4317 donec
1753 4260 1993 4317 collecta

337 4348 599 4421 generali
624 4351 847 4421 synodo
873 4351 994 4405 hec
1017 4352 1126 4406 sub
1148 4350 1517 4405 anathemate
1540 4350 1816 4405 damnata
1836 4350 1992 4421 peni-

339 4442 436 4493 tus
466 4438 844 4510 impetraret;
893 4440 993 4494 sed
1026 4442 1222 4494 astuta
1268 4438 1621 4509 turpissime
1654 4438 1993 4509 cupiditatis

2099 3286 2239 3357 quid
2265 3289 2501 3357 prodest
2522 3288 2816 3345 declinare
2839 3307 2870 3343 a
2886 3290 3114 3361 laqueo,
3131 3292 3179 3347 si
3202 3294 3260 3347 in
3283 3293 3506 3349 foveam
3532 3294 3748 3349 incida-

2099 3375 2270 3429 mus?
2292 3376 2381 3429 Ait
2400 3377 2556 3431 enim
2582 3378 2786 3433 beatus
2807 3378 3192 3451 Hieronymus
3214 3398 3225 3436 :
3253 3381 3462 3437 Electio
3484 3383 3747 3438 sacerdo-

2098 3467 2224 3517 tum
2257 3480 2371 3518 non
2396 3466 2523 3535 jam
2546 3467 2716 3536 juxta
2737 3468 3107 3538 sanguinem,
3131 3470 3231 3525 sed
3253 3471 3426 3539 juxta
3456 3470 3663 3526 merita
3691 3476 3747 3527 et

2096 3552 2340 3609 virtutes
2371 3554 2683 3610 deferenda
2720 3560 2827 3610 est.
2863 3557 3005 3611 Cum
3039 3558 3193 3612 enim
3227 3558 3440 3630 aliquis
3471 3560 3744 3632 dignissi-

2099 3658 2233 3697 mus
2256 3643 2529 3698 sacerdos
2551 3644 2649 3699 diu
2674 3644 2731 3698 in
2757 3645 3012 3701 Ecclesia
3031 3646 3313 3717 militans,
3336 3649 3407 3703 ab
3430 3649 3745 3721 episcopali

2096 3730 2375 3787 electione
2398 3732 2584 3802 ipsius
2607 3734 2700 3787 cui
2724 3735 3301 3805 servieratEcclesie,
3324 3754 3359 3792 a
3382 3738 3744 3811 principibus

2097 3820 2463 3891 reprobatur,
2500 3822 2766 3892 nunquid
2808 3838 2923 3877 non
2972 3823 3072 3877 Dei
3122 3824 3277 3879 ﬁlius
3308 3826 3648 3897 despicitur,
3680 3829 3747 3881 ut

2095 3908 2239 3963 illud
2280 3926 2292 3963 :
2330 3910 2438 3978 Ego
2484 3909 2606 3964 dixi
2635 3929 2653 3963 :
2683 3910 2768 3965 dii
2810 3913 2958 3976 estis,
3004 3919 3055 3965 et
3104 3912 3212 3979 ﬁlii
3260 3912 3467 3968 excelsi
3512 3915 3748 3970 omnes?

2098 3997 2271 4067 (Psal.
2289 3998 2567 4066 Lxxx1,6.)
2583 3998 2723 4052 Cum
2749 4015 2881 4053 vero
2904 3998 3152 4068 alicujus
3174 4003 3427 4070 potentis
3450 4002 3605 4057 ﬁlius
3631 4003 3747 4057 im-

2098 4101 2203 4155 par
2227 4085 2541 4150 meritis,et
2562 4085 2781 4155 injuste
2809 4085 3185 4156 preponitur,
3211 4087 3350 4157 quid
3382 4088 3539 4142 aliud
3572 4106 3747 4158 quam

2101 4172 2395 4227 Barabbas
2426 4172 2679 4243 eligitur,
2704 4174 2803 4243 qui
2836 4173 2992 4228 ﬁlius
3016 4174 3196 4244 patris
3221 4173 3659 4246 interpretatur,
3687 4181 3753 4233 ut

2102 4261 2309 4316 merito
2354 4261 2582 4316 eveniat
2626 4262 2779 4333 quod
2815 4263 3100 4333 scriptum
3132 4268 3223 4318 est
3254 4280 3268 4318 :
3302 4265 3410 4334 Ego
3451 4282 3575 4321 sum
3606 4272 3751 4323 Deus

2102 4352 2463 4421 omnipotens,
2497 4350 2727 4405 reddens
2775 4351 3134 4422 iniquitatem
3175 4358 3404 4423 patrum
3438 4354 3498 4407 in
3526 4356 3661 4424 ﬁliis
3688 4371 3753 4411 ac

2100 4438 2590 4509 nepotibus(E:cod.
2606 4440 2883 4509 καινῇ).
2900 4440 3147 4503 Quidam
3173 4445 3368 4497 autem
3392 4444 3534 4497 adeo
3558 4447 3752 4499 mente

342 4528 627 4599 iniquitas
651 4545 765 4584 non
789 4529 1074 4584 suﬂ‘erens
1107 4545 1167 4584 se
1199 4528 1523 4583 commodis
1552 4526 1686 4582 licet
1716 4527 1992 4597 turpissi-
2025 4546 2072 4610 D
2102 4532 2159 4582 et
2191 4544 2430 4599 corpore
2460 4529 2843 4594 obcecantur,
2879 4533 2941 4583 ut
2970 4529 3127 4600 ipsos
3160 4531 3335 4585 etiam
3377 4531 3647 4602 parvulos
3679 4532 3752 4586 ad

342 4617 479 4681 mis,
513 4616 633 4671 imo
671 4616 1207 4688 periculosissimis,
1242 4617 1562 4688 angustari,
1597 4620 1993 4671 commentum

343 4706 489 4760 satis
515 4705 896 4761 artiﬁciosum
928 4705 1157 4777 reperit,
1184 4722 1298 4776 quo
1326 4705 1546 4760 scilicet
1569 4704 1701 4761 illos
1732 4704 1994 4760 sacerdo-

344 4795 425 4849 tio
457 4794 827 4863 sublimaret,
861 4795 959 4866 qui
992 4795 1103 4850 sibi
1144 4798 1276 4865 post
1305 4794 1798 4849 consecrationem
1832 4796 1994 4847 tanto

351 4883 737 4953 subjectiores
754 4900 881 4939 esse
895 4884 1482 4954 debuissent,quanto
1502 4899 1615 4937 non
1631 4882 1997 4953 divino,quin

350 4974 548 5043 potius
570 4972 1066 5042 humanojudicio
1091 4988 1153 5025 se
1175 4970 1356 5025 fuisse
1380 4975 1697 5041 promotos,
1725 4971 1835 5041 ipsi
1862 4986 1996 5040 pro—

351 5062 441 5115 cul
478 5061 657 5116 dubio
691 5064 1051 5132 reputarent.
1077 5062 1438 5131 Quapropter
1458 5059 1878 5129 omnipotentis
1902 5058 1998 5113 Dei

350 5166 539 5220 preco
554 5150 869 5221 Gregorius
886 5149 945 5202 in
960 5149 1400 5218 Evangeliorum
1416 5147 1760 5203 tractatibus
1773 5148 1997 5217 (hom/4.

350 5242 411 5293 in
453 5239 709 5309 Evang.),
740 5242 807 5293 ut
855 5236 1077 5292 scilicet
1123 5237 1486 5307 frequentius
1534 5235 1646 5307 legi
1675 5236 1765 5291 vel
1813 5235 2001 5290 audiri

354 5328 665 5399 potuisset,
700 5327 965 5398 disputat
1013 5324 1283 5395 inquiens
1315 5343 1327 5379 :
1354 5349 1382 5376 «
1418 5326 1567 5381 Sunt
1602 5324 1869 5379 nonnulli
1900 5322 2000 5395 qui

351 5416 593 5488 quidem
652 5430 1029 5470 nummorum
1090 5414 1325 5484 premis
1365 5431 1434 5468 ex
1473 5412 1840 5469 ordinatione
1887 5428 2003 5468 non

353 5504 673 5577 accipiunt,
706 5508 764 5559 et
801 5507 996 5558 tamen
1028 5517 1226 5558 sacros
1257 5501 1491 5557 ordines
1533 5520 1636 5574 per
1682 5503 2003 5559 humanam

351 5594 609 5671 gloriam
639 5593 986 5667 largiuntur,
1014 5596 1187 5664 atque
1226 5590 1296 5645 de
1346 5590 1613 5662 largitate
1643 5592 1846 5649 eadem
1876 5590 2001 5648 lau-

684 5723 942 5783 PATROL.
990 5716 1307 5782 CXXXIV.

2105 4616 2454 4687 pastoralem
2475 4633 2815 4687 promovere
2833 4634 3033 4672 curam
3054 4634 3170 4673 non
3188 4619 3630 4691 dubitent,quos
3649 4636 3755 4676 nec

2104 4710 2299 4760 mente
2333 4721 2436 4759 nec
2478 4722 2717 4777 corpore
2768 4706 3007 4761 idoneos
3066 4723 3193 4762 esse
3248 4712 3492 4764 constet.
3528 4708 3596 4764 Et
3652 4708 3754 4782 qui

2107 4794 2299 4848 adhuc
2330 4809 2436 4847 nec
2470 4794 2597 4863 ipsa
2627 4793 2958 4849 rudimenta
2984 4794 3251 4850 humane
3276 4801 3494 4851 nature
3517 4799 3755 4854 suffece-

2114 4883 2233 4936 rint
2254 4883 2496 4945 discere,
2516 4883 2621 4937 hos
2643 4884 2713 4937 ad
2742 4882 3138 4953 magisteriam
3169 4883 3390 4941 elevare
3413 4904 3526 4942 non
3552 4887 3752 4942 formi-

2110 4972 2271 5036 dant,
2290 4970 2637 5040 judicesque
2668 4973 3031 5026 constituunt
3062 4973 3416 5040 animarum,
3441 4976 3538 5045 qui
3562 4975 3754 5029 adhuc

2110 5058 2248 5129 quid
2284 5059 2481 5112 anima
2511 5058 2586 5113 sit
2616 5059 2938 5132 intelligere
2962 5061 3194 5133 penitus
3218 5067 3534 5133 nequeunt.
3558 5063 3627 5114 Et
3652 5058 3754 5130 qui

2110 5146 2315 5200 docere
2342 5146 2622 5217 populum
2654 5148 2941 5204 instanter
2962 5151 3285 5206 debuerant
3311 5152 3380 5205 de
3403 5148 3633 5218 divinis,
3658 5147 3751 5203 do-

2112 5235 2226 5289 ceri
2259 5236 2330 5289 de
2361 5236 2737 5292 secularibus
2771 5241 2826 5292 et
2856 5237 3031 5293 etiam
3062 5238 3296 5305 vilibus,
3329 5240 3753 5307 preceptorum

2111 5323 2450 5379 verberibus
2485 5326 2791 5397 incipiunt.
2817 5327 2885 5381 Et
2910 5328 3009 5399 qui
3040 5327 3221 5381 vereri
3252 5326 3321 5377 ab
3354 5323 3627 5380 omnibus
3653 5326 3753 5381 de-

2112 5412 2378 5480 buerant,
2394 5411 2553 5484 ipsos
2570 5414 2742 5469 etiam
2758 5414 3137 5470 scholasticos
3156 5412 3538 5469 timent.Nam
3557 5430 3757 5486 quem-

2114 5500 2433 5557 admodum
2460 5502 2597 5557 olim
2631 5504 2819 5558 sancti
2851 5501 3127 5574 praesules
3158 5517 3192 5555 a
3221 5517 3581 5573 paganorum
3625 5504 3755 5559 riti-

2112 5589 2223 5646 bus
2254 5591 2610 5663 recedentes,
2640 5591 2887 5667 injurias
2935 5592 2991 5644 et
3038 5588 3278 5648 verbera
3307 5592 3380 5651 ab
3417 5591 3757 5653 inﬁdelibus

3402 5720 3439 5795 3
