4116 6184
438 214 514 272 75
709 188 719 195 ’
1453 211 1790 275 ATTONIS
1835 209 2420 273 VERCELLENCIS
2470 214 2821 273 EPISCOPI
3276 232 3285 241 ι
3767 220 3837 276 76

440 343 604 403 illata
636 344 1064 415 sustinuerunt,
1090 343 1173 400 sic
1196 347 1252 399 et
1279 343 1377 399 isti
1401 358 1608 398 rursus
1627 343 1829 398 eadem
1854 343 2085 415 patiun-
2114 344 2169 411 Α
2200 344 2475 400 mulacris
2506 344 2586 401 ait
2618 363 2630 400 :
2666 345 2887 402 Similes
2916 347 3031 402 illis
3081 347 3217 417 ﬁant
3267 348 3362 418 qui
3407 347 3626 421 faciunt
3669 365 3765 412 ea;
3793 361 3840 407 et

437 439 554 505 tur,
591 439 656 490 ut
683 449 1046 507 paganorum
1078 432 1296 505 regulis
1336 430 1567 503 possint
1611 432 1851 488 erudiri.
1885 434 1954 487 Et
1983 448 2087 487 nec

439 524 710 582 indoctos
730 522 966 580 elevare
994 523 1265 578 metuunt
1294 520 1366 575 ad
1397 519 1759 591 cathedram,
1792 525 1850 576 et
1881 537 2086 576 rursus

435 612 687 669 elevatos
726 611 1050 685 disciplinas
1098 608 1547 682 philsophorum
1593 609 1936 665 submittere
1968 626 2083 664 non

437 702 777 758 formidant.

507 792 720 849 Beatus
751 790 969 863 quippe
985 786 1301 859 Gregorius
1330 804 1535 843 omnes
1567 786 1869 860 pontiﬁces
1902 804 1935 843 a
1963 786 2083 842 lec-

432 881 593 938 tione
621 880 934 949 ,librorum
975 875 1287 949 gentilium
1346 876 1648 932 inhibebat
1680 894 1694 932 :
1730 882 2086 948 quapropter

433 969 728 1027 Desiderio
758 965 1079 1023 Galliarum
1125 964 1397 1037 episcopo
1443 966 1704 1022 scribens
1734 966 1817 1020 ait
1845 966 1965 1035 (lib.
2002 983 2082 1034 ιιι,

428 1061 588 1130 epist.
620 1055 710 1128 48)
745 1073 759 1112 :
790 1077 817 1105 ‹‹
853 1054 1119 1110 Pervenit
1148 1054 1219 1110 ad
1254 1071 1361 1110 nos
1392 1055 1545 1127 quod
1579 1055 1705 1110 sine
1734 1055 2083 1110 verecundia

426 1160 755 1203 memorare
777 1160 893 1200 non
916 1159 1234 1216 possumus
1254 1143 1682 1199 fraternitatem
1708 1147 1870 1198 tuam
1893 1160 2083 1216 gram-

429 1235 702 1293 maticam
734 1232 1092 1307 quibusdam
1124 1248 1409 1305 exponere
1438 1250 1451 1287 :
1479 1249 1657 1304 quam
1690 1249 1809 1287 rem
1844 1232 1926 1287 ita
1959 1249 2081 1288 mo-

425 1323 1015 1396 lestegsuscepimus,
1057 1338 1123 1377 ac
1172 1337 1381 1378 sumus
1431 1320 1831 1376 vehementius
1882 1336 2080 1392 asper-

428 1415 574 1485 nati,
607 1419 671 1469 ut
701 1429 769 1469 ea
798 1429 925 1485 quas
972 1412 1138 1484 prius
1168 1411 1238 1466 de
1270 1414 1325 1465 te
1355 1410 1523 1466 nobis
1565 1410 1719 1465 bona
1765 1408 1922 1464 dicta
1954 1410 2079 1464 fue-

430 1508 587 1574 rant,
619 1502 677 1558 in
712 1501 997 1576 gemitum
1049 1504 1106 1556 et
1150 1499 1455 1556 tristitiam
1505 1502 1862 1555 verteremus
1896 1515 1908 1552 :
1943 1498 2080 1569 quia

426 1593 488 1649 in
520 1595 731 1664 unozse
769 1606 867 1647 ore
912 1605 1049 1647 cum
1094 1588 1258 1645 Jovis
1304 1587 1579 1644 laudibus
1609 1587 1824 1645 Christi
1875 1586 2079 1642 laudes

424 1684 541 1739 non
599 1680 885 1753 capiunt:
920 1684 978 1735 et
1034 1694 1212 1750 quam
1271 1693 1444 1750 grave
1501 1677 1946 1748 nefandumque
2005 1675 2077 1732 sit

425 1770 729 1845 Episcopis
759 1785 983 1837 canere,
1018 1767 1174 1840 quod
1224 1783 1327 1823 nec
1366 1767 1513 1822 laico
1562 1765 1833 1839 religioso
1865 1781 2069 1821 conve-

425 1862 551 1917 niat
579 1860 706 1932 ipse
753 1856 1079 1914 considera.
1116 1878 1138 1906 ι
1176 1856 1473 1929 [Legimus
1503 1871 1736 1928 quoque
1784 1857 1854 1910 de
1900 1855 2070 1910 beato

423 1950 808 2021 Hieronymo,
860 1944 1140 2017 quoniam
1198 1961 1332 1999 cum
1390 1944 1607 1999 librum
1658 1944 1875 2017 legeret
1916 1943 2070 1999 Cice-

423 2038 605 2109 ronis,
637 2036 711 2093 ab
740 2034 961 2108 Angelo
1004 2036 1306 2105 correptus
1353 2031 1450 2105 sit,
1482 2033 1638 2104 quod
1670 2032 1757 2088 vir
1786 2031 2073 2088 Christia-

427 2130 578 2197 nus]
635 2140 1001 2198 paganorum
1059 2123 1388 2178 intenderet
1443 2122 1815 2194 [ﬁgmentis.]
1875 2122 2071 2176 Rudes

431 2216 624 2272 adhuc
656 2211 988 2269 scholastici
1010 2226 1246 2283 operam
1270 2211 1413 2265 dant
1432 2210 1666 2276 studiis,
1690 2210 1908 2282 quibus
1937 2226 2072 2265 cum

427 2304 593 2361 nulla
621 2302 1019 2374 suﬂragantur
1051 2299 1277 2367 merita,
1302 2315 1333 2354 a
1358 2297 1483 2355 sola
1510 2299 1922 2355 tantummodo
1951 2315 2075 2354 cas-

421 2393 591 2450 titate
619 2391 972 2449 laudantur:
1006 2392 1063 2445 et
1093 2388 1385 2461 quomodo
1435 2388 1546 2442 dici
1600 2391 1797 2443 castus
1839 2388 2071 2462 poterit,

431 2482 535 2555 qui
562 2480 752 2538 adhuc
779 2479 1072 2535 incentiva
1090 2476 1203 2550 (45)
1227 2476 1444 2533 sentire
1470 2493 1585 2533 non
1606 2476 1832 2533 valeat?
1861 2479 2072 2533 statui-

431 2576 531 2629 tur
550 2568 833 2644 puerulus
854 2568 913 2623 in
934 2566 1215 2632 medium,
1240 2566 1635 2638 interrogatur
1655 2565 1908 2638 populus
1933 2584 2073 2638 qua-

429 2660 506 2718 lis
532 2662 628 2732 sit,
643 2660 745 2732 qui
766 2657 1128 2737 ordinandus
1150 2656 1249 2725 sit;
1274 2656 1369 2711 cui
1394 2659 1590 2711 tamen
1620 2655 1885 2728 perhibet
1914 2655 2072 2713 testi-

427 2750 694 2808 monium
725 2764 842 2805 non
872 2745 1091 2817 volens,
1123 2746 1223 2802 sed
1272 2744 1512 2800 invitus.
1536 2744 1683 2810 Quid
1714 2761 2071 2817 supervacue

429 2839 714 2914 quaeritur
743 2842 808 2894 ut
833 2835 1123 2904 laudetur,
1157 2851 1291 2891 eum
1322 2834 1395 2889 ab
1425 2833 1701 2890 omnibus
1728 2833 1956 2891 inutilis
1986 2835 2067 2892 vi-

428 2927 678 2985 deatur?
704 2926 853 2983 Vota
880 2924 1145 2982 omnium
1175 2923 1574 2996 inquiruntur,
1606 2940 1733 2995 quae
1759 2925 1935 2980 etiam
1968 2942 2066 2981 os-

2193 450 2380 488 omnes
2407 438 2501 505 qui
2529 437 2801 505 conﬁdunt
2832 439 2889 490 in
2919 439 2997 492 eis
3024 437 3193 507 (Psal.
3218 454 3374 502 cxm,
3396 437 3474 507 8).
3498 438 3593 494 Ait
3623 440 3837 512 quippe

2194 522 2400 605 beatus
2442 523 2832 597 Hieronymus
2863 522 2926 596 (l.
2958 542 3013 579 v1
3042 525 3103 579 in
3131 529 3360 590 Jerem.,
3393 542 3442 581 e.
3480 527 3565 597 12)
3597 543 3611 582 :
3653 552 3672 577 ι
3711 528 3839 583 Ido-

2192 610 2317 667 lum
2363 612 2649 685 hodieque
2700 614 2957 685 ponitur,
2992 615 3227 686 quando
3273 631 3489 671 novum
3536 616 3754 690 dogma
3784 617 3840 673 in

2194 700 2449 757 Ecclesia
2476 702 2875 758 constituitur.
2900 725 2927 753 ››
2954 703 3103 759 Sane
3132 703 3230 758 hie
3251 703 3431 759 etiam
3461 703 3838 762 inserendum

2192 788 2490 856 duximus,
2522 791 2677 861 quod
2710 791 2770 846 in
2801 791 3097 847 Ezechiele
3142 792 3426 864 propheta
3472 793 3681 866 legisse
3712 810 3838 850 me-

2192 877 2476 933 minimus
2501 895 2513 932 :
2540 881 2605 934 Et
2633 883 2842 950 factum
2860 885 2942 935 est
2972 882 3031 935 in
3060 897 3205 935 ισηηο
3237 883 3518 951 trigesimo
3540 883 3840 938 Ezechielis

2189 967 2466 1037 propheta
2496 985 2514 1020 :
2547 966 2683 1021 Caeli
2709 971 2889 1051 aperti
2916 977 3044 1024 sunt
3072 974 3122 1024 et
3151 970 3291 1025 vidit
3325 973 3558 1027 visiones
3587 973 3837 1034 Domini;

2192 1063 2240 1109 et
2267 1062 2414 1126 facta
2437 1064 2514 1110 est
2536 1073 2702 1126 super
2722 1073 2846 1112 eum
2866 1059 2946 1113 ibi
2968 1075 3163 1114 manus
3191 1061 3413 1115 Domini
3438 1061 3668 1128 (Ezech.
3694 1079 3734 1131 1,
3765 1061 3836 1133 1).

2191 1145 2351 1209 Quod
2400 1146 2605 1201 beatus
2637 1147 2949 1221 Gregorius
3003 1148 3502 1219 prudentissimus
3533 1149 3588 1204 in
3622 1150 3837 1207 divinis

2190 1234 2566 1305 dogmatibus
2596 1235 2926 1307 disputator
2962 1236 3045 1292 ita
3074 1237 3372 1309 disseruit,
3405 1237 3605 1294 dicens
3635 1238 3760 1309 (lib.
3795 1256 3834 1306 ι,

2188 1339 2352 1394 super
2381 1324 2592 1390 Ezech.,
2625 1324 2829 1380 homil.
2860 1326 2915 1397 2)
2942 1343 2955 1380 :
2988 1346 3009 1373 ι
3032 1326 3151 1382 Ηοο
3183 1330 3377 1382 autem
3409 1328 3564 1398 quod
3597 1327 3833 1394 dicitur,

2189 1411 2330 1482 quia
2357 1413 2659 1485 trigesimo
2688 1431 2842 1469 anno
2872 1414 3147 1487 spiritum
3178 1415 3494 1487 prophetiae
3523 1417 3831 1488 acceperit,

2189 1500 2409 1556 indicat
2467 1502 2634 1558 nobis
2693 1502 2913 1574 aliquid
2981 1503 3503 1572 considerandum,
3562 1503 3833 1561 videlicet

2190 1588 2328 1661 quia
2348 1591 2516 1660 juxta
2545 1591 2787 1648 rationis
2810 1608 2984 1648 usum
3015 1593 3290 1648 doctrinm
3321 1609 3513 1649 sermo
3545 1609 3659 1649 non
3688 1610 3832 1666 sup-

2190 1678 2354 1749 petit,
2387 1680 2500 1735 nisi
2532 1680 2590 1735 in
2620 1684 2786 1736 aetate
2815 1682 3088 1753 perfecta.
3118 1681 3277 1737 Unde
3308 1689 3365 1738 et
3390 1683 3519 1749 ipse
3547 1682 3831 1739 Dominus

2187 1783 2340 1822 anno
2372 1768 2715 1825 duodecimo
2744 1769 2934 1825 aetatis
2971 1787 3090 1826 sua:
3122 1769 3181 1825 in
3213 1770 3402 1826 medio
3432 1771 3735 1827 doctorum
3769 1771 3829 1828 in

2179 1857 2396 1928 templo
2427 1858 2789 1927 sedens,non
2820 1859 3034 1915 docens
3064 1859 3166 1915 sed
3199 1859 3564 1932 interrogans
3585 1860 3735 1932 (Luc.
3762 1878 3825 1929 ιι,

2181 1945 2270 2016 46)
2304 1946 2488 2002 voluit
2517 1948 2781 2004 inveniri.
2817 1947 2887 2004 Ut
2910 1949 3066 2003 enim
3101 1964 3217 2004 non
3247 1949 3531 2004 auderent
3559 1948 3828 2004 homines

2182 2032 2241 2087 in
2271 2033 2612 2090 inﬁrmitate
2632 2035 2960 2106 praedicare,
2979 2035 3075 2091 ille
3096 2052 3248 2092 anno
3270 2036 3615 2092 duodecimo
3638 2038 3826 2093 aetatis

2182 2138 2299 2177 sum
2325 2123 2684 2195 interrogare
2714 2124 2982 2180 homines
3011 2129 3101 2180 est
3130 2126 3403 2197 dignatus
3431 2125 3489 2180 in
3522 2129 3696 2195 terra,
3720 2126 3824 2197 qui

2182 2227 2286 2282 per
2322 2211 2686 2268 divinitatem
2741 2230 2910 2268 suam
2971 2230 3201 2285 semper
3252 2213 3490 2286 angelos
3541 2215 3708 2270 docet
3762 2215 3823 2270 in

2182 2299 2346 2356 cmlo.
2371 2301 2517 2364 Quia
2544 2302 2699 2357 enim
2734 2302 2858 2374 ipse
2887 2307 2977 2358 est
3007 2303 3104 2359 Dei
3138 2303 3443 2375 sapientia,
3468 2305 3539 2359 de
3568 2303 3695 2375 ipso
3725 2321 3826 2360 an-

2182 2389 2296 2461 geli
2326 2389 2571 2446 videndo
2622 2392 2841 2457 vivunt,
2876 2391 2986 2447 hoc
3030 2393 3181 2464 quod
3241 2393 3539 2448 beatitudo
3584 2397 3821 2460 aeterna,

2183 2478 2493 2534 satiantur.
2517 2480 2677 2545 Quod
2702 2480 2931 2552 Moyses
2962 2497 3195 2553 quoque
3225 2497 3327 2553 per
3355 2479 3643 2554 allegorias
3674 2498 3827 2554 mys-

2181 2568 2394 2623 terium
2442 2568 2738 2638 admonet,
2771 2570 2970 2626 dicens
3002 2586 3015 2624 :
3049 2571 3166 2626 Non
3204 2569 3394 2626 orabis
3443 2572 3502 2624 in
3545 2572 3823 2642 primoge-

2182 2658 2295 2712 nito
2351 2657 2497 2713 bovis
2553 2658 2730 2730 (Deut.
2771 2676 2907 2729 XXII,
2942 2660 3051 2731 10).
3100 2658 3564 2731 Primogenitum
3624 2663 3819 2715 autem

2177 2747 2344 2804 bovis
2400 2748 2746 2819 accipimus,
2777 2747 2835 2803 in
2888 2748 3126 2804 inﬁrma
3179 2752 3343 2803 aetate
3402 2747 3574 2820 primi
3631 2749 3820 2805 nostri

2176 2837 2457 2910 temporis
2491 2837 2702 2893 bonam
2735 2838 3153 2910 operationem.
3188 2838 3250 2893 In
3281 2854 3399 2908 qua
3426 2841 3621 2894 tamen
3648 2855 3818 2894 aran-

2175 2928 2315 2983 dum
2362 2945 2477 2984 non
2507 2932 2613 2997 est,
2631 2928 2768 2999 quia
2812 2943 2946 2982 cum
2995 2927 3185 2999 prima
3231 2926 3350 2983 sint
3395 2926 3815 2997 adolescentiae,

426 3019 663 3075 tendere
694 3015 924 3089 publice
954 3017 1245 3082 metuunt,
1276 3028 1345 3068 ea
1372 3017 1566 3069 tamen
1598 3030 1727 3084 quae
1766 3014 2067 3081 proferunt
2103 3080 2137 3089 _
2168 3016 2497 3087 juventutis
2526 3023 2736 3073 nostrae
2778 3021 3061 3088 tempora,
3094 3016 3263 3072 nobis
3312 3015 3504 3071 adhuc
3532 3033 3567 3071 a
3604 3016 3816 3087 praedi-

425 3112 586 3164 metu
616 3109 859 3175 extorta,
883 3108 939 3159 et
967 3103 1078 3175 ipsi
1109 3102 1619 3185 inquirentes‘non
1646 3103 1933 3158 ambiunt.
1968 3104 2063 3159 Ri-
2095 3080 2138 3147 Ο
2178 3107 2403 3161 catione
2459 3106 2809 3162 cessandum
2853 3110 2963 3174 est,
2997 3110 3060 3159 ut
3106 3119 3307 3160 vomer
3334 3103 3544 3176 linguas
3604 3106 3814 3159 nostra":

424 3197 565 3254 dent
593 3194 855 3269 plurimi,
881 3192 979 3249 alii
1003 3191 1172 3265 quasi
1195 3192 1266 3246 de
1295 3190 1538 3246 infantis
1555 3191 1773 3247 honore
1802 3193 2065 3264 gauden-

420 3292 532 3355 tes,
566 3284 665 3339 alii
696 3289 894 3339 tamen
926 3281 1150 3336 clarum
1181 3284 1238 3336 et
1278 3279 1656 3335 manifestum
1704 3282 2062 3354 praestigium

421 3373 776 3430 deridentes.
803 3372 930 3442 Ipse
959 3384 1193 3441 quoque
1230 3367 1508 3440 parvulus
1546 3368 1615 3423 de
1651 3368 1945 3439 aliquibus
1974 3371 2064 3426 in-

415 3465 748 3535 terrogatus
778 3457 1074 3531 eapitulis,
1100 3473 1227 3528 quae
1258 3456 1307 3512 si
1348 3472 1670 3527 praeparare
1701 3459 1912 3529 poterit
1941 3476 2063 3515 me-

418 3551 664 3608 moriter
682 3548 905 3618 reddet,
931 3546 1014 3602 vel
1037 3545 1099 3601 in
1121 3544 1316 3617 aliquo
1341 3549 1596 3600 tremens
1612 3545 1773 3617 leget
1803 3547 2062 3618 pittacio,

416 3656 533 3697 non
564 3636 955 3711 episcopalem
984 3634 1200 3690 timens
1240 3634 1480 3706 perdere
1509 3634 1779 3705 gratiam,
1805 3636 1903 3691 sed
1938 3653 2059 3692 ma-

413 3728 585 3803 gistri
616 3728 913 3783 incurrere
954 3724 1198 3796 virgam.
1234 3723 1360 3779 Non
1390 3723 1546 3778 enim
1579 3739 1705 3795 quae
1737 3724 1940 3780 recitat
1970 3726 2060 3781 in-

410 3817 643 3892 telligit,
674 3816 845 3887 cujus
876 3831 981 3871 nec
1012 3813 1069 3869 id
1100 3813 1399 3869 corculum
1431 3812 1654 3868 discere
1686 3813 1922 3883 sufﬁcit,
1957 3817 2057 3872 sed

405 3907 583 3964 verba
611 3910 843 3963 tantum
876 3919 1213 3977 percurrere
1244 3902 1472 3975 quaerit.
1505 3903 1920 3976 Interrogatur,
1954 3906 2055 3961 sed

408 3997 566 4054 unde
596 4012 731 4053 eum
789 3994 1013 4052 nescire
1042 3993 1144 4065 qui
1176 3992 1538 4065 interrogant
1590 4009 1704 4047 non
1763 3993 2052 4063 dubitant,

405 4086 758 4157 respondere
816 4088 1013 4139 tamen
1072 4081 1278 4137 exinde
1332 4080 1743 4151 quoquomodo
1776 4081 2054 4138 didicisse

405 4172 729 4229 conﬁdunt.
753 4171 869 4227 Nec
901 4171 1184 4241 quaeritur
1212 4172 1277 4223 ut
1297 4185 1539 4223 sensum
1571 4172 1839 4239 exponat,
1865 4171 1964 4225 sed
1989 4176 2052 4225 ut

402 4261 580 4317 verba
604 4263 835 4315 tantum
867 4256 1060 4326 aliquo
1110 4256 1281 4311 modo
1316 4259 1575 4327 promat;
1609 4273 1725 4311 non
1774 4257 1930 4311 enim
1960 4259 2049 4313 in-

402 4350 658 4421 quiritur
708 4351 773 4402 ut
817 4345 1204 4414 examinetur,
1251 4344 1353 4399 sed
1402 4343 1571 4414 quasi
1620 4349 1685 4399 ut
1734 4345 2049 4402 canonicus

2174 3194 2544 3266 proscindere
2565 3211 2680 3249 non
2711 3194 2924 3250 audeat
2948 3198 3163 3249 terram
3190 3192 3383 3248 cordis
3412 3192 3602 3249 alieni.
3631 3196 3816 3258 Quoa-

2174 3284 2401 3355 dusque
2430 3284 2645 3339 etenim
2684 3282 2904 3338 inﬁrmi
2934 3299 3163 3350 sumus,
3198 3283 3494 3338 continere
3525 3298 3629 3338 nos
3658 3281 3817 3337 intra

2172 3372 2565 3443 nosmetipsos
2595 3372 2899 3438 debemus,
2933 3389 3005 3427 ne
3043 3373 3181 3426 dum
3212 3375 3412 3427 tenera
3456 3372 3609 3427 bona
3636 3370 3814 3426 citius

2173 3462 2541 3517 ostendimus
2573 3478 2586 3516 :
2621 3460 2758 3531 quia
2800 3465 2857 3516 et
2899 3461 3138 3517 arbusta
3170 3460 3450 3532 plantata,
3482 3461 3531 3516 si
3564 3460 3725 3532 prius
3752 3458 3813 3514 in

2170 3554 2324 3605 terra
2355 3549 2615 3605 radicata
2645 3566 2759 3604 non
2791 3549 3027 3615 fuerint,
3060 3564 3240 3604 manu
3272 3553 3426 3605 tacta
3455 3549 3631 3604 citius
3661 3564 3816 3603 ares-

2171 3642 2337 3707 cunt;
2367 3643 2426 3694 at
2456 3637 2504 3693 si
2534 3637 2714 3694 semel
2743 3638 2995 3693 radicem
3022 3637 3275 3706 ﬁxerint,
3298 3654 3510 3694 manus
3538 3636 3727 3709 tangit
3755 3639 3816 3692 et

2170 3727 2315 3781 nihil
2339 3727 2538 3794 ofﬁcit,
2566 3727 2720 3783 venti
2746 3726 3074 3798 impellunt,
3100 3744 3204 3783 nec
3225 3732 3420 3783 tamen
3443 3724 3812 3799 impellentes

2168 3815 2409 3873 laedunt.
2469 3817 2538 3871 Et
2595 3816 2917 3871 constructi
2978 3815 3230 3887 parietes
3287 3815 3337 3871 si
3408 3814 3809 3887 impellantur,

2167 3911 2473 3974 eruuntur,
2505 3905 2618 3961 nisi
2661 3905 2825 3977 prius
2878 3905 3093 3960 fuerint
3135 3904 3207 3960 ab
3255 3904 3498 3960 humore
3545 3920 3651 3960 suo
3695 3903 3808 3959 sic-

2165 3994 2297 4049 cati.
2332 3996 2496 4049 Mens
2539 3994 2735 4066 itaque
2777 4010 3085 4065 quousque
3114 3994 3186 4048 ab
3215 3993 3459 4049 humore
3507 3992 3810 4065 pravitatis

2165 4098 2283 4137 sua:
2315 4083 2564 4153 perfecte
2605 4099 2719 4137 non
2768 4081 2944 4137 fuerit
2995 4082 3304 4153 exsiccata,
3336 4081 3535 4137 alienas
3592 4079 3808 4152 linguae

2163 4186 2341 4225 manu
2373 4171 2535 4242 tangi
2567 4187 2681 4226 non
2715 4171 2905 4241 debet,
2939 4187 3010 4226 ne
3048 4169 3392 4243 priusquam
3425 4168 3592 4240 plene
3621 4168 3810 4241 perci-

2162 4258 2302 4330 piat,
2339 4259 2541 4329 perdat
2591 4258 2950 4315 soliditatem
3002 4275 3195 4325 suam,
3225 4276 3297 4314 ne
3343 4256 3600 4329 impulsa
3651 4260 3810 4327 ruat,

2161 4363 2232 4403 ne
2262 4348 2418 4403 velut
2448 4349 2756 4404 arbustum
2783 4347 2910 4403 sine
2943 4348 3260 4414 radicibus,
3288 4348 3425 4401 dum
3457 4344 3588 4417 plus
3620 4361 3808 4415 quam

400 4439 540 4495 ordo
573 4441 854 4505 servetur,
890 4438 948 4491 et
980 4438 1044 4489 ut
1092 4431 1465 4489 mendacium
1514 4434 1571 4487 et
1618 4433 1778 4489 fraus
1802 4434 2050 4490 validior
2078 4447 2125 4512 D
2157 4437 2407 4492 tolerare
2460 4436 2632 4504 valet,
2694 4437 3045 4509 concutitur,
3103 4436 3338 4491 ﬂatibus
3407 4437 3651 4488 arescat.
3714 4435 3807 4490 Ad

398 4528 496 4596 sit,
532 4527 581 4584 si
628 4526 869 4583 veritate
919 4523 1324 4589 obumbratur,
1361 4525 1418 4577 et
1449 4539 1483 4576 a
1512 4521 1916 4595 compluribus
1949 4525 2043 4579 ﬁr-

399 4621 595 4674 metur
621 4633 634 4671 :
670 4616 771 4672 sed
803 4612 937 4687 quis
969 4613 1204 4668 ﬁrmare
1233 4611 1446 4683 poterit
1493 4611 1649 4681 quod
1697 4611 1850 4666 Deus
1881 4611 2042 4667 inﬁr-

398 4706 561 4762 mat?
589 4704 736 4771 Quid
766 4704 923 4759 enim
956 4701 1145 4757 dicere
1175 4716 1490 4774 possumus
1521 4716 1655 4755 cum
1685 4700 1818 4755 talis
1848 4701 1906 4756 in
1940 4703 2041 4757 Ec-

394 4793 573 4851 clesia
594 4792 975 4866 praeponitur,
992 4790 1105 4847 nisi
1123 4790 1277 4863 quod
1299 4788 1521 4846 idolum
1547 4789 1880 4845 statuatur?
1901 4790 2043 4846 Ocu-

389 4883 479 4941 los
507 4883 664 4941 enim
696 4882 894 4947 habet,
928 4884 985 4936 et
1014 4897 1130 4936 non
1159 4880 1333 4947 videt,
1365 4879 1517 4935 sicut
1551 4879 1834 4935 Dominus
1865 4880 1947 4935 ait
1979 4880 2038 4935 in

389 4970 697 5047 Evangelio
727 4987 740 5028 :
775 4970 970 5026 Simile
997 4970 1126 5026 illas
1156 4987 1174 5025 :
1204 4970 1333 5026 ca’ci
1361 4977 1489 5024 sunt
1513 4976 1564 5024 et
1592 4969 1751 5026 duces
1778 4985 2040 5026 caecorum

395 5061 602 5135 (Matth.
635 5060 846 5133 ιιν,14).
880 5064 1065 5114 Aures
1094 5058 1271 5114 habet
1301 5063 1358 5113 et
1387 5075 1502 5114 non
1534 5059 1718 5129 audit,
1752 5063 1815 5113 ut
1845 5058 1984 5114 alibi
2020 5076 2031 5113 :

393 5151 501 5221 Qui
529 5151 692 5207 habet
715 5165 879 5206 aures
908 5146 1195 5214 audiendi,
1226 5148 1424 5203 audiat
1450 5145 1664 5215 (Matth.
1688 5163 1763 5201 x1.
1801 5148 1908 5219 15).
1942 5149 2031 5217 Et,

398 5244 465 5294 ut
495 5240 565 5294 ad
598 5237 918 5310 discipulos
948 5252 960 5292 :
1001 5236 1170 5292 Vestri
1201 5239 1393 5290 autem
1422 5235 1568 5289 beati
1597 5236 1760 5301 oculi,
1793 5239 1923 5306 quia
1950 5238 2032 5292 vi-

388 5328 615 5391 derunt;
645 5331 697 5383 et
742 5342 907 5383 aures
951 5332 1172 5394 vestrae,
1205 5326 1337 5395 quia
1383 5321 1620 5378 audiunt
1651 5324 1857 5395 (Matth.
1905 5341 2029 5396 xm,

385 5417 496 5491 16).
530 5414 637 5472 Ubi
667 5414 835 5471 valde
864 5415 1195 5471 timendum
1214 5417 1305 5470 est
1328 5413 1485 5485 quod
1514 5411 1827 5470 Psalmista
1854 5415 1924 5471 de
1951 5415 2030 5471 si-

2156 4525 2485 4597 exemplum
2538 4542 2673 4597 ergo
2723 4542 2838 4580 non
2894 4530 3032 4581 sunt
3086 4522 3460 4588 ostendenda,
3494 4520 3611 4577 nisi
3668 4537 3805 4594 quae

2154 4613 2324 4670 ﬁrma
2353 4619 2511 4669 sunt.
2545 4614 2713 4669 Prius
2742 4615 2957 4670 etenim
2981 4612 3376 4669 convalescere
3405 4611 3579 4666 debet
3608 4627 3802 4680 mens,

2153 4707 2329 4774 atque
2372 4703 2443 4758 ad
2477 4702 2791 4758 utilitatem
2841 4705 3237 4775 proximorum
3289 4699 3663 4773 postmodum
3697 4701 3802 4756 de-

2153 4792 2484 4863 monstrari,
2516 4809 2647 4848 cum
2692 4793 2818 4863 jam
2853 4809 2958 4848 nec
2989 4808 3091 4864 per
3138 4792 3371 4848 laudem
3422 4789 3641 4846 elevata
3669 4805 3800 4845 eor-

2150 4886 2300 4949 ruat,
2331 4897 2434 4936 nec
2466 4898 2567 4954 per
2586 4882 3068 4954 vituperationem
3095 4896 3371 4953 percussa
3395 4878 3799 4935 eontabescat.

2147 4969 2294 5025 Nam
2325 4974 2383 5027 et
2412 4970 2464 5025 si
2493 4970 2795 5026 Timotheo
2826 4970 3078 5025 dicitur:
3114 4971 3365 5040 Praecipe
3394 4968 3525 5037 haec,
3554 4975 3605 5023 et
3630 4968 3801 5029 doce;

2145 5076 2303 5115 nemo
2335 5060 2759 5115 adolescentiam
2788 5067 2940 5113 tuam
2968 5063 3276 5114 contemnat
3307 5058 3353 5129 (ι
3385 5059 3520 5112 Tim.
3553 5073 3630 5124 ιν,
3664 5057 3757 5120 11)
3784 5072 3798 5111 :

2146 5149 2451 5205 sciendum
2484 5154 2572 5204 est
2615 5149 2771 5219 quod
2803 5147 2862 5201 in
2894 5164 3059 5204 sacro
3086 5147 3318 5219 eloquio
3368 5161 3803 5216 nonnunquam

2145 5237 2539 5294 adolescentia
2562 5238 2843 5308 juventus
2861 5242 3129 5304 vocatur;
3164 5236 3318 5291 unde
3348 5234 3633 5306 scriptum
3664 5238 3759 5289 est
3784 5251 3798 5290 :

2140 5328 2374 5396 Laetare,
2426 5327 2681 5397 juvenis,
2742 5329 2803 5383 in
2874 5326 3236 5383 adolescentia
3289 5332 3384 5381 tua
3440 5324 3651 5397 (Each.
3711 5339 3798 5396 ιιι,

2138 5416 2215 5488 9).
2249 5415 2509 5473 Profecto
2558 5415 2759 5491 igitur,
2808 5422 2872 5473 ut
2906 5414 3272 5474 ostendatur
3318 5415 3489 5488 cujus
3539 5411 3803 5473 auctori-

454 5523 567 5603 (45)
596 5522 889 5605 Iacentiva.
920 5521 1011 5585 Sic
1041 5523 1209 5583 edere
1236 5520 1430 5599 libuit,
1464 5523 1523 5579 at
1552 5520 1835 5583 Acherius
1865 5525 2148 5609 ediderat,
2181 5523 2481 5585 incentiaa.
