4116 6184
434 410 510 465 79
1452 399 1781 455 .-\’l"l‘ll.\‘lri
1832 394 2410 453 VERCELLI'ZNSIS
2461 391 2805 449 El’ls‘lilll’l
3761 390 3844 445 80

432 542 550 595 test
577 553 706 594 esse
756 535 974 602 mitior,
1009 550 1184 607 quam
1216 532 1264 588 si
1309 530 1400 585 his
1431 533 1800 602 praeponatur
1831 527 1889 581 in
1941 542 2076 598 spe-
2115 527 2160 590 Α
2192 525 2302 578 dus
2326 527 2433 578 est.
2463 524 2580 579 Non
2613 522 2767 578 enim
2800 521 3017 576 sufﬁcit
3047 520 3094 575 si
3127 519 3252 575 sine
3289 518 3536 574 crimine
3569 518 3664 590 sit,
3698 517 3847 590 quia

435 627 660 694 culum,
691 625 791 698 qui
819 624 1058 682 veniens
1090 639 1204 678 non
1245 619 1429 692 possit
1456 618 1672 674 sentire
1702 615 2027 689 periculum
2052 614 2080 669 ?

434 717 553 770 Aut
583 715 716 786 quis
765 714 818 769 ei
848 729 910 768 se
959 710 1309 774 committat,
1344 723 1517 779 quem
1569 723 1683 761 non
1733 707 1897 777 putet
1946 702 2078 774 plus

438 819 668 876 sapere,
694 818 871 874 quam
919 801 1045 870 ipse
1092 796 1281 869 sapiat
1311 795 1410 866 qui
1459 794 1667 866 quaerit
1718 791 2080 849 consilium?

440 892 688 948 Necesse
729 894 816 946 est
844 889 1044 960 igitur,
1077 889 1144 940 ut
1190 884 1557 957 praastantior
1581 884 1658 938 sit
1705 899 1739 937 a
1769 898 1882 952 quo
1937 897 2078 936 con-

441 979 644 1036 silium
677 978 913 1049 petitur,
947 991 1124 1046 quam
1171 973 1269 1028 ille
1298 977 1386 1028 est
1417 972 1516 1044 qui
1548 972 1709 1043 petit.
1744 971 1889 1034 Quid
1924 969 2077 1024 enim

441 1067 715 1125 consulas
726 1065 1022 1120 hominem
1043 1078 1218 1133 quem
1236 1079 1349 1117 non
1369 1059 1669 1115 arbitreris
1686 1075 1856 1130 posse
1870 1057 2081 1113 melius

441 1154 661 1226 aliquid
693 1152 963 1224 reperire,
999 1167 1176 1221 quam
1205 1150 1329 1221 ipse
1358 1147 1638 1220 intelligis
1658 1148 1686 1201 ‘t
1712 1147 1850 1202 Nam
1881 1162 2083 1217 quam-

439 1245 525 1298 vis
553 1242 728 1300 etiam
757 1240 816 1296 in
849 1239 1199 1296 substantiis
1229 1253 1451 1310 pauper
1480 1236 1694 1308 aliquis
1724 1253 1852 1292 esse
1885 1235 2078 1289 videa-

436 1336 553 1399 tur,
585 1331 686 1387 sed
734 1330 784 1385 si
835 1327 1068 1400 sapiens
1119 1327 1312 1396 luerit,
1347 1342 1628 1398 magnum
1679 1325 1791 1380 sibi
1840 1323 2080 1379 creden-

434 1420 596 1476 tibus
624 1417 776 1473 valet
807 1417 1066 1472 conferre
1107 1415 1382 1471 solatium
1418 1431 1430 1468 :
1465 1418 1605 1469 sunt
1633 1413 1789 1467 enim
1820 1411 2082 1483 plerique

436 1507 613 1564 etiam
659 1505 764 1560 viri
814 1505 951 1561 boni
999 1503 1098 1575 qui
1146 1509 1350 1559 tenues
1400 1507 1540 1558 sunt
1590 1517 1792 1565 censu,
1824 1501 2082 1555 contenti

439 1595 678 1667 quidem
738 1593 944 1665 exiguo
975 1593 1046 1647 ad
1096 1593 1186 1647 sui
1229 1607 1424 1657 usum,
1468 1591 1568 1646 sed
1622 1607 1736 1645 non
1769 1589 1958 1644 idonei
2009 1590 2080 1644 ad

437 1683 773 1740 subsidium
798 1681 1054 1736 levanda
1076 1678 1433 1751 paupertatis
1454 1678 1654 1734 alienae
1679 1695 1692 1745 ;
1717 1681 1911 1732 tamen
1945 1694 2082 1748 sup-

439 1772 582 1846 petit
611 1771 769 1827 aliud
818 1769 1211 1825 benelicentiae
1237 1784 1443 1840 genus,
1479 1783 1588 1838 qus
1613 1767 1817 1836 juvare
1857 1765 2080 1836 possint

435 1860 792 1916 inferiorem.
822 1858 926 1914 Est
955 1857 1108 1914 enim
1159 1856 1373 1927 duplex
1402 1854 1723 1911 liberalitas
1759 1871 1772 1909 :
1807 1871 1922 1908 una
1952 1871 2079 1924 qua:

439 1947 704 2005 subsidio
754 1946 836 2001 rei
880 1946 1138 2016 adjuvat,
1168 1945 1226 1999 id
1277 1949 1367 1999 est
1412 1961 1522 1999 usu
1573 1943 1867 2014 pecuniae;
1902 1941 2084 1997 altera

438 2051 568 2108 qua)
597 2049 905 2106 operarum
939 2031 1247 2086 collatione
1277 2031 1659 2102 impenditur,
1693 2029 1946 2084 multum
1981 2030 2086 2085 fre-

437 2126 684 2195 quenter
708 2119 1462 2192 splendidior,multumque
1493 2117 1841 2190 prmelarior.
1860 2118 2086 2181 Quanto

436 2209 727 2266 illustrius
755 2207 1049 2263 Abraham
1073 2211 1312 2277 captum
1331 2205 1512 2261 armis
1531 2205 1846 2260 victoribus
1870 2206 2087 2276 recepit

437 2302 914 2370 nepotem,quam
939 2295 988 2350 si
1019 2295 1399 2360 redemisset?
1411 2295 1637 2358 Quanto
1661 2292 1867 2348 utilius
1892 2309 2085 2364 regem

436 2385 800 2444 Pharaonem
831 2389 1069 2440 sanctus
1097 2382 1313 2453 Joseph
1346 2382 1576 2437 consilii
1607 2381 1970 2452 providentia
1995 2383 2086 2451 ju-

438 2475 540 2546 vit,
575 2490 753 2546 quam
806 2473 853 2528 si
895 2470 1239 2528 contulisset
1285 2470 1640 2542 pecuniam?
1671 2470 1838 2525 facile
1889 2474 2084 2525 autem

442 2560 693 2633 pecunia
736 2558 1124 2626 consumitur,
1159 2555 1403 2611 consilia
1450 2556 1743 2612 exhauriri
1792 2557 2082 2612 nesciunt.

441 2646 862 2704 Aﬂ‘abilitatem
914 2661 1146 2718 quoque
1175 2647 1464 2700 sermonis
1496 2645 1749 2700 dicimus
1789 2645 1857 2699 ad
1893 2644 2083 2700 conci-

442 2735 702 2792 liandam
751 2734 998 2807 gratiam
1028 2733 1217 2789 valere
1249 2731 1591 2805 plurimum.
1627 2733 1708 2787 Ex
1748 2749 1865 2803 qua
1895 2749 1954 2787 re
1985 2749 2084 2804 ap-

443 2828 629 2898 paret,
655 2824 796 2896 quia
841 2823 1048 2880 melior
1084 2827 1172 2879 est
1219 2823 1506 2895 sapientia
1553 2823 1944 2894 negotiatione
1993 2840 2086 2877 ar-

439 2913 600 2986 genti
640 2917 698 2969 et
734 2912 861 2968 auri
891 2910 1066 2984 primi
1095 2915 1154 2967 et
1202 2912 1546 2984 purissimi;
1581 2917 1638 2966 et
1685 2911 1785 2984 qui
1836 2911 2088 2967 tenuerit

438 3017 590 3070 eam,
622 3001 847 3058 beatus.

508 3090 659 3146 Sane
689 3089 995 3145 sciendum
1027 3091 1116 3143 est
1141 3089 1280 3160 quia
1309 3088 1422 3143 nisi
1455 3092 1653 3160 pastor
1693 3088 1958 3144 Ecclesiae
1993 3105 2084 3144 sa-

437 3178 671 3252 pientia:
703 3178 880 3233 fuerit
907 3175 1028 3233 sale
1060 3177 1354 3244 conditus,
1379 3176 1631 3232 salutare
1663 3177 1947 3248 pabulum
1979 3178 2087 3233 Do-

2190 612 2397 667 merita
2422 614 2550 683 ejus
2581 612 2794 666 debent
2835 611 3038 681 praeire
3064 609 3216 663 viam
3250 609 3536 662 bonorum
3569 624 3845 679 operum,

2188 705 2254 756 ut
2306 701 2520 772 dignus
2575 701 2857 754 habeatur
2911 699 2982 753 ad
3039 697 3491 764 ordinationem,
3547 696 3697 752 sicut
3756 697 3846 750 ait

2189 792 2393 844 beatus
2442 788 2806 844 Ambrosius.
2861 788 3032 843 Decet
3079 787 3260 857 igitur
3317 786 3674 842 sacerdotem
3730 785 3843 840 ho-

2189 878 2459 949 spitalem
2513 893 2660 943 esse,
2697 877 3038 948 benignum,
3064 877 3319 947 justum,
3355 891 3470 929 non
3521 873 3692 929 alieni
3733 890 3842 928 cu-

2189 967 2414 1038 pidum,
2444 966 2563 1020 imo
2613 967 2684 1020 de
2723 982 2826 1019 suo
2869 967 3002 1035 jure
3050 965 3346 1019 cedentem
3396 963 3592 1034 potius
3637 961 3844 1033 aliqua

2189 1056 2237 1110 si
2288 1055 2462 1109 luerit
2529 1054 2853 1119 lacessitus,
2905 1069 3080 1123 quam
3151 1051 3342 1108 aliena
3394 1053 3525 1120 jura
3589 1049 3837 1123 pulsan-

2189 1150 2328 1209 tem,
2361 1148 2418 1198 et
2465 1148 2687 1198 caetera.
2747 1141 2908 1196 Unde
2942 1143 3021 1195 ait
3071 1144 3276 1196 beatus
3323 1140 3709 1211 Hieronymus
3744 1139 3842 1210 (li-

2189 1232 2292 1286 bro
2343 1249 2455 1299 xw,
2491 1231 2549 1285 in
2601 1233 2806 1287 Isaiam
2851 1247 2899 1285 c.
2932 1231 3047 1301 58.)
3081 1246 3093 1284 :
3133 1252 3159 1278 «
3195 1229 3318 1286 Non
3366 1234 3454 1284 est
3496 1228 3652 1284 enim
3702 1243 3844 1300 pec-

2190 1324 2386 1374 catum
2445 1320 2566 1375 leve
2624 1321 2852 1375 mittere
2913 1318 3260 1391 margaritas
3320 1323 3451 1373 ante
3509 1333 3734 1390 porcos,
3785 1321 3848 1372 et

2191 1409 2329 1463 dare
2361 1413 2629 1463 sanetum
2663 1408 2926 1475 canibus,
2961 1413 3019 1462 et
3070 1407 3497 1462 ordinationem
3529 1405 3845 1461 clericatus

2193 1513 2563 1567 nequaquam
2597 1497 2817 1552 sanctis
2848 1501 2905 1550 et
2932 1495 2992 1550 in
3038 1495 3162 1567 lege
3194 1494 3290 1550 Dei
3323 1493 3702 1561 doctissimis,
3737 1493 3843 1549 sed

2191 1583 2430 1640 asseclis
2448 1585 2572 1640 suis
2597 1585 2938 1647 tribuere,et
2953 1583 3152 1638 vilium
3182 1583 3509 1639 ofﬁciorum
3529 1583 3842 1652 ministris,

2190 1674 2466 1745 quodque
2492 1673 2824 1729 indecorius
2845 1678 2934 1728 est
2961 1671 3442 1727 muliercularum
3459 1672 3637 1727 etiam
3661 1671 3848 1743 preci-

2189 1762 2299 1817 bus
2318 1778 2330 1818 :
2347 1762 2402 1816 in
2437 1779 2550 1833 quo
2579 1762 3003 1818 consideranda
3024 1765 3112 1816 est
3140 1761 3432 1832 loquentis
3458 1760 3518 1815 in
3539 1777 3602 1816 se
3622 1760 3844 1816 Christi

2190 1850 2437 1922 apostoli
2488 1851 2793 1922 sapientia,
2827 1851 2926 1923 qui
2958 1855 3023 1905 ut
3069 1850 3456 1906 ordinationis
3508 1849 3845 1920 periculum

2199 1940 2630 1995 demonstraret
2660 1940 2928 2010 adjunxit
2955 1943 3247 1994 tormenta
3275 1938 3665 2010 peccantium.
3692 1941 3846 1995 Cum

2196 2027 2352 2083 enim
2414 2029 2678 2093 dixisset,
2729 2030 2918 2084 Manus
2965 2030 3074 2082 cito
3121 2043 3231 2082 non
3289 2029 3633 2099 imposueris,
3684 2027 3848 2083 illico

2195 2116 2502 2184 subjunxit
2531 2134 2547 2169 :
2580 2118 2764 2186 Neque
2808 2116 3302 2172 communicaveris
3349 2118 3585 2186 peccatis
3631 2117 3850 2171 alienis

2197 2203 2247 2273 (I
2281 2205 2411 2258 Tim.
2450 2221 2504 2270 v,
2537 2204 2648 2275 22).
2682 2227 2709 2253 »

2268 2291 2430 2346 Sicut
2455 2309 2590 2364 ergo
2622 2293 2680 2346 in
2712 2293 3179 2348 ordinationibus
3211 2292 3501 2348 malorum
3551 2293 3850 2364 particeps

2195 2385 2284 2434 est
2313 2386 2371 2435 et
2403 2385 2772 2451 peccatorum
2807 2381 2907 2453 qui
2937 2381 3082 2436 tales
3105 2381 3592 2448 constituit,sicin
3616 2383 3852 2438 ordina-

2196 2471 2354 2524 tione
2383 2476 2716 2524 sanctorum
2772 2471 3062 2542 particeps
3095 2476 3182 2525 est
3221 2487 3422 2525 eorum
3466 2471 3709 2540 justitiae
3740 2471 3849 2542 qui

2197 2558 2380 2613 bonos
2411 2558 2593 2630 eligit.
2631 2559 2977 2630 lnsipientes
3008 2575 3138 2614 vero
3168 2564 3223 2613 et
3248 2559 3521 2631 indignos
3551 2559 3847 2628 ordinare,

2196 2645 2336 2716 quid
2367 2651 2454 2701 est
2485 2646 2640 2701 aliud
2677 2663 2852 2718 quam
2885 2648 3274 2703 sacerdotium
3307 2647 3850 2719 deturpare,Eccle-

2196 2735 2343 2789 siam
2379 2734 2970 2807 impedire,populum
3002 2735 3360 2808 depravare?
3381 2735 3526 2790 Hinc
3557 2736 3849 2807 propheta

2196 2823 2279 2878 ait
2304 2841 2316 2878 :
2351 2823 2540 2878 Omnis
2571 2827 2668 2894 qui
2697 2839 2807 2878 non
2837 2823 3096 2879 didicerit
3124 2825 3399 2895 justitiam
3425 2840 3586 2894 super
3614 2828 3848 2891 terram,

2195 2913 2480 2966 veritatem
2525 2928 2636 2967 non
2663 2914 2828 2982 faciet
2856 2913 3002 2979 (Isai.
3052 2929 3205 2979 xxvr,
3240 2913 3348 2983 10).
3385 2912 3564 2968 Isaias
3613 2929 3852 2985 quoque

2197 2999 2394 3055 lsraeli
2425 3000 2818 3055 comminatur
2856 3001 3083 3056 dicens:
3105 3001 3236 3056 Ecce
3265 3002 3854 3059 dominatorDominus

2196 3091 2409 3159 auferet
2439 3089 2506 3142 ab
2537 3079 2881 3145 Hierusalem
2913 3090 3170 3146 validum
3196 3100 3245 3146 et
3276 3095 3492 3161 fortem,
3525 3099 3575 3146 et
3603 3090 3852 3147 honora-

2197 3177 2359 3232 bilem
2389 3178 2621 3242 vultum,
2653 3181 2701 3234 et
2747 3179 3146 3245 consiliarium,
3177 3183 3230 3233 et
3258 3182 3557 3250 sapientem
3602 3180 3850 3236 archite-

437 3267 673 3324 minicis
700 3266 906 3323 ovibus
936 3266 1271 3322 ministrare
1321 3265 1563 3322 minime
1594 3267 1828 3336 valebit,
1860 3267 2088 3322 dicente
2118 3273 2160 3339 ρ
2199 3270 2367 3332 ctum,
2400 3274 2450 3321 et
2473 3265 2796 3336 prudentem
2842 3267 3049 3337 eloquii
3083 3268 3310 3338 mystici
3336 3284 3358 3320 .’
3387 3270 3439 3320 et
3466 3267 3604 3321 dabo
3647 3283 3852 3338 pueros

438 3357 689 3414 Domino
722 3371 736 3411 :
771 3355 830 3410 Si
858 3356 945 3411 sal
971 3357 1276 3424 evanuerit,
1300 3357 1356 3408 in
1390 3371 1492 3424 quo
1517 3355 1748 3410 satietur
1767 3359 1792 3408 .9
1813 3355 2084 3425 (Matt/m1.

443 3445 555 3517 13.)
585 3444 657 3499 Et
688 3442 898 3499 Paulus
953 3441 1249 3514 apostolus
1281 3443 1351 3496 ad
1404 3443 1695 3498 Romanos
1730 3460 1741 3498 :
1777 3445 1928 3498 Sicut
1977 3460 2088 3499 non

437 3535 817 3610 probaverunt
866 3536 1039 3587 Deum
1088 3530 1289 3585 habere
1318 3532 1379 3585 in
1421 3533 1692 3598 notitiam,
1726 3532 1957 3586 tradidit
2001 3549 2088 3588 eos

445 3624 588 3680 Deus
617 3625 677 3678 in
723 3621 1015 3693 reprobum
1060 3635 1301 3687 sensum,
1333 3624 1392 3674 ut
1441 3622 1654 3690 faciant
1677 3637 1766 3685 ea,
1815 3637 1931 3692 quis
1977 3639 2087 3676 non

445 3713 780 3771 conveniunt
822 3711 994 3782 (Rom.
1027 3727 1066 3779 ι,
1111 3710 1224 3780 28).
1261 3710 1404 3764 Item
1452 3710 1523 3763 ad
1574 3709 1945 3764 Timotheum
1981 3727 1992 3763 :
2028 3711 2088 3765 Si

443 3803 570 3874 quis
617 3801 804 3856 domui
847 3815 960 3856 sua:
1000 3813 1238 3870 prewsse
1279 3799 1467 3854 nescit.
1518 3798 1777 3869 quomodo
1825 3800 2088 3856 Ecclesiae

441 3891 543 3948 Dei
569 3889 918 3959 diligentiam
965 3887 1226 3944 habebit?
1253 3890 1301 3956 (ι
1337 3888 1470 3943 Tim.
1523 3903 1608 3954 Ill,
1641 3889 1719 3958 5.)
1752 3887 1914 3943 Unde
1962 3905 2084 3943 ma-

439 3979 718 4036 nifestum
767 3982 875 4044 est,
907 3976 1048 4050 quia
1075 3981 1216 4032 tunc
1263 3981 1454 4048 potest
1488 3977 1730 4032 idoneus
1779 3982 1966 4033 rector
1996 3979 2082 4032 fu-

435 4073 608 4126 turus
639 4067 894 4141 probari,
927 4066 975 4122 si
1009 4066 1172 4138 prius
1203 4067 1446 4121 domum
1478 4083 1647 4121 suam
1679 4070 1831 4121 recte
1873 4067 2083 4137 guber-

435 4159 614 4216 navit.
645 4159 714 4214 Et
743 4173 878 4214 mox
907 4155 1220 4212 subditur:
1249 4157 1427 4211 Testor
1454 4172 1638 4211 coram
1667 4156 1772 4210 Deo
1797 4165 1849 4210 et
1869 4156 2083 4211 Christo

434 4250 562 4306 Jesu
612 4246 794 4301 electis
833 4245 1065 4312 angelis,
1096 4248 1158 4298 ut
1214 4245 1332 4300 haec
1375 4242 1675 4309 custodias,
1707 4245 1827 4296 sine
1870 4247 2080 4313 praeiu-

435 4335 578 4391 dicio
606 4333 760 4389 nihil
784 4333 994 4401 faciens
1024 4333 1085 4384 in
1110 4336 1326 4404 partem
1354 4332 1531 4386 aliam
1559 4331 1859 4386 declinans.
1893 4332 2082 4388 Manus

435 4424 543 4480 cito
570 4437 682 4478 non
711 4420 1058 4492 imposueris,
1090 4435 1267 4492 neque
1295 4422 1634 4475 communica
1667 4421 1713 4491 (I
1742 4421 1872 4475 Tim.
1905 4423 2076 4492 v,2l).

433 4511 578 4584 [Sub
612 4508 1017 4567 testiﬁcatione
1061 4525 1129 4563 ea
1158 4509 1308 4578 quin)
1340 4508 1762 4564 ordinationem
1817 4509 2080 4566 Ecclesiae

435 4600 736 4664 mandant,
767 4595 1094 4669 [custodiri]
1143 4596 1405 4700 praecipit
1447 4596 1731 4696 [nihilque
1781 4598 1901 4652 fieri
1953 4599 2078 4656 sine
2108 4637 2154 4700 Β

431 4686 766 4760 ρταῄυᾶὶοἰο
801 4704 814 4742 :
848 4691 905 4741 et
953 4702 1066 4740 non
1099 4684 1265 4741 facile
1313 4684 1548 4756 aliquis]
1597 4686 1843 4758 accipiat
1893 4687 2073 4743 eccle-

430 4774 726 4831 siasticam
781 4773 1149 4846 dignitatem,
1192 4773 1304 4828 nisi
1355 4775 1517 4843 prius
1565 4775 1636 4828 de
1683 4775 1798 4830 vita
1843 4777 1971 4843 eius
2021 4781 2076 4831 et

431 4862 693 4919 moribus
723 4861 895 4918 fuerit
925 4862 1312 4932 disputatum,
1339 4863 1426 4928 [ut
1456 4862 1669 4933 dignus
1699 4865 2072 4934 approbatus]

428 4949 698 5008 minister
726 4954 828 5005 aut
879 4949 1152 5005 sacerdos
1205 4949 1619 5021 constituatur,
1654 4968 1725 5006 ne
1774 4958 1974 5023 postea
2025 4955 2071 5008 si

428 5037 903 5112 reprehensibilis
953 5037 1232 5109 videatur,
1267 5039 1542 5110 poeniteat
1567 5040 1709 5095 forte
1749 5041 2073 5112 principem

426 5127 626 5201 populi
643 5144 758 5183 non
772 5127 843 5181 ad
862 5125 1152 5198 liquidum
1171 5127 1838 5199 preejudicasse,sibique
1853 5134 2074 5184 metuat

361 5217 366 5220 ’
425 5215 838 5286 imputandum
861 5215 1017 5285 quod
1034 5216 1362 5285 meretur,si
1391 5217 2071 5288 eum(46)improbabili-

423 5306 514 5358 ter
533 5303 842 5358 ordinavit.
869 5306 1072 5358 Peccat
1094 5303 1248 5358 enim
1274 5305 1321 5358 si
1346 5321 1458 5358 non
1483 5306 1709 5374 probat,
1734 5309 1790 5360 et
1811 5305 1892 5359 sic
1915 5306 2070 5360 ordi-

427 5395 557 5449 nat:
583 5407 720 5447 nam
752 5390 958 5447 melior
985 5392 1206 5448 caeteris
1228 5393 1398 5448 debet
1419 5393 1652 5464 probari
1675 5395 1775 5464 qui
1799 5395 2072 5449 ordinan-

487 5667 601 5745 (4_6)
643 5667 706 5726 Si
754 5685 896 5728 eum.
945 5670 1254 5743 Audacter,
1302 5674 1360 5729 at
1404 5687 1536 5729 vere
1582 5671 2024 5732 emendavimus
2066 5691 2079 5745 ;

417 5739 553 5812 torri
575 5757 693 5801 non
723 5745 944 5816 posset.

2191 3355 2470 3424 principes
2515 3369 2699 3408 eorum
2752 3355 2882 3425 (Isai
2922 3372 3006 3422 Ill,
3059 3355 3130 3425 1).
3163 3355 3233 3408 Et
3278 3353 3454 3426 paulo
3502 3359 3675 3425 post:
3712 3355 3852 3425 Spe-

2194 3443 2464 3496 culatores
2489 3443 2606 3513 ejus
2635 3445 2769 3499 caeci
2785 3460 2805 3505 ;
2831 3459 3017 3498 omnes
3045 3445 3378 3511 nescierunt,
3405 3445 3653 3498 universi
3680 3459 3848 3500 canes

2195 3531 2295 3584 isti
2323 3547 2433 3585 non
2459 3533 2699 3587 valentes
2747 3534 2950 3587 latrare
2981 3533 3136 3602 (Isai.
3185 3549 3294 3599 va,
3326 3533 3432 3602 10).
3468 3533 3534 3586 Et
3581 3549 3786 3588 rursus
3825 3551 3840 3589 :

2196 3620 2306 3688 Ipsi
2342 3623 2583 3690 pastores
2633 3623 3024 3690 ignoraverunt
3065 3621 3498 3693 intelligentiam
3541 3621 3688 3692 (Isai.
3725 3638 3839 3690 va,

2198 3708 2381 3777 ll).Et
2411 3707 2546 3763 alibi
2584 3726 2596 3764 :
2632 3711 2830 3764 Discite
2861 3710 3058 3764 bonum
3085 3715 3282 3779 facere,
3303 3711 3534 3780 quaerite
3557 3710 3840 3781 judicium

2195 3796 2348 3866 (Isai.
2385 3815 2424 3863 ι,
2459 3799 2565 3868 17).
2600 3800 2667 3852 Et
2717 3799 2787 3854 de
2817 3798 3030 3870 populo
3065 3815 3077 3854 :
3111 3801 3262 3853 Facti
3288 3808 3417 3854 sunt
3463 3801 3522 3853 in
3552 3801 3837 3870 rapinam,

2191 3891 2246 3939 et
2277 3902 2385 3941 non
2410 3891 2492 3942 est
2537 3890 2634 3959 qui
2656 3896 2812 3942 eruat
2837 3906 2850 3954 ;
2879 3890 2939 3942 in
2969 3887 3350 3958 direptionem,
3379 3891 3427 3944 et
3474 3904 3584 3943 non
3632 3896 3711 3944 est
3738 3891 3840 3960 qui

2192 3975 2359 4038 dicat,
2396 3975 2555 4031 redde
2601 3978 2750 4047 (Isai.
2784 3993 2918 4042 xm,
2949 3977 3080 4048 22).
3126 4018 3137 4030 .
3185 4019 3198 4030 .
3240 4019 3251 4030 .
3298 4019 3310 4032 .
3358 4020 3370 4032 .
3416 4019 3428 4032 .
3475 4020 3487 4032 .
3534 4020 3546 4032 .
3593 4019 3606 4031 .
3653 4020 3665 4033 .
3708 3979 3839 4048 ipse

2193 4065 2586 4134 postmodum.
2619 4065 2792 4120 Israel
2820 4067 2890 4120 de
2917 4065 3257 4137 insipientia
3298 4109 3310 4121 .
3357 4110 3369 4122 .
3416 4109 3428 4121 .
3475 4109 3486 4122 .
3534 4107 3545 4120 .
3593 4107 3605 4120 .
3653 4109 3664 4121 .
3708 4066 3834 4122 ait:

2192 4152 2507 4209 Sacerdotes
2533 4170 2642 4210 non
2671 4154 2934 4210 dixerunt
2961 4173 2979 4210 :
3002 4155 3099 4210 ubi
3125 4159 3200 4210 est
3230 4157 3488 4212 Dominus
3512 4159 3538 4209 .9
3556 4157 3618 4211 Et
3649 4164 3837 4211 tenen-

2193 4249 2267 4296 tes
2323 4243 2495 4313 lege-m
2573 4260 2768 4314 meam,
2828 4247 3134 4300 nescierunt
3191 4262 3279 4300 me
3343 4248 3469 4316 (Jer.
3504 4262 3566 4312 ιι,
3624 4245 3702 4316 8).
3763 4245 3838 4299 Et

2193 4329 2333 4385 item
2370 4350 2382 4386 :
2435 4333 2638 4387 Novate
2688 4333 2832 4387 vobis
2876 4342 3090 4400 novate,
3141 4342 3192 4388 et
3235 4336 3407 4389 nolite
3449 4350 3629 4388 serere
3672 4349 3843 4404 super

2190 4421 2384 4485 spinas
2414 4422 2542 4491 (Jer.
2575 4438 2648 4488 tv,
2683 4421 2835 4491 3).Et
2867 4439 3073 4476 rursus
3105 4440 3116 4476 :
3151 4424 3351 4493 Aspexi
3376 4431 3603 4490 terram,
3635 4424 3685 4474 et
3717 4438 3844 4478 ecce

2189 4524 2360 4563 vacua
2389 4517 2523 4575 erat,
2558 4514 2610 4564 et
2639 4511 2804 4564 nihili
2826 4530 2846 4576 ;
2875 4513 2924 4565 et
2954 4511 3129 4578 cwlos,
3163 4514 3216 4565 et
3243 4527 3351 4564 non
3380 4518 3498 4564 erat
3526 4510 3626 4562 tiu;
3656 4510 3718 4563 in
3749 4513 3838 4566 eis

2190 4597 2378 4667 (Ibid.,
2409 4599 2519 4667 23).
2553 4598 2620 4651 Et
2665 4598 2736 4652 de
2775 4598 3142 4653 sermonibus
3195 4598 3514 4652 siccitatis:
3551 4597 3723 4653 Cerva
3771 4602 3835 4654 in

2187 4702 2323 4753 agro
2344 4689 2578 4757 peperit,
2625 4691 2675 4740 et
2702 4689 2945 4758 reliquit,
2977 4692 3028 4743 et
3076 4689 3276 4760 onagri
3311 4686 3646 4758 defecerunt,
3699 4690 3836 4758 quia

2185 4790 2293 4828 non
2341 4781 2460 4830 erat
2509 4776 2675 4830 herba
2712 4777 2839 4846 (Jer.
2889 4794 3003 4843 xw,
3053 4779 3105 4840 5,
3155 4778 3230 4845 (Β).
3277 4775 3440 4830 Unde
3493 4775 3573 4831 ait
3624 4776 3832 4832 beatus

2184 4862 2571 4932 Hieronymus
2600 4865 2808 4934 (Idem,
2841 4866 2985 4936 cli)
3021 4883 3032 4920 :
3067 4889 3092 4914 ‹‹
3127 4865 3368 4920 Siccitas
3399 4865 3520 4920 haec
3552 4881 3702 4936 saepe
3735 4881 3830 4920 ac-

2185 4949 2323 5004 cidit
2351 4951 2408 5004 in
2438 4950 2728 5019 Ecclesiis,
2762 4953 2995 5022 quando
3026 4953 3271 5018 cervi,et
3299 4953 3502 5024 onagri
3534 4953 3834 5008 inveniun-

2186 5047 2281 5096 tur
2311 5041 2368 5095 in
2401 5042 2654 5112 populis,
2688 5042 2788 5111 qui
2821 5041 3240 5113 magistrorum
3271 5042 3516 5112 penuria
3558 5043 3833 5097 contabe-

2183 5135 2373 5184 scunt.
2406 5135 2551 5184 Sunt
2599 5131 2696 5200 qui
2733 5131 2961 5200 possint
3009 5131 3270 5198 discere;
3306 5135 3362 5185 et
3393 5148 3508 5186 non
3541 5135 3681 5186 sunt
3729 5131 3831 5202 qui

2183 5218 2409 5288 possint
2439 5219 3005 5282 docere.»Quomodo
3037 5218 3190 5273 enim
3220 5223 3423 5288 pastor
3451 5234 3577 5274 esse
3595 5218 3830 5289 poterit,

2182 5307 2279 5376 qui
2316 5324 2427 5360 non
2458 5307 2679 5359 noverit
2707 5306 2776 5360 de
2809 5307 3042 5377 pascuis
3065 5306 3368 5375 judicare;
3403 5323 3502 5362 nec
3535 5305 3836 5362 discernat

2180 5395 2334 5448 inter
2363 5411 2540 5465 pecus
2573 5395 2861 5450 mundum
2913 5399 2969 5450 et
3001 5395 3398 5462 immundum,
3434 5399 3492 5451 et
3520 5394 3742 5468 lepram
3775 5401 3836 5451 et

2134 5689 2270 5732 nam
2320 5673 2474 5748 quod
2527 5673 2831 5750 legebatur
2877 5676 3069 5747 civem,
3121 5673 3203 5732 ita
3251 5675 3516 5750 ineptum
3564 5678 3713 5750 erat,
3761 5677 3834 5738 ut
