4116 6184
270 254 342 319 8i
1156 255 1259 317 DE
1306 257 1732 320 PRESSUHIS
1786 258 2425 322 EC(.II.ESIAS'I‘ICIS.
2464 297 2537 306 ——
2570 263 2766 326 PARS
2811 266 2886 326 Il.
3659 270 3740 333 82

268 389 509 465 lepram
546 401 862 459 uvamque
890 390 1202 444 maturam
1236 392 1292 445 et
1322 392 1596 449 acerbam
1628 392 1871 449 minime
1901 394 1985 449 in-
2012 394 2066 460 Α
2100 408 2241 449 num
2271 393 2511 451 vulnera
2542 395 2747 454 altiora
2768 401 2923 456 esset
2953 398 3175 456 nesciat
3196 399 3536 459 vulneribus
3552 402 3740 461 visee-

271 482 507 555 telligat
538 480 566 535 ?
594 479 767 535 Unde
801 495 1015 534 revera
1049 494 1412 550 cognoscere
1467 501 1807 556 possumus,
1838 485 1984 541 irato
2096 500 2227 538 rum
2254 484 2281 539 ?
2311 486 2378 540 Et
2408 490 2601 542 tamen
2630 504 2779 559 saepe
2829 489 2929 559 qui
2981 505 3350 562 nequaquam
3402 493 3739 564 spiritualia

271 572 525 629 Domino
559 567 782 625 stultos
816 572 1101 639 pastores
1136 567 1195 621 in
1228 570 1519 629 Ecclesiis
1556 575 1821 641 contitui,
1858 593 1983 629 rur-
2097 578 2382 646 praecepta
2404 582 2795 646 cognoverunt
2826 578 3015 634 cordis
3070 596 3132 634 se
3158 580 3411 637 medicos
3458 583 3737 655 profiteri

280 676 540 732 sumque
572 657 833 731 placato,
873 656 1186 728 sapientes
1227 674 1296 713 eo
1336 668 1659 732 praestante
1691 665 1980 719 ordinari.
2097 678 2211 716 non
2245 666 2536 728 metuunt;
2562 663 2698 717 dum
2724 665 2824 734 qui
2850 665 3282 736 pigmentorum
3315 668 3432 725 vim
3464 670 3737 727 nesciunt

273 750 439 816 Quod
472 749 597 821 ipse
630 762 876 818 quoque
908 750 1048 816 post
1072 744 1386 818 illata(47)
1412 750 1643 822 ﬂagella
1675 753 1981 825 indulgen-
2092 749 2272 805 videri
2305 750 2513 805 medici
2545 751 2736 807 carnis
2767 754 3134 809 erubescunt.
3185 759 3331 811 Sunt
3380 758 3556 813 etiam
3588 776 3732 815 non-

276 839 421 893 tiam
452 836 629 892 Israel
660 851 766 907 per
800 835 1094 890 eumdem
1153 834 1499 892 Jeremiam
1548 842 1981 911 repromittens,
2094 839 2237 892 nulli
2272 838 2371 909 qui
2404 840 2557 894 intra
2575 845 2837 896 sanctam
2860 841 3177 897 Ecclesiam
3194 860 3295 916 per
3314 846 3568 917 speciem
3587 848 3735 921 regi-

276 926 359 981 ajt
395 944 407 980 :
441 924 582 979 Dabo
614 923 767 979 vobis
796 926 1063 993 pastores
1080 922 1252 992 juxta
1315 940 1421 979 cor
1450 931 1707 981 meum.et
1758 936 1983 997 pasth

278 1031 369 1070 vos
409 1015 632 1069 scientia
681 1019 735 1067 et
772 1012 1055 1068 doctrina
1098 1010 1225 1080 (Jer.
1292 1029 1387 1067 ιιι.
1430 1014 1537 1083 15).
1597 1015 1769 1069 Stulti
1824 1016 1979 1070 enim

280 1102 534 1176 epiSCOpi
570 1118 679 1156 non
713 1104 1021 1172 pastores,
1059 1100 1163 1154 sed
1193 1099 1543 1157 incubones
1573 1103 1684 1157 dici
1709 1107 1975 1175 possunt,

281 1208 351 1248 eo
382 1192 530 1263 quod
545 1194 815 1246 sanctam
836 1189 1138 1245 incubent
1169 1188 1513 1246 Ecclesiam
1550 1208 1691 1257 ;non
1717 1197 1976 1247 errantes

284 1280 584 1353 requirunt
612 1295 766 1347 oves,
809 1279 925 1333 sed
959 1276 1246 1333 collectas
1285 1278 1472 1334 etiam
1504 1295 1696 1334 errare
1735 1281 1972 1351 permit-

282 1374 440 1439 tunt,
471 1372 531 1424 ut
560 1383 949 1439 unaquaeque
978 1381 1094 1438 per
1122 1364 1285 1421 viam
1321 1384 1505 1438 quam
1562 1368 1808 1424 voluerit
1835 1384 1973 1441 gra-

284 1460 482 1514 diatur
510 1462 565 1514 et
592 1458 650 1512 in
680 1456 776 1511 his
816 1472 1029 1512 revera
1064 1454 1401 1525 impleatur
1431 1458 1585 1528 quod
1610 1457 1666 1511 in
1696 1458 1971 1513 Judicum

284 1548 580 1603 volumine
624 1545 856 1618 legitur
892 1561 905 1599 :
943 1546 1002 1599 In
1037 1543 1240 1598 diebus
1270 1546 1390 1600 illis
1448 1563 1560 1601 non
1590 1556 1713 1601 erat
1768 1563 1867 1601 rex
1915 1550 1975 1601 in

290 1638 467 1693 Israel
496 1636 583 1691 sed
614 1636 1010 1707 unusquisque
1044 1633 1196 1703 quod
1234 1635 1350 1688 sibi
1406 1644 1615 1689 rectum
1662 1635 1971 1705 videbatur,

2092 926 2270 981 minis
2299 927 2543 998 gloriam
2563 928 2835 983 affectant
2849 929 3085 985 honoris
3105 950 3117 998 ;
3140 932 3320 987 videri
3344 934 3606 993 doctores
3629 953 3732 1009 ap-

2090 1020 2315 1086 petunt,
2349 1018 2758 1072 transcendere
2791 1022 3026 1074 caeteros
3081 1022 3525 1093 concupiscunt,
3584 1030 3731 1081 atte-

2089 1109 2278 1160 stante
2295 1106 2538 1160 veritate
2551 1105 2769 1176 primas
2786 1106 3411 1181 salutationes,primos
3433 1113 3732 1171 recubitus

2087 1193 2145 1247 in
2178 1193 2607 1263 emnis,primas
2641 1194 2699 1249 in
2731 1195 3109 1250 conventibus
3132 1198 3439 1255 cathedras
3461 1206 3731 1272 quaerunt

2090 1282 2305 1353 (Matth.
2338 1283 2563 1353 xx111,2)
2598 1300 2610 1350 ;
2643 1283 2745 1353 qui
2776 1288 3058 1354 susceptae
3090 1301 3239 1340 cura:
3273 1288 3579 1358 pastoralis
3602 1291 3731 1345 ofﬁ-

2090 1370 2158 1425 cii
2195 1370 2532 1425 ministrare
2562 1371 2736 1443 digne
2767 1376 2927 1426 tanto
2960 1372 3148 1444 magis
3173 1380 3729 1449 nequeunt,quanto

2088 1460 2159 1513 ad
2188 1458 2538 1514 humilitatis
2570 1460 2977 1532 magisterium
3007 1477 3076 1516 ex
3105 1461 3230 1517 sola
3253 1463 3500 1520 elatione
3531 1482 3731 1537 perve-

2085 1552 2317 1601 nerunt.
2347 1548 2480 1618 Ipsa
2512 1546 2729 1618 quippe
2758 1547 2817 1602 in
2850 1548 3190 1619 magisterio
3217 1548 3420 1622 lingua
3478 1553 3731 1608 confun-

2084 1636 2263 1703 ditur,
2294 1637 2529 1709 quando
2559 1635 2715 1692 aliud
2750 1637 2966 1693 dicitur
2994 1642 3052 1694 et
3084 1638 3244 1695 aliud
3278 1642 3733 1697 docetur.»Hinc

295 1728 399 1782 hoc
424 1727 653 1797 [aciebat
695 1724 907 1820 (ludia:
958 1739 1082 1820 xxi,
1145 1722 1265 1794 24).
1323 1724 1405 1820 De
1439 1723 1654 1779 talibus
1732 1724 1970 1794 quidem
2006 1757 2053 1820 B
2082 1726 2332 1781 Jacobus
2366 1742 2377 1780 :
2411 1727 2590 1781 Nolite
2612 1727 2799 1798 plures
2857 1728 3111 1799 magistri
3164 1727 3298 1799 ﬁeri
3341 1732 3543 1799 fratres
3597 1732 3731 1802 mei,

292 1814 514 1887 legitur
535 1816 595 1870 in
629 1812 947 1885 Evangelio
981 1829 993 1866 ε
1032 1811 1233 1867 Omnis
1271 1812 1442 1867 arbor
1497 1828 1621 1885 quae
1679 1829 1787 1868 non
1836 1815 1975 1883 facit

296 1910 550 1976 fructum
628 1906 832 1960 bonum
900 1900 1195 1956 excidetur
1260 1903 1410 1955 etin
1480 1903 1664 1970 ignem
1726 1904 1976 1957 mittetur

295 1994 512 2064 (Matth.
548 2012 634 2061 111,
669 1994 785 2064 10).
828 1989 1155 2061 Gregorius
1186 1990 1375 2061 (parte
1407 2008 1442 2058 1,
1477 1990 1516 2044 l.
1551 2008 1590 2060 1,
1644 1992 1798 2046 Cura:
1822 2000 1968 2062 past.

298 2098 441 2153 cap.
484 2086 525 2149 1)
559 2098 572 2135 :
609 2105 636 2131 ‹‹
672 2084 987 2136 Pastorum
1020 2077 1321 2149 imperitia
1341 2095 1477 2133 voce
1499 2078 1756 2133 veritatis
1788 2080 1974 2135 incre-

304 2176 512 2241 patur,
546 2186 679 2223 cum
704 2186 809 2239 per
872 2167 1223 2239 prophetam
1276 2167 1493 2220 dicitur
1527 2184 1538 2221 :
1574 2169 1685 2237 Ipsi
1730 2173 1974 2237 pastores

302 2260 714 2326 ignoraverunt
744 2257 1037 2311 scientiam
1067 2257 1198 2326 (Isa.
1233 2272 1343 2323 Lv1,
1381 2256 1488 2324 11).
1523 2258 1675 2320 Quos
1734 2262 1791 2311 et
1841 2274 1973 2310 rur-

304 2362 417 2400 sus
442 2347 731 2400 Dominus
763 2346 1095 2399 detestatur
1127 2343 1328 2398 dicens
1361 2360 1373 2399 :
1401 2346 1465 2398 Et
1497 2350 1742 2399 tenentes
1802 2346 1973 2413 legem

303 2434 635 2489 nescierunt
666 2449 749 2487 me
779 2434 907 2503 (Jer.
940 2449 999 2499 11,
1032 2432 1109 2503 8).
1150 2433 1220 2487 Et
1245 2431 1457 2486 nesciri
1517 2448 1578 2486 se
1608 2449 1742 2504 ergo
1783 2435 1856 2487 ab
1888 2434 1971 2489 eis

303 2522 535 2577 veritas
568 2520 947 2591 conqueritur
976 2525 1032 2575 et
1062 2521 1287 2575 nescire
1326 2537 1390 2575 se
1442 2521 1836 2592 principatum
1870 2539 1969 2577 ne-

304 2609 630 2665 scientium
667 2626 728 2663 se
758 2613 1115 2679 protestetur
1147 2626 1158 2663 :
1196 2610 1335 2679 quia
1375 2610 1630 2680 profecto
1682 2610 1740 2663 hi
1772 2612 1881 2681 qui
1904 2628 1971 2666 ea

307 2716 447 2769 quae
480 2703 621 2752 sunt
650 2697 880 2752 Domini
912 2698 1183 2753 nesciunt
1225 2716 1259 2753 a
1314 2698 1562 2753 Domino
1608 2699 1966 2769 nesciuntur,

307 2786 502 2840 Paulo
537 2790 844 2840 attestante
878 2786 973 2856 qui
1008 2787 1111 2841 ait:
1143 2787 1345 2858 Sifquis
1373 2789 1968 2859 autcmignorat,igno-

310 2876 545 2927 rabitur
576 2874 623 2943 (I
655 2875 785 2929 Cor.
819 2892 932 2944 x1v,
965 2876 1077 2941 33).
1112 2874 1462 2947 Plerumque
1520 2880 1819 2946 pastorum
1855 2878 1967 2932 im-

310 2961 534 3033 peritia
562 2961 781 3017 meritis
812 2963 1081 3034 congruit
1105 2964 1669 3034 subjectorum,quia
1701 2966 1969 3034 quamvis

308 3049 521 3104 lumen
557 3049 812 3104 scientiae
842 3069 950 3106 sua
995 3050 1168 3122 culpa
1225 3051 1487 3124 exigente
1543 3069 1657 3106 non
1716 3052 1969 3109 habeant

312 3137 591 3191 districto
624 3142 816 3193 tamen
855 3139 953 3193 Dei
989 3116 1213 3209 judicio
1267 3116 1479 3212 agitur,
1530 3145 1592 3193 ut
1636 3157 1737 3210 per
1767 3158 1966 3197 eorum
2000 3116 2043 3180 C

310 3226 715 3297 ignorantiam
741 3226 799 3279 hi
828 3228 1003 3281 etiam
1026 3228 1125 3297 qui
1144 3232 1474 3297 sequuntur
1503 3228 1970 3285 oil‘endant.Hinc

315 3330 581 3385 namque
610 3313 669 3367 in
703 3313 1013 3386 Evangelio
1034 3330 1135 3384 per
1156 3316 1533 3386 semetipsum
1554 3315 1779 3370 Veritas
1804 3318 1967 3372 dicit:

314 3403 379 3458 Si
404 3418 584 3457 caecus
614 3417 755 3458 casco
803 3402 1067 3457 ducatum
1120 3404 1373 3471 praebeat
1427 3404 1590 3458 ambo
1651 3405 1707 3457 in
1758 3407 1973 3472 foveam

316 3492 518 3545 cadent
550 3491 761 3557 (Matth.
795 3493 999 3561 xv,14).
1040 3491 1182 3547 Hinc
1213 3490 1523 3546 Psalmista
1553 3510 1667 3547 non
1717 3495 1971 3565 optantis

317 3579 546 3645 animo,
580 3579 676 3632 sed
711 3579 1116 3649 prophetantis
1148 3579 1473 3635 ministerio
1531 3581 1834 3637 denuntiat
1879 3584 1972 3637 di-

318 3683 468 3721 cens
504 3684 515 3720 :
553 3667 927 3723 Obscurentur
958 3668 1110 3723 oculi
1139 3684 1329 3723 eorum
1361 3686 1429 3723 ne
1484 3670 1713 3725 videant
1769 3680 1819 3726 et
1848 3672 1971 3726 dor-

317 3771 449 3808 sum
484 3770 674 3808 eorum
704 3771 914 3826 semper
945 3757 1178 3810 incurva
1205 3757 1378 3827 (Psal.
1412 3775 1599 3828 vam,
1634 3759 1746 3829 2-4).
1811 3760 1973 3814 Oculi

324 3842 553 3914 quippe
583 3845 844 3914 sunt,qui
874 3844 931 3897 in
964 3844 1345 3915 ipsahonoris
1378 3846 1595 3900 summi
1640 3848 1782 3901 facie
1800 3848 1974 3918 positi

326 3930 668 4005 providendi
693 3932 917 3988 itineris
932 3934 1189 3989 ofﬁcium
1216 3934 1547 4004 suscipiunt
1561 3935 1774 4005 quibus
1808 3925 1986 3989 nimi?

328 4036 470 4073 rum
503 4020 597 4090 qui
630 4022 1056 4093 subsequenter
1085 4023 1571 4089 inhmrent,dorsa
1600 4022 1978 4077 nominantur

330 4107 719 4164 Obscuritatis
737 4126 871 4182 ergo
895 4110 1078 4166 oculis
1110 4112 1350 4167 dorsum
1374 4110 1627 4167 ﬂectitur
1652 4111 1813 4183 ;quia
1841 4128 1976 4166 cum

326 4197 535 4251 lumen
561 4199 810 4254 scientiae
832 4201 1199 4271 perduntqui
1232 4201 1761 4272 praeeuntprofecto
1784 4200 1978 4255 cuncti

329 4286 403 4341 ad
441 4288 723 4356 portanda
737 4293 1105 4359 peccatorum
1129 4306 1304 4343 onera
1326 4296 1643 4344 curvantur
1656 4290 1753 4361 qui
1771 4307 1980 4361 sequn-

326 4379 448 4429 tur.
482 4398 509 4423 ››
544 4375 682 4430 Item
714 4376 795 4446 (in
841 4378 1050 4448 prolog.
1109 4383 1259 4448 part.
1305 4378 1342 4447 Ι)
1377 4395 1387 4432 ;
1425 4402 1450 4427 ‹‹
1507 4379 1582 4432 Su
1605 4384 1667 4432 nt
1721 4378 1980 4449 plerique

2083 1815 2313 1869 scientes
2373 1815 2635 1885 quoniam
2708 1819 2895 1888 majus
2952 1816 3229 1887 judicium
3294 1819 3514 1874 sumitis
3590 1820 3730 1888 (Jac.

2086 1921 2168 1966 111,
2206 1904 2278 1974 1).

2158 1992 2300 2045 Item
2329 1990 2641 2062 Gregorius
2672 2009 2690 2045 :
2729 2014 2749 2039 α
2782 1992 2891 2055 Qui
2924 1992 3105 2047 sacris
3136 1992 3321 2048 nescit
3373 1993 3608 2048 obedire
3638 2007 3736 2048 ca-

2091 2079 2385 2146 monibus,
2424 2094 2528 2133 nec
2559 2078 2740 2134 sacris
2771 2080 2847 2133 sit
2877 2080 3092 2151 dignus
3143 2081 3553 2136 administrare
3584 2080 3732 2136 alta-

2086 2168 2272 2222 ribus.
2305 2166 2429 2221 Non
2464 2168 2635 2222 debet
2665 2167 2903 2223 honoris
2939 2168 3216 2223 ducatum
3276 2170 3592 2239 suscipere,
3625 2169 3733 2240 qui

2086 2256 2273 2310 nescit
2302 2255 2594 2325 subjectos
2622 2256 2859 2310 tramite
2887 2255 3012 2309 vitae
3044 2255 3302 2311 melioris
3334 2256 3560 2326 praeire.
3590 2278 3619 2305 »
3657 2260 3733 2310 Et

2088 2361 2296 2398 rursus
2332 2361 2343 2398 :
2380 2366 2406 2393 ‹‹
2443 2343 2603 2399 Sicut
2634 2343 2823 2414 iniqui
2856 2347 2912 2397 et
2942 2347 3272 2414 peccatores
3330 2344 3732 2399 ministerium

2087 2432 2452 2488 sacerdotale
2482 2431 2716 2503 assequi
2748 2431 3091 2502 prohibetur
3122 2432 3201 2487 ita
3255 2431 3473 2488 indocti
3531 2436 3589 2487 et
3616 2431 3739 2487 im-

2084 2520 2255 2592 periti
2286 2518 2390 2575 tali
2424 2520 2615 2575 ofﬁcio
2647 2520 3045 2586 retrahuntur,
3087 2519 3174 2574 Illi
3232 2520 3389 2576 enim
3447 2519 3735 2591 exemplis

2084 2610 2174 2665 sui
2208 2610 2382 2664 vitam
2416 2610 2705 2664 bonorum
2736 2611 3123 2678 corrumpunt
3177 2606 3275 2662 isti
3332 2624 3442 2662 sua
3494 2607 3731 2679 ignavia

2083 2698 2288 2770 iniquo
2321 2698 2617 2767 corrigere
2649 2697 2940 2751 nesciunt.
2976 2694 3122 2761 Quid
3159 2695 3315 2749 enim
3343 2696 3549 2752 docere
3573 2698 3737 2766 pote-

2083 2793 2222 2843 runt
2253 2788 2408 2858 quod
2441 2804 2555 2841 non
2588 2786 2961 2841 didicerunt?
2990 2784 3231 2840 Desinat
3261 2784 3455 2839 locum
3487 2783 3737 2839 docendi

2082 2877 2377 2947 suscipere
2409 2876 2509 2947 qui
2542 2875 2728 2930 nescit
2752 2871 3322 2945 docerngnorantia
3342 2873 3558 2944 quippe
3583 2889 3737 2943 pra:-

2081 2965 2277 3021 sulum
2310 2965 2437 3019 vitae
2466 2982 2579 3019 non
2634 2961 2904 3034 congruit
2933 2962 3329 3032 subjectorum
3373 2979 3386 3017 :
3425 2984 3452 3009 »
3482 2961 3551 3016 Et
3580 2958 3720 3016 alibi

2080 3058 2252 3127 (part.
2290 3072 2327 3106 11
2362 3054 2461 3108 tib.
2510 3056 2655 3123 past.
2703 3067 2830 3121 cap.
2866 3051 2920 3119 3)
2954 3068 2970 3102 :
3004 3049 3143 3104 «Sit
3196 3052 3384 3104 rector
3441 3049 3735 3104 discretus

2084 3141 2588 3206 silentio,bumilis
2620 3141 2679 3194 in
2712 3140 2908 3208 verbo,
2941 3154 3013 3193 ne
3044 3145 3146 3193 aut
3170 3138 3414 3193 tacenda
3443 3136 3733 3209 proferat:

2083 3234 2184 3284 aut
2216 3229 2561 3300 proferenda
2591 3231 2799 3283 taceat.
2817 3226 2963 3280 Nam
2996 3226 3149 3280 sicut
3180 3224 3416 3280 incauta
3445 3221 3737 3279 locutioin

2083 3334 2338 3373 errorem
2364 3317 2671 3387 pertrahit,
2689 3317 2770 3370 ita
2787 3314 3170 3369 indiscretum
3200 3313 3497 3369 silentium
3514 3311 3738 3385 hosqui

2082 3406 2300 3462 erudiri
2332 3410 2597 3473 poterant
2624 3405 2681 3459 in
2705 3419 2899 3459 errore
2915 3401 3455 3473 derelinquitSeepe
3481 3416 3741 3472 namque

2084 3500 2335 3550 rectores
2396 3493 2705 3565 improvidi
2775 3491 3097 3546 humanam
3155 3489 3422 3546 amittere
3479 3488 3739 3563 gratiam

2927 3622 2939 3633 .
2988 3579 3738 3651 ......Caecuspastor

2082 3671 2319 3741 est,qui
2350 3686 2616 3742 supernae
2651 3670 2851 3725 lumen
2886 3683 3024 3723 cons
3067 3710 3077 3721 .
3128 3710 3139 3722 .
3188 3709 3199 3721 .
3248 3709 3259 3721 .
3306 3710 3319 3722 .
3364 3710 3377 3722 .
3422 3712 3436 3724 .
3482 3710 3495 3723 .
3543 3710 3557 3724 .
3603 3709 3615 3721 .
3661 3710 3675 3725 .
3722 3714 3736 3727 .

2089 3802 2099 3812 .
2148 3801 2159 3812 .
2208 3802 2219 3811 .
2268 3800 2279 3811 .
2328 3800 2339 3811 .
2387 3800 2399 3812 .
2448 3800 2459 3811 .
2507 3800 2519 3812 .
2571 3803 2581 3813 .
2628 3800 2638 3811 .
2691 3798 2703 3810 .
2739 3756 3182 3825 praesentisvitae
3211 3756 3468 3812 tenebris
3496 3772 3738 3827 pressus

2084 3848 2225 3901 dum
2257 3851 2562 3902 venturam
2597 3846 2786 3900 lucem
2822 3860 3195 3917 nequaquam
3244 3844 3565 3917 dilligendo
3598 3862 3736 3902 con-

2086 3932 3736 4006 spicit...................ait:Parvo

2087 4026 2281 4076 autem
2314 4040 2456 4077 naso
2489 4028 2579 4076 est
2611 4021 2709 4092 qui
2746 4021 2817 4075 ad
2852 4021 3163 4074 tenendam
3214 4035 3553 4075 mensuram
3614 4021 3735 4077 dis-

2087 4110 2362 4166 cretionis
2393 4111 2640 4165 idoneus
2672 4125 2784 4163 non
2811 4111 2919 4163 est.
2969 4107 3205 4177 Nosque
3263 4107 3482 4178 quippe
3504 4106 3737 4164 -odores

2090 4202 2416 4269 t'etoresque
2448 4196 2858 4253 discernimus.
2882 4193 3053 4249 Recte
3083 4211 3220 4266 ergo
3252 4210 3355 4266 per
3385 4209 3594 4249 nasum
3619 4195 3737 4251 dis-

2089 4290 2264 4345 cretio
2298 4288 2665 4359 exprimitur,
2699 4302 2800 4357 per
2831 4303 3009 4357 quam
3031 4286 3273 4340 virtutes
3304 4283 3601 4358 eligimus,
3635 4284 3733 4340 de-

2089 4379 2227 4434 licta
2260 4377 2666 4448 reprobamus.
2702 4398 2723 4427 »
2764 4376 2827 4429 Et
2862 4392 3069 4431 rursus
3099 4392 3110 4430 :
3147 4398 3173 4424 «
3234 4374 3459 4429 Durum
3519 4373 3738 4445 quippe

333 4479 639 4533 passorum
671 4465 768 4535 qui
802 4467 940 4520 dum
970 4465 1201 4521 mentiri
1252 4481 1312 4520 se
1347 4467 1641 4531 nesciunt,
1679 4483 1805 4537 qua)
1866 4484 1978 4521 non
2013 4474 2057 4539 D
2090 4472 2178 4523 est
2208 4472 2274 4521 ut
2306 4465 2406 4537 qui
2458 4464 2644 4519 nescit
2697 4469 2895 4519 tenere
2956 4463 3360 4518 moderamina
3413 4462 3542 4517 vitis
3598 4478 3738 4530 suae,

334 4550 667 4605 didicerunt
698 4554 901 4609 docere
926 4554 1381 4624 concupiscunt:
1411 4554 1507 4624 qui
1534 4556 1763 4625 pondus
1790 4555 1973 4625 magi~

334 4638 493 4694 sterii
518 4643 676 4695 tanto
702 4640 884 4696 levius
907 4643 1200 4697 aestimant
1224 4644 1457 4713 quando
1480 4644 1594 4697 vim
1622 4642 1974 4713 magnitudi-

335 4729 425 4782 nis
459 4726 618 4783 illius
650 4729 1018 4799 ignorant.Ut
1048 4730 1145 4801 qui
1169 4730 1386 4785 indocti
1417 4749 1481 4786 ac
1515 4731 1842 4802 prmcipites
1876 4734 1974 4787 do-

336 4814 533 4869 ctrinae
561 4832 749 4871 arcem
776 4822 966 4874 tenere
989 4822 1333 4889 appetunt,a
1355 4819 1831 4891 praecipitationis
1860 4838 1975 4875 sua:

336 4903 579 4959 ausibus
611 4903 666 4959 in
700 4905 828 4976 ipsa
848 4905 1160 4962 locutionis
1183 4908 1370 4978 janua
1400 4908 1782 4979 repelluntur.
1808 4909 1979 4966 Nulla

337 5008 433 5047 ars
464 4993 653 5048 doceri
684 4996 1083 5067 praesumitur,
1119 4995 1231 5050 nisi
1264 5000 1427 5052 tanta
1456 4998 1565 5068 (’18)
1600 4999 1763 5068 prius
1802 4999 1979 5053 medi-

338 5082 559 5137 tatione
589 5084 976 5139 diseatur.Ab
1004 5085 1290 5156 imperitis
1322 5102 1459 5158 ergo
1493 5086 1783 5157 pastorale
1808 5087 1983 5159 magi-

338 5171 585 5251 sterium
619 5191 731 5244 qua
753 5174 1077 5229 temeritate
1104 5174 1747 5246 suscipiturPQuoniam
1778 5181 1866 5230 est
1888 5193 1981 5231 ars

340 5262 581 5329 artium,
615 5263 872 5335 regimen
906 5263 1416 5331 animarum.Quis
1458 5268 1651 5319 autem
1684 5264 1984 5334 cogitatio-

422 5390 533 5459 (47)
564 5392 689 5443 Post
731 5386 921 5459 illata.
984 5387 1085 5441 Hic
1128 5387 1303 5442 etiam
1362 5389 1553 5455 nobis,
1588 5404 1692 5443 nec
1743 5389 1985 5443 fortasse

342 5458 1156 5527 nimiUmJndulsimusNam
1188 5460 1296 5515 hoc
1330 5460 1453 5517 loco
1480 5460 1982 5532 legebaturpostu—

345 5534 479 5591 lata.

2082 4558 2265 4627 judcx
2297 4556 2423 4609 vitae
2456 4556 2558 4608 ﬁat
2588 4552 2811 4607 alienae.
2856 4551 3020 4606 Unde
3051 4556 3203 4606 recte
3261 4567 3363 4621 per
3393 4549 3739 4621 prophetam

2089 4646 2305 4700 dicitur
2340 4662 2351 4698 :
2386 4641 2795 4709 Morti/imbuat
2835 4640 3052 4695 animas
3109 4655 3234 4709 quae
3267 4656 3375 4694 non
3425 4638 3740 4694 moriuntur

2088 4739 2137 4789 et
2178 4732 2533 4802 vivi/irabant
2565 4731 2921 4798 animasque?
2937 4744 3042 4782 non
3064 4731 3252 4783 vivunt
3276 4726 3734 4800 (Ezech.x111,19).

2089 4824 2217 4878 Non
2250 4820 2565 4876 morientes
2597 4817 2811 4887 quippe
2845 4816 3179 4881 mortiﬁcat,
3204 4817 3305 4889 qui
3330 4817 3559 4886 justum
3578 4817 3738 4870 dam-

2088 4915 2206 4974 nat.
2252 4914 2309 4964 et
2340 4925 2452 4963 non
2487 4906 2778 4961 victurum
2835 4903 3125 4960 vivificare
3178 4904 3405 4970 nititur,
3438 4903 3537 4975 qui
3572 4916 3733 4957 reum

2090 5016 2120 5053 a
2153 4997 2443 5069 supplicio
2504 4993 2725 5050 solvere
2783 4997 3043 5048 conatur.
3108 5014 3135 5043 »
3198 4992 3457 5048 Isidorus
3511 4989 3635 5060 (lib.
3673 5002 3734 5040 111

2090 5091 2241 5142 Sent.
2275 5102 2324 5140 c.
2357 5085 2471 5155 36.)
2504 5106 2533 5134 «
2589 5084 2733 5137 Tam
2795 5081 3058 5137 doctrina
3113 5098 3289 5153 quam
3348 5080 3467 5134 vita
3525 5075 3739 5129 clarere

2091 5177 2261 5230 debet
2292 5171 2723 5229 ecclesiasticus
2755 5171 2960 5225 doctor
2986 5189 2998 5227 :
3021 5187 3157 5226 nam
3189 5166 3452 5224 doctrina
3468 5163 3594 5218 sine
3622 5162 3741 5217 vita

2094 5267 2462 5334 arrogantem
2499 5261 2710 5327 reddit,
2742 5259 2863 5314 vita
2891 5261 3015 5315 sine
3047 5259 3309 5315 doctrina
3356 5250 3627 5307 inutilem
3660 5251 3741 5307 fa-

2166 5388 2276 5453 (48)
2310 5388 2545 5441 lntenta.
2588 5384 2760 5454 Editi,
2795 5385 2855 5438 in
2885 5392 3029 5438 tenta
3064 5380 3218 5450 quod
3243 5392 3378 5432 cum
3402 5392 3519 5432 non
3551 5375 3739 5448 place-

2096 5464 2201 5531 ret,
2235 5459 2316 5515 sic
2345 5456 2811 5526 emendavimus,
2844 5459 2910 5509 ut
2938 5454 3119 5508 vides.
