4134 6182
356 369 431 435 83
1374 374 1709 437 ATTONIS
1752 368 2337 436 VERCELLENSIS
2382 369 2739 434 EPISCOPI
3677 369 3756 431 84

358 506 456 563 cit.
496 527 517 559 ι
554 510 701 564 Item
732 506 916 581 (Idem
946 508 1114 581 ibid.,
1149 526 1273 583 cap.
1304 509 1393 580 46)
1427 524 1441 563 :

357 595 630 668 pulcrum
657 597 968 670 iniquitate
1026 599 1398 669 damnantur,
1450 599 1498 653 si
1558 614 1656 653 eos
1711 600 1813 652 aut
1839 595 1999 667 igno‘

358 691 554 742 rantes
586 704 700 741 non
730 688 1022 753 erudiant,
1055 693 1155 743 aut
1210 691 1517 759 peccantes
1550 703 1665 741 non
1726 686 1998 757 arguant.

365 776 638 832 Testante
668 777 914 832 Domino
948 777 1035 831 ,ad
1094 776 1438 848 prophetam
1474 794 1486 831 :
1521 775 1924 846 Speculatorem
1953 781 2003 827 te

362 864 489 920 dedi
516 866 708 921 domus
739 866 926 921 Israel.
953 866 1020 920 Si
1040 881 1145 920 non
1175 867 1354 937 fueris
1415 866 1626 920 locutus
1693 872 1747 917 ut
1804 879 1859 917 se
1904 878 2003 916 cu-

363 955 566 1010 stodiat
598 955 806 1026 impius
834 971 863 1009 a
889 957 976 1008 via
1005 971 1126 1023 sua,
1161 956 1256 1009 ille
1314 956 1373 1009 in
1428 955 1719 1024 iniquitate
1768 968 1869 1007 sua
1897 966 2006 1006 mo-

1476 531 1505 560 «
1527 508 1869 564 Sacerdotes
1891 522 1993 578 po-
2022 503 2078 571 Α
2106 503 2401 573 cogitatum
2434 506 2589 559 tuum
2634 504 2695 559 in
2751 502 2980 559 Domino
3007 509 3059 559 et
3114 500 3229 573 ipse
3286 500 3527 558 enutriet
3579 500 3754 570 (Psal.

2109 609 2218 660 LIV,
2266 594 2382 665 23-)
2430 593 2499 648 Et
2550 594 2689 648 item
2724 611 2736 649 :
2769 594 3031 648 Dominus
3083 592 3184 648 scit
3238 592 3590 663 cogitationes
3652 591 3758 646 ho-
3807 665 3813 671 1

2117 683 2336 737 minam
2364 684 2625 753 quoniam
2671 697 2832 738 vanae
2886 689 3013 736 sunt
3069 681 3240 751 (Psal.
3304 697 3461 747 xcm,
3525 680 3635 748 11).
3691 680 3762 734 Et

2114 770 2253 827 alibi
2289 788 2301 825 :
2335 772 2459 826 Nisi
2486 773 2745 827 Dominus
2775 771 3134 841 aediﬁcaverit
3154 771 3404 836 domum,
3436 771 3495 824 in
3551 785 3761 824 vanum

2124 860 2504 915 laboraverunt
2533 862 2630 930 qui
2656 860 2935 932 (ediﬁcant
2963 876 3085 915 eam
3141 860 3311 931 (Psal.
3371 875 3556 924 cxxv1,
3592 858 3665 924 1).
3693 861 3764 913 Et

2113 949 2293 1005 Isaias
2325 949 2451 1005 ait:
2490 951 2573 1005 Vm
2620 950 2729 1019 ﬁlii
2781 949 3101 1014 desertores,
3156 949 3292 1005 dicit
3345 949 3636 1003 Dominus.
3669 953 3757 1003 ut

366 1046 543 1099 rietur
575 1066 593 1111 ;
622 1045 948 1113 sanguinem
980 1060 1104 1098 vero
1134 1045 1251 1113 ejus
1280 1044 1348 1098 de
1377 1060 1544 1098 manu
1600 1050 1693 1097 tua
1722 1042 2005 1112 requiram
2113 1039 2364 1109 faceritis
2394 1039 2705 1110 consilium,
2737 1048 2789 1094 et
2817 1055 2924 1094 non
2952 1055 3023 1093 ex
3051 1055 3157 1104 me,
3218 1045 3276 1093 ut
3322 1040 3373 1092 et
3425 1037 3763 1092 ordiremini

364 1133 585 1201 (Ezech.
624 1149 821 1199 xxxm,
852 1134 929 1204 7).
968 1155 996 1182 »
1052 1136 1301 1204 Prosper
1330 1132 1469 1202 (sive
1523 1131 1743 1187 Julian.
1803 1130 2004 1185 Pome-

366 1220 509 1290 rius,
541 1221 580 1275 l.
614 1241 631 1277 1
660 1223 724 1277 de
774 1223 1112 1293 Contemplat
1144 1225 1259 1278 vita
1316 1239 1365 1277 c.
1427 1223 1515 1293 20)
1551 1240 1563 1277 :
1601 1242 1628 1271 ‹‹
1660 1219 1822 1286 Quod
1875 1234 2007 1274 vero

367 1310 507 1365 dicit
536 1311 874 1383 Apostolus,
908 1316 972 1366 ut
1000 1329 1107 1366 nos
1161 1312 1410 1367 formam
1470 1311 1787 1365 debeamus
1849 1305 2008 1363 exhi-

370 1399 504 1454 bere
535 1400 808 1455 ﬁdelibus
842 1400 981 1471 quid
1024 1400 1238 1455 valebit
1295 1401 1341 1454 si
1401 1400 1449 1454 is
1504 1400 1597 1455 cui
1655 1399 1739 1453 vel
1797 1397 2008 1452 exhor-

368 1488 530 1544 tandi
562 1489 767 1555 bonos,
800 1488 888 1543 vel
920 1489 1245 1561 castigandi
1279 1488 1462 1545 malos
1495 1506 1636 1544 cura
1694 1487 2014 1543 commissa

370 1580 478 1646 est,
510 1577 656 1632 bene
684 1575 927 1633 vivendo
986 1594 1047 1633 se
1100 1578 1455 1634 imitandum
1512 1577 1684 1633 bonis
1741 1593 1855 1631 non
1917 1591 2013 1630 ex-

369 1664 586 1733 hibeat,
645 1670 703 1720 et
760 1665 946 1723 malos
1001 1668 1243 1723 tacendo
1302 1684 1418 1723 non
1476 1671 1683 1739 arguat
1722 1666 1809 1722 ‘2»
1841 1664 2017 1721 Miror

370 1770 508 1825 ergo
539 1771 656 1826 qua
686 1754 847 1810 inani
876 1754 1231 1811 deludantur
1261 1756 1608 1821 intentione,
1667 1754 1766 1825 qui
1824 1753 2017 1810 Domi—

2114 1129 2307 1193 telam,
2341 1135 2391 1182 et
2419 1143 2525 1183 non
2552 1144 2652 1199 per
2680 1130 2940 1200 spiritum
2970 1143 3156 1183 meum
3198 1127 3367 1197 ‘(Isai.
3426 1143 3560 1193 xxx,
3592 1127 3666 1193 1).
3694 1126 3763 1180 Et

2118 1218 2330 1272 iterum
2363 1232 2377 1272 :
2408 1216 2612 1274 Fecisti
2641 1218 2852 1272 malum
2881 1219 2942 1271 in
2970 1217 3141 1272 oculis
3170 1217 3325 1282 meis,
3358 1224 3408 1270 et
3439 1229 3564 1287 qum
3610 1214 3768 1268 nolui

2119 1308 2358 1377 elegistis
2388 1309 2542 1375 (lsai.
2576 1324 2699 1372 va,
2730 1308 2838 1377 12).
2871 1306 2939 1360 Et
2960 1321 3167 1360 rursus
3203 1322 3214 1359 :
3248 1306 3367 1360 Non
3405 1305 3560 1359 enim
3616 1304 3763 1372 cogi-

2118 1398 2351 1451 tationes
2372 1396 2887 1465 -meze,cogitationes
2900 1398 3113 1459 vestrae,
3137 1409 3313 1464 neque
3348 1395 3458 1449 viae
3486 1407 3645 1462 mete,
3666 1393 3767 1446 viae

2120 1488 2337 1550 vestrae,
2370 1484 2503 1539 dicit
2531 1485 2791 1540 Dominus
2842 1484 2992 1553 (Isai.
3049 1500 3137 1548 1.x,
3197 1483 3273 1552 8).
3306 1482 3375 1536 Et
3429 1480 3567 1536 alibi
3605 1496 3617 1535 :
3652 1480 3767 1537 Non

2122 1573 2405 1629 mittebam
2432 1572 2741 1644 prophetas,
2774 1580 2829 1627 et
2858 1573 2969 1644 ipsi
3004 1571 3300 1627 currebant
3357 1569 3570 1640 (Jerem.
3603 1585 3765 1636 χχιιι,

2122 1662 2237 1734 21).
2269 1661 2589 1717 Hieremias
2659 1676 2892 1733 quoque
2950 1661 3032 1715 ait
3062 1676 3076 1714 :
3107 1658 3428 1715 Maledictus
3480 1658 3636 1714 homo
3667 1658 3767 1728 qui

2126 1751 2349 1821 conﬁdit
2376 1753 2438 1806 in
2468 1751 2705 1818 homine,
2738 1755 2789 1806 et
2813 1752 2970 1823 ponit
2997 1765 3225 1805 carnem
3284 1749 3568 1805 brachium
3598 1764 3763 1804 suum

372 1841 567 1897 nicum
599 1843 1086 1915 parvipendentes
1117 1860 1449 1915 censuram,
1475 1844 1914 1917 qualescunque
1945 1842 2017 1898 ad
2047 1873 2096 1937 B
2130 1842 2344 1913 (Jerem.
2371 1857 2506 1907 xvu,
2537 1840 2617 1911 5).
2651 1841 2718 1895 Et
2748 1856 2762 1894 :
2806 1838 3133 1895 Benedictus
3188 1840 3275 1894 vir
3317 1839 3413 1909 qui
3457 1837 3681 1908 conﬁdit
3709 1839 3771 1893 in

382 1929 770 2002 episcopalem
804 1932 1144 2005 dignitatem
1176 1932 1389 2006 eligere
1432 1938 1885 2006 quierunt,quos
1901 1930 2016 1987 sibi

371 2017 561 2090 magis
591 2020 784 2088 utiles,
817 2037 996 2091 quam
1027 2021 1294 2078 Ecclesia:
1328 2022 1665 2093 profuturos
1713 2020 2017 2093 suspican-

369 2109 487 2161 tur.
521 2106 685 2163 Uude
745 2125 893 2180 saepe
949 2109 1177 2165 evenire
1236 2108 1402 2176 solet,
1461 2114 1526 2164 ut
1588 2126 1690 2165 nec
1747 2108 2017 2165 Ecclesiae

372 2210 683 2266 congruos,
715 2212 819 2251 nec
850 2196 962 2251 sibi
990 2198 1280 2268 proﬁcuos
1311 2196 1568 2252 sentiant
1601 2214 1612 2251 :
1646 2200 1705 2252 et
1742 2198 1884 2251 dum
1914 2211 2018 2267 pro

376 2298 577 2338 amore
634 2282 894 2339 hominis
954 2289 1135 2339 Deum
1210 2285 1500 2340 offendere
1557 2302 1671 2340 non
1724 2288 2017 2358 metuunt,

388 2369 460 2424 ab
491 2369 639 2442 ipsis
669 2371 859 2427 solent
882 2372 1059 2427 etiam
1100 2374 1320 2445 perpeti
1352 2373 1652 2444 injuriam,
1710 2389 1826 2444 quo
1884 2389 2019 2427 con-

379 2461 471 2514 tra
500 2460 597 2515 Dei
629 2464 839 2516 nutum
868 2462 1194 2533 provehunt
1225 2463 1295 2518 ad
1324 2462 1660 2517 cathedram
1689 2479 1702 2530 ;
1728 2466 1792 2517 ut
1814 2461 2020 2517 merito

376 2562 438 2603 se
468 2564 663 2603 errare
694 2549 942 2615 doleant,
979 2550 1079 2621 qui
1109 2549 1208 2605 Dei
1249 2551 1530 2605 honorem
1590 2567 1696 2605 suo
1728 2567 1843 2606 non
1875 2567 2021 2623 pra3~

373 2643 713 2709 posuerant.
773 2639 938 2694 Unde
994 2640 1202 2695 beatus
1234 2639 1578 2695 Ambrosius
1637 2640 1718 2695 ait
1772 2639 1897 2711 (lib.
1959 2657 2021 2694 111

376 2724 538 2798 Ofﬁc.
568 2743 617 2781 c.
656 2726 741 2798 16)
778 2745 790 2783 :
824 2750 852 2778 ‹‹
886 2728 1013 2786 Non
1055 2731 1245 2799 potest
1299 2728 1522 2785 homini
1586 2729 1813 2784 amicus
1870 2744 2019 2796 esse,

376 2814 476 2886 qui
509 2815 624 2872 Deo
656 2816 833 2872 fuerit
859 2816 1098 2873 inﬁdus.
1133 2839 1163 2866 »
1194 2816 1251 2871 Si
1290 2817 1447 2873 enim
1506 2818 1832 2874 secundum
1892 2818 2025 2873 bea-

2130 1930 2384 1996 Domino,
2416 1933 2468 1984 et
2495 1931 2602 1984 erit
2628 1930 2892 1985 Dominus
2940 1928 3144 1999 ﬁducia
3202 1929 3317 2000 ejus
3373 1927 3562 1999 (Ibid.,
3593 1928 3671 2000 7).
3704 1928 3776 1984 Et

2125 2018 2267 2075 item
2300 2035 2313 2074 :
2346 2017 2487 2085 Scio,
2518 2019 2765 2086 Domine,
2793 2020 2925 2090 quia
2952 2034 3063 2074 non
3089 2021 3216 2073 sunt
3247 2018 3488 2074 hominis
3516 2019 3625 2075 viae
3645 2017 3764 2088 ejus

2126 2124 2225 2163 nec
2251 2108 2362 2162 viri
2390 2113 2469 2163 est
2484 2112 2547 2162 ut
2564 2107 2892 2175 ambulet,et
2921 2106 3140 2179 dirigat
3158 2122 3378 2179 gressus
3396 2123 3524 2162 suos
3554 2108 3769 2178 (Jerem.

2126 2213 2181 2264 x,
2214 2196 2329 2267 23).
2360 2197 2429 2251 Et
2458 2213 2664 2252 rursus
2698 2212 2710 2251 :
2742 2193 2898 2252 State
2925 2212 3092 2261 super
3146 2196 3264 2252 vias
3294 2205 3349 2252 et
3402 2195 3578 2252 videte
3606 2203 3657 2252 et
3683 2198 3772 2251 in-

2129 2292 2403 2355 terrogate
2432 2284 2497 2339 de
2524 2285 2736 2341 semitis
2772 2286 3017 2356 antiquis
3075 2287 3192 2357 quae
3221 2286 3295 2341 sit
3348 2286 3437 2340 via
3499 2285 3643 2340 bona
3674 2306 3692 2352 ;
3723 2287 3775 2340 et

2129 2373 2410 2429 ambulate
2440 2376 2499 2428 in
2529 2390 2594 2429 ea
2615 2378 2666 2429 et
2693 2376 2988 2430 invenietis
3018 2376 3372 2445 refrigerium
3424 2376 3646 2445 (Jerem,
3691 2391 3773 2440 V1,

2133 2462 2241 2531 16).
2262 2462 2509 2518 Maxime
2541 2463 2780 2533 quidem
2801 2463 3151 2519 temeritatis
3180 2467 3271 2519 est
3300 2463 3551 2536 gratiam
3583 2462 3774 2518 sancti

2131 2550 2384 2621 Spiritus
2412 2550 2632 2622 injuste
2662 2552 2886 2620 offerre,
2928 2567 3106 2623 quam
3167 2552 3438 2608 novimus
3496 2552 3770 2607 eumdem

2132 2639 2402 2710 spiritum
2436 2639 2679 2695 minime
2708 2641 3077 2711 [conﬁrmare
3112 2665 3126 2709 ;
3162 2657 3266 2696 nec
3298 2657 3539 2697 securus
3583 2644 3777 2712 potest

2131 2744 2259 2784 esse
2290 2729 2360 2784 de
2390 2744 2650 2798 munere,
2685 2729 2785 2801 qui
2818 2728 3161 2801 hujusmodi
3208 2729 3469 2786 ofﬁcium
3527 2730 3778 2803 suscipit

2129 2816 3773 2889 indlgne]...............

376 2907 507 2959 tum
534 2904 906 2977 Apostolum,
939 2905 1080 2975 Quid
1102 2921 1339 2977 oremus,
1372 2910 1432 2961 ut
1487 2911 1696 2976 oportet
1748 2908 2024 2962 nescimus
2137 2947 2149 2961 .
2232 2947 2245 2960 .
2327 2947 2340 2961 .
2422 2948 2435 2961 .
2516 2948 2528 2961 .
2606 2911 2888 2978 tanquam
2911 2906 3243 2963 Aaron.Sed
3274 2921 3347 2962 ne
3373 2906 3588 2978 aliquis
3667 2946 3679 2960 .
3763 2947 3778 2961 .

378 2993 554 3064 (Rom.
587 3010 711 3063 VIII,
741 2995 831 3067 26)
864 2995 1157 3066 quomodo
1189 2995 1337 3051 scire
1368 3011 1738 3067 possumus.
1818 3037 1831 3049 .
1913 3036 1925 3049 .
2007 3036 2020 3049 .
2137 3036 2149 3049 .
2232 3037 2245 3050 .
2328 3036 2340 3049 .
2421 3037 2436 3051 .
2518 3037 2530 3050 .
2611 3037 2624 3049 .
2705 3035 2720 3050 .
2801 3034 2813 3045 .
2895 3037 2909 3050 .
2990 3036 3003 3050 .
3086 3036 3099 3050 .
3176 2993 3303 3051 odis
3349 2994 3631 3051 Dominus
3670 3010 3783 3050 sua

383 3122 396 3135 .
478 3122 490 3137 .
573 3124 585 3138 .
631 3124 681 3137 ..
762 3124 775 3138 .
858 3124 870 3137 .
947 3122 964 3139 .
1048 3125 1060 3139 .
1141 3126 1155 3139 .
1236 3127 1251 3140 .
1332 3126 1343 3138 .
1427 3125 1439 3138 .
1532 3125 1545 3138 .
1629 3125 1642 3138 .
1722 3123 1739 3140 .
1818 3125 1831 3139 .
1914 3124 1927 3136 .
2009 3123 2022 3137 .
2134 3083 2304 3140 nobis
2334 3083 2623 3140 concessit
2652 3083 2990 3155 perquirere
3020 3084 3316 3141 mandata.
3341 3084 3776 3156 Interrogemus

380 3185 508 3243 quae
539 3172 1200 3240 evideant,itafuerunt
1276 3215 1288 3227 .
1369 3213 1385 3228 .
1467 3213 1478 3226 .
1562 3215 1574 3226 .
1657 3215 1670 3226 .
1752 3213 1764 3226 .
1843 3212 1858 3228 .
1940 3213 2097 3245 ..μ
2139 3214 2152 3228 .
2233 3214 2247 3227 .
2329 3215 2342 3228 .
2421 3213 2437 3229 .
2517 3214 2531 3227 .
2613 3213 2624 3226 .
2707 3213 2720 3226 .
2800 3215 2814 3228 .
2895 3214 2908 3227 .
2991 3214 3004 3228 .
3085 3214 3099 3227 .
3182 3214 3195 3227 .
3276 3215 3289 3229 .
3331 3177 3777 3245 testamentum,

380 3301 396 3319 .
478 3303 492 3316 .
574 3303 587 3315 .
669 3303 681 3316 .
766 3304 777 3315 .
859 3305 873 3318 .
953 3302 967 3316 .
1049 3303 1060 3315 .
1144 3303 1157 3315 .
1237 3302 1250 3316 .
1334 3302 1346 3315 .
1428 3303 1440 3315 .
1520 3260 1567 3317 si
1594 3264 1804 3316 nostrae
1837 3239 2098 3316 soliusC
2136 3278 2315 3334 quam
2344 3261 2519 3317 etiam
2550 3265 2607 3318 et
2635 3278 2737 3333 per
2769 3261 3606 3335 Evangelium,interrogemus
3635 3279 3770 3335 pro-

310 3394 317 3399 .
377 3368 528 3407 cura:
559 3348 1169 3406 committamus.Hinc
1202 3366 1330 3405 raro
1361 3350 1599 3405 omnino
1620 3349 2023 3421 eveniet,quod

377 3456 482 3513 pro
562 3480 576 3493 .
657 3481 670 3494 .
752 3481 765 3492 .
847 3480 860 3492 .
942 3480 954 3492 .
1036 3478 1048 3492 .
1131 3480 1145 3492 .
1226 3480 1238 3492 .
1321 3480 1333 3492 .
1415 3479 1427 3493 .
1503 3439 1763 3493 Primum
1801 3440 2025 3509 quarite

376 3543 615 3597 regnum
643 3528 748 3583 Dei
776 3534 826 3582 et
843 3528 1125 3598 justitiam
1154 3527 1273 3598 ejus
1302 3529 1351 3581 et
1383 3526 1500 3584 hac
1537 3529 1725 3584 omnia
1753 3527 2021 3598 adjicien-

373 3620 467 3672 tur
496 3617 648 3671 vobis
677 3616 884 3683 (Matth.
916 3632 994 3682 v1,
1024 3615 1135 3686 33).
1168 3613 1391 3687 Siquis
1435 3658 1448 3670 .
1532 3657 1544 3669 .
1627 3659 1639 3671 .
1725 3656 1737 3669 .
1819 3656 1832 3669 .
1912 3656 1924 3670 .
2008 3655 2022 3670 .

377 3703 849 3773 saritentaverit,
883 3707 947 3758 ut
994 3703 1105 3759 sibi
1163 3704 1470 3776 profutura
1515 3704 1738 3777 absque
1794 3703 2025 3775 justitia

380 3797 663 3865 quaerant,
698 3792 957 3865 seipsum
988 3793 1288 3849 destruere
1343 3834 1356 3847 .
1440 3834 1451 3847 .
1531 3835 1544 3849 .
1629 3835 1641 3847 .
1723 3835 1736 3849 .
1817 3836 1831 3849 .
1913 3837 1925 3849 .
2009 3835 2021 3848 .

380 3881 645 3938 stabilire
674 3880 905 3937 valebit.
937 3881 1032 3936 Ait
1060 3881 1215 3937 enim
1250 3881 1375 3953 ipse
1405 3882 1475 3937 de
1534 3880 1711 3937 divite
1770 3881 2026 3954 plurima

280 4034 281 4037 η
380 3971 491 4028 sibi
522 3970 581 4025 in
607 3970 803 4026 futuro
860 3970 1277 4042 promittente:
1310 3970 1506 4038 Stulte,
1564 3972 1666 4026 hac
1720 3976 1881 4027 nocte
1937 3988 2023 4027 re-

374 4064 561 4133 petent
585 4062 831 4116 animam
862 4068 1033 4125 tuam,
1064 4077 1183 4131 quae
1215 4070 1403 4115 autem
1428 4062 1657 4132 parasti
1684 4062 1839 4131 cujus
1865 4065 2027 4116 erunt

381 4150 531 4222 (Luc.
561 4168 664 4217 x11,
695 4149 807 4221 20.)
840 4150 908 4204 Et
940 4148 1077 4205 alibi
1113 4168 1126 4206 :
1164 4150 1354 4205 Omnis
1377 4150 1655 4221 plantatio
1702 4166 1868 4221 quam
1915 4168 2026 4207 non

379 4238 659 4311 plantavit
687 4241 856 4294 Pater
885 4256 1035 4293 meus
1064 4239 1315 4303 cwlestis,
1365 4239 1746 4294 eradicabilur
1795 4239 2021 4310 (Matth.

379 4347 477 4398 xv,
509 4328 616 4400 13).
650 4329 721 4383 Et
751 4345 956 4383 rursus
993 4343 1007 4383 :
1041 4328 1151 4395 Qui
1178 4343 1394 4381 mecum
1422 4342 1529 4382 non
1562 4336 1660 4395 est,
1720 4336 1911 4383 contra
1937 4344 2027 4384 me

377 4427 458 4475 est
486 4438 506 4487 ;
537 4427 588 4473 et
619 4419 720 4489 qui
747 4433 860 4473 non
889 4417 1101 4487 colligit
1129 4432 1360 4482 mecum,
1395 4418 1615 4489 spargit
1645 4416 1865 4487 (Matth.
1920 4434 2021 4486 x11,

378 4508 491 4580 30).
524 4508 594 4562 Et
622 4507 880 4563 Joannes
910 4505 1173 4577 Baptista
1206 4522 1219 4560 :
1251 4506 1420 4560 Nemo
1451 4509 1624 4575 potest
1652 4505 1881 4571 habere,
1911 4507 2026 4564 nisi

386 4596 533 4668 quod
560 4595 612 4650 ei
641 4594 816 4667 fuerit
872 4594 1060 4648 datum
1115 4592 1343 4663 desuper
1401 4594 1579 4663 (Joan.
1632 4611 1747 4661 χιιι,
1808 4584 1915 4666 11).
1963 4598 2029 4649 Et
2059 4606 2106 4670 D

379 4686 590 4741 beatus
625 4687 831 4737 Petrus
861 4681 1159 4752 apostolus
1187 4699 1199 4737 :
1233 4682 1625 4738 Humiliamini
1681 4683 1779 4737 sub
1818 4684 2028 4754 potenti

380 4787 554 4827 manu
586 4771 888 4825 Deiutvos
943 4771 1145 4826 exultet
1203 4772 1264 4826 in
1322 4775 1563 4843 tempore
1620 4770 2020 4828 tribulationis.

382 4861 611 4916 Omnem
643 4858 1078 4913 sollicitudinem
1106 4869 1345 4915 vestram
1372 4861 1722 4931 proﬁcientes
1778 4862 1839 4915 in
1877 4877 2023 4929 eum,

379 4947 641 5019 quoniam
670 4947 779 5018 ipsi
806 4963 939 5002 cura
967 4952 1045 5003 est
1076 4949 1141 5003 de
1174 4950 1316 5003 vobis
1349 4948 1395 5019 (I
1421 4950 1631 5019 Petr.v,
1663 4950 1740 5021 6).
1768 4949 2025 5006 Joannes

381 5052 615 5109 quoque
629 5035 985 5109 evangelista
999 5036 1275 5093 ait:0mne
1288 5038 1483 5093 datum.
1508 5039 1853 5109 oplimum,et
1868 5054 2025 5095 omne

379 5124 582 5181 donum
608 5129 903 5198 perfectum
936 5125 1220 5182 desursum
1249 5131 1351 5198 est,
1416 5125 1745 5182 descendens
1804 5146 1833 5181 (ι
1859 5131 2025 5199 patre

383 5215 662 5271 luminum
691 5216 826 5287 (Jac.
864 5233 905 5283 1,
937 5215 1044 5287 17).
1077 5216 1147 5270 Et
1203 5214 1460 5271 Jacobus
1509 5214 1812 5286 apostolus
1845 5232 1857 5270 :
1892 5217 2024 5271 Ecce

375 5320 525 5360 nunc
564 5306 659 5375 qui
686 5305 877 5361 dicitis
907 5321 926 5358 :
961 5305 1124 5359 hodie
1152 5312 1247 5360 aut
1276 5306 1519 5359 crastina
1548 5304 1752 5359 ibimus
1777 5306 1836 5359 in
1869 5305 2025 5360 illam

376 5395 649 5449 civitatem
689 5403 737 5449 et
783 5396 1054 5467 faciemus
1112 5394 1192 5449 ibi
1246 5410 1478 5463 annum,
1540 5399 1593 5449 et
1651 5394 2023 5449 mercabimur

375 5488 425 5539 et
456 5483 669 5538 lucrum
698 5486 981 5553 faciemus.
1016 5489 1161 5557 Quae
1185 5485 1343 5538 enim
1400 5485 1513 5538 vita
1568 5491 1748 5538 vestra
1776 5483 1804 5538 ?
1850 5485 2022 5555 Vapor

379 5578 454 5627 est
510 5573 581 5626 ad
650 5574 917 5627 modicum
971 5589 1259 5644 apparens,
1317 5572 1567 5642 deinceps
1625 5574 2017 5627 exterminabi-

374 5672 465 5718 tur
514 5664 645 5734 (Jac.
705 5680 779 5731 1v,
855 5661 961 5732 13).
1032 5662 1345 5719 Psalmista
1410 5680 1640 5735 quoque
1708 5662 2019 5719 ait:.lacta

2134 3350 2361 3422 phetas,
2393 3350 2822 3429 interrogemus
2868 3351 3185 3424 apostolos,
3223 3351 3654 3424 interrogemus
3687 3368 3780 3408 sa-

2133 3456 2367 3495 crorum
2398 3456 2689 3495 canonum
2720 3438 2930 3511 edicta,
2965 3444 3141 3511 atque
3171 3445 3514 3496 casterorum
3548 3445 3780 3497 sancto-

2132 3545 2265 3583 rum
2296 3532 2534 3583 Patrum
2566 3531 2807 3594 statuta,
2841 3532 2898 3583 et
2925 3529 3080 3599 quod
3131 3530 3203 3584 ab
3260 3530 3346 3587 eis
3398 3529 3777 3586 didicerimus

3081 3617 3409 3675 certissime
3446 3622 3775 3676 teneamus.

2133 3704 2322 3761 Nullis
2353 3704 2516 3760 novis
2547 3704 2807 3761 consiliis
2838 3705 3223 3778 decipiamur,
3257 3712 3323 3763 ut
3354 3724 3423 3764 ea
3479 3725 3607 3780 quae
3664 3709 3779 3782 ipsi

2134 3798 2471 3862 sanxerunt,
2500 3792 2702 3850 violari
2735 3794 2929 3866 aliquo
2953 3797 3124 3852 modo
3155 3813 3436 3853 conemur
3469 3797 3776 3870 :quoniam

2139 3883 2239 3955 qui
2268 3882 2503 3939 illorum
2540 3884 2838 3940 contendit
2866 3884 3085 3958 regulis
3107 3886 3475 3959 impugnare,
3504 3891 3687 3943 restat
3718 3892 3782 3944 ut

2135 3990 2338 4029 eorum
2371 3989 2487 4029 non
2509 3978 2801 4030 mereatur
2830 3974 3191 4032 consortium
3215 3975 3597 4032 obtinere.Ait
3620 3977 3775 4032 enim

2134 4062 2260 4135 ipse
2292 4063 2594 4128 Dominus,
2630 4068 2696 4117 ut
2726 4063 2953 4118 dictum
2985 4068 3074 4119 est
3107 4081 3119 4119 :
3155 4067 3271 4136 Qui
3296 4063 3648 4122 mecum‘non
3678 4074 3776 4137 est,

2133 4156 2322 4206 contra
2350 4168 2438 4206 me
2466 4155 2563 4218 est,
2595 4154 2646 4206 et
2674 4154 2772 4221 qui
2827 4169 2939 4207 non
2979 4151 3198 4223 colligit
3249 4157 3463 4224 spargit
3512 4156 3665 4224 (Luc.
3696 4172 3775 4225 x1,

2132 4240 2243 4310 23).
2278 4241 2345 4294 Et
2374 4239 2587 4295 iterum
2622 4256 2635 4294 :
2662 4242 2768 4308 Qui
2795 4256 2906 4295 non
2938 4242 3114 4296 intrat
3139 4257 3243 4312 per
3271 4246 3469 4297 ostium
3514 4245 3576 4299 in
3636 4245 3780 4300 ovile

2131 4328 2222 4383 sed
2253 4328 2478 4384 aliunde
2502 4328 2745 4384 ascendit
2775 4329 2872 4384 ille
2903 4331 3002 4401 fur
3030 4332 3107 4384 est
3136 4338 3186 4385 et
3216 4330 3354 4385 latro
3386 4333 3563 4399 (Joan.
3609 4349 3668 4402 x,
3703 4334 3778 4402 1).

2136 4418 2295 4473 Unde
2324 4422 2380 4473 et
2412 4434 2544 4473 mox
2573 4418 2841 4489 sequitur
2871 4434 2884 4474 :
2913 4420 3025 4486 Ego
3052 4433 3174 4473 sum
3204 4419 3423 4486 ostium,
3453 4434 3557 4489 per
3605 4435 3691 4473 me
3730 4423 3783 4475 si

2135 4508 2257 4578 quis
2288 4507 2583 4562 intraverit
2606 4508 2910 4562 salvabitur
2939 4505 3121 4579 (Ibid,
3152 4506 3228 4578 9).
3276 4509 3345 4560 Et
3400 4510 3601 4561 contra
3630 4505 3785 4562 indi-

2137 4611 2284 4667 gnos
2309 4599 2572 4665 pastores
2604 4595 2728 4666 ipse
2759 4610 2862 4666 per
2891 4594 3237 4666 prophetam
3260 4593 3775 4666 queritur,dicens:

2134 4686 2251 4755 Ipsi
2277 4688 2660 4753 regmaverunt
2681 4685 2730 4739 et
2762 4699 2873 4739 non
2900 4698 2970 4739 ea:
2996 4697 3114 4744 me;
3140 4684 3420 4755 principes
3440 4685 3772 4741 exstiterunt

2134 4775 2185 4827 et
2212 4786 2323 4826 non
2354 4773 2583 4839 cognovi
2610 4771 2760 4843 (Osee
2790 4788 2912 4842 v111,
2944 4773 3021 4843 4).
3077 4771 3238 4827 Unde
3269 4771 3349 4827 ait
3406 4771 3612 4829 beatus
3642 4774 3781 4830 Gre-

2134 4859 2331 4933 gorius
2362 4860 2547 4932 (parte
2578 4879 2595 4915 1
2629 4860 2791 4917 Curzc
2816 4866 2982 4932 past,
3018 4876 3067 4916 c.
3109 4861 3159 4931 1)
3189 4878 3209 4921 ;
3243 4884 3270 4912 α
3304 4861 3381 4916 Ex
3411 4877 3471 4917 se
3504 4879 3776 4934 namque,

2134 4954 2187 5004 et
2222 4968 2335 5004 non
2367 4966 2433 5004 ex
2467 4948 2706 5004 arbitrio
2738 4949 2957 5005 summi
2988 4950 3228 5005 rectoris
3260 4951 3634 5022 regnant,qui
3656 4951 3781 5006 nul-

2133 5037 2206 5095 lis
2237 5038 2367 5094 fulti
2400 5038 3123 5109 virtutibus,nequaquam
3154 5037 3434 5095 divinitus
3463 5040 3778 5109 vocati,sed

2132 5145 2241 5183 sua
2270 5128 2495 5184 accensi
2528 5127 3063 5199 cupidine,culmen
3087 5128 3390 5200 regiminis
3421 5129 3656 5197 rapiunt
3674 5146 3781 5202 po-

2132 5217 2271 5286 tius,
2306 5234 2483 5289 quam
2515 5221 2933 5288 assequuntur.
2970 5238 2999 5267 ››
3033 5216 3275 5272 Inutiles
3305 5232 3561 5288 namque
3586 5235 3776 5274 sacer-

2131 5307 2294 5362 dotes
2325 5307 2591 5362 internus
2620 5307 2802 5361 Judex
2833 5310 2890 5361 et
2918 5304 3280 5378 provehit,et
3310 5322 3424 5360 non
3456 5307 3775 5379 cognoscit,

2131 5395 2268 5469 quia
2295 5412 2442 5468 quos
2474 5394 2862 5467 permittendo
2891 5393 3385 5461 tolerat,profecto
3417 5394 3477 5449 in
3507 5394 3591 5450 eis
3613 5395 3776 5465 judi-

2129 5486 2284 5541 cium
2318 5484 2756 5557 approbationis
2786 5480 3209 5556 ignorat.Unde
3234 5483 3305 5537 ad
3334 5499 3395 5538 se
3417 5484 3773 5554 quibusdam

2130 5590 2231 5645 per
2262 5572 2541 5629 miracula
2569 5572 2933 5628 venientibus
2965 5568 3107 5625 dicit
3140 5586 3151 5624 :
3186 5571 3432 5627 Recedite
3453 5575 3509 5627 at
3540 5588 3775 5644 me,opc-

2128 5665 2268 5719 rarii
2298 5662 2630 5734 iniquitatis,
2664 5663 2840 5719 nescio
2901 5661 2996 5733 qui
3051 5662 3186 5716 estis
3242 5660 3468 5732 (Matth.
3527 5679 3624 5732 v11,
3655 5664 3767 5734 33).
