4114 6172
301 368 381 433 85
1128 372 1230 436 DE
1273 369 1710 435 PRESSURIS
1760 366 2405 433 ECCLESIASTICIS.
2439 399 2513 412 -
2545 365 2747 429 PARS
2790 361 2868 426 Ιῐ.
3631 356 3710 422 86

298 503 452 563 Sane
501 502 834 577 sciendum,
865 504 1001 581 quia
1032 510 1171 563 tunc
1223 502 1434 578 poterit
1481 502 1832 578 episcopalis
1860 520 1948 560 re-
1978 504 2035 571 Α
2064 504 2177 561 mei
2204 505 2265 560 in
2293 505 2500 562 cunctis
2528 504 2803 562 montibus
2829 507 2884 562 et
2912 502 2970 559 in
3002 501 3254 560 universo
3279 496 3425 559 colle
3449 499 3661 558 excelso
3686 517 3708 557 :

294 596 555 653 verentia
587 613 823 653 manere
852 598 1074 653 sincera
1119 599 1175 652 et
1204 594 1448 663 illibata,
1482 595 1530 651 si
1561 593 1949 650 ordinationis

296 686 518 742 fuerint
549 686 936 764 competentia
965 687 1020 741 in
1052 687 1327 742 omnibus
1351 686 1490 756 jura
1521 688 1765 741 servata.
1798 684 1946 740 Nam

295 775 395 848 qui
423 775 691 849 diligenti
713 776 1133 831 examinatione
1152 774 1497 847 regulariter
1513 775 1685 829 fuerit
1705 773 1945 841 electus,

292 880 400 937 pro
431 864 647 921 Christi
694 864 1090 919 misericordia
1138 865 1454 933 credimus,
1487 863 1627 935 quia
1676 862 1800 918 suis
1827 861 1946 916 exi-

289 954 589 1009 stentibus
618 952 802 1024 culpis
827 953 922 1007 vix
952 969 1215 1024 unquam
1242 952 1351 1007 erit
1372 952 1650 1023 dejeetus.
1675 951 1784 1006 Sed
1809 951 1947 1023 quia

288 1040 615 1113 irreligioso
668 1041 987 1114 eliguntur,
1018 1042 1274 1097 inaniter
1320 1041 1686 1106 ordinantur,
1716 1040 1944 1095 indiﬂ‘e-

288 1135 483 1186 renter
539 1136 912 1199 accusantur,
970 1132 1189 1203 injuste
1240 1130 1674 1202 opprimuntur,
1726 1129 1944 1201 perﬁde

287 1218 663 1289 dejieiuntur,
686 1219 999 1276 crudeliter
1015 1221 1188 1275 etiam
1210 1220 1523 1291 aliquando
1555 1223 1612 1273 et
1634 1224 1939 1274 necantur.

286 1308 498 1363 Omnia
522 1311 720 1363 tamen
753 1327 880 1380 qua:
904 1327 1005 1381 pro
1038 1308 1137 1364 tali
1170 1308 1371 1364 illicita
1401 1308 1766 1364 ordinatione
1790 1306 1942 1362 mala

285 1397 580 1464 eveniunt,
612 1397 683 1452 ad
716 1398 1041 1453 ordinantis
1072 1398 1363 1470 pertinere
1396 1398 1716 1470 periculum
1752 1396 1939 1451 mani-

283 1487 505 1541 testum
531 1491 638 1541 est.
667 1487 929 1559 Denique
954 1487 1155 1543 tandiu
1180 1488 1588 1559 inquirendus,
1612 1488 1697 1541 vel
1722 1486 1937 1541 exami-

285 1575 517 1630 nandus
548 1576 660 1648 (49)
676 1581 762 1632 est
794 1577 893 1647 qui
913 1578 982 1631 ad
1017 1577 1406 1649 pontiﬁcalem
1432 1577 1785 1648 provehatur
1806 1592 1938 1646 gra-

281 1664 451 1733 tiam,
486 1664 746 1736 quandiu
768 1666 902 1721 talis
936 1667 1265 1721 inveniatur
1292 1666 1392 1737 qui
1426 1684 1526 1738 pro
1557 1666 1681 1720 suis
1714 1664 1936 1719 meritis

284 1753 463 1824 digne
492 1754 562 1808 ab
594 1755 867 1810 omnibus
914 1761 1240 1825 veneretur,
1274 1761 1331 1810 et
1382 1772 1415 1809 a
1464 1755 1696 1811 nomine
1718 1754 1842 1824 jam
1878 1754 1935 1807 in

279 1847 585 1914 posterum
631 1848 941 1899 accusetur
967 1865 980 1913 ς
1010 1843 1352 1915 nullamque
1403 1845 1531 1915 ejus
1564 1847 1766 1899 sancta
1795 1860 1933 1898 con-

279 1931 535 2015 versatiq
565 1935 798 2004 turpem
831 1932 987 1988 ultra
1033 1932 1170 1988 oriri
1201 1933 1501 2005 permittat
1529 1932 1617 1989 vel
1650 1932 1936 2004 suspicio-

280 2035 437 2075 nem.
464 2021 552 2076 Ait
568 2021 724 2077 enim
742 2022 949 2078 beatus
973 2023 1337 2096 Augustinus
1363 2038 1375 2077 :
1402 2045 1427 2071 «
1450 2022 1557 2087 Qui
1579 2022 1886 2078 Pastorum
1910 2044 1930 2071 υ

280 2125 499 2165 nomen
551 2110 755 2165 audire
803 2111 1005 2167 volunt
1048 2155 1059 2166 .
1114 2155 1126 2167 .
1166 2154 1178 2165 .
1231 2153 1243 2164 .
1288 2152 1301 2163 .
1347 2151 1358 2163 .
1407 2153 1418 2164 .
1467 2154 1489 2172 .,
1524 2152 1537 2165 .
1581 2111 1729 2179 [Non
1769 2111 1939 2165 debet

282 2197 541 2253 ordinari
577 2199 677 2271 qui
706 2199 965 2272 legitime
996 2200 1182 2269 possit
1211 2199 1493 2255 accusari.
1518 2200 1578 2255 Si
1607 2216 1762 2271 vero,
1785 2204 1848 2254 ut
1876 2200 1936 2254 in

280 2286 501 2343 talibus
534 2289 687 2359 quod
721 2290 891 2360 pejus
913 2288 1141 2344 evenire
1171 2288 1341 2355 solet,
1363 2287 1508 2344 falsa
1538 2289 1609 2343 ab
1641 2287 1935 2359 aliquibus

279 2374 600 2448 vaniloquii
660 2379 1037 2449 postmodum
1089 2377 1360 2449 opinione
1408 2376 1740 2445 ventiletur,
1799 2377 1935 2450 ipsi]

283 2464 298 2519 ζ
347 2506 360 2519 .
406 2505 418 2519 .
466 2508 477 2520 .
524 2508 536 2520 .
584 2509 597 2521 .
642 2509 654 2519 .
702 2508 714 2520 .
762 2509 774 2521 .
822 2508 892 2521 ν.
939 2510 949 2518 .
995 2466 1233 2540 dignam
1286 2467 1617 2539 iniquitatis
1660 2484 1777 2522 suae
1809 2484 1933 2539 pc:-

279 2570 419 2609 nam
455 2554 766 2626 patiantur.
802 2556 881 2612 De
912 2555 1011 2611 illo
1043 2560 1239 2612 tamen
1272 2556 1353 2610 nil
1384 2555 1723 2612 indecorum
1758 2560 1933 2629 atque

242 2634 618 2715 °[sinistrum
668 2644 784 2700 ullo
830 2646 1003 2701 modo
1045 2647 1167 2716 jam
1214 2645 1370 2700 ultra
1418 2646 1734 2717 credatur.]
1782 2646 1931 2709 Quo-

278 2733 455 2787 modo
486 2733 640 2788 cnim
665 2732 845 2790 libere
875 2734 1085 2807 poterit
1104 2735 1415 2807 episcopus
1445 2735 1757 2791 stultorum
1780 2752 1932 2790 erro-

270 2838 368 2877 res
423 2823 792 2896 redarguere,
826 2825 873 2878 si
926 2841 988 2880 se
1017 2823 1223 2880 timeat
1266 2868 1276 2879 .
1324 2869 1335 2879 .
1384 2865 1397 2879 .
1445 2869 1456 2880 .
1501 2868 1513 2879 .
1562 2868 1574 2880 .
1622 2869 1633 2879 .
1681 2868 1692 2879 .
1739 2869 1750 2880 .
1796 2866 1809 2881 .
1855 2868 1866 2878 .
1914 2868 1925 2879 .

271 2951 287 2964 .
337 2952 349 2964 .
396 2953 409 2965 .
455 2952 469 2966 .
514 2953 525 2966 .
572 2953 585 2966 .
628 2912 923 2985 impediri.
956 2914 1182 2969 Saniori
1226 2917 1581 2986 quapropter
1609 2914 1690 2968 uti
1724 2930 1929 2968 conve-

268 3000 362 3055 nit
393 3000 661 3071 consilio,
693 3006 749 3057 et
779 3002 863 3058 sic
886 3002 1303 3074 omnipotentis
1326 3007 1524 3059 secuta
1560 3020 1673 3057 non
1706 3006 1793 3057 est
1815 3003 1927 3075 (50)

262 3089 564 3158 voluntas,
599 3095 660 3146 ut
701 3091 751 3147 ei
806 3093 896 3163 pia
927 3092 1203 3162 Majestas
1234 3092 1255 3114 ⁶
1287 3097 1415 3146 acta
1465 3097 1666 3147 nostra
1714 3092 1931 3163 dirigat

270 3177 570 3234 universa.
604 3180 747 3250 Ejus
779 3180 826 3235 si
860 3182 968 3235 rite
1001 3197 1389 3251 assequamur
1434 3180 1758 3245 servitium,
1792 3196 1928 3234 nos-

265 3270 373 3321 tre:
406 3284 640 3339 quoque
660 3268 871 3323 salutis
901 3268 1027 3339 ipse
1050 3267 1307 3338 perficiet
1335 3272 1577 3323 statum.
1606 3272 1771 3323 Decet
1793 3284 1927 3339 ergo
1959 3252 2000 3316 C

264 3360 336 3410 ut
366 3372 478 3410 nec
519 3356 742 3425 indigni
797 3356 1161 3425 ordinentur,
1196 3372 1300 3411 nec
1348 3356 1597 3412 ordinati
1629 3361 1926 3413 vexentur.

265 3443 553 3514 Talisque
572 3444 682 3515 (51)
700 3445 1081 3513 ordinandus,
1099 3444 1334 3517 quijam
1360 3445 1416 3499 in
1442 3449 1787 3516 perpetuum
1811 3462 1928 3499 non

266 3533 349 3588 sit
394 3533 718 3598 vexandus,
753 3533 852 3587 sed
896 3550 1028 3587 cum
1078 3534 1299 3606 ingenti
1332 3533 1548 3589 honore
1597 3533 1923 3604 habendus,

266 3626 329 3676 et
357 3637 594 3675 summa
616 3620 921 3693 diligentia
950 3621 1369 3677 observandus.
1395 3622 1594 3677 Gratia
1609 3622 1925 3690 absit,cau-

265 3725 395 3764 sam
424 3709 633 3766 merita
672 3710 1009 3765 decernant.
1044 3710 1149 3775 Qui
1200 3711 1353 3766 enim
1388 3727 1563 3784 quem
1615 3711 1807 3784 diligit
1832 3712 1922 3766 in-

255 3798 676 3869 justejviderit
724 3800 1058 3870 praelatum,
1090 3804 1230 3855 tunc
1266 3801 1392 3872 jam
1439 3800 1637 3872 lugeat
1686 3817 1925 3857 necesse

261 3891 356 3942 est
385 3891 449 3941 ut
476 3888 786 3959 dejectum.
820 3888 913 3943 Sic
944 3891 1033 3943 est
1076 3890 1232 3943 enim
1266 3888 1365 3961 qui
1397 3888 1636 3961 indigne
1668 3889 1921 3961 aliquem

264 3974 588 4032 sublimare
614 3976 1035 4049 laborat,quasi
1062 3977 1159 4048 qui
1183 3977 1253 4031 ad
1278 3976 1452 4031 altius
1467 3977 1755 4048 protrahit
1776 3995 1921 4049 prae-

261 4063 562 4135 cipitium,
614 4070 680 4121 ut
729 4065 866 4121 inde
920 4066 1177 4121 deterius
1226 4066 1619 4138 demergatur.
1655 4066 1820 4120 Unde
1867 4070 1923 4120 et

264 4153 551 4209 Dominus
599 4156 672 4209 ad
721 4155 1076 4211 Ezechielem
1130 4155 1407 4226 loquitur,
1456 4156 1655 4210 dicens
1708 4156 1918 4223 (Ezech.

262 4261 459 4311 xxxxv,
490 4245 544 4316 2)
574 4261 586 4298 :
622 4246 733 4299 Fili
761 4245 995 4299 hominis
1020 4245 1281 4317 propheta
1313 4246 1377 4299 de
1403 4245 1713 4316 pastoribus
1729 4245 1917 4312 Israel,

256 4332 528 4405 prapheta
578 4342 628 4389 et
672 4336 817 4391 dices
861 4337 1177 4405 pastoribus
1228 4355 1246 4388 :
1306 4337 1430 4389 Hzec
1474 4335 1609 4389 dicit
1658 4336 1921 4389 Dominus

266 4423 408 4477 Deus
439 4441 459 4478 :
498 4428 585 4479 Vae
614 4424 929 4496 pastoribus
958 4424 1128 4479 Israel
1148 4425 1245 4496 qui
1269 4424 1562 4495 pascebant
1586 4425 1917 4493 semetipsos.

261 4513 452 4569 Nonne
479 4529 665 4584 greges
706 4501 1007 4585 pascuntur
1051 4530 1084 4568 a
1108 4513 1419 4584 pastoribus
1438 4516 1463 4565 .7
1492 4513 1584 4567 lae
1611 4512 1919 4567 comedeba-

2060 600 2108 653 et
2134 611 2298 668 super
2348 611 2564 653 omnem
2606 598 2805 666 faciem
2861 603 3025 652 teme
3071 594 3304 666 dispersi
3345 600 3477 650 sunt
3520 607 3707 649 omnes

2055 703 2241 758 greges
2285 687 2414 756 mei,
2457 693 2508 742 et
2552 702 2663 741 non
2707 690 2827 741 erat
2874 688 2973 760 qui
3021 685 3344 758 requireret,
3400 698 3512 739 non
3561 687 3701 752 erat,

2057 779 2303 849 inquam,
2334 775 2430 848 qui
2476 777 2798 847 requireret.
2849 778 3161 847 Propterea,
3205 777 3470 845 pastores,
3518 772 3705 829 audite

2056 867 2280 921 verbum
2310 866 2548 921 Domini.
2584 867 2722 921 Vivo
2749 882 2862 937 ego,
2885 866 3019 920 dicit
3037 865 3321 930 Dominus,
3344 864 3483 935 quia
3511 878 3612 935 pro
3642 876 3704 919 eo

2055 955 2195 1027 quod
2224 957 2359 1026 facti
2385 961 2519 1011 sunt
2541 971 2732 1026 greges
2775 956 2886 1010 mei
2913 957 2973 1009 in
3000 955 3287 1026 rapinam,
3321 955 3373 1008 et
3414 968 3536 1009 oves
3563 967 3704 1010 mea

2056 1048 2116 1101 in
2145 1045 2551 1101 devorationem
2572 1046 2820 1101 omnium
2842 1044 3143 1100 bestiarum
3169 1044 3314 1113 agri,
3344 1058 3407 1098 eo
3433 1041 3577 1113 quod
3592 1057 3706 1098 non

2054 1137 2189 1189 esset
2216 1143 2403 1205 pastor
2430 1152 2449 1188 :
2478 1149 2651 1204 neque
2673 1134 2824 1188 enim
2850 1132 3186 1203 quaesierunt
3210 1133 3457 1201 pastores
3483 1144 3700 1201 gregem

2051 1239 2235 1279 meum
2252 1241 2274 1286 ;
2302 1223 2393 1278 sed
2433 1222 2725 1294 pascebant
2771 1229 3012 1293 pastores
3052 1220 3383 1289 semetipsos,
3414 1221 3465 1273 et
3514 1232 3702 1288 greges

2049 1328 2197 1368 meos
2228 1328 2336 1367 non
2361 1312 2677 1383 pascebant.
2710 1312 3028 1382 Propterea,
3064 1315 3325 1380 pastores,
3355 1307 3546 1362 audite
3570 1322 3698 1362 ver-

2052 1402 2179 1456 bum
2210 1403 2435 1457 Domini
2482 1419 2500 1456 :
2546 1403 2674 1457 Haec
2720 1400 2850 1455 dicit
2897 1400 3159 1454 Dominus
3209 1398 3393 1452 Deus:
3422 1398 3554 1451 Ecce
3603 1411 3699 1468 ego

2050 1492 2167 1563 ipse
2194 1508 2361 1562 super
2385 1497 2632 1563 pastores
2662 1491 2940 1560 requiram
2970 1502 3192 1561 gregem
3217 1502 3402 1542 meum
3429 1485 3494 1541 de
3524 1500 3697 1540 manu

2047 1595 2259 1649 eorum,
2292 1588 2343 1635 et
2377 1597 2587 1635 cessare
2636 1595 2724 1635 eos
2769 1580 2995 1650 faciam,
3023 1585 3087 1632 ut
3128 1577 3275 1631 ultra
3318 1591 3430 1631 non
3470 1582 3698 1646 pascant

2046 1686 2285 1739 gregem,
2317 1686 2415 1725 nec
2440 1680 2671 1740 pascant
2697 1668 2935 1739 amplius
2980 1674 3220 1739 pastores
3248 1666 3563 1737 semetipsos
3592 1681 3613 1718 :
3642 1667 3697 1719 et

2047 1759 2286 1813 liberabo
2316 1774 2533 1829 gregem
2560 1774 2746 1812 meum
2783 1756 2851 1812 de
2877 1773 2973 1812 ore
2999 1772 3209 1820 eorum,
3240 1759 3293 1810 et
3336 1770 3449 1809 non
3475 1755 3589 1810 erit
3617 1753 3698 1808 eis

2044 1849 2195 1903 ultra
2225 1849 2281 1902 in
2313 1864 2507 1904 escam.
2541 1849 2688 1917 Quia
2726 1847 2843 1903 haec
2869 1845 3007 1901 dicit
3054 1845 3313 1901 Dominus
3340 1845 3482 1900 Deus
3509 1861 3532 1897 .·
3562 1844 3696 1898 Ecce

2046 1953 2140 2008 ego
2169 1940 2286 2009 ipse
2330 1939 2610 2008 requiram
2656 1951 2776 1991 oves
2821 1951 2991 2003 meas,
3022 1937 3075 1989 et
3114 1934 3348 1989 visitabo
3394 1948 3506 1989 eas.
3539 1930 3694 1988 Sicut

2046 2027 2232 2081 visitet
2256 2030 2442 2097 pastor
2486 2038 2703 2096 gregem
2729 2039 2890 2078 suum
2919 2022 2980 2077 in
3024 2021 3133 2088 die,
3165 2021 3382 2092 quando
3423 2022 3597 2091 fuerit
3636 2022 3699 2077 in

2045 2115 2228 2170 medio
2256 2115 2445 2170 ovium
2474 2129 2703 2169 suarum
2734 2112 3127 2183 dissipatamm
3155 2126 3173 2164 :
3203 2110 3284 2164 sic
3310 2109 3541 2166 visitabo
3574 2124 3698 2165 oves

2046 2220 2218 2271 meas,
2250 2207 2303 2258 et
2332 2202 2572 2258 liberabo
2603 2218 2693 2258 eas
2720 2201 2787 2256 de
2832 2199 3089 2255 omnibus
3137 2199 3268 2254 locis
3297 2200 3358 2253 in
3388 2198 3583 2268 quibus
3610 2197 3697 2253 di-

2044 2308 2249 2363 spersae
2274 2294 2502 2362 fuerant
2543 2294 2603 2346 in
2631 2290 2720 2346 die
2763 2291 2926 2345 nubis
2952 2296 3005 2344 et
3045 2288 3323 2359 caliginis.
3359 2288 3422 2341 Et
3469 2286 3697 2341 educam

2045 2397 2136 2437 eas
2165 2381 2230 2437 de
2254 2383 2496 2453 populis,
2513 2385 2564 2436 et
2583 2379 2920 2450 congregabo
2940 2394 3031 2435 eas
3051 2377 3118 2433 de
3136 2378 3323 2443 terris,
3347 2385 3402 2432 et
3428 2376 3692 2431 inducam

2042 2486 2133 2527 eas
2164 2473 2224 2526 in
2276 2479 2481 2525 terram
2526 2486 2682 2525 suam
2728 2488 2746 2523 :
2796 2477 2846 2524 et
2890 2483 3115 2539 pascam
3159 2483 3258 2523 eas
3304 2467 3366 2521 in
3412 2465 3693 2521 montibus

2043 2561 2233 2626 Israel,
2268 2562 2328 2615 in
2356 2560 2510 2626 rivis,
2542 2566 2592 2615 et
2621 2560 2682 2613 in
2709 2559 2924 2615 cunctis
2951 2556 3165 2613 sedibus
3192 2557 3448 2611 terraeJn
3468 2555 3694 2627 pascuis

2042 2648 2335 2705 uberrimis
2360 2665 2587 2721 pascam
2614 2664 2724 2715 eas,
2756 2651 2806 2703 et
2855 2649 2916 2703 in
2944 2646 3224 2703 montibus
3265 2645 3494 2701 excelsis
3522 2644 3693 2700 Israel

2040 2742 2165 2793 sunt
2194 2755 2398 2811 pascua
2425 2755 2617 2795 earum
2647 2757 2666 2793 :
2696 2737 2775 2792 ibi
2802 2739 3145 2807 requiescent
3185 2736 3245 2790 in
3292 2734 3475 2790 herbis
3504 2735 3688 2789 viven-

2039 2828 2203 2898 tibus,
2235 2837 2285 2883 et
2316 2830 2371 2883 in
2400 2830 2619 2901 pascuis
2643 2826 2945 2899 pinguibus
2968 2833 3264 2898 pascentur
3290 2838 3456 2896 super
3482 2831 3693 2880 montes

2040 2918 2234 2972 Israel.
2267 2917 2378 2989 Ego
2420 2934 2642 2988 pascam
2688 2932 2812 2972 oves
2854 2929 3024 2982 meas,
3057 2923 3108 2970 et
3135 2929 3236 2983 ego
3284 2928 3374 2968 eas
3424 2911 3694 2968 accubare

2036 3007 2275 3077 faciam,
2305 3006 2441 3061 dicit
2470 3006 2733 3061 Dominus
2759 3009 2920 3061 Deus.
2937 3002 3092 3073 Quod
3105 3003 3369 3074 perierat,
3382 3002 3686 3072 requiram,

2040 3098 2089 3149 et
2120 3094 2263 3166 quod
2290 3096 2559 3166 abjectum
2590 3103 2731 3160 erat,
2754 3092 3011 3149 reducam
3040 3110 3058 3146 :
3089 3095 3143 3146 et
3171 3089 3317 3161 quod
3343 3093 3689 3161 confractum

2038 3185 2240 3253 fuerat,
2273 3184 2513 3250 alligabo
2534 3200 2552 3237 :
2583 3191 2634 3238 et
2659 3181 2798 3254 quod
2828 3182 3115 3250 inﬁrmum
3146 3177 3643 3247 erat,consolidabo
3668 3197 3689 3232 :

2041 3274 2092 3325 et
2150 3270 2288 3343 quod
2329 3274 2534 3341 pingue
2586 3279 2637 3326 et
2680 3270 2899 3341 fortius,
2947 3266 3245 3324 custodiam
3301 3285 3322 3322 :
3377 3274 3430 3323 et
3466 3281 3692 3338 pascam

2039 3360 2168 3414 illas
2200 3362 2259 3414 in
2280 3360 2512 3431 judicio.
2544 3359 2690 3422 Quid
2743 3374 2903 3430 rogo,
2935 3360 3025 3413 est
3053 3356 3227 3424 Deus,
3252 3360 3317 3412 ut
3362 3372 3430 3411 ea
3459 3372 3584 3428 qua
3614 3355 3687 3411 ad

2036 3448 2233 3520 ipsum
2253 3448 2579 3519 specialiter
2595 3447 2888 3519 pertinent
2905 3446 3122 3502 nostris
3138 3446 3463 3502 audeamus
3479 3445 3689 3502 usibus

2037 3542 2388 3608 retorquere,
2422 3542 2479 3592 et
2509 3553 2639 3608 qua:
2672 3535 2796 3592 suis
2819 3536 2990 3606 jubet
3036 3535 3402 3591 committere
3432 3533 3686 3607 dilectis,

2035 3626 2253 3681 nostris
2271 3642 2341 3681 ne
2362 3625 2677 3681 timeamus
2698 3624 2955 3680 tribuere
2969 3624 3210 3680 asseclis
3228 3623 3257 3678 ?
3277 3624 3553 3696 Nunquid
3579 3640 3687 3680 nos

2033 3716 2251 3788 pariter
2281 3717 2338 3770 et
2368 3714 2528 3786 ipsos
2559 3730 2693 3769 cum
2724 3711 2973 3768 voluerit
3010 3712 3305 3785 perpetuis
3336 3712 3550 3784 poterit
3577 3711 3686 3769 im-

2032 3804 2250 3875 plicare
2279 3803 2470 3859 ruinis
2489 3803 2519 3858 Ἰ
2547 3803 2671 3858 Non
2703 3802 2859 3858 enim
2882 3819 3008 3874 quas
3042 3801 3211 3858 nobis
3241 3800 3532 3858 delectant
3560 3801 3683 3858 hac

2032 3908 2223 3963 agere,
2258 3892 2359 3947 sed
2390 3908 2517 3963 qua:
2560 3909 2593 3947 a
2621 3892 2737 3947 Deo
2776 3891 3068 3962 jubentur
3112 3891 3405 3947 custodire
3434 3894 3681 3959 oportet.

2030 3980 2143 4034 Nec
2175 3981 2615 4035 consideremus
2647 3981 2801 4051 quod
2836 3979 2955 4034 sint
2974 3994 3201 4050 aspera,
3234 3979 3335 4033 sed
3368 3978 3562 4050 potius
3594 3979 3683 4036 in-

2030 4068 2343 4122 tendamus
2376 4068 2530 4138 quod
2552 4067 2789 4122 omnino
2819 4067 2942 4121 sint
2966 4065 3348 4121 observanda.
3376 4060 3522 4123 Nam
3546 4081 3683 4121 cum

2030 4156 2249 4210 diceret
2281 4156 2561 4211 Dominus
2599 4156 2669 4210 ad
2702 4153 2997 4209 Abraham
3034 4171 3047 4208 :
3083 4154 3191 4210 Exi
3215 4154 3287 4210 de
3317 4157 3468 4210 terra
3494 4158 3611 4227 tua,
3632 4162 3688 4212 et

2028 4244 2092 4299 de
2119 4246 2439 4314 cognatione
2469 4253 2562 4300 tua
2582 4260 2604 4306 ,·
2634 4247 2685 4300 et
2714 4243 2846 4299 vade
2893 4245 2953 4298 in
2980 4247 3188 4299 terram
3216 4232 3381 4317 quam
3411 4247 3683 4301 monstra-

2026 4350 2151 4388 rero
2181 4335 2287 4388 tibi
2316 4334 2526 4405 (Cenes.
2560 4350 2658 4405 x11,
2694 4334 2765 4391 il.
2796 4331 3086 4389 Mulcebat
3116 4333 3409 4389 Abraham
3436 4350 3679 4390 suorum

2028 4423 2309 4489 suavitas,
2344 4425 2441 4478 sed
2504 4422 2735 4495 imperii
2790 4421 3060 4487 caelestis,
3093 4426 3152 4478 et
3194 4423 3684 4479 remunerationis

2027 4516 2254 4567 aeterna;
2284 4512 2674 4568 consideratio
2691 4528 2826 4566 eum
2858 4509 3113 4583 amplius
3135 4511 3441 4567 movebat:
3464 4511 3681 4568 immu-

261 4603 353 4662 tis,
384 4611 436 4657 et
470 4604 620 4657 lanis
647 4602 1064 4673 operiebamini,
1098 4611 1151 4657 et
1180 4606 1321 4672 quod
1342 4617 1593 4656 crassum
1624 4605 1745 4655 erat
1775 4604 1918 4656 oeci-
1952 4622 1998 4685 Ι)
2029 4602 2140 4656 tari
2173 4605 2526 4674 quapropter
2545 4601 2603 4655 in
2638 4601 2849 4656 melius
2866 4599 3051 4655 malas
3084 4599 3353 4655 convenit
3372 4605 3682 4657 consuetu-

265 4690 482 4746 a’ebatis
499 4708 522 4753 ;
539 4708 754 4763 gregem
781 4700 962 4746 autem
982 4706 1093 4746 non
1110 4690 1435 4763 paseebatis.
1459 4690 1618 4760 Quod
1639 4690 1923 4760 inﬁrmum

264 4782 472 4851 fuerat,
503 4797 617 4836 non
659 4780 1055 4847 consolidastis,
1086 4784 1136 4835 et
1184 4779 1324 4852 quod
1373 4789 1659 4851 aegrotum,
1692 4796 1805 4834 non
1832 4797 1919 4835 sa-

269 4870 489 4931 nastis;
536 4869 675 4942 quod
723 4872 961 4940 fractum
1005 4874 1106 4937 est,
1155 4885 1263 4925 non
1313 4868 1624 4937 alligastis:
1676 4873 1727 4924 et
1783 4869 1921 4941 quod

271 4959 545 5029 abiectum
601 4968 699 5027 est,
749 4976 860 5015 non
925 4959 1222 5015 reduxistis
1268 4977 1286 5012 :
1336 4958 1473 5031 quod
1515 4960 1759 5030 perierat
1809 4975 1920 5014 non

266 5050 567 5122 quaesistis,
597 5050 689 5105 sed
719 5066 845 5104 cum
876 5051 1193 5104 austeritate
1223 5048 1577 5120 imperabatis
1600 5049 1697 5114 eis,
1718 5052 1768 5102 et
1794 5064 1919 5103 cum

258 5141 553 5211 potentia;
584 5144 636 5194 et
681 5138 947 5211 dispersae
991 5142 1118 5192 sunt
1167 5154 1285 5192 oves
1337 5152 1495 5203 mem,
1529 5152 1591 5193 eo
1622 5136 1761 5208 quod
1806 5154 1917 5194 non

262 5233 395 5285 esset
424 5232 638 5299 pastor,
671 5232 723 5283 et
760 5230 920 5299 factm
949 5232 1077 5280 sunt
1126 5227 1185 5278 in
1232 5225 1641 5283 devorationem
1671 5228 1917 5280 omnium

268 5321 570 5375 bestiarum
598 5317 752 5386 agri,
782 5322 835 5372 et
877 5316 1136 5388 dispersa?
1164 5324 1310 5370 sunt.
1340 5319 1685 5371 Erraverunt
1733 5331 1917 5386 greges

334 5460 452 5541 (49)
492 5458 927 5541 Epaminondas.
981 5457 1074 5541 Sic
1122 5457 1303 5541 codex
1351 5456 1523 5541 Resb.
1572 5459 1910 5513 emendate:

268 5530 431 5606 prior
444 5532 657 5606 editio,
689 5546 1006 5586 excommun
1016 5530 1258 5606 icandus,
1269 5544 1455 5606 _e_orru
1466 5534 1583 5599 pte.

343 5604 458 5675 (:30)
490 5602 857 5675 Secutapon
905 5606 999 5656 est.
1038 5602 1219 5656 Locus
1269 5599 1362 5653 hic
1415 5616 1555 5675 sane
1602 5606 1913 5675 corruptus

266 5670 360 5734 est
390 5693 404 5733 :
433 5670 682 5747 conjicio
720 5673 833 5747 legi
887 5676 1168 5745 oportere,
1203 5670 1477 5745 sequenda
1527 5672 1680 5727 nobis
1728 5670 1825 5744 est,
1858 5677 1914 5729 et

2034 4691 2223 4759 dines,
2251 4696 2308 4747 et
2337 4691 2749 4762 unusquisque
2780 4705 2955 4744 suum
2984 4687 3379 4744 ministerium
3431 4688 3680 4746 sollicite

2032 4781 2344 4848 custodiat,
2379 4797 2484 4835 nec
2532 4779 2789 4834 alienum
2836 4795 3121 4850 usurpare
3164 4777 3453 4837 intendat.
3473 4779 3679 4836 Clerici

2032 4870 2300 4925 militiam
2326 4886 2440 4924 non
2478 4871 2801 4937 exerceant,
2841 4883 2944 4923 nec
2973 4865 3209 4940 publica
3234 4867 3538 4942 vectigalia
3558 4869 3679 4925 exi-

2030 4963 2190 5031 gant,
2224 4963 2280 5014 et
2313 4959 2481 5013 fenus
2512 4956 2676 5012 nullo
2710 4956 2881 5012 modo
2904 4960 3313 5028 exsequantur.
3348 4957 3502 5013 Laici
3533 4974 3677 5028 quo-

2031 5064 2144 5119 que
2171 5047 2579 5118 cujuscunque
2610 5045 2729 5100 sint
2758 5045 2983 5100 ordinis
3023 5044 3111 5100 vel
3142 5044 3466 5118 dignitatis,
3497 5043 3679 5099 eccle-

2029 5136 2405 5192 siasticarum
2423 5134 3078 5191 rerumdominationem
3089 5131 3679 5206 veldispensationem

2028 5226 2283 5297 arripere
2306 5241 2419 5280 non
2442 5227 2828 5298 praesumant:
2846 5240 2949 5279 nec
2970 5222 3224 5295 aliquem
3250 5222 3308 5276 in
3330 5218 3671 5278 clericorum

2025 5314 2209 5387 gradu
2254 5313 2637 5369 constitutum
2680 5312 2946 5384 judicare
2994 5315 3095 5367 aut
3121 5324 3323 5366 vexare
3370 5312 3674 5381 conentur,

2024 5476 2126 5533 pro
2158 5455 2714 5533 piaﬂmajestastlego
2738 5459 2933 5533 pietas.
2998 5523 3012 5533 .
3292 5532 3299 5533 γ
3353 5524 3387 5533 Η

2096 5522 2210 5598 (δί)
2244 5522 2511 5600 Talisque.
2540 5522 2842 5583 Sicvcodex
2883 5523 3055 5578 Resb.
3089 5522 3250 5594 editi,
3281 5524 3415 5580 talis
3445 5540 3670 5595 quaera-

2020 5609 2131 5657 tur.
