4114 6172
397 319 476 382 87
1412 319 1751 382 ATTONIS
1797 317 2386 382 VERCELLENSIS
2434 317 2784 380 EPISCOP]
3726 313 3804 376 88

399 451 514 512 nisi
545 451 940 526 abepiscopis,
965 453 1035 509 ad
1058 469 1226 526 quos,
1254 455 1456 524 utjam
1480 470 1659 525 supra
1681 453 1903 509 dictum
1925 457 2035 524 est,
2067 452 2121 520 Α
2149 451 2446 523 glutientes
2489 449 2675 524 (lbid.,
2720 450 2834 522 24).
2885 449 3148 522 Denique
3204 448 3256 506 si
3312 462 3549 506 necesse
3603 445 3800 517 fuerit,

399 543 710 616 pertinent,
745 559 848 614 pro
889 542 1086 614 aliqua
1134 541 1383 597 utilitate
1414 542 1753 597 invitentur.
1787 542 1880 596 Ait
1907 558 2040 597 vero

399 633 604 688 beatus
636 648 788 703 papa
815 631 1116 688 Cornelius
1149 649 1160 685 :
1196 654 1223 680 ‹‹
1263 630 1444 686 Laicis
1487 631 1756 702 quamvis
1788 630 2041 702 religiosi

399 720 536 787 sint,
571 720 733 776 nulla
763 725 958 776 tamen
989 721 1060 774 de
1088 718 1500 774 ecclesiasticis
1533 718 1905 774 facultatibus
1935 719 2041 774 ali-

401 809 540 881 quid
559 808 905 880 disponendi
925 808 1137 880 legitur
1158 825 1420 878 unquam
1433 808 1718 863 attributa
1741 807 2044 864 facultas.»

401 898 613 954 Beatus
644 914 876 968 quoque
901 898 1157 952 Joannes
1200 897 1460 968 Baptista
1491 896 1819 969 publicanis
1851 902 1906 952 et
1937 897 2046 952 mi-

402 986 604 1043 litibus
634 987 703 1042 ad
737 1003 910 1042 suum
943 985 1239 1058 baptisma
1271 986 1660 1054 venientibus,
1686 991 1742 1040 et
1773 988 1926 1058 quod
1962 987 2044 1042 fa-

403 1081 598 1132 cerent
643 1076 1138 1146 interrogantibus
1187 1075 1334 1129 dixit
1367 1092 1378 1128 :
1413 1075 1568 1130 Nihil
1598 1075 1836 1146 amplius
1883 1093 2048 1148 quam

400 1165 542 1238 quod
567 1168 922 1220 constitutum
947 1170 1027 1218 est
1057 1165 1230 1232 vobis,
1253 1166 1471 1222 faciatis
1496 1183 1512 1229 ;
1543 1169 1594 1219 et
1624 1167 1900 1220 neminem
1918 1180 2047 1219 con-

399 1255 645 1321 cutiatis,
674 1269 848 1324 neque
875 1252 1213 1307 calumniam
1239 1253 1481 1322 faciatis,
1520 1260 1571 1306 et
1615 1254 1855 1307 contenti
1884 1255 2050 1306 estote

401 1343 692 1412 stipendiis
740 1341 934 1396 vestris
982 1341 1132 1408 (Luc.
1168 1357 1250 1405 iii,
1288 1342 1394 1410 13).
1443 1340 1760 1412 Stipendiis
1811 1342 2049 1412 quidem

404 1431 528 1487 suis
559 1429 816 1486 contenti
867 1433 1029 1493 sunt,
1057 1429 1157 1499 qui
1193 1428 1394 1483 illicita
1442 1446 1556 1484 non
1592 1434 1911 1500 apponunt,
1946 1445 2052 1483 nec

405 1519 596 1574 aliena
623 1518 1066 1588 concupiscunt.
1102 1519 1163 1571 In
1214 1516 1493 1572 electione
1541 1534 1673 1572 vero
1705 1518 2050 1589 pontificum

405 1608 766 1678 [sanctorum
817 1606 876 1660 in
925 1607 1197 1661 omnibus
1238 1622 1528 1660 canonum
1577 1607 1716 1661 ordo
1769 1611 2050 1677 servetur,

407 1695 606 1752 nullus
624 1695 813 1752 clerus
831 1695 914 1750 vel
931 1695 1182 1767 populus
1206 1695 1609 1766 prznjudicium
1634 1695 1924 1766 patiatur;
1950 1696 2050 1750 sed

2153 542 2344 598 omnis
2377 541 2640 597 Ecclesiae
2673 541 2984 597 thesaurus
3015 538 3389 596 laudabiliter
3419 537 3479 592 in
3511 537 3803 610 praedictis

2151 631 2572 702 expenderetur
2595 648 2608 698 ;
2629 629 2982 685 nihiltamen
3001 629 3210 684 horum
3236 623 3626 700 prclthesauro
3651 643 3806 682 com-

2155 719 2500 774 mutandum
2532 722 2865 774 est:verum
2889 718 3086 772 omnia
3109 733 3233 788 quae
3265 718 3338 772 ad
3372 732 3516 771 usus
3537 713 3804 770 Ecclesiae

2156 807 2466 880 pertinent,
2502 811 2847 862 ornamenta
2885 806 3150 862 Ecclesiae
3202 809 3360 874 sunt,
3395 805 3680 883 praecipue
3710 821 3804 860 sa-

2155 897 2440 966 cerdotes,
2471 896 2662 952 clerus
2691 900 2747 951 et
2781 896 3020 962 familia,
3046 911 3148 950 nec
3182 897 3428 966 possunt
3455 893 3678 964 absque
3708 910 3806 965 pe-

2156 983 2340 1040 riculo
2362 983 2544 1039 abuti.
2565 984 2978 1054 Hujuscemodi
3007 999 3143 1055 ergo
3168 986 3506 1038 sanctarum
3533 981 3806 1038 ecclesia-

2157 1090 2289 1128 rum
2321 1077 2720 1145 persecutores
2764 1074 2970 1128 beatus
3007 1072 3144 1126 Pius
3196 1073 3496 1127 Romanus
3551 1071 3811 1142 pontifex

2159 1161 2316 1233 (Pius
2349 1179 2497 1234 papa
2532 1163 2576 1228 Ι)
2610 1162 2936 1233 increpans,
2969 1161 3049 1216 ait
3080 1161 3258 1232 (epist.
3291 1162 3346 1228 2)
3382 1178 3394 1215 :
3428 1182 3456 1209 ‹‹
3491 1160 3575 1215 Ad
3609 1160 3808 1214 sedem

2159 1250 2543 1322 apostolicam
2577 1249 2867 1322 perlatum
2899 1255 2988 1306 est
3015 1251 3168 1322 quod
3201 1249 3320 1305 sint
3366 1247 3521 1304 inter
3548 1265 3648 1304 vos
3680 1265 3812 1304 con-

2160 1339 2452 1396 tentiones
2482 1344 2538 1394 et
2569 1338 2990 1410 simulationes,
3023 1344 3079 1395 et
3108 1337 3326 1410 praedia
3357 1337 3572 1393 divinis
3602 1337 3811 1393 usibus

2159 1429 2376 1483 tradita
2404 1428 2639 1498 quidam
2689 1427 2968 1484 humanis
3011 1427 3304 1499 applicant
3351 1425 3578 1494 usibus,
3610 1430 3667 1482 et
3709 1426 3811 1481 Do-

2163 1517 2321 1573 mino
2352 1518 2490 1584 Deo,
2518 1518 2609 1573 cui
2643 1517 2858 1572 tradita
2887 1521 3046 1582 sunt,
3079 1533 3147 1572 ea
3183 1516 3559 1584 subtrahunt,
3594 1520 3659 1570 ut
3687 1515 3812 1570 suis

2164 1606 2372 1662 usibus
2421 1606 2760 1664 inserviant.
2795 1607 3156 1678 Quapropter
3203 1606 3276 1661 ab
3329 1605 3605 1661 omnibus
3651 1602 3815 1659 illius

2165 1695 2565 1765 usurpationis
2599 1695 2956 1751 contumelia
2984 1694 3329 1767 depellenda
3356 1698 3464 1760 est,
3498 1710 3569 1749 ne
3599 1692 3819 1764 praedia

407 1785 593 1841 libera
623 1784 700 1841 sit
728 1784 811 1840 eis
842 1785 1063 1855 absque
1094 1784 1344 1854 alicujus
1368 1785 1761 1840 controversia
1807 1784 2054 1840 facultas
2089 1819 2136 1884 B
2168 1784 2378 1840 usibus
2409 1787 2766 1839 secretorum
2795 1783 3116 1840 caelestium
3151 1784 3361 1850 dicata,
3394 1800 3428 1838 a
3457 1781 3814 1854 quibusdam

409 1872 726 1945 tranquille
759 1890 934 1945 quem
956 1872 1169 1928 melius
1192 1873 1577 1944 prteviderint,
1599 1872 1871 1946 eligendi.
1895 1873 2055 1929 Elec-

406 1965 503 2016 tus
534 1976 767 2031 quoque
808 1964 928 2014 tam
964 1977 998 2014 a
1042 1959 1513 2030 metropolitano,
1546 1977 1722 2030 quam
1771 1977 1805 2015 a
1835 1962 2057 2016 caeteris

406 2047 990 2120 comprovincialibus
1019 2047 1307 2120 episcOpis
1362 2047 1812 2120 diligentissime
1845 2049 2058 2104 exami-

407 2137 640 2194 nandus
669 2136 797 2192 erit.
823 2137 986 2202 Quod
1019 2136 1066 2192 si
1101 2136 1232 2207 quis
1255 2141 1459 2191 contra
1483 2140 1640 2208 eum]
1667 2138 1827 2207 juste
1857 2137 2055 2212 aliqua

411 2226 625 2298 poterit
639 2225 911 2295 objicere,
943 2224 1236 2280 licentiam
1263 2225 1516 2280 habeant
1536 2225 1594 2280 in
1623 2227 1900 2284 omnibus
1919 2233 2059 2284 tunc

415 2313 738 2389 [ventilare,
771 2329 944 2384 quem
977 2313 1024 2367 si
1059 2311 1396 2368 convincere
1428 2314 1641 2383 poterit
1682 2315 1751 2369 de
1782 2315 1995 2386 culpa,]
2027 2335 2063 2372 a

411 2401 834 2460 benedictionis
882 2406 1287 2456 removeantur
1326 2402 1531 2473 gratia.
1563 2402 1619 2456 Si
1664 2420 1796 2458 vero
1845 2404 2060 2476 dignus

409 2491 682 2549 inventus
709 2490 904 2560 fuerit,
923 2496 1064 2545 tunc
1095 2493 1559 2562 cumlconsensu
1592 2495 1649 2546 et
1678 2491 1885 2547 notitia
1900 2493 2060 2565 prin-

410 2581 579 2653 cipis]
611 2580 682 2636 ad
713 2580 883 2650 cujus
915 2579 1196 2634 ditionem
1231 2579 1433 2633 eadem
1466 2579 1743 2650 parochia
1773 2582 2062 2652 pertinere

408 2669 655 2735 videtur,
715 2666 1051 2723 solemniter
1107 2671 1164 2721 et
1213 2666 1585 2723 devotissime
1642 2670 2058 2740 [consecretur.

409 2759 548 2815 Post
576 2757 744 2827 cujus
777 2756 1222 2822 ordinationem]
1275 2756 1542 2811 omnium
1589 2758 2058 2815 adversariorum

410 2845 622 2918 linguas
651 2845 1034 2914 refrenentur,
1061 2861 1166 2900 nec
1195 2845 1447 2915 sibijam
1483 2845 1655 2902 licere
1685 2852 1892 2918 putent
1923 2866 2059 2905 con-

407 2939 499 2990 tra
527 2934 834 3007 praelatum
865 2934 1020 3005 quod
1055 2934 1279 2989 dudum
1312 2933 1475 2988 licuit
1497 2935 1578 3006 [in
1601 2935 1848 3008 collega]
1882 2954 1895 2992 :
1931 2939 2059 2993 nul-

407 3022 620 3094 lusque
649 3040 782 3080 eum
814 3036 1089 3079 accusare
1130 3021 1219 3078 vel
1260 3023 1530 3094 judicare
1562 3023 1806 3079 ulterius
1841 3043 2059 3098 praesu-

409 3117 550 3180 mat,
585 3111 700 3167 nisi
732 3111 1230 3184 quemadmodum
1279 3128 1574 3167 cauonum
1606 3113 1814 3169 decent
1843 3116 2056 3170 edicta.

408 3199 490 3256 De
520 3200 756 3272 quibus,
789 3216 861 3255 ne
906 3216 940 3255 a
969 3199 1136 3255 nobis
1169 3200 1406 3257 omnino
1454 3200 1793 3256 viderentur
1817 3203 2056 3275 omissa,
2090 3185 2132 3250 (οἶ

410 3289 677 3362 quaedam
709 3287 975 3359 quamvis
1007 3304 1194 3359 pauca
1226 3288 1284 3342 in
1317 3289 1606 3360 principio
1638 3289 1885 3361 hujusce
1925 3309 2060 3349 nos-

409 3387 512 3432 trai
544 3376 938 3430 adnotationis
986 3391 1445 3432 commemorare
1475 3379 1831 3434 curavimus.
1864 3381 1971 3434 Sed
2006 3386 2062 3436 et

411 3463 590 3520 sicui
641 3464 887 3518 fortasse
918 3468 974 3517 et
1024 3462 1123 3518 illa
1175 3480 1289 3518 non
1340 3463 1664 3534 sufficiunt,
1721 3472 2059 3524 sanctorum

413 3551 659 3608 Patrum
694 3556 915 3606 statuta
933 3550 1384 3622 diligentissime
1412 3553 1804 3624 perquirat,ut
1833 3556 2064 3626 plenius

410 3641 546 3697 inde
575 3639 788 3696 instrui
819 3638 1028 3695 valeat.

618 3747 864 3818 Explicit
889 3761 1029 3817 pars
1057 3745 1294 3830 secunda
1323 3745 1388 3800 de
1415 3746 1858 3804 ordinationibus

1032 3832 1422 3887 episcoporum.

979 3959 1164 4014 PARS
1202 3958 1492 4014 TERTIA.

803 4048 878 4102 De
905 4048 1260 4119 facultatibus
1291 4050 1676 4104 Ecclesiarum.

484 4171 780 4227 Praeterire
811 4188 925 4227 non
956 4187 1296 4243 possumus,
1331 4175 1485 4243 quod
1534 4190 1626 4228 res
1657 4174 2061 4233 ecclesiasticae

413 4265 545 4332 post
573 4264 819 4316 mortem
847 4259 932 4314 vel
966 4259 1371 4332 expulsionem
1405 4261 1661 4334 episcopi
1696 4264 1753 4318 in
1786 4265 2060 4337 direptio-

414 4365 547 4405 nem
561 4354 618 4404 et
641 4348 902 4420 rapinam
925 4347 1302 4405 saecularibus
1318 4350 1625 4406 tradantur
1641 4368 1652 4406 :
1669 4369 1801 4407 cum
1816 4354 2060 4428 dignum

415 4437 493 4493 sit
510 4438 663 4510 quod
688 4455 754 4493 ea
774 4437 832 4492 in
857 4437 1149 4508 episcopio
1181 4445 1540 4510 remapeant,
1558 4456 1661 4511 per
1691 4459 2060 4501 (nconomum

413 4529 470 4582 et
499 4530 736 4582 caeteros
767 4525 1198 4597 dispensatores
1225 4525 1478 4582 ecclesiae
1512 4545 1696 4600 usque
1724 4531 1795 4586 ad
1826 4534 2059 4588 ordina-
2095 4555 2140 4616 D

412 4614 630 4670 tionem
664 4615 842 4669 futuri
867 4613 1122 4686 episcopi
1157 4614 1500 4672 intemerato
1530 4625 1854 4687 serventur,
1881 4638 1953 4676 ne
1985 4623 2058 4677 ab

416 4702 546 4759 aliis
579 4719 679 4775 per
699 4704 944 4775 quodvis
975 4703 1274 4776 ingenium
1300 4704 1417 4760 ullo
1445 4706 1616 4761 modo
1640 4708 2062 4779 subripiantur.

415 4790 562 4854 Quid
597 4791 752 4846 enim
805 4792 1047 4847 interest
1093 4793 1140 4846 si
1189 4793 1414 4849 vivente
1462 4795 1755 4868 episcopo,
1789 4801 1890 4850 aut
1935 4804 2067 4868 post

417 4884 664 4935 mortem
698 4881 846 4951 ejus,
879 4897 970 4936 res
991 4879 1394 4937 ecclesiasticae
1427 4882 1498 4936 ab
1532 4884 1741 4938 exteris
1783 4885 2064 4955 diripian-

413 4968 666 5024 tur?aut
689 4969 826 5040 quid
852 4971 1090 5042 prodest
1111 4970 1158 5025 si
1181 4969 1397 5026 similia
1419 4972 2067 5040 conserventur,horrea

415 5063 608 5113 autem
637 5061 694 5114 et
721 5059 974 5125 cellaria,
1007 5058 1197 5113 clerus
1231 5062 1288 5112 et
1341 5057 1583 5126 familia,
1617 5064 1673 5113 et
1704 5064 1908 5116 caetera
1938 5079 2065 5134 quae

416 5147 489 5202 ad
509 5146 823 5205 Ecclesiam
851 5147 1142 5220 pertinent
1166 5145 1572 5215 depraadentur
1593 5146 1619 5200 ‘l
1649 5147 1888 5204 Talibus
1909 5149 2061 5206 enim

417 5235 498 5291 ait
526 5238 806 5293 Dominus
837 5236 894 5290 in
926 5231 1270 5300 Evangelio:
1313 5234 1404 5288 Vos
1435 5233 1621 5291 dicitis
1649 5255 1668 5291 :
1701 5241 1800 5308 qui
1817 5240 1977 5310 jurat
2008 5243 2067 5296 in

416 5325 586 5378 altari
636 5343 744 5381 non
791 5321 1002 5381 debet;
1065 5322 1160 5390 qui
1214 5330 1395 5376 autem
1429 5323 1588 5393 jurat
1639 5327 1696 5380 in
1745 5344 1879 5382 auro
1929 5329 2068 5400 quod

415 5429 577 5484 super
607 5414 790 5468 altare
834 5413 932 5479 est,
979 5409 1150 5464 debet.
1185 5410 1356 5465 Stulti
1401 5419 1452 5466 et
1499 5415 1646 5481 eieci,
1679 5416 1810 5484 quid
1838 5427 1915 5472 est
1941 5419 2066 5489 plus

416 5517 636 5566 aurum,
683 5519 752 5553 an
802 5502 977 5555 altare
1023 5498 1161 5570 quod
1207 5500 1513 5569 sanctificat
1557 5519 1758 5558 aurum
1785 5511 1810 5558 Υ
1858 5507 2062 5576 (Matth.

416 5607 576 5660 χχιιι,
613 5589 720 5661 17.)
754 5589 818 5644 Et
839 5587 1049 5644 iterum
1078 5605 1090 5644 :
1122 5588 1361 5643 Culicem
1397 5588 1692 5664 liquentes,
1725 5603 1773 5649 et
1794 5597 2064 5652 cumelum

2170 1872 2530 1928 irruentibus
2559 1876 2855 1928 vexentur.
2889 1873 3052 1936 Quod
3082 1872 3133 1928 si
3183 1872 3498 1945 quisquam
3529 1887 3815 1943 praesum-

2169 1962 2371 2032 pserit,
2395 1959 2714 2033 sacrilegus
2735 1961 3039 2028 habeatur,
3064 1966 3122 2017 et
3141 1961 3294 2018 sicut
3322 1959 3643 2031 sacrilegus
3661 1958 3819 2030 judi-

2169 2054 2352 2105 celur.
2389 2051 2550 2120 Ipsos
2581 2055 2775 2104 autem
2809 2050 2908 2120 qui
2933 2049 3040 2105 hoc
3071 2048 3520 2122 agunt,clericos
3546 2052 3602 2103 et
3623 2047 3818 2102 Domi-

2169 2138 2228 2193 ni
2279 2139 2608 2194 sacerdotes
2657 2138 2950 2211 persequi,
2997 2155 3214 2210 eosque
3258 2138 3544 2193 infamare
3595 2135 3818 2192 audivi-

2171 2243 2324 2293 mus,
2360 2232 2424 2282 ut
2449 2227 2669 2282 malum
2700 2245 2879 2300 supra
2901 2227 3123 2284 malum
3151 2227 3390 2293 addant,
3416 2229 3474 2281 et
3503 2225 3819 2281 deteriores

2171 2315 2356 2381 ﬁant;
2390 2332 2504 2370 non
2555 2315 2946 2387 intelligentes
2991 2317 3143 2387 quod
3193 2314 3450 2371 Ecclesia
3500 2314 3728 2370 Domini
3759 2314 3818 2369 in

2171 2403 2575 2459 sacerdotibus
2606 2405 2892 2470 consistit,
2926 2409 2982 2460 et
3036 2405 3246 2460 crescit
3277 2404 3334 2458 in
3378 2402 3664 2475 templum
3701 2401 3816 2458 Dei.

2171 2496 2238 2548 Et
2272 2492 2426 2547 sicut
2455 2493 2555 2564 qui
2602 2492 2920 2548 Ecclesiam
2969 2493 3069 2548 Dei
3103 2496 3308 2560 vastat,
3343 2497 3398 2547 et
3444 2493 3574 2561 ejus
3605 2491 3824 2564 praedia

2171 2585 2230 2636 et
2257 2580 2499 2636 donaria
2528 2581 2830 2654 exspoliat,
2863 2587 2919 2637 et
2958 2581 3198 2648 invadit,
3233 2580 3298 2636 fit
3341 2579 3660 2653 sacrilegus
3689 2597 3701 2635 :
3735 2579 3821 2635 sic

2172 2669 2267 2726 ille
2299 2669 2398 2741 qui
2429 2671 2558 2740 ejus
2595 2672 2926 2727 sacerdotes
2976 2671 3324 2741 insequitur,
3360 2668 3649 2742 sacrilegii
3682 2685 3818 2724 reus

2171 2758 2389 2828 existit,
2423 2762 2480 2812 et
2509 2759 2828 2831 sacrilegus
2850 2758 3171 2830 judicatur.
3205 2759 3482 2829 Nunquid
3526 2758 3574 2813 si
3608 2757 3820 2826 aliquis

2173 2845 2414 2902 monilia
2443 2864 2796 2917 sponsarum
2821 2852 3146 2904 vestrarum
3168 2847 3818 2916 detraxisset,injuriam

2172 2936 2278 3006 eis,
2311 2941 2369 2991 et
2417 2937 2612 3007 potius
2659 2937 2824 2991 vobis
2875 2937 3085 2992 tactam
3134 2933 3685 3007 conquereremini?
3729 2934 3824 2989 Ait

2171 3024 2327 3080 enim
2368 3025 2575 3081 beatus
2607 3025 2957 3097 Gregorius:
2985 3025 3240 3081 «Omnis
3287 3024 3386 3096 qui
3438 3028 3640 3080 nostra
3672 3022 3824 3078 tollit

2171 3113 2449 3168 inimicus
2481 3117 2586 3168 est.
2612 3118 2756 3168 Cum
2787 3113 2941 3168 enim
2971 3113 3168 3169 omnia
3198 3129 3328 3184 quas
3361 3129 3578 3184 sponsa
3606 3111 3823 3166 habere

2171 3201 2506 3267 videtur,ad
2539 3201 2665 3271 ejus
2683 3202 2884 3273 sponsi
2903 3206 3130 3259 constet
3150 3202 3437 3274 respicere
3466 3200 3820 3267 dominium,

2170 3293 2228 3346 et
2257 3294 2522 3346 sanctam
2555 3288 2872 3346 Ecclesiam
2906 3290 3117 3346 Christi
3149 3306 3428 3362 sponsam
3459 3305 3586 3345 esse
3617 3287 3822 3343 nullus

2171 3379 2420 3449 abneget
2449 3376 2794 3447 catholicus,
2819 3378 3018 3434 omnia
3037 3395 3165 3450 quae
3198 3377 3461 3434 Ecclesiae
3493 3381 3633 3433 sunt
3660 3375 3823 3431 Chri-

2171 3465 2246 3521 sti
2277 3481 2405 3521 esse
2444 3467 2805 3536 probantur;
2839 3472 2897 3521 et
2926 3483 3053 3538 quae
3086 3468 3157 3522 ab
3210 3483 3279 3523 ea
3307 3467 3672 3534 auferuntur,
3705 3463 3821 3536 ipsi

2172 3553 2371 3626 procul
2403 3554 2580 3610 dubio
2611 3554 2916 3610 tolluntur.
2954 3577 2982 3604 ››

2243 3642 2461 3697 Revera
2489 3658 2624 3714 ergo
2657 3642 2933 3698 inimicus
2983 3641 3195 3698 Christi
3225 3642 3476 3699 efficitur
3505 3643 3608 3714 qui
3637 3639 3816 3698 eccle-

2171 3731 2440 3786 siasticas
2468 3747 2559 3786 res
2582 3748 2865 3804 usurpare
2883 3736 3146 3803 conatur,
3171 3747 3276 3787 nec
3303 3730 3594 3787 immerito
3615 3729 3819 3786 eadem

2170 3817 2398 3874 decidet
2429 3821 2735 3884 sententia,
2771 3837 2948 3890 quam
3006 3819 3208 3876 beatus
3237 3819 3420 3876 David
3452 3817 3820 3891 proclamans

2171 3909 2298 3962 ait:
2333 3910 2558 3965 Inimici
2607 3925 2729 3966 vero
2777 3911 2996 3965 Domini
3042 3926 3176 3964 mox
3227 3913 3286 3964 ut
3331 3908 3678 3978 honoriﬁcati
3705 3907 3823 3977 fue-

2169 3999 2290 4053 rint
2333 4003 2388 4052 et
2443 3999 2704 4068 exaltati,
2753 3999 3065 4067 deﬁcientes
3113 3997 3577 4070 quemadmodum
3633 3998 3821 4067 fumus

2170 4087 2423 4157 deﬁcient
2470 4087 2641 4157 (Psal.
2692 4103 2884 4155 xxxvr,
2919 4089 3032 4157 20).
3066 4087 3172 4150 Qui
3224 4086 3382 4141 enim
3430 4090 3544 4141 Deo
3575 4081 3821 4139 creatori

2173 4191 2300 4246 suo,
2362 4180 2419 4230 et
2474 4175 2738 4230 omnium
2801 4175 3222 4231 beneficiorum
3299 4175 3488 4230 datori
3547 4171 3822 4228 inimicus

2171 4280 2299 4320 esse
2347 4264 2661 4336 probatur;
2711 4263 2958 4332 homini,
3013 4280 3116 4336 per
3159 4280 3333 4335 quem
3385 4262 3507 4318 haec
3558 4265 3823 4316 tantum-

2173 4353 2345 4409 modo
2378 4352 2703 4409 ministrari
2736 4353 2936 4424 aliquo
2970 4352 3143 4408 modo
3193 4355 3465 4423 possunt,
3497 4348 3730 4404 ﬁdelem
3764 4363 3824 4404 se

2172 4459 2300 4497 esse
2351 4459 2547 4497 revera
2605 4441 2910 4496 mentitur.
2946 4439 3092 4503 Quid
3145 4455 3282 4510 ergo
3331 4438 3500 4506 juvat
3547 4451 3646 4489 eos
3696 4452 3827 4492 esse

2170 4530 2552 4598 Christianos,
2577 4533 2633 4583 et
2664 4527 2878 4583 Christi
2903 4526 3222 4598 deprmdari
3262 4523 3572 4578 Ecclesiam
3599 4522 3627 4576 ‘t
3659 4523 3822 4588 Quod

2170 4619 2374 4674 beatus
2408 4616 2621 4672 Paulus
2641 4615 2945 4685 apostolus
2979 4615 3288 4684 increpans
3311 4611 3392 4667 ait
3425 4628 3436 4666 :
3477 4611 3582 4678 Qui
3612 4613 3821 4669 abomi-

2172 4707 2332 4761 naris
2364 4704 2530 4772 idola,
2571 4703 2929 4771 sacrilegium
2974 4702 3118 4769 facis
3165 4702 3339 4772 (Rom.
3370 4718 3430 4768 ιι,
3463 4701 3573 4772 22).
3606 4700 3819 4755 Divina:

2175 4795 2331 4850 enim
2390 4809 2484 4848 res
2536 4809 2653 4848 non
2702 4791 3009 4846 hominum
3062 4789 3465 4862 possessiones
3511 4804 3637 4843 esse
3688 4804 3820 4844 nos-

2176 4889 2408 4946 cuntur,
2442 4899 2546 4936 nec
2575 4881 2710 4936 licet
2740 4879 3106 4936 saecularium
3145 4879 3501 4951 dignitatum
3533 4876 3666 4931 inde
3697 4875 3822 4932 fieri

2175 4971 2674 5026 additamentum:
2697 4968 2975 5041 quoniam
3011 4967 3538 5024 ecclesiasticorum
3571 4963 3658 5020 vel
3685 4982 3826 5037 pau-

2176 5077 2379 5132 perum
2422 5065 2563 5116 sunt
2592 5063 2913 5133 praeparata
2942 5059 3010 5112 ad
3049 5074 3242 5112 usum.
3277 5056 3450 5111 Decet
3478 5070 3732 5126 namque
3763 5060 3827 5110 ut

2175 5155 2378 5206 sancta
2409 5149 2670 5205 Ecclesia
2696 5148 3043 5202 inconcussa
3075 5152 3248 5218 atque
3280 5145 3564 5199 inoffensa
3593 5145 3666 5198 ab
3699 5160 3820 5199 om-

2176 5239 2351 5295 nibus
2391 5240 2733 5296 observetur
2761 5235 3140 5300 Christicolis,
3169 5249 3273 5288 nec
3306 5232 3362 5286 in
3409 5231 3604 5304 aliquo
3645 5232 3824 5288 deho-

2176 5334 2440 5384 nestetur
2456 5328 2528 5383 ab
2543 5326 2941 5399 ipsis.Sponsa
2959 5323 3335 5392 enim,utjam
3351 5321 3826 5389 diximus,Chris-

2175 5417 2217 5470 ti
2240 5421 2346 5483 est,
2375 5415 2706 5472 etomnium
2727 5411 3092 5483 domina,qui
3112 5426 3174 5466 se
3192 5412 3262 5468 de
3290 5410 3520 5466 Domini
3541 5410 3824 5466 confiten-

2178 5512 2411 5561 turesse
2436 5505 2674 5560 familia.
2699 5503 2838 5568 Quis
2862 5518 2996 5575 ergo
3018 5505 3136 5555 tam
3159 5499 3442 5572 insipiens
3456 5499 3823 5556 Christianus

2175 5595 2304 5666 ejus
2336 5612 2399 5652 se
2441 5594 2744 5652 dominum
2778 5592 2988 5649 audeat
3020 5589 3331 5658 nominari,
3361 5587 3450 5646 vel
3485 5591 3613 5661 ejus
3645 5587 3821 5645 rebus
