4116 6184
349 291 431 356 89
1189 301 1290 360 DE
1333 299 1758 365 PRESSURIS
1807 299 2458 362 ECCLESIASTICIS.
2493 337 2570 348 —-
2599 304 2800 364 PARS
2846 301 2950 363 ΙΙΙ.
3692 294 3770 357 90

351 427 784 505 ριέεειιωριὶνθ
805 431 1029 504 perfrui
1043 431 1072 488 ‘t
1091 432 1386 507 Scriptum
1409 434 1624 508 quippe
1645 440 1734 492 est
1756 451 1767 492 :
1800 433 1919 493 Non
1938 437 2013 492 est

2133 434 2298 508 [Ρεαι.
2323 453 2528 506 Lxxxu,
2563 437 2670 506 15).
2707 438 2773 495 Et
2801 433 3125 495 Jeremias:
3157 434 3285 494 Hac
3312 432 3446 492 dicit
3475 433 3767 492 Dominus:

350 537 548 578 servus
576 537 744 591 super
771 521 1068 578 dominum
1096 540 1262 579 suum
1294 523 1477 597 (Math.
1510 543 1564 596 x,
1596 526 1709 593 24).
1768 525 2015 596 Dignum

351 610 518 666 enim
551 615 991 682 procuratorem
1024 613 1075 668 ei
1120 613 1274 670 inter
1321 613 1588 671 homines
1633 614 1890 670 invenire
1928 613 2022 669 vix

356 716 706 772 possumus,
729 700 1052 757 Dominum
1073 706 1269 758 autem
1288 705 1417 774 ejus
1435 703 2019 776 penitusignoramus

357 787 778 861 praeterillum,
804 789 878 845 de
901 807 1018 862 quo
1041 791 1298 847 Joannes
1322 793 1585 864 Baptista
1603 792 1712 848 ait:
1739 793 1845 862 Qui
1863 792 2018 848 habet

351 892 636 948 sponsam,
667 893 901 948 sponsus
954 888 1036 935 est
1079 881 1255 951 (Joan.
1287 897 1371 947 III,
1402 882 1515 952 29).
1554 883 1634 938 An
1685 886 1887 936 sancta
1912 881 2016 936 Ec-

359 964 784 1039 clesiasponsa
826 966 1190 1023 Christi...
1237 1011 1249 1024 .
1296 1012 1308 1026 .
1357 1011 1368 1024 .
1414 1011 1428 1024 .
1473 1012 1486 1025 .
1536 1011 1548 1024 .
1595 1011 1607 1023 .
1654 1011 1666 1024 .
1713 1011 1725 1023 .
1771 1011 1783 1024 .
1831 1011 1844 1024 .
1886 1011 1897 1023 .
1945 1011 1957 1025 .
2003 1012 2018 1026 .

361 1096 378 1111 .
427 1095 440 1108 .
490 1096 504 1110 .
549 1096 562 1110 .
608 1096 620 1110 .
659 1072 905 1111 summa
941 1057 1143 1128 itaque
1175 1056 1484 1115 Salomone
1514 1059 1722 1130 ipsam.
1769 1101 1781 1114 .
1827 1099 1839 1113 .
1886 1100 1899 1113 .
1945 1099 1959 1113 .
2004 1099 2016 1112 .

359 1161 568 1200 rursus
591 1144 978 1201 devotissime
998 1146 1404 1218 imploremus,
1428 1153 1491 1202 ut
1514 1147 1702 1220 ipsam
1725 1163 1828 1219 pro
1851 1146 2020 1203 nobis

361 1234 436 1289 ad
493 1249 620 1289 eum
665 1233 938 1289 interced
983 1277 997 1289 .
1044 1277 1056 1290 .
1105 1276 1117 1290 .
1166 1275 1178 1289 .
1225 1278 1236 1292 .
1284 1277 1296 1290 .
1345 1277 1356 1291 .
1399 1237 1645 1308 auferre,
1701 1237 1801 1292 sed
1859 1236 2022 1292 devo-

354 1321 607 1390 tissime,
638 1338 764 1394 quae
791 1323 1138 1380 necessaria
1165 1329 1303 1380 sunt
1325 1324 1465 1380 inibi
1490 1323 1788 1398 postulare
1830 1367 1841 1379 .
1888 1367 1900 1380 .
1947 1364 1960 1378 .
2006 1365 2018 1379 .

599 1453 611 1466 .
655 1452 666 1465 .
709 1427 798 1479 re,
838 1428 982 1467 nam
1015 1417 1073 1468 et
1091 1413 1270 1468 David
1302 1414 1568 1471 esuriens
1599 1412 2022 1487 propositionis

362 1517 546 1572 panes
574 1499 638 1556 de
667 1500 904 1572 templo
937 1501 1194 1573 arripere
1226 1501 1280 1556 vi
1312 1519 1425 1558 non
1449 1504 1842 1576 pressumpsit.
1889 1544 1902 1558 .
1947 1543 1960 1557 .
2006 1543 2018 1556 .

366 1631 381 1646 .
428 1631 442 1644 .
491 1631 504 1644 .
546 1632 558 1646 .
589 1587 756 1645 donis
782 1606 954 1656 vero,
986 1591 1256 1661 quamvis
1285 1608 1320 1647 a
1345 1608 1478 1664 rege
1510 1593 1751 1659 missus,
1785 1591 1922 1664 quia
1950 1593 2021 1648 de

361 1679 580 1752 templo
598 1677 690 1735 Dei
719 1677 963 1751 aliquid
987 1679 1216 1736 auferre
1237 1679 1433 1748 voluit,
1458 1682 1530 1738 ab
1553 1680 1757 1754 angelo
1779 1697 2023 1754 percus-

361 1786 468 1826 sus
500 1772 604 1826 est.
630 1767 736 1824 Sed
774 1767 929 1840 quid
963 1768 1204 1836 mirum,
1255 1770 1304 1825 si
1338 1769 1524 1826 ﬁdelis
1574 1770 1845 1843 princeps
1897 1786 2021 1826 rem

362 1863 482 1914 Deo
509 1857 756 1913 dicatam
791 1857 858 1912 in
882 1857 1141 1913 maxima
1163 1857 1427 1930 quamvis
1453 1859 1808 1915 constitutus
1831 1875 2024 1916 neces-

363 1947 544 2004 sitate
573 1947 833 2018 arripere
864 1945 1084 2009 timuit.
1115 1963 1250 2002 cum
1281 1947 1456 2002 etiam
1489 1948 1560 2003 ab
1591 1947 1737 2020 ipsis
1771 1948 2016 2021 paganis

364 2041 426 2095 et
455 2036 720 2092 barbaris
775 2035 996 2092 tamin
1056 2035 1246 2091 Veteri
1306 2037 1679 2092 Testamento
1738 2054 1914 2107 quam
1962 2037 2022 2092 in

363 2125 527 2182 Novo
558 2125 665 2180 hoc
695 2124 898 2196 ipsum
929 2124 1303 2180 observatum
1353 2123 1618 2196 legamus
1669 2126 1815 2180 Nam
1846 2130 2024 2182 Pom-

361 2215 538 2286 peius
569 2214 655 2268 vir
684 2212 924 2285 gentilis
971 2218 1030 2269 et
1060 2212 1398 2281 bellicosus,
1448 2230 1581 2268 cum
1641 2213 2020 2270 rebellantem

361 2302 697 2358 Jerusalem
712 2305 1129 2375 expugnasset,
1146 2301 1433 2358 inﬁnitam
1450 2302 1709 2357 thesauri
1723 2302 1950 2374 copiam
1963 2304 2022 2359 in

364 2391 590 2463 templo
618 2391 846 2447 Domini
868 2391 1131 2446 audierat
1145 2395 1579 2464 congregatam,
1595 2392 1665 2446 ad
1689 2409 1865 2464 quam
1887 2409 2022 2448 cum

371 2481 549 2536 modo
568 2479 804 2536 videndi
825 2478 1014 2535 solum
1038 2496 1216 2535 causa
1249 2480 1612 2547 accessisset,
1655 2485 1864 2535 cuncta
1893 2497 2023 2552 quae

367 2569 617 2625 aderant
638 2568 752 2624 sibi
773 2566 1080 2640 sigillatim
1097 2568 1279 2639 jussit
1299 2567 1528 2640 exponi.
1549 2569 1806 2632 Quarum
1830 2569 2024 2626 multi-

365 2658 641 2714 tudinem
673 2657 993 2726 admirans,
1027 2658 1174 2713 nihil
1197 2657 1430 2730 penitus
1461 2658 1667 2713 exinde
1688 2659 2022 2730 contingere

363 2748 767 2820 praesumpsit.
798 2748 941 2802 Item
962 2747 1223 2803 Alericus
1245 2748 1332 2803 vir
1355 2746 1608 2802 inﬁdelis
1633 2751 1690 2804 et
1710 2748 2016 2816 barbarus,

362 2852 507 2891 cum
533 2835 686 2890 bello
710 2837 1032 2892 Romanam
1057 2837 1305 2909 cepisset
1325 2837 1554 2901 urbem,
1579 2837 1773 2892 omnia
1799 2854 1926 2908 quas
1947 2838 2018 2892 ad

363 2923 692 2980 Ecclesiam
723 2924 1108 2996 confugerant
1135 2924 1296 2980 salva
1324 2941 1453 2980 esse
1495 2923 1779 2995 permisit.
1813 2926 1883 2980 Et
1913 2925 2020 2981 hoc

361 3012 452 3068 illi
486 3012 686 3068 divina
705 3014 983 3084 mysteria
1012 3013 1370 3085 ignorantes.
1396 3012 1676 3068 Catholici
1706 3029 1841 3069 vero
1867 3015 2022 3086 prin-

361 3101 922 3173 cipesmanifestum
939 3106 1027 3156 est
1043 3101 1560 3172 quiaEcclesimDei
1575 3117 1689 3156 non
1705 3118 2020 3173 praesump-

360 3168 572 3247 serant
592 3188 905 3254 dominari,
925 3190 1026 3244 sed
1050 3168 1342 3261 elegerant
1363 3188 1565 3244 sedule
1587 3168 1878 3244 famulari.
1901 3168 2021 3245 Idc-
2055 3168 2098 3236 (ἶ

363 3278 435 3335 lis
465 3293 707 3350 quoque
739 3275 1058 3332 servientes
1086 3280 1301 3332 terram
1335 3276 1726 3343 sacerdotum,
1758 3276 1846 3331 vel
1877 3282 2023 3332 tem-

366 3365 614 3440 plorum
654 3380 896 3420 suorum
929 3381 963 3419 a
1008 3363 1244 3436 publica
1291 3365 1589 3420 functione
1633 3365 2023 3421 removebant.

363 3453 534 3518 Quod
569 3452 728 3508 etde
757 3451 1056 3508 Pharaone
1115 3468 1246 3525 rege
1301 3453 1533 3524 zEgypti
1592 3451 1864 3524 legimus,
1925 3453 2023 3526 qui

367 3557 512 3597 cum
545 3557 779 3596 omnem
811 3545 1029 3596 terram
1060 3541 1288 3613 [Egypti
1336 3558 1455 3598 suae
1487 3540 1805 3612 redegisset
1849 3541 2024 3597 ditio-

371 3630 457 3698 ni,
493 3634 710 3685 terram
742 3628 1164 3686 sacerdotalem
1196 3630 1442 3702 excepit,
1467 3633 1524 3686 et
1546 3629 1878 3685 indemnem
1901 3649 2025 3703 per-

371 3719 563 3775 misit.

449 3807 598 3874 Quid
630 3822 765 3881 ergo
798 3808 868 3864 de
897 3805 1037 3875 illis,
1073 3807 1173 3879 qui
1203 3825 1272 3864 ea
1298 3826 1426 3880 quae
1458 3809 1529 3864 ad
1580 3824 1836 3880 praesens
1865 3809 2022 3865 inve-

376 3897 551 3953 niunt
591 3897 1020 3968 depraedantur,
1069 3901 1128 3952 et
1175 3915 1301 3969 qua
1352 3897 1411 3952 in
1454 3898 1647 3952 futuro
1687 3900 2024 3971 congregari

378 4002 552 4057 posse
579 3987 842 4052 credunt,
876 3986 1130 4041 exactori
1164 3986 1332 4058 quasi
1355 3987 1464 4042 sub
1495 3986 1747 4058 pastoris
1788 3988 2023 4044 nomine

377 4075 660 4144 vendunt,
691 4079 749 4130 et
795 4079 1017 4146 quanto
1076 4076 1301 4146 majora
1359 4077 1594 4130 fuerunt
1650 4076 2022 4148 patrimonia,

376 4168 547 4220 tanto
568 4163 847 4236 prolixius
877 4163 1226 4237 episcopalis
1247 4165 1532 4220 ordinatio
1561 4163 1899 4236 propalatur
1923 4183 1935 4235 ;
1961 4172 2025 4222 ut

375 4253 527 4309 nihil
559 4258 856 4310 remaneat
879 4253 1302 4320 indiscussum,
1326 4254 1480 4324 quod
1503 4253 1643 4308 utile
1663 4253 1929 4309 videatur
1949 4257 2019 4311 ad

374 4341 602 4397 usum?
631 4341 702 4396 Ut
732 4342 814 4397 sic
847 4341 1065 4414 pariter
1095 4343 1217 4396 luat
1249 4341 1506 4398 Ecclesia
1535 4343 1867 4398 animarum
1903 4345 2021 4400 dis-

373 4427 679 4502 pendium,
717 4428 1094 4484 amissionem
1128 4432 1185 4483 et
1215 4446 1431 4484 rerum.
1479 4429 1548 4484 Et
1593 4433 1732 4484 tunc
1783 4432 2020 4488 tandem

2128 526 2420 582 Adversum
2452 543 2634 584 omnes
2663 531 2867 584 vicinos
2912 543 3057 582 meos
3083 529 3362 597 pessimos,
3415 527 3511 598 qui
3537 527 3771 596 tangunt

2128 616 2525 685 hmreditatem,
2585 635 2747 689 quam
2795 617 2963 672 tribui
3004 617 3206 688 populo
3255 630 3372 670 meo
3402 615 3587 671 Israel.
3639 615 3768 668 Ecce

2128 720 2221 775 ego
2250 704 2483 760 evellam
2524 721 2613 761 eos
2654 706 2719 760 de
2764 715 2912 761 terra
2969 721 3069 759 sua
3119 706 3332 776 (Jerem.
3366 720 3466 771 xu,
3499 703 3606 774 14).
3665 702 3768 757 Di-

2129 809 2312 866 gnum
2342 794 2451 864 [est
2493 794 2577 867 ut]
2611 795 2709 866 qui
2740 793 3165 850 ecclesiasticas
3196 809 3312 861 res,
3347 790 3442 847 Dei
3475 791 3766 862 siquidem

2130 883 2530 939 haereditatem
2570 885 2967 939 contaminare
3017 886 3399 955 praesumunt,
3450 899 3484 937 a
3534 881 3768 954 propria

2131 988 2246 1042 qua
2267 973 2428 1043 juste
2449 972 2666 1045 perfrui
2698 976 2970 1045 poterunt
3000 971 3402 1028 excludantur.

2206 1062 2318 1115 Hoc
2333 1077 2466 1116 vero
2487 1060 2937 1134 diligentisime
2958 1060 3306 1116 intuendum
3329 1065 3437 1130 est,
3457 1059 3594 1132 quia
3619 1063 3769 1113 Deus

2131 1150 2522 1222 omnipotens,
2557 1149 2824 1222 quamvis
2846 1149 3061 1205 nostris
3078 1148 3442 1222 exigentibus
3465 1147 3654 1218 culpis
3674 1147 3771 1202 Ec-

2131 1237 2370 1302 clesiam
2390 1258 2557 1296 suam
2583 1237 2872 1311 flagellare
2883 1237 3126 1294 voluerit
3143 1254 3242 1309 per
3259 1235 3768 1310 depraedationem,

2128 1327 2217 1384 vel
2249 1328 2508 1401 aliquam
2527 1327 2958 1396 contritionem,
2980 1345 3093 1383 non
3116 1327 3241 1383 suis
3259 1326 3502 1396 dilectis,
3528 1325 3628 1382 sed
3651 1323 3771 1380 illis

2131 1417 2241 1473 hoc
2273 1435 2441 1491 agere
2462 1417 2767 1490 permittit,
2801 1417 3018 1490 quibus
3040 1417 3228 1473 diram
3259 1415 3463 1472 exinde
3492 1415 3552 1470 in
3583 1417 3773 1486 poste-

2131 1523 2263 1561 rum
2296 1507 2501 1562 reddat
2521 1505 3005 1562 vicissitudinem.
3040 1507 3108 1563 Ut
3129 1506 3187 1561 in
3219 1504 3370 1560 Isaia
3397 1503 3668 1576 legimus,
3701 1503 3774 1557 de

2129 1594 2459 1651 Jerusalem
2487 1595 2716 1650 dicente
2767 1593 3011 1650 Domino
3057 1595 3127 1650 ad
3178 1591 3592 1664 Babyloniam:
3644 1590 3775 1646 Sede

2133 1686 2315 1738 tacens
2347 1685 2495 1738 intra
2539 1683 2814 1754 tenebras,
2863 1683 2984 1753 ﬁlia
3028 1682 3436 1743 Chaldaeorum;
3484 1680 3620 1752 quia
3666 1694 3779 1734 non

2057 1806 2103 1870 Β
2133 1773 2410 1828 vocaberis
2441 1771 2600 1827 ultra
2628 1771 2852 1827 domina
2892 1788 3212 1842 regnor-um.
3262 1773 3438 1826 Iratus
3467 1785 3590 1825 sum
3617 1783 3780 1840 super

2131 1863 2395 1934 p0pulum
2423 1877 2632 1929 meum,
2665 1865 2715 1917 et
2744 1863 3122 1918 contaminavi
3149 1859 3524 1918 haereditatem
3571 1873 3776 1927 meam,

2132 1953 2182 2006 et
2210 1948 2338 2005 dedi
2363 1965 2451 2006 eos
2486 1951 2548 2003 in
2575 1965 2749 2003 manu
2776 1952 2890 2017 tua,
2921 1965 3032 2004 non
3081 1947 3311 2019 posuisti
3337 1945 3414 2002 eis
3459 1943 3779 1999 misericor-

2133 2039 2253 2094 dias
2283 2040 2444 2108 (Isai.
2468 2054 2640 2104 XLVII,
2672 2037 2747 2108 5).
2782 2037 3056 2102 Quamvis
3087 2037 3240 2091 enim
3264 2031 3562 2088 Chaldaos
3583 2031 3780 2086 Domi-

2135 2145 2246 2183 nus
2276 2127 2348 2182 ad
2381 2126 2730 2198 capiendum
2757 2124 2935 2181 Israel
2959 2123 3205 2190 miserit,
3240 2121 3338 2178 sed
3370 2119 3509 2192 quia
3537 2118 3784 2174 crudeli-

2134 2221 2255 2272 tate
2284 2215 2344 2270 in
2377 2216 2460 2270 eis
2493 2214 2728 2286 propria
2756 2213 2924 2269 abusi
2959 2217 3116 2280 sunt,
3150 2215 3206 2265 et
3235 2210 3486 2278 majores
3517 2206 3633 2262 illis
3664 2207 3781 2261 im-

2134 2307 2458 2377 posuerunt
2471 2302 2673 2375 plagas
2692 2319 2869 2373 quam
2892 2300 2988 2356 Dei
3011 2299 3155 2354 ultio
3168 2293 3780 2368 efflagitabat,iratum

2135 2411 2195 2450 se
2221 2393 2500 2449 adversus
2531 2408 2629 2447 eos
2676 2387 3157 2446 manifestissime
3205 2384 3437 2440 clamat.
3492 2383 3558 2438 Et
3605 2381 3780 2454 paulo

2134 2485 2265 2554 post
2296 2498 2503 2536 rursus
2537 2481 2606 2536 ad
2641 2477 3006 2535 Hierusalem
3033 2494 3045 2531 :
3078 2479 3182 2532 Eos
3210 2490 3333 2530 vero
3359 2475 3454 2545 qui
3484 2471 3780 2545 judicave-

2133 2579 2266 2626 runt
2307 2575 2382 2640 te,
2434 2585 2531 2638 ego
2579 2567 2843 2640 judicabo
2899 2567 3050 2638 (Isai.
3109 2579 3258 2629 xmx,
3288 2562 3401 2632 25),
3459 2566 3509 2616 et
3564 2573 3782 2615 omnem

2133 2659 2384 2727 linguam
2415 2658 2752 2713 resistentem
2778 2656 2903 2721 tibi,
2935 2653 3151 2725 judicio
3170 2650 3444 2724 judicabis
3475 2648 3628 2721 (Isai.
3663 2665 3776 2718 LIV,

2135 2747 2243 2817 17);
2275 2751 2331 2802 et
2361 2746 2533 2801 item:
2589 2745 2710 2800 Non
2757 2745 2817 2798 in
2847 2744 3239 2813 sempiternum
3286 2738 3570 2810 litigabor,
3602 2753 3780 2807 neque

2131 2850 2300 2906 usque
2329 2834 2398 2889 ad
2427 2834 2592 2903 ﬁnem
2640 2835 2854 2888 irascar
2902 2831 3051 2902 (lsai.
3087 2845 3216 2894 Lvu,
3260 2827 3386 2898 16);
3436 2829 3492 2880 et
3520 2825 3734 2880 iterum
3764 2840 3776 2877 :

2131 2926 2194 2978 In
2225 2923 2600 2994 indignatione
2625 2938 2750 2976 mea
2785 2920 3028 2990 percussi
3057 2922 3126 2989 te,
3162 2926 3212 2974 et
3242 2918 3303 2971 in
3333 2914 3785 2972 reconciliatione

2131 3027 2251 3066 mea
2282 3013 2532 3067 misertus
2560 3027 2684 3065 sum
2735 3011 2822 3064 tui
2873 3007 3024 3078 (Isai.
3058 3023 3145 3074 1.x,
3180 3007 3288 3076 10).
3342 3008 3409 3059 Et
3452 3002 3780 3059 Jeremias:

2133 3099 2363 3155 Sanctus
2393 3099 2564 3153 Israel
2594 3098 2826 3152 Domino
2854 3095 3120 3166 primitiae
3148 3096 3374 3165 frugum
3414 3094 3557 3164 ejus,
3597 3107 3786 3148 omnes

2136 3189 2230 3258 qui
2259 3187 2516 3241 devorant
2545 3201 2670 3240 eum
2697 3183 3034 3252 delinquent,
3066 3181 3215 3236 mala
3243 3183 3458 3236 venient
3485 3196 3653 3252 super
3671 3196 3785 3250 eos,

2134 3274 2271 3330 dicit
2293 3273 2550 3328 Dominus
2581 3272 2801 3343 (Jerem.
2853 3285 2915 3336 ιι,
2944 3269 3019 3340 3).
3074 3270 3144 3325 Et
3173 3267 3352 3324 David
3385 3268 3443 3322 in
3493 3267 3782 3340 psalmis:

2138 3363 2251 3434 Ipsi
2278 3361 2505 3430 obligati
2531 3367 2677 3427 sunt,
2710 3361 2766 3412 et
2788 3355 3133 3420 ceciderunt;
3189 3373 3285 3412 nos
3315 3360 3500 3413 autem
3529 3360 3786 3416 surrexi-

2135 3466 2258 3505 mus
2288 3453 2338 3506 et
2395 3449 2564 3504 erecti
2615 3462 2807 3503 sumus
2864 3445 3032 3512 (Psal.
3066 3447 3288 3518 x1x,9);
3349 3450 3405 3502 et
3443 3446 3621 3502 item:
3682 3450 3788 3519 Qui

2136 3539 2405 3596 tribulant
2431 3553 2517 3593 me
2537 3536 2758 3592 inimici
2793 3535 2922 3603 mei,
2958 3536 3064 3607 ipsi
3093 3536 3365 3608 inﬁrmati
3392 3544 3537 3608 sunt,
3569 3539 3619 3593 et
3646 3541 3785 3595 ceci-

2133 3627 2331 3683 derunt
2361 3627 2534 3698 (Psal.
2567 3642 2722 3691 xxvr,
2745 3623 2824 3696 2).
2857 3626 2927 3678 Et
2957 3625 3239 3682 Dominus
3261 3625 3331 3682 de
3353 3625 3530 3682 Israel
3553 3643 3782 3686 rursus:

2137 3716 2373 3773 Visitabo
2406 3717 2468 3770 in
2499 3717 2657 3788 virga
2687 3715 3014 3785 iniquitates
3042 3732 3246 3784 eorum,
3290 3718 3340 3771 et
3380 3718 3438 3771 in
3468 3717 3785 3773 verberibus

2129 3810 2350 3877 peccata
2387 3821 2596 3860 eorum.
2627 3802 3058 3861 Misericordia-7n
3088 3813 3271 3861 autem
3315 3822 3490 3860 meam
3537 3821 3647 3860 non
3677 3807 3785 3862 dis-

2129 3911 2357 3966 pergam
2386 3895 2452 3949 ab
2483 3897 2561 3950 eis
2579 3912 2600 3956 ;
2635 3907 2810 3964 neque
2850 3895 3047 3952 nocebo
3079 3897 3140 3950 in
3170 3896 3397 3950 veritate
3423 3910 3546 3950 mea
3602 3896 3778 3966 (Psal.

2135 3995 2402 4053 LXXXVIII,
2463 3983 2575 4054 33).
2638 3983 2708 4036 Et
2765 3981 2901 4036 item
2950 3982 3236 4039 Jeremias
3285 3984 3354 4037 ad
3425 3983 3776 4040 Dominum:

2137 4071 2432 4126 Tradidisti
2459 4073 2608 4125 enim
2667 4086 2783 4137 nos,
2844 4079 2903 4124 ut
2953 4071 3408 4135 emendaremur;
3455 4072 3546 4126 illi
3591 4077 3781 4127 autem

2133 4165 2575 4230 aggravaverunt
2598 4159 2800 4231 jugum
2827 4175 2985 4214 suum
3017 4175 3184 4229 super
3208 4176 3327 4215 nos.
3380 4161 3446 4215 Et
3501 4160 3780 4216 Dominus

2132 4249 2190 4304 in
2215 4248 2521 4320 Evangelia
2554 4265 2566 4303 :
2601 4248 2662 4303 Si
2690 4249 2811 4318 quis
2841 4249 3303 4306 scandalizaverit
3325 4267 3495 4306 unum
3517 4249 3581 4305 de
3604 4249 3780 4321 pusil-

2132 4340 2203 4394 lis
2227 4339 2345 4394 istis
2373 4340 2466 4410 qui
2492 4340 2552 4393 in
2584 4354 2667 4393 me
2690 4337 2943 4410 credunt,
2975 4339 3195 4412 expedit
3225 4342 3296 4408 ei,
3328 4348 3388 4396 ut
3415 4340 3780 4412 suspendatur

2129 4428 2274 4483 mola
2298 4429 2547 4482 asinaria
2578 4430 2637 4482 in.
2665 4427 2802 4483 collo
2834 4428 2973 4499 ejus,
3007 4434 3058 4485 et
3077 4429 3437 4499 demergatur
3466 4431 3526 4485 in
3549 4432 3778 4502 profun-

373 4515 701 4572 novissime
721 4515 986 4586 sequitur
1007 4516 1354 4588 episc0palis
1375 4517 1874 4590 ordinatio,quam
1899 4537 2026 4592 par-
2056 4531 2103 4595 D
2135 4517 2266 4572 dum
2321 4519 2501 4573 maris
2548 4516 2765 4586 (Matth.
2817 4534 2978 4584 xvm,
3028 4519 3105 4588 6).
3164 4520 3274 4574 Sed
3323 4520 3474 4574 dicet
3520 4517 3773 4589 aliquis:

375 4620 583 4661 corum
610 4604 882 4676 praecedit
902 4603 1106 4660 electio
1132 4622 1145 4673 ;
1171 4621 1358 4676 neque
1381 4605 1761 4676 inquiruntur
1797 4609 2023 4679 merita,

376 4694 482 4751 sed
508 4692 702 4764 potius
720 4692 1017 4766 eliguntur
1038 4709 1302 4749 munera.
1326 4695 1505 4766 Cujus
1528 4713 1785 4768 unquam
1811 4699 2026 4769 pradia

369 4780 550 4838 toties
574 4781 903 4854 depraedata
919 4784 974 4837 et
986 4782 1366 4852 postmodum
1382 4785 1733 4857 venundata,
1749 4802 1920 4856 quem
1931 4788 2027 4844 ad-

374 4871 621 4926 modum
653 4874 868 4925 sanctse
899 4869 1166 4926 Ecclesiae
1198 4870 1622 4928 inveniuntur?
1668 4875 1778 4930 Aut
1809 4876 2024 4947 quibus

373 4959 687 5017 sacriﬁciis
709 4958 858 5015 tales
880 4963 1151 5029 poterunt
1171 4960 1744 5034 expiaripraadones?
1769 4965 2024 5036 Denique

380 5050 672 5122 scriptum
706 5052 796 5104 est
821 5063 833 5103 :
869 5046 928 5102 Si
951 5053 1263 5118 peccaverit
1290 5052 1376 5105 vir
1404 5052 1460 5106 in
1489 5053 1692 5123 virum,
1718 5055 1945 5124 placare
1973 5057 2025 5110 ei

367 5141 548 5212 potest
578 5143 758 5195 Deus:
789 5139 839 5194 si
865 5145 1050 5193 autem
1081 5141 1140 5193 in
1186 5141 1360 5195 Deum
1401 5144 1702 5212 peccaverit
1747 5143 1854 5211 vir,
1901 5146 2022 5216 quis

370 5228 555 5284 orabit
593 5243 690 5299 pro
740 5231 845 5283 eo?
904 5226 950 5298 (I
979 5230 1107 5296 Reg.
1141 5245 1203 5295 ιι,
1235 5229 1348 5298 25.)
1383 5230 1628 5296 Quidam
1662 5235 1717 5286 et
1772 5231 1843 5287 ab
1875 5231 2021 5304 ipsis

369 5316 665 5389 episcopis
710 5316 923 5372 fuerint
971 5315 1242 5372 cautione
1294 5319 1484 5374 ﬁrma.
1531 5361 1543 5373 .
1591 5364 1602 5376 .
1649 5362 1662 5374 .
1707 5363 1719 5375 .
1767 5361 1780 5374 .
1825 5362 1838 5374 .
1885 5362 1897 5375 .
1944 5364 1956 5376 .
2003 5363 2016 5376 .

373 5407 572 5462 Omnes
597 5407 875 5477 principes
931 5421 1129 5461 eorum
1175 5407 1273 5477 qui
1327 5406 1629 5464 dixerunt:
1689 5411 2019 5466 Hsrredilate

363 5494 745 5568 possideamus
775 5497 1156 5564 sanctuarium
1187 5496 1301 5551 Dei.
1363 5498 1502 5552 Deus
1558 5515 1728 5568 meus,
1771 5517 1908 5570 pone
1942 5498 2016 5553 il-

373 5586 456 5641 los
487 5586 545 5639 ut
576 5594 789 5647 rotam;
845 5587 896 5640 et
939 5585 1078 5639 sicut
1132 5586 1394 5658 stipulam
1452 5591 1577 5642 ante
1617 5590 1820 5660 faciem
1865 5591 2015 5644 venti

2137 4606 2410 4671 Quamvis
2443 4607 2600 4661 enim
2634 4621 2725 4660 res
2755 4604 3158 4662 ecclesiasticae
3198 4624 3231 4662 a
3261 4624 3354 4663 me
3384 4607 3775 4677 detineantur,

2134 4694 2319 4767 liquet
2351 4695 2489 4767 quia
2519 4694 2689 4765 plura
2717 4695 3000 4750 beneﬁcia
3028 4697 3120 4767 [ex
3146 4695 3290 4768 ipsis
3322 4713 3425 4769 per
3454 4712 3546 4751 me
3575 4696 3776 4752 adver-

2135 4802 2238 4841 sus
2271 4785 2536 4841 eamdem
2569 4783 2874 4838 ecclesiam
2909 4785 3343 4854 ministrentur,
3395 4803 3571 4857 quam
3604 4785 3653 4840 si
3701 4786 3773 4840 ab

2133 4873 2341 4929 iisdem
2400 4871 2814 4928 ecclesiasticis
2871 4873 3304 4930 detinerentur:
3366 4874 3466 4929 sed
3535 4875 3774 4942 errant.]

2134 4966 2267 5029 Quae
2281 4978 2416 5034 ergo
2431 4961 3050 5034 opera[misericordit£
3069 4964 3139 5018 de
3152 4962 3490 5035 hujusmodi
3508 4961 3775 5033 frugibus

2133 5069 2166 5107 a
2195 5051 2415 5106 talibus
2457 5054 2730 5122 poterunt
2777 5050 3032 5122 legitime
3085 5052 3442 5124 praeparari?
3498 5048 3773 5118 Nunquid

2133 5140 2554 5213 eleemosynas]
2587 5139 2837 5213 largiri?
2869 5142 2956 5195 vel
3011 5142 3255 5197 fortasse
3311 5139 3504 5212 potius
3561 5137 3773 5209 [ipsius

2130 5230 2386 5286 ecclesiis
2411 5229 2581 5301 cujus
2602 5228 2899 5285 beneﬁciis
2925 5229 2978 5284 vi
3000 5229 3324 5301 potiuntur,
3347 5223 3552 5280 altaria
3574 5241 3774 5298 coope-

2131 5319 2253 5388 riri,
2287 5317 2375 5373 vel
2405 5318 2739 5392 luminaria]
2773 5319 3068 5382 succendi,
3117 5316 3434 5370 architecte
3462 5315 3770 5386 reparari?

2129 5407 2351 5465 Clamat
2379 5407 2664 5463 Dominus
2697 5425 2798 5480 per
2827 5408 3006 5464 Osee:
3059 5404 3483 5459 Misericordiam
3528 5407 3684 5461 volui
3719 5415 3770 5462 et

2130 5515 2239 5554 non
2270 5498 2622 5569 sacriﬁcium,
2648 5502 2697 5552 et
2718 5498 2999 5551 scientiam
3021 5493 3121 5545 Dei
3154 5494 3438 5565 plusquam
3462 5494 3771 5549 holocausta

2127 5587 2276 5660 (Osee
2323 5606 2398 5657 vx,
2444 5587 2518 5659 6).
2581 5587 2650 5641 Et
2679 5585 2848 5640 item:
2884 5581 2988 5652 Ego
3017 5580 3278 5639 Dominus
3322 5582 3556 5655 diligens
3597 5583 3755 5656 judi-
