4134 6182
371 290 441 353 91
1384 298 1716 364 ATTONIS
1763 298 2349 365 VERCELLENSIS
2397 304 2745 368 EPISCOPI
3694 305 3767 370 92

370 430 540 503 cium,
572 432 627 489 et
654 430 775 489 odio
805 429 1288 511 habens-rapinam
1308 440 1365 495 in
1386 436 1694 498 holocausto
1715 439 1876 514 (Isai.
1900 457 2010 514 LXI,
2044 435 2099 503 Α
2128 451 2327 493 remur
2341 435 2495 495 bona
2516 439 2588 496 ad
2610 453 2834 510 omnes,
2849 437 3101 498 maxime
3115 441 3310 497 autem
3333 437 3403 495 ad
3416 438 3771 498 domesticos

370 520 448 592 8).
482 519 636 578 Deus
658 523 958 593 justorum
989 526 1180 601 diligit
1208 533 1633 600 paupertatem,
1658 546 1835 602 quam
1868 531 2012 586 divi-

372 613 499 666 tum
534 616 1447 689 munera,quzederapinissunt
1524 660 1536 673 .
1619 661 1631 673 .
1715 661 1727 673 .
1808 661 1820 674 .
1903 663 1915 675 .
1996 664 2009 675 .

372 698 527 757 Deus
558 702 629 756 ad
664 719 908 760 munera
937 706 1075 761 Cain
1103 724 1115 774 ;
1142 707 1278 778 quia
1299 709 1567 779 quamvis
1586 713 1738 764 recte
1762 708 2011 780 offerret,

371 791 569 845 tamen
605 808 718 847 non
751 797 903 849 recte
945 795 1238 850 dividebat
1286 813 1419 852 cum
1454 798 1649 853 fratre.
1708 799 1802 853 Ait
1855 797 2013 854 enim

372 876 582 935 beatus
632 883 972 938 Ambrosius
1029 883 1154 951 (lib.
1208 902 1225 939 1
1285 885 1464 957 0fﬁc.,
1525 902 1574 941 ο.
1634 887 1761 958 30):
1827 909 1855 937 «
1888 886 2012 944 Non

374 967 655 1037 probatur
681 969 941 1042 largitas,
966 972 1015 1027 si
1038 974 1192 1044 quod
1217 973 1385 1029 alteri
1407 973 1670 1046 largitur,
1696 975 1859 1030 alteri
1881 975 2014 1047 quis

374 1060 732 1129 extorqueat,
766 1060 814 1115 si
846 1060 1064 1130 injuste
1115 1063 1399 1134 acquirat,
1450 1079 1517 1120 ac
1557 1066 1718 1135 juste
1772 1064 2014 1137 dispen-

374 1144 629 1201 dendum
663 1152 846 1218 putet.
880 1173 907 1199 ››
942 1151 1008 1205 Et
1037 1151 1217 1207 item:
1274 1173 1302 1202 «
1334 1154 1804 1210 Fundamentum
1836 1154 2017 1227 igitur

374 1232 583 1289 habeat
599 1234 918 1294 liberalitas
937 1243 1054 1295 tua.
1075 1245 1193 1295 Hoc
1215 1242 1472 1314 primum
1494 1243 1775 1315 quaeritur
1794 1248 1860 1301 ut
1879 1260 2015 1301 cum

374 1321 487 1377 fide
520 1324 842 1393 conferens,
878 1327 1144 1385 fraudem
1207 1348 1320 1385 non
1374 1334 1553 1388 facias
1601 1333 1832 1389 oblatis.
1870 1355 1897 1383 »
1947 1335 2018 1388 Et

372 1410 543 1482 paulo
571 1418 740 1484 post:
796 1437 823 1465 ‹‹
855 1416 913 1471 Si
945 1435 1063 1472 non
1094 1422 1285 1490 potest
1317 1419 1482 1475 alteri
1533 1422 1850 1491 subveniri,
1903 1422 2014 1478 nisi

370 1499 791 1571 alterlaadatur,
818 1508 1182 1564 commodius
1203 1513 1292 1564 est
1313 1512 1808 1581 neutrumjuvari,
1835 1527 2013 1581 quam

370 1591 599 1661 gravari
633 1591 901 1649 alterum.
929 1597 1205 1659 Quamvis
1235 1599 1474 1669 quidam
1499 1616 1766 1672 perverse
1800 1598 2012 1654 intelli-

370 1684 573 1747 gentes
596 1684 1026 1740 assumantsibi
1041 1684 1099 1740 in
1114 1686 1542 1759 testimonium,
1558 1689 1713 1760 quod
1734 1688 2013 1744 Dominus

372 1766 535 1822 aitin
559 1769 1112 1844 Evangelio:Facite
1140 1776 1288 1832 vobis
1332 1779 1535 1833 amicos
1581 1778 1648 1833 de
1698 1793 2015 1833 mammona

371 1855 711 1927 iniquitatis,
745 1869 806 1916 ut
828 1878 950 1918 cum
971 1863 1298 1934 defeceritis,
1321 1868 1601 1937 recipiant
1617 1883 1707 1923 vos
1728 1867 1786 1921 in
1806 1868 2017 1924 aeterna

370 1944 733 2003 tabernacula
780 1953 932 2018 (Luc.
968 1969 1084 2017 xvr,
1116 1956 1193 2021 9).
1247 1955 1584 2011 Mammona
1613 1956 1769 2011 enim
1802 1955 2014 2010 divitia:

370 2038 530 2101 sunt,
553 2051 676 2104 quas
699 2038 845 2095 bene
865 2040 1512 2112 iniquitatesdicuntur,
1534 2045 1687 2116 quod
1707 2043 2016 2100 saeculares

370 2122 582 2178 divitiae
605 2125 699 2180 vix
723 2135 991 2184 crescunt
1008 2131 1121 2186 nisi
1145 2132 1368 2204 absque
1386 2133 1608 2204 rapina.
1634 2133 1836 2189 Omnis
1857 2133 2014 2189 enim

370 2211 577 2282 rapina
597 2213 879 2285 iniquitas
901 2222 1008 2286 est,
1032 2220 1133 2274 sed
1157 2237 1271 2275 non
1287 2221 1479 2277 omnis
1493 2220 1774 2293 iniquitas
1788 2222 2012 2294 rapina:

370 2298 653 2372 iniquitas
666 2302 821 2359 enim
836 2304 1051 2361 dicitur
1071 2308 1357 2380 quidquid
1372 2309 1503 2380 plus
1524 2320 1611 2365 vel
1630 2311 1831 2366 minus
1851 2326 2015 2382 atquo

372 2387 438 2442 fit
461 2405 473 2456 ;
502 2390 707 2463 rapina
725 2397 921 2448 autem
948 2398 1039 2451 est
1058 2397 1273 2468 prteda,
1298 2398 1454 2453 dicta
1472 2415 1505 2453 a
1522 2399 1822 2470 rapiendo,
1847 2398 1902 2455 id
1928 2403 2017 2454 est

370 2493 403 2530 a
431 2476 711 2534 violenter
740 2481 1040 2553 capiendo.
1073 2484 1197 2540 Non
1228 2502 1364 2558 ergo
1386 2487 1670 2558 jubemur
1693 2488 1915 2544 amicos
1944 2488 2015 2544 de

372 2566 578 2638 rapina
610 2568 816 2640 facere,
850 2572 951 2628 sed
983 2573 1054 2629 de
1086 2590 1424 2631 mammona
1452 2575 1801 2648 iniquitatis.
1826 2577 1906 2632 De
1928 2594 2015 2633 ra-

371 2653 511 2726 pina
523 2660 718 2712 autem
734 2658 1163 2734 eleemosynam
1177 2664 1315 2720 dare
1329 2663 1663 2721 nullatenus
1676 2682 2011 2737 possumus.

371 2744 534 2809 Quod
566 2746 839 2804 Zacbaaus
889 2749 984 2828 ille
1017 2752 1365 2823 publicanus
1402 2755 1721 2827 prudenter
1750 2755 2013 2811 conside-

373 2848 531 2901 rans,
566 2835 650 2891 ait
699 2839 769 2893 ad
802 2838 1157 2898 Dominum:
1212 2843 1345 2899 Ecce
1401 2843 1693 2900 dimidium
1750 2844 2016 2900 bonorum

373 2937 644 2993 meorum,
668 2926 917 2997 Domine,
943 2929 1009 2985 do
1031 2933 1407 3002 pauperibus;
1454 2941 1505 2989 et
1531 2935 1582 2988 si
1609 2933 1742 3005 quid
1779 2934 2017 3006 aliquem

372 3010 718 3088 defraudavi,
751 3018 914 3073 reddo
943 3020 1321 3094 quadruplum
1350 3023 1497 3094 (Luc.
1530 3039 1646 3090 XIX,
1679 3022 1755 3095 8).
1804 3024 2015 3078 Totum

374 3102 530 3158 enim
564 3104 729 3160 daret
756 3108 1135 3179 pauperibus,
1167 3110 1216 3166 si
1248 3126 1311 3167 se
1349 3111 1689 3168 innocenter
1715 3116 1848 3167 ante
1880 3127 2017 3166 con-

370 3192 694 3250 versionem
715 3194 929 3253 vixisse
950 3205 1351 3271 cognosceret;
1385 3202 1487 3257 sed
1512 3203 1649 3275 quia
1669 3201 1892 3275 aliquid
1916 3218 2018 3275 per
2046 3177 2089 3246 θ

373 3280 639 3339 fraudem
672 3300 733 3340 se
765 3286 1077 3344 abstulisse
1098 3290 1584 3359 consideraverat,
1617 3291 1860 3364 dignum
1884 3308 2019 3347 cen-

375 3371 499 3426 suit
516 3373 679 3443 prius
699 3373 896 3430 ablata
908 3378 1081 3447 juxta
1102 3377 1287 3450 legem
1305 3380 1563 3444 reddere,
1589 3385 1643 3435 et
1661 3380 1743 3435 sic
1756 3386 2019 3452 postmo-

379 3459 519 3515 dum
543 3478 669 3533 quae
692 3470 1095 3521 remanserant
1113 3467 1470 3539 pauperibus
1494 3484 1750 3540 erogare.
1769 3468 2022 3541 Antiqua

376 3548 533 3605 enim
566 3549 657 3606 lex
686 3551 744 3607 in
779 3554 1177 3627 quadruplum
1197 3556 1428 3613 restitui
1447 3557 1693 3629 jubebat
1716 3557 1928 3614 ablata.
1953 3558 2022 3613 Et

376 3639 515 3711 quia
546 3640 850 3698 dimidiam
885 3643 1174 3701 bonorum
1218 3663 1459 3702 suorum
1491 3652 1741 3720 partem,
1791 3648 1861 3702 ad
1912 3646 2022 3704 hoc

376 3729 646 3786 sufficere
673 3732 942 3799 credidit,
975 3739 1372 3807 competenter
1400 3739 1456 3791 et
1485 3735 1791 3792 dimidiam
1823 3738 2021 3810 egenis

378 3816 702 3893 distribuit,
748 3822 978 3895 sibique
1030 3824 1177 3880 nihil
1230 3825 1287 3879 in
1339 3829 1638 3898 posterum
1689 3826 2019 3882 reservavit.

378 3908 564 3981 Igitur
583 3910 632 3965 si
655 3911 910 3968 evenerit
941 3918 1005 3969 ut
1036 3913 1252 3987 quibus
1283 3914 1625 3982 reddantur,
1658 3932 1784 3987 qua:
1805 3916 2023 3988 injuste

379 3997 575 4054 ablata
612 4005 771 4065 sunt,
833 4002 919 4058 vel
962 4002 1222 4061 haeredes
1280 4003 1543 4077 ipsorum
1607 4005 1853 4062 inveniri
1906 4023 2021 4062 non

377 4089 845 4160 possint,melius
858 4096 947 4149 est
964 4092 1324 4166 utipsorum,
1341 4095 2024 4168 cujus[fuerantnomine

377 4178 437 4233 in
471 4178 857 4255 eleemosynis
888 4182 1344 4249 distribuantur,
1396 4202 1571 4256 quam
1614 4201 1647 4239 a
1686 4184 2023 4254 raptoribus

379 4269 707 4342 capiantur.
741 4270 854 4326 Sed
887 4271 935 4326 si
958 4270 1079 4327 fieri
1099 4276 1309 4343 potest,
1341 4273 1529 4344 magis
1548 4272 1843 4328 reddenda
1862 4276 2022 4343 sunt,

380 4360 1173 4432 quamaliterquoquomodo
1195 4360 1611 4433 dispensanda.
1630 4364 1681 4431 η]
1725 4403 1738 4417 .
1819 4403 1832 4416 .
1913 4404 1927 4417 .
2008 4404 2021 4417 .

381 4449 881 4505 feceritDomino.
961 4491 975 4504 .
1057 4492 1070 4505 .
1154 4491 1167 4505 .
1247 4492 1259 4504 .
1343 4491 1355 4505 .
1437 4492 1450 4505 .
1532 4492 1546 4507 .
1629 4491 1641 4504 .
1722 4491 1733 4504 .
1817 4493 1829 4507 .
1912 4493 1923 4505 .
2007 4492 2020 4505 .

2125 526 2279 583 fidei.
2314 529 2599 593 Quoniam
2633 529 2784 586 sicut
2831 530 2916 586 ait
2962 530 3170 587 beatus
3216 529 3562 586 Ambrosius
3596 530 3719 602 (lib.
3753 547 3771 586 ι

2128 616 2291 687 Ofﬁc.
2329 633 2378 672 ο.
2404 619 2493 687 30,
2527 622 2657 674 ante
2693 618 2889 691 med):
2924 642 2951 669 «
2978 619 3265 675 Omnibus
3292 618 3573 675 debemus
3596 619 3771 676 mise-

2126 705 2437 761 ricordiam
2465 724 2478 773 ;
2504 708 2603 763 sed
2628 708 2781 779 quod
2809 707 3070 780 plerique
3090 725 3219 764 eam
3242 708 3446 764 fraude
3480 711 3769 780 quaerunt,

2125 799 2182 848 et
2199 795 2490 866 afﬁngunt
2507 813 2857 864 aerumnam;
2882 797 3009 853 ideo
3027 798 3125 853 ubi
3146 814 3323 853 causa
3341 797 3770 865 manifestatur,

2126 898 2374 953 persona
2396 885 2789 956 cognoscitur,
2807 889 3041 958 tempus
3062 889 3249 958 urget,
3272 884 3495 958 largius
3519 902 3580 941 se
3601 886 3773 941 debet

2126 972 2479 1044 profundere
2507 973 2923 1029 misericordia.
2968 998 2990 1027 ι
3051 974 3213 1031 Unde
3255 975 3460 1030 beatus
3515 974 3772 1031 Joannes

2124 1060 2424 1133 apostolus
2456 1061 2573 1118 ait:
2602 1062 2782 1121 Nolite
2809 1065 3029 1119 credere
3075 1066 3229 1120 omni
3255 1063 3503 1136 spiritui,
3532 1063 3624 1119 sed
3649 1080 3774 1137 pro-

2129 1153 2250 1206 bate
2279 1158 2464 1206 utrum
2498 1168 2568 1207 ea:
2596 1153 2702 1208 Deo
2731 1154 2801 1208 sit
2848 1153 2895 1224 (I
2920 1156 3074 1210 Joan.
3110 1171 3182 1220 Iv,
3220 1153 3291 1224 1).
3343 1153 3585 1209 Talibus
3638 1170 3773 1225 ergo

2127 1255 2294 1312 opem
2324 1240 2538 1297 inferre
2560 1258 2673 1297 non
2697 1242 3071 1311 desistamus,
3098 1247 3162 1297 ut
3183 1243 3443 1315 ipsorum
3468 1242 3695 1297 meritis
3717 1245 3775 1297 et

2125 1329 2647 1388 intercessionibus
2678 1332 2969 1399 introduci
3000 1349 3332 1388 mereamur
3362 1333 3420 1388 in
3452 1336 3667 1388 aeterna
3689 1337 3769 1387 ta-

2126 1420 2461 1478 bernacula.

2198 1510 2307 1566 Sed
2344 1510 2481 1583 quia
2512 1527 2783 1584 asperum
2826 1511 2982 1582 quod
3013 1510 3435 1566 denuntiamus
3462 1509 3771 1565 observare

2125 1598 2454 1655 volentibus
2485 1602 2723 1656 omnino
2754 1599 3005 1665 videtur,
3039 1600 3182 1655 dum
3226 1598 3461 1671 penitus
3500 1597 3771 1670 blasphe-

2126 1704 2285 1744 mare
2306 1692 2641 1745 sanctarum
2662 1688 3094 1760 Scripturarum
3117 1704 3233 1743 non
3245 1687 3463 1743 audent
3478 1692 3768 1754 auctores,

2125 1778 2284 1850 ipsos
2312 1777 2710 1850 persequinon
2735 1776 3328 1846 omittuntrelatores,
3345 1780 3409 1832 ut
3430 1775 3595 1848 quasi
3613 1791 3774 1831 secu-

2126 1866 2250 1922 rius
2276 1866 2344 1921 de
2366 1866 2697 1939 ignorantia
2710 1880 2770 1921 se
2783 1865 3047 1922 excusari
3065 1865 3311 1937 possint,
3327 1865 3377 1920 si
3389 1864 3511 1920 haec
3529 1864 3772 1920 minime

2126 1954 2438 2011 audierint.
2473 1959 2716 2011 Econtra
2736 1971 2843 2012 nos
2877 1954 3157 2010 Dominus
3188 1956 3463 2011 admonet
3492 1952 3773 2009 Ezechieli

2126 2044 2419 2117 propheta:
2450 2044 2684 2100 dicens:
2725 2046 2821 2111 Tu,
2852 2043 2946 2114 fili
2992 2045 3250 2112 hominis,
3303 2044 3695 2115 speculatorem
3723 2051 3775 2099 te

2120 2135 2281 2205 posui
2332 2133 2520 2189 domui
2574 2133 2774 2203 Israel,
2832 2132 3063 2189 audiens
3119 2132 3184 2188 de
3212 2149 3309 2189 ore
3361 2148 3482 2188 meo
3531 2133 3771 2203 verbum,

2125 2222 2484 2277 annuntiabis
2513 2222 2590 2277 eis
2619 2238 2689 2278 ex
2731 2237 2835 2277 me.
2900 2222 2959 2276 Si
3005 2221 3217 2277 dicente
3268 2237 3353 2277 me
3408 2220 3477 2276 ad
3514 2221 3771 2293 impium,

2125 2320 2301 2367 morte
2324 2312 2597 2380 morieris,
2639 2326 2749 2365 non
2774 2312 3205 2365 annuntiat-eris
3234 2312 3306 2376 ei,
3337 2325 3511 2381 neque
3562 2309 3773 2365 locutus

2122 2402 2318 2472 fueris,
2379 2403 2441 2454 ut
2494 2403 2780 2455 avertatur
2835 2416 2869 2453 a
2914 2401 3010 2454 via
3063 2415 3164 2453 sua
3217 2399 3411 2470 impia,
3471 2401 3523 2453 et
3578 2400 3768 2453 vivat:

2123 2491 2239 2561 ipse
2269 2490 2471 2561 impius
2496 2490 2555 2543 in
2588 2489 2884 2560 iniquitate
2934 2504 3035 2543 sua
3092 2489 3393 2544 morietur:
3440 2489 3773 2561 sanguinem

2125 2582 2309 2634 autem
2362 2579 2484 2649 ejus
2511 2578 2579 2634 de
2634 2594 2806 2633 manu
2871 2580 2973 2632 tua
3030 2578 3333 2648 requiram.
3394 2576 3457 2632 Si
3500 2578 3679 2632 autem
3714 2581 3771 2631 tu

2124 2668 2542 2724 annuntiaveris
2599 2668 2791 2738 impio,
2848 2674 2899 2722 et
2958 2667 3054 2721 ille
3101 2682 3210 2722 non
3266 2667 3437 2737 fuerit
3480 2681 3773 2721 conversus

2122 2758 2194 2813 ab
2227 2758 2511 2828 impietate
2561 2761 2616 2812 et
2645 2758 2735 2811 via
2762 2772 2866 2811 sua
2900 2757 3054 2811 mala
3073 2776 3094 2823 ;
3141 2757 3258 2826 ipse
3302 2754 3516 2826 quidem
3568 2757 3627 2810 in
3660 2756 3773 2810 ini-

2125 2848 2334 2918 quitate
2361 2862 2464 2900 sua
2492 2846 2781 2915 morietur,
2822 2854 2883 2900 tu
2929 2849 3111 2901 autem
3141 2846 3389 2900 animam
3444 2848 3597 2899 tuam
3645 2844 3778 2899 Iibe-

2125 2934 2503 3006 rasti(Esech.
2558 2952 2643 3001 ιιι,
2694 2934 2802 3006 17).
2848 2934 2914 2989 Et
2959 2933 3217 2989 Jacobus
3270 2932 3608 3006 apostolus:
3672 2934 3779 3002 Qui

2124 3041 2221 3082 con
2231 3026 2368 3080 verti
2384 3025 2578 3096 fecerit
2592 3027 2925 3096 peccatorem
2957 3023 3025 3077 ab
3046 3038 3234 3078 errore
3256 3025 3365 3079 via?
3380 3038 3519 3090 suae,
3542 3023 3777 3079 salvabit

2128 3116 2375 3170 animam
2423 3130 2630 3175 suam;
2689 3121 2741 3169 et
2794 3113 3013 3184 aperiet
3058 3111 3486 3168 multitudinem
3531 3116 3775 3184 peccato-

2126 3221 2254 3260 rum
2295 3202 2428 3275 (Jac.
2464 3202 2662 3275 v,20).
2724 3200 2906 3257 Isaias
2964 3217 3197 3274 quoque
3256 3202 3376 3258 ait:
3438 3200 3647 3271 Clama,
3706 3218 3777 3258 ne

2127 3309 2318 3362 cesses,
2366 3293 2529 3365 quasi
2584 3291 2715 3346 tuba
2757 3290 2942 3346 exulta
2971 3306 3153 3346 vocem
3206 3294 3378 3360 tuam,
3411 3294 3464 3345 et
3503 3292 3778 3346 annuntio

2125 3383 2324 3454 populo
2344 3396 2460 3435 meo
2480 3381 2685 3435 scelera
2706 3396 2915 3450 eorum,
2940 3384 2992 3436 et
3012 3380 3201 3434 domui
3247 3381 3423 3437 Israel
3439 3388 3659 3452 peccata
3692 3396 3778 3436 eo-

2128 3487 2272 3525 rum.
2308 3473 2398 3525 Me
2423 3470 2623 3524 etenim
2658 3468 2722 3523 de
2741 3469 2832 3524 die
2851 3470 2912 3523 in
2932 3469 3077 3523 diem
3100 3472 3378 3537 gustarunt,
3412 3473 3461 3523 et
3492 3471 3631 3525 scire
3659 3471 3779 3525 vias

2128 3575 2275 3615 meas
2305 3558 2535 3613 volunt:
2556 3558 2716 3628 quasi
2742 3572 2870 3627 gens
2900 3571 3026 3629 quae
3041 3558 3321 3629 justitiam
3350 3559 3565 3629 fecerit,
3604 3561 3657 3613 et
3677 3560 3777 3630 ju-

2129 3648 2335 3704 dicium
2364 3648 2461 3702 Dei
2486 3647 2579 3702 sui
2604 3662 2714 3701 non
2744 3646 3071 3718 reliquerit:
3093 3650 3286 3718 rogant
3314 3662 3402 3702 me
3406 3646 3635 3719 judicia
3653 3647 3776 3718 jus-

2130 3737 2295 3807 titiae,
2329 3737 2774 3808 appropinquare
2800 3736 2908 3791 Deo
2955 3736 3143 3791 volunt
3174 3736 3325 3807 (Isai.
3358 3752 3513 3807 Lvm,
3547 3736 3598 3808 1)
3643 3777 3655 3789 .
3702 3778 3713 3789 .
3759 3776 3772 3789 .

2135 3869 2147 3884 .
2196 3868 2207 3881 .
2255 3869 2267 3882 .
2312 3866 2327 3882 .
2372 3867 2385 3880 .
2417 3826 2488 3881 Et
2518 3842 2724 3881 rursus
2750 3843 2762 3881 :
2790 3823 2896 3880 Sed
2919 3832 2969 3881 et
3009 3826 3061 3881 si
3088 3824 3220 3896 quid
3246 3825 3515 3896 patimini
3552 3827 3778 3897 propter

2121 3916 2418 3989 justitiam,
2481 3916 2624 3971 beati
2669 3916 2825 3971 eritis
2869 3916 2916 3987 (I
2940 3915 3056 3971 Pet.
3112 3915 3356 3986 111,111);
3415 3919 3471 3969 et
3519 3913 3771 3970 iterum:

2134 4006 2398 4062 Timorem
2426 4021 2536 4060 non
2558 4005 2887 4073 timueritis,
2919 4007 2971 4060 et
2999 4020 3109 4060 non
3136 4003 3538 4059 conturbemini
3570 4002 3774 4076 (Ibid).

2132 4095 2277 4151 Cum
2300 4094 2453 4149 enim
2481 4092 2901 4163 subjectionem
2917 4092 3779 4165 nobisimperaret,aitpropter

2133 4183 2317 4238 Deum
2347 4198 2359 4248 ;
2396 4179 2533 4251 quia
2562 4184 2768 4252 praater
2795 4194 2930 4235 eum
2962 4178 3042 4233 nil
3074 4178 3243 4234 nobis
3274 4179 3476 4236 intend
3521 4221 3534 4236 .
3581 4223 3594 4235 .
3641 4222 3653 4236 .
3702 4224 3714 4237 .
3762 4224 3774 4236 .

2132 4276 2258 4327 arte
2290 4268 2733 4341 compellamur.
2771 4270 2837 4324 Et
2867 4260 3110 4325 rursus:
3144 4271 3313 4324 Deum
3345 4271 3548 4335 timete,
3598 4286 3781 4338 regem

2131 4359 2486 4430 honoriﬁcate
2515 4359 2561 4430 (I
2587 4359 2735 4414 Petr.
2770 4376 2831 4423 ιι,
2866 4358 2975 4429 17).
3022 4358 3171 4422 Quia
3220 4357 3304 4412 sic
3349 4372 3447 4411 rex
3498 4357 3780 4410 honorifi-

2133 4449 2358 4505 candus
2388 4451 2497 4515 est,
2525 4452 2589 4502 ut
2613 4447 2713 4502 Dei
2736 4447 2913 4501 timor
2947 4446 3269 4517 prascedere
3296 4443 3581 4498 videatur.
3615 4441 3781 4498 Unde

576 4580 588 4592 .
672 4580 684 4592 .
708 4536 1065 4610 exemplum,
1094 4542 1156 4594 ut
1186 4555 1290 4611 spe
1318 4537 1700 4612 eleemosynte
1727 4538 2025 4608 facienda,
2058 4542 2104 4607 1)
2135 4541 2193 4595 et
2221 4534 2751 4592 remunerationem
2785 4533 3131 4605 promittens
3162 4547 3297 4587 mox
3324 4529 3575 4603 adjecit:
3610 4530 3711 4587 Sed
3727 4540 3781 4588 et

379 4626 421 4683 l.
501 4669 513 4682 .
596 4668 609 4681 .
691 4668 703 4681 .
788 4669 800 4681 .
883 4667 895 4681 .
978 4625 1287 4684 .laudatus
1318 4630 1428 4695 est,
1462 4629 1562 4684 sed
1595 4628 1664 4683 de
1694 4627 2024 4700 prudentia.

378 4714 1069 4772 Namsidebonitate.
1151 4758 1164 4772 .
1246 4758 1258 4771 .
1340 4759 1353 4772 .
1436 4760 1448 4772 .
1526 4757 1542 4774 .
1627 4758 1639 4771 .
1720 4757 1734 4772 .
1816 4760 1829 4772 .
1910 4758 1923 4770 .
2005 4760 2018 4773 .

385 4846 398 4859 .
480 4845 493 4858 .
575 4845 587 4857 .
670 4843 684 4856 .
766 4846 778 4858 .
861 4846 874 4858 .
957 4845 971 4860 .
1048 4822 1203 4861 .non
1235 4810 1560 4873 vocaretur,
1602 4804 2022 4877 sedineoejus

377 4892 1458 4968 laudaturprudentia,quiaprospexit
1534 4937 1546 4949 .
1628 4937 1640 4949 .
1723 4936 1736 4949 .
1818 4936 1830 4950 .
1912 4936 1924 4949 .
2006 4936 2018 4949 .

379 4999 412 5038 a
443 4979 612 5037 nobis
642 4979 995 5038 imitandum
1029 4988 1138 5039 est.
1174 4983 1363 5039 Villici
1394 5001 1535 5041 sane
1556 5001 1759 5040 omnes
1790 5000 2019 5055 sumus,

380 5071 519 5144 quia
548 5072 1049 5145 dispensationem
1098 5074 1537 5130 Dominicarum
1589 5090 1786 5129 rerum
1818 5089 2021 5129 omnes

381 5161 736 5234 accepimus.
762 5163 908 5219 Nam
928 5164 1257 5219 secundum
1273 5164 1509 5219 beatum
1531 5163 1775 5220 Paulum
1797 5169 2024 5236 aposto-

380 5251 543 5319 lum:
577 5253 733 5309 Nihil
764 5252 1025 5309 habemus
1054 5254 1197 5325 quod
1244 5270 1352 5309 non
1395 5255 1723 5325 accepimus,
1772 5261 1823 5308 et
1875 5252 2022 5307 nihil

379 5342 676 5397 intulimus
705 5344 761 5397 in
792 5343 1063 5400 mundum
1086 5362 1105 5399 :
1135 5360 1236 5399 nec
1264 5345 1460 5416 efferre
1489 5345 1628 5416 quid
1656 5358 1938 5416 possumus
1970 5341 2023 5413 (Ι

385 5431 521 5485 Tim.
545 5446 624 5500 v1,
643 5429 721 5498 8).
740 5430 997 5503 Tempus
1020 5430 1293 5487 faciendas
1314 5429 1684 5486 villicationis
1707 5433 1764 5485 et
1784 5429 2022 5484 redden-

382 5520 467 5574 dae
493 5517 758 5588 rationis,
790 5519 888 5573 fini
922 5520 1155 5576 intentae
1189 5538 1364 5594 prope
1393 5527 1500 5576 est.
1530 5524 1674 5592 Ergo
1704 5518 2019 5591 prospicia-

382 5626 517 5666 mus
539 5606 779 5666 nobisin
797 5607 1077 5677 futurum,
1093 5612 1305 5668 etdum
1322 5615 1554 5685 tempus
1573 5609 1879 5683 habemus,
1893 5625 2023 5682 ope-
2072 5655 2077 5659 .

2136 4628 2188 4683 si
2216 4623 2349 4697 quid
2370 4623 2641 4696 patimini
2652 4628 2878 4695 propter
2897 4622 3199 4694 justitiam,
3224 4620 3369 4675 beati
3395 4621 3551 4675 eritis
3572 4620 3779 4693 (Ibid);

2130 4720 2192 4772 et
2242 4714 2421 4769 item:
2492 4712 2765 4768 Timorem
2821 4714 3003 4767 autem
3060 4727 3129 4766 ne
3186 4711 3507 4777 timueritis,
3566 4719 3617 4766 et
3667 4726 3778 4766 non

2130 4803 2533 4859 conturbemini
2562 4801 2776 4873 (Ibid.).
2800 4803 2867 4855 Et
2897 4800 3115 4856 beatus
3131 4798 3349 4854 Paulus
3378 4797 3682 4871 apostolus
3704 4799 3775 4854 ad

2131 4892 2331 4949 Titum
2357 4910 2369 4947 :
2403 4891 2641 4948 Admone
2660 4891 2785 4945 illos
2809 4890 3164 4962 principibus
3194 4891 3245 4943 et
3270 4889 3630 4959 potestatibus
3649 4888 3776 4942 sub-

2122 4984 2292 5054 jectos
2322 4997 2451 5049 esse,
2484 4979 2624 5037 dicto
2674 4978 2910 5048 obedire,
2955 4978 3025 5034 ad
3067 4993 3227 5033 omne
3265 4993 3399 5049 opus
3450 4977 3650 5033 bonum
3673 4994 3775 5049 pa-

2130 5081 2275 5128 ratos
2303 5087 2413 5128 esse
2444 5072 2567 5140 (Tit.
2600 5087 2686 5135 ιιι,
2722 5071 2794 5138 1).
2829 5068 2993 5124 Unde
3018 5067 3097 5123 ait
3118 5070 3326 5123 beatus
3346 5065 3734 5139 Hieronymus
3759 5082 3771 5120 :

2133 5184 2161 5213 «
2195 5160 2255 5218 Si
2280 5162 2501 5217 bonum
2527 5159 2787 5230 estquod
2813 5156 3077 5230 praecipit
3107 5157 3425 5229 imperator
3454 5158 3510 5210 et
3539 5170 3771 5227 praeses,

2124 5249 2392 5322 jubentis
2424 5249 2745 5319 obsequere
2771 5245 3095 5311 voluntati;
3129 5244 3220 5299 sin
3268 5258 3402 5298 vero
3440 5243 3687 5311 malum,
3718 5246 3774 5297 et

2132 5343 2336 5395 contra
2367 5343 2545 5394 Deum
2580 5334 2756 5408 sapit,
2805 5334 3091 5408 responde
3119 5331 3265 5387 illud
3317 5331 3367 5387 ei
3418 5332 3489 5388 de
3536 5330 3773 5387 Actibus

2131 5425 2529 5499 apostolorum
2559 5442 2572 5481 :
2608 5424 2837 5481 Obedire
2865 5430 3075 5496 Oportet
3112 5422 3216 5475 Deo
3264 5422 3444 5492 magis
3480 5436 3645 5493 quam
3684 5420 3774 5475 ho-

2131 5517 2381 5573 minibus
2412 5516 2547 5589 (Act.
2580 5533 2633 5587 ν,
2665 5515 2775 5586 ‘29).
2817 5537 2837 5563 ν
2898 5513 3106 5568 Beatus
3154 5526 3387 5583 quoque
3429 5509 3775 5564 Ambrosius

2134 5608 2251 5666 ait:
2307 5631 2333 5659 «
2371 5606 2525 5664 Licet
2556 5604 2661 5663 tibi
2696 5604 2867 5662 silere
2898 5602 2956 5659 in
3005 5600 3236 5675 negotio
3285 5600 3569 5657 duntaxat
3598 5616 3773 5673 pecu-
