4096 6178
247 342 318 405 93
1057 342 1158 403 DE
1207 338 1637 403 PRESSUIUS
1686 336 2346 403 ECCLESIASTICIS.
2381 373 2466 385 —
2494 338 2701 403 PARS
2745 342 2854 406 III.
3603 350 3683 411 94

247 474 450 546 niario,
479 491 815 550 quanquam
862 475 938 533 sit
986 476 1321 534 constantiae
1351 477 1565 535 adesse
1597 474 1884 549 aequitati.
1916 473 1973 542 Α
2002 491 2135 531 rum
2152 474 2763 549 potentiagratiosius
2777 478 3257 538 conﬂdunt.Nam
3274 496 3509 556 semper
3524 499 3681 542 men-

247 567 305 624 In
334 583 514 623 causa
543 571 736 624 autem
774 567 871 624 Dei
918 568 1015 625 ubi
1065 585 1376 626 commune
1409 568 1747 642 periculum
1777 570 1887 635 est,

247 657 418 714 etiam
469 656 837 714 dissimulare
890 666 1188 731 peccatum
1245 662 1335 715 est
1384 676 1508 715 non
1560 658 1706 714 leve.
1744 680 1764 707 υ
1819 658 1891 713 Et

244 748 427 802 item:
489 769 518 797 α
556 747 865 819 Episcopus
918 765 1104 822 neque
1160 749 1509 807 adulantem
1561 765 1644 816 se,
1700 765 1890 820 neque

246 835 603 892 adulandum
636 837 838 909 cuique
869 838 1149 896 exhibeat.
1173 839 1445 895 Alterum
1478 839 1638 896 enim
1669 837 1893 893 callidi-

243 925 378 981 tatis
407 929 517 997 est,
541 925 803 981 vanitatis
825 926 1074 984 alterum
1105 929 1166 999 (l.
1192 947 1210 984 ι
1236 930 1418 1000 0/ﬁc.,
1451 945 1505 984 ο.
1529 929 1641 1000 47).
1669 950 1698 977 ››
1724 927 1891 982 Unde

240 1013 405 1070 valde
454 1014 822 1069 metuendum
874 1020 985 1082 est,
1028 1034 1099 1073 ne
1144 1018 1475 1074 humanam
1524 1017 1889 1073 observando

241 1102 513 1177 gratiam,
543 1104 791 1159 divinam
823 1105 1100 1163 adversus
1129 1124 1236 1163 nos
1281 1107 1649 1163 concitemus
1696 1107 1844 1162 iram
1872 1130 1886 1173 ;

241 1196 296 1248 et
327 1192 468 1247 dum
502 1209 537 1247 a
576 1194 995 1250 momentaneis
1028 1196 1497 1252 adversariorum
1532 1212 1639 1250 nos
1670 1212 1885 1268 praeca-

240 1297 368 1336 vere
398 1282 712 1352 quaerimus
744 1282 1001 1351 insidiis,
1035 1286 1261 1342 aeternis
1292 1285 1706 1358 mancipamur
1737 1286 1886 1358 peri-

238 1369 405 1440 culis,
438 1374 498 1424 et
527 1369 668 1425 illud
698 1372 924 1427 eveniat
955 1375 1110 1445 quod
1157 1375 1218 1429 in
1260 1374 1574 1431 Salomone
1620 1374 1836 1447 legitur
1867 1393 1881 1431 :

239 1460 349 1528 Qui
369 1460 528 1513 timet
541 1461 815 1530 pruinam,
847 1462 1025 1518 irruet
1043 1479 1199 1534 super
1221 1482 1348 1520 eum
1368 1468 1472 1518 nia:
1501 1464 1640 1535 (Job.
1670 1474 1746 1535 VI,
1772 1466 1881 1536 16).

237 1546 330 1601 Ait
359 1546 519 1602 enim
548 1548 826 1604 Dominus
858 1550 920 1605 in
954 1552 1263 1623 Evangelia
1299 1570 1311 1607 :
1360 1555 1468 1622 Qui
1496 1569 1583 1608 me
1609 1553 1887 1609 erubuerit

236 1644 284 1691 et
309 1651 459 1691 meos
487 1652 773 1706 sermones,
800 1638 950 1694 hunc
977 1641 1154 1696 Filius
1185 1641 1426 1697 hominis
1456 1642 1729 1698 erubescet
1758 1659 1884 1697 cum

236 1725 443 1781 venerit
470 1727 533 1780 in
570 1729 841 1800 majestate
867 1745 997 1799 sua,
1030 1734 1082 1786 et
1110 1735 1314 1798 Patris,
1349 1739 1404 1787 et
1429 1736 1744 1789 sanctorum
1773 1749 1882 1787 an-

2002 566 2173 622 daces
2202 581 2346 620 vera
2367 564 2710 625 dicentibus
2740 571 3149 641 adversantur,
3173 575 3230 628 et
3259 570 3449 647 iniqui
3476 574 3680 633 ﬁdeles

2001 654 2272 728 persequi
2298 671 2421 710 non
2446 656 2763 716 omittunt:
2787 660 2925 732 quia
2942 661 3270 719 secundum
3288 662 3528 720 beatum
3543 668 3681 722 Am-

2000 745 2265 801 brosium
2286 760 2302 792 :
2332 767 2362 794 ‹‹
2390 744 2747 821 Plerumque
2767 751 2945 807 etiam
2967 768 3035 806 ex
3055 751 3320 809 doctrina
3340 754 3677 827 arrogantia

2000 835 2284 891 nascitur.
2320 856 2351 882 ››
2381 834 2541 890 Hinc
2564 842 2621 892 et
2644 838 2894 912 legimus
2917 838 2977 894 in
2998 840 3271 913 Jeremia,
3296 844 3453 914 quod
3481 844 3675 901 Semel

2000 923 2531 997 pseudopropheta
2552 927 2741 984 iratus
2774 929 2853 984 sit
2871 933 3077 984 contra
3099 932 3471 989 mendacium
3494 950 3670 990 suum

1998 1031 2135 1070 vera
2164 1012 2488 1085 scripsisse
2515 1016 2858 1074 Jeremiam.
2893 1018 3057 1073 Unde
3088 1023 3144 1074 et
3170 1020 3456 1078 Dominus
3488 1041 3501 1078 :
3544 1026 3676 1080 Ecce

1997 1119 2090 1173 ego
2110 1102 2354 1160 visitabo
2369 1118 2546 1175 super
2564 1106 2846 1163 Semeiam
2868 1107 2998 1178 (Jer.
3022 1125 3175 1180 XXIX,
3208 1110 3317 1181 32).
3347 1111 3416 1169 Et
3445 1112 3628 1168 Isaias
3653 1129 3666 1168 :

2002 1193 2060 1248 In
2091 1210 2195 1263 quo
2226 1195 2541 1263 percutiam
2574 1212 2664 1252 vos
2696 1196 2850 1251 ultra
2878 1195 3134 1253 addentes
3151 1201 3675 1269 praevaricationes?

1999 1283 2131 1354 (lsa.
2169 1301 2209 1350 ι,
2239 1281 2323 1351 5.)
2357 1281 2500 1339 Item
2554 1285 2612 1339 in
2671 1283 2923 1357 psalmis
2954 1302 2966 1338 :
3021 1287 3362 1344 Declinantes
3399 1294 3580 1346 autem
3611 1292 3673 1344 in

1996 1373 2427 1445 obligationem,
2452 1374 2689 1430 adducet
2722 1375 2988 1430 Dominus
3018 1393 3140 1431 cum
3168 1380 3517 1449 operantibus
3544 1382 3665 1436 ini-

1995 1464 2260 1533 quitatem
2281 1463 2454 1529 (Psal.
2480 1480 2675 1533 cxxw,
2699 1464 2778 1531 5).
2802 1464 2872 1518 Et
2890 1463 3096 1521 Petrus
3117 1467 3449 1537 apostolus:
3477 1470 3667 1525 Omnis

1992 1552 2288 1622 prophetia
2314 1550 2399 1606 vel
2423 1553 2718 1623 scriptura
2732 1555 2969 1624 propria
2992 1556 3449 1625 interpretatione
3471 1574 3581 1613 non
3601 1559 3664 1628 ﬁt

1994 1640 2045 1712 (Ι
2069 1642 2218 1696 Pctr.
2253 1658 2290 1707 ι,
2325 1641 2439 1713 20).
2484 1642 2554 1695 Et
2582 1641 2849 1697 Joannes
2883 1658 2896 1696 :
2958 1642 3149 1699 Omnis
3186 1648 3285 1717 qui
3309 1646 3586 1717 praecedit,
3617 1650 3668 1701 et

1990 1745 2103 1786 non
2132 1735 2321 1786 manet
2351 1733 2413 1785 in
2441 1730 2699 1786 doctrina
2732 1730 2959 1800 Christi,
2995 1735 3166 1790 Deum
3209 1751 3320 1791 non
3363 1737 3523 1791 habet
3571 1736 3588 1805 (
3605 1736 3662 1791 II

513 1815 658 1887 (Luc.
692 1835 767 1885 Ix,
796 1818 909 1890 26).
943 1819 1016 1874 Et
1062 1820 1270 1876 beatus
1308 1821 1505 1877 Sixtus
1552 1839 1703 1894 papa
1753 1821 1832 1877 ait
1866 1838 1878 1876 :
1911 1852 1961 1918 B
1989 1823 2162 1877 Joan.
2197 1820 2293 1890 1x).
2327 1820 2398 1875 Et
2425 1818 2689 1918 Iacobus
2717 1836 2731 1874 :
2762 1821 2830 1875 Si
2858 1822 3041 1877 zelum
3067 1840 3324 1879 amarum
3351 1824 3578 1891 habetis,
3610 1830 3661 1880 et

241 1925 260 1952 ι
292 1903 503 1959 Merito
537 1922 781 1978 namque
812 1924 997 1964 causa
1029 1925 1134 1965 nos
1163 1911 1425 1983 respicit,
1457 1910 1507 1967 si
1535 1910 1767 1967 silentio
1796 1911 1881 1966 fa-

234 2008 475 2049 veamus
506 1994 703 2067 errori.
735 2017 765 2045 »
814 1997 884 2052 Et
912 1996 1178 2054 Isidorus
1225 1999 1351 2070 (lib.
1390 2017 1451 2055 llI
1500 2000 1628 2057 Sent
1665 2017 1716 2055 c.
1752 1999 1880 2070 44);

238 2102 263 2132 κ
291 2082 400 2149 Qui
422 2083 708 2157 corrigere
732 2090 925 2157 potest
945 2092 1006 2143 et
1029 2087 1385 2155 dissimulat,
1409 2104 1610 2145 verum
1637 2093 1727 2145 est
1744 2089 1885 2159 quia

235 2186 584 2228 consensum
606 2174 812 2230 erroris
834 2175 1014 2232 alieni
1044 2176 1273 2233 habeat.
1305 2199 1334 2228 »
1370 2178 1439 2233 Et
1459 2177 1664 2233 beatus
1684 2174 1884 2230 Hiero-

234 2275 481 2329 nymus:
520 2284 548 2312 α
576 2262 774 2320 Omnis
796 2266 1081 2322 correctio
1105 2282 1232 2338 qua:
1260 2266 1492 2338 proﬁcit
1510 2267 1582 2322 ad
1607 2264 1880 2332 salutem,

236 2349 301 2403 ad
325 2366 586 2420 praesens
610 2352 833 2409 videtur
852 2371 983 2411 esse
1007 2355 1282 2423 tristitiae,
1302 2357 1403 2411 sed
1432 2361 1636 2428 postea
1657 2355 1884 2409 fructus

236 2436 408 2494 habet
436 2440 726 2512 paciﬁcos.
761 2466 789 2493 ››
835 2444 951 2500 Sed
984 2446 1141 2517 quod
1175 2446 1399 2516 absque
1427 2445 1588 2518 gravi
1621 2443 1733 2499 dici
1766 2458 1883 2499 non

236 2531 426 2598 potest
475 2531 718 2602 gemitu,
768 2534 1035 2605 [quidam
1082 2551 1152 2590 ex
1201 2535 1420 2592 nostris
1458 2536 1520 2591 in
1558 2538 1792 2591 tantum
1821 2548 1885 2588 se

234 2616 429 2688 pravis
474 2620 796 2691 subjiciunt
850 2624 1275 2695 potestatibus,
1333 2629 1399 2681 ut
1455 2626 1630 2682 etiam
1687 2626 1885 2682 divina

231 2706 423 2774 verba,
454 2712 908 2785 sanctorumque
927 2717 1170 2769 Patrum
1204 2714 1394 2771 edicta
1421 2716 1494 2772 ad
1525 2717 1880 2789 redarguen-

231 2794 365 2851 dum
413 2796 553 2853 vitia
598 2799 837 2872 prolata,
871 2802 1015 2858 adeo
1064 2802 1230 2859 falsis
1279 2804 1545 2862 nitantur
1588 2807 1882 2879 vitupera-

229 2882 490 2942 tionibus
541 2888 914 2960 obumbrare,
970 2896 1038 2947 ut
1091 2892 1271 2948 etiam
1332 2894 1515 2951 sacris
1573 2895 1881 2952 videantur

229 2974 581 3033 conﬁrmare
611 2978 910 3049 doctrinis,
946 2997 1078 3053 quae
1106 2983 1462 3039 omnimodis
1505 2985 1731 3040 dudum
1780 2985 1878 3041 de-

228 3066 453 3120 structa
482 3070 627 3123 sunt
655 3068 713 3123 in
743 3069 909 3141 ipsis.
944 3070 1014 3126 Hi
1047 3087 1187 3144 ergo
1215 3072 1361 3129 tales
1391 3073 1598 3130 merito
1628 3075 1879 3146 pseudo-

226 3153 544 3225 prophetis,
578 3161 633 3213 et
679 3160 1115 3230 pseudochristi
1154 3160 1472 3231 dicuntur.)
1527 3203 1539 3219 .
1593 3205 1604 3219 .
1652 3204 1665 3219 .
1704 3164 1878 3219 modo

1992 1910 2365 1965 contentiones
2406 1910 2468 1963 in
2496 1907 2760 1964 cordibus
2791 1912 3010 1977 vestris,
3041 1912 3218 1968 nolite
3247 1914 3489 1982 gloriari
3517 1913 3659 1984 (Jac.

1995 2013 2080 2067 ιιι,
2115 1998 2222 2069 14).
2270 1997 2338 2052 Hi
2388 1996 2609 2052 etenim
2655 1996 2873 2067 injuste
2904 1999 3174 2056 damnari
3206 2000 3354 2056 nihil
3387 2005 3663 2057 metuunt

1993 2085 2348 2157 proximum,
2383 2086 2483 2140 ubi
2516 2085 2777 2141 favorem
2810 2093 3056 2158 sperant
3087 2090 3389 2161 acquirere
3432 2089 3658 2160 princi-

1994 2191 2160 2246 pum,
2194 2176 2267 2231 de
2308 2174 2528 2246 quibus
2570 2173 2749 2230 etiam
2798 2179 2856 2231 et
2900 2176 3107 2233 beatus
3156 2195 3308 2251 papa
3334 2177 3663 2234 Alexander

1999 2263 3659 2337 ................(52)

2001 2389 2015 2407 .
2047 2391 2060 2408 .
2091 2391 2103 2409 .
2147 2352 2458 2407 Personam
2492 2350 2747 2423 potentis
2778 2351 3045 2425 accipere
3076 2358 3143 2409 ut
3170 2353 3438 2427 requisiti
3472 2353 3547 2409 ab
3592 2369 3659 2409 eo

1992 2456 2097 2511 pro
2121 2440 2316 2496 favore
2349 2481 2362 2497 .
2385 2481 2397 2497 .
2422 2481 2432 2496 .
2458 2481 2470 2496 .
2492 2481 2505 2498 .
2536 2457 2653 2496 non
2676 2440 2951 2497 dubitent
2981 2442 3041 2496 in
3067 2460 3242 2499 causa
3275 2442 3530 2515 proximi
3556 2483 3575 2514 ρ
3600 2483 3612 2499 .
3636 2481 3649 2501 .

1992 2529 2128 2600 quis
2150 2533 2241 2585 est
2268 2527 2504 2596 veritas,
2528 2528 2641 2584 nisi
2672 2528 2769 2584 ille
2792 2529 2896 2601 qui
2928 2531 3111 2587 dixit:
3140 2533 3247 2604 Ego
3276 2549 3398 2587 sum
3429 2533 3542 2600 via,
3567 2547 3658 2587 ve-

1990 2620 2130 2674 ritas
2148 2623 2203 2675 et
2232 2621 2389 2675 vita?
2418 2620 2596 2691 (Joan.
2620 2636 2657 2674 x
2680 2636 2735 2686 v,
2759 2619 2837 2690 6.)
2861 2622 3288 2694 Augumentari
3308 2622 3490 2679 etiam
3524 2662 3535 2677 .
3559 2662 3570 2678 .
3594 2661 3607 2679 .
3630 2663 3643 2679 .

1990 2708 2207 2765 scelere
2227 2725 2406 2780 quam
2428 2713 2485 2764 et
2504 2709 2577 2765 de
2596 2725 3017 2781 Oppressorum
3041 2711 3364 2768 miserabili
3381 2711 3651 2780 elisione,

1989 2815 2126 2855 cum
2152 2799 2230 2855 sit
2259 2800 2445 2855 nostri
2468 2798 2742 2872 opprimi,
2787 2840 2800 2853 .
2846 2841 2860 2855 .
2906 2842 2920 2855 .
2968 2842 2981 2855 .
3029 2842 3043 2855 .
3089 2844 3101 2856 .
3149 2844 3161 2857 .
3193 2818 3326 2858 vero
3348 2801 3654 2859 instantis-

1990 2889 2139 2946 sime
2183 2891 2410 2961 juvare.
2446 2889 2608 2946 Unde
2656 2889 2865 2946 beatus
2904 2891 3298 2949 Ambrosius:
3353 2895 3649 2948 Errantem

1987 2982 2232 3034 amicum
2259 2981 2478 3050 corripe
2512 3022 2524 3034 .
2570 3019 2583 3033 .
2629 3020 2642 3033 .
2688 3020 2701 3033 .
2747 3021 2761 3033 .
2808 3018 2821 3032 .
2869 3020 2883 3034 .
2924 2995 2996 3035 ne
3024 2980 3287 3049 deseras,-
3319 2982 3379 3036 in
3407 2980 3650 3037 adversis

1987 3072 2141 3126 enim
2168 3070 2378 3126 amicus
2402 3067 2835 3142 proba!ur.Nam
2861 3070 2922 3125 in
2948 3073 3237 3143 prosperis
3265 3072 3437 3127 amici
3459 3086 3646 3129 omnes

1987 3158 2265 3215 videntur.
2316 3158 2386 3212 Et
2432 3158 2645 3213 iterum
2681 3173 2695 3211 :
2747 3157 2867 3212 Non
2914 3158 3173 3230 defendas
3226 3160 3550 3232 improbum,
3588 3166 3644 3217 et

225 3240 305 3296 vel
321 3223 520 3314 gloria
540 3223 1033 3321 vitai-temporalis
1055 3267 1161 3323 per
1184 3223 1792 3324 adulationis'lapsum
1815 3268 1876 3309 se
1908 3223 1951 3290 α
1988 3252 2189 3305 sancta
2213 3247 2438 3317 indigno
2457 3245 2848 3302 committenda
2871 3223 2988 3301 ποτέ
3003 3223 3324 3311 arbitreris
3346 3264 3522 3321 neque
3535 3223 3645 3305 tm-

224 3333 469 3390 terrenis
500 3336 888 3406 potestatibus

224 3423 569 3495 subjiciunt.
600 3426 666 3481 Et
694 3425 801 3483 hoc
830 3431 986 3484 certe
1018 3427 1262 3499 quidam
1294 3429 1422 3485 ideo
1462 3432 1649 3487 facere
1677 3432 1878 3488 viden-

223 3516 330 3584 tur,
353 3518 424 3569 ut
446 3514 716 3587 ipsorum
742 3516 953 3573 delicta
982 3518 1314 3590 potentium
1337 3520 1679 3576 auctoritate
1699 3521 1881 3578 indis-

221 3617 391 3659 cussa
420 3602 871 3676 relinquantur;
904 3607 1142 3679 sibique
1172 3608 1391 3664 conscii
1426 3610 1497 3664 de
1534 3610 1768 3682 proprio
1799 3612 1876 3666 ti-

219 3697 377 3748 ment
399 3693 663 3750 facinore
684 3697 872 3768 argui,
897 3696 947 3752 si
972 3694 1211 3752 illorum
1232 3698 1544 3755 defendere
1564 3699 1879 3770 pravitates

219 3798 326 3837 non
375 3783 823 3842 decertaverint.
857 3786 1014 3850 Quos
1061 3790 1119 3843 et
1166 3792 1552 3858 congruenter
1603 3790 1881 3846 admonet

216 3870 370 3927 idem
403 3872 642 3928 dicens:
678 3894 706 3923 α
734 3873 1079 3930 Consideret
1107 3891 1363 3947 namque
1393 3876 1568 3932 homo
1598 3895 1730 3933 cum
1762 3895 1877 3950 quo

215 3960 549 4016 adversario
582 3960 805 4017 bellum
838 3966 1022 4034 gerat,
1049 3962 1109 4016 in
1143 3979 1312 4019 suam
1344 3980 1406 4019 se
1439 3964 1598 4030 mali,
1634 3982 1747 4037 quo
1778 3968 1877 4022 de-

214 4047 466 4120 liquisse
496 4051 829 4121 perpendit,
862 4052 1072 4108 saltem
1115 4053 1186 4107 ad
1234 4052 1462 4124 culpam
1497 4054 1778 4126 protrahi,
1810 4071 1880 4110 ex

214 4137 392 4211 culpa
422 4139 825 4212 pertimescat.
851 4140 1093 4197 Talibus
1124 4141 1360 4214 quidem
1383 4142 1668 4198 Dominus
1698 4143 1876 4199 etiam

211 4244 311 4299 per
336 4229 555 4285 Isaiam
590 4229 1006 4303 comminatur,
1031 4231 1234 4287 dicens
1259 4247 1272 4287 :
1313 4234 1400 4288 Vae
1427 4234 1525 4302 qui
1552 4232 1740 4288 dicitis
1763 4250 1877 4289 ma-

1980 3351 2193 3409 pugnes
2222 3337 2406 3391 acrius
2436 3335 2664 3401 crimen,
2694 3349 2803 3389 non
2819 3334 3177 3406 deprehendis
3205 3337 3430 3410 (sic).Et
3450 3337 3591 3394 alibi
3624 3363 3640 3396 ε
3732 3380 3741 3389 .

1985 3427 2140 3484 Nihil
2169 3426 2482 3497 opinionem
2512 3426 2621 3479 imo
2653 3422 2777 3495 (sic)
2823 3422 2987 3492 ﬁdem
3026 3434 3239 3496 gravat,
3272 3443 3434 3498 quam
3481 3429 3531 3484 si
3578 3430 3641 3484 in

1975 3514 2281 3586 judicando
2308 3514 2604 3585 potentiori
2631 3513 2796 3568 dones
2825 3528 3054 3570 causam
3081 3516 3391 3586 inferioris,
3415 3525 3467 3573 et
3494 3533 3637 3584 pau-

1986 3620 2169 3677 perem
2225 3607 2573 3660 innatantem
2625 3619 2859 3673 arguas,
2921 3603 3152 3659 divitem
3207 3620 3425 3661 excuses
3480 3622 3639 3662 reum

1987 3695 2180 3766 culpae.
2213 3694 2285 3748 Et
2329 3709 2536 3750 rursus
2570 3710 2583 3746 :
2631 3693 2727 3748 His
2771 3694 2921 3748 enim
2959 3695 3208 3764 favemus
3232 3696 3573 3768 frequenter,
3601 3713 3637 3751 a

1987 3785 2185 3856 quibus
2204 3782 2509 3854 referendae
2528 3783 2700 3838 vicem
2718 3798 3007 3855 speramus
3023 3785 3240 3854 gratias.
3262 3783 3365 3840 Sed
3382 3800 3444 3841 eo
3466 3786 3638 3856 magis

1989 3874 2239 3943 inﬁrmos
2286 3884 2338 3927 et
2386 3874 2570 3943 inopes
2609 3874 2920 3927 sustentare
2947 3858 3215 3939 convenit,
3248 3875 3385 3944 quia
3410 3890 3508 3945 pro
3550 3889 3634 3941 eo,

1988 3964 2085 4034 qui
2110 3978 2221 4017 non
2250 3960 2427 4027 habet,
2458 3963 2962 4017 remunerationem
2994 3978 3275 4032 speramus
3320 3979 3360 4018 α.
3408 3963 3636 4017 Domino

1983 4056 2137 4117 Jesu,
2159 4052 2258 4122 qui
2278 4052 2382 4107 sub
2406 4051 2578 4121 specie
2596 4050 2835 4105 convivii
2852 4050 3161 4120 generalem
3182 4052 3447 4105 virtutum
3466 4050 3635 4105 edidit

1985 4142 2251 4212 formam,
2272 4146 2337 4195 ut
2371 4140 2457 4194 his
2483 4140 2661 4209 potius
2682 4141 2868 4194 nostra
2887 4140 3231 4208 conferamus
3252 4138 3514 4209 beneﬁcia
3539 4141 3636 4210 qui

1986 4232 2141 4286 nobis
2169 4247 2234 4285 ca
2261 4245 2371 4284 non
2398 4232 2623 4300 possunt
2649 4230 3068 4299 repraesentare,
3092 4227 3276 4284 dicens
3298 4244 3317 4281 :
3347 4228 3431 4283 Ad
3453 4230 3635 4283 convi-

212 4318 323 4372 Ium
381 4319 606 4385 bonum,
663 4324 716 4375 et
768 4321 969 4376 bonum
1025 4319 1265 4389 malum,
1310 4328 1570 4392 ponentes
1627 4324 1875 4379 tenebras
1986 4322 2140 4376 vium
2168 4327 2328 4391 atque
2357 4320 2545 4389 epulas
2574 4333 2687 4373 non
2714 4333 2800 4374 eos
2831 4319 2927 4389 qui
2955 4316 3146 4373 divites
3174 4324 3324 4385 sunt,
3351 4318 3443 4373 sed
3481 4335 3631 4390 pau-

211 4408 411 4473 lueem,
445 4412 504 4464 et
557 4408 743 4465 lucem
792 4409 1043 4465 tenebras
1092 4412 1250 4482 (Isai.
1301 4428 1354 4477 v,
1408 4410 1520 4477 20).
1576 4410 1646 4465 Et
1697 4427 1877 4484 supra
1981 4425 2139 4482 peres
2168 4408 2514 4469 invitandos;
2546 4408 2688 4463 idem
2732 4408 2958 4481 adjuvat
3006 4407 3081 4463 ad
3126 4410 3433 4479 profectum
3473 4408 3633 4466 W

212 4498 277 4552 ad
332 4497 715 4554 Hierusalem
753 4516 767 4554 :
820 4498 1101 4569 Caupones
1154 4500 1241 4553 tui
1293 4500 1632 4554 miscuerunt
1684 4501 1874 4557 vinum
1983 4499 2431 4565 existimationis,
2456 4498 2505 4552 si
2535 4498 2599 4553 de
2614 4499 2854 4569 potentis
2881 4496 3139 4553 manibus
3157 4498 3362 4569 eripias
3388 4499 3629 4567 inopem.

207 4602 351 4659 aqua
405 4589 566 4660 (lsai.
612 4605 651 4655 ι,
694 4588 810 4660 22).
844 4609 872 4638 »
924 4587 1316 4661 Hieronymus
1346 4588 1470 4661 (lib.
1506 4606 1562 4643 1v
1591 4590 1651 4644 in
1679 4591 1873 4646 Jerem.
1907 4600 1954 4664 D
1984 4590 2125 4646 Nam
2162 4590 2212 4645 si
2250 4603 2566 4660 oppressum
2593 4588 2785 4658 opibus
2812 4588 3047 4659 potentis
3093 4591 3145 4642 et
3189 4588 3426 4657 factione
3454 4590 3632 4656 magis
3667 4619 3681 4631 -

208 4691 255 4730 c.
308 4677 405 4748 13)
440 4694 454 4732 :
514 4699 543 4727 ‹‹
579 4678 745 4751 Saepe
793 4676 1064 4732 imitatur
1121 4678 1498 4733 mendacium
1550 4678 1877 4750 veritatem,
1989 4695 2154 4752 quam
2189 4678 2404 4734 sceleris
2450 4677 2538 4732 sui
2565 4677 2698 4731 vitio
2726 4679 3017 4745 gravatum
3047 4676 3384 4742 liberaveris,
3413 4679 3631 4748 egregie

205 4770 260 4821 et
304 4766 429 4822 nisi
484 4766 763 4823 habuerit
800 4766 1063 4843 aliquam
1094 4767 1233 4823 recti
1268 4766 1744 4835 similitudinem,
1775 4769 1875 4825 de-
1986 4768 2210 4824 valescit
2231 4766 2485 4839 opinioni
2508 4766 2903 4821 testi-monium.
2926 4767 2996 4820 Et
3012 4765 3121 4822 Job
3145 4764 3257 4821 ait:
3286 4764 3508 4821 Salvum
3524 4766 3631 4837 feci

204 4856 395 4927 cipere
448 4872 571 4911 non
614 4860 812 4927 potest
852 4857 1217 4913 innocentes.
1255 4877 1285 4906 ››
1338 4857 1408 4911 Et
1436 4856 1649 4912 iterum
1685 4874 1697 4913 :
1753 4881 1779 4908 ‹‹
1816 4858 1875 4914 Si
1984 4873 2278 4930 pauperem
2305 4856 2370 4912 de
2397 4871 2571 4910 manu
2598 4855 2857 4926 potentis,
2889 4858 2945 4910 et
2970 4856 3249 4927 pupillum
3277 4856 3370 4911 cui
3408 4856 3630 4928 adjutor

204 4943 530 5017 aliquando
558 4945 733 5002 nobis
752 4962 859 5018 pro
883 4946 1334 5001 necessitatibus
1355 4949 1412 5000 et
1442 4947 1735 5016 augustiis
1764 4947 1873 5002 hu-
1983 4964 2100 5002 non
2127 4954 2267 5013 erat,
2299 4946 2490 5018 adjuvi
2520 4946 2636 5016 (Job
2668 4962 2821 5010 xxxx,
2856 4944 2963 5016 12).
2994 4946 3066 5001 Et
3094 4945 3235 5001 item
3268 4962 3281 5000 :
3314 4946 3626 5001 Benedictio

202 5034 425 5091 milites
457 5051 612 5107 opus
658 5041 766 5107 est,
800 5036 885 5091 sic
933 5051 1061 5090 eam
1104 5052 1436 5099 sumamus,
1470 5051 1542 5089 ne
1569 5035 1872 5092 veritatem
1977 5037 2218 5108 perituri
2242 5037 2303 5090 in
2327 5050 2413 5090 me
2430 5036 2620 5089 veniat
2640 5034 2827 5106 (Ibid.,
2855 5034 2963 5104 13).
2988 5035 3057 5090 Et
3082 5034 3294 5091 Isaias:
3320 5036 3625 5105 Confortate

200 5127 255 5179 et
281 5125 689 5181 constantiam
716 5126 1085 5181 deseramus.
1114 5147 1141 5176 »
1172 5124 1536 5191 Quibusdam
1559 5124 1733 5180 etiam
1767 5142 1872 5181 nec
1980 5142 2179 5182 manus
2208 5125 2517 5190 dissolutas,
2550 5128 2600 5180 et
2644 5141 2828 5196 genua
2870 5124 3083 5180 debilia
3121 5127 3368 5182 roborate
3395 5142 3417 5177 .·
3462 5122 3625 5178 dicite

196 5230 255 5269 se
274 5215 698 5271 tantummodo
715 5230 947 5272 errasse
964 5207 1200 5283 sufﬁcit,
1217 5214 1316 5271 sed
1335 5214 1406 5270 ad
1426 5214 1519 5269 sui
1536 5214 1872 5271 detrimenti
1972 5216 2376 5289 pusillanimis,
2397 5215 2570 5270 nolite
2590 5216 2780 5270 timere
2800 5215 2932 5286 (Isa.
2950 5231 3117 5281 xxxv,
3141 5214 3216 5285 3).
3241 5214 3619 5283 QuaprOpter,

196 5303 511 5360 cumulum
545 5320 816 5378 quosque
858 5305 920 5360 in
954 5319 1214 5359 errorem
1246 5303 1552 5376 proprium
1586 5304 1869 5360 deducere
1978 5306 2189 5361 fratres
2220 5303 2335 5360 mei
2368 5303 2754 5373 dilectissimi,
2778 5321 2812 5360 a
2842 5302 3207 5360 rectitudinis
3229 5298 3461 5357 tramite
3489 5301 3621 5356 nul-

192 5398 496 5463 quaarunt.
532 5392 896 5451 Resistentes
928 5408 1166 5467 quoque
1197 5392 1310 5448 sibi
1346 5393 1404 5448 in
1436 5393 1775 5464 bujusmodi
1809 5394 1867 5449 in
1976 5394 2206 5450 latenus
2224 5394 3075 5466 recedamus,quiasecundum
3092 5390 3364 5447 eumdem
3380 5389 3619 5447 beatum
3686 5402 3691 5409 ‘

192 5485 429 5539 tantum
455 5488 727 5556 proterve
748 5485 1081 5557 increpant,
1099 5485 1384 5554 quantum
1408 5498 1470 5539 se
1492 5482 1551 5537 in
1576 5499 1867 5554 perverso-
1975 5483 2349 5540 Ambrosium
2370 5483 2602 5555 justitia
2621 5501 2726 5541 nec
2755 5483 2897 5540 locis
2926 5498 3029 5537 nec
3052 5480 3315 5551 personis
3340 5497 3444 5538 nec
3472 5484 3615 5539 tem.

256 5664 378 5737 (52)
409 5664 546 5730 Quae
576 5667 910 5738 sequuntur
937 5664 1238 5722 adduntur
1267 5676 1336 5718 ex
1362 5661 1553 5720 Mansi
1584 5663 1737 5736 apud
1769 5661 1989 5732 Ba‘luz.,
2023 5662 2262 5723 Miscell.
2293 5683 2440 5725 sacr.
2473 5664 2742 5723 editionis
2777 5661 3110 5721 Luccensis.
