4096 6178
397 234 472 298 95
1418 247 1753 310 ATTONIS
1803 251 2381 312 Vl‘IRCELHﬂNSIS
2429 252 2775 314 EPISCQPI
3725 263 3805 323 96

403 366 659 464 poribus
671 368 988 464 excipitur;
1013 373 1113 431 sed
1135 374 1195 432 in
1217 374 1462 433 Domino
1488 379 1846 438 unanimiter
1865 384 2040 440 conﬁ-
2073 391 2128 458 Α
2157 387 2317 442 Beati
2346 387 2442 458 qui
2465 381 2893 460 persecutionem
2919 389 3216 461 patiuntur
3240 397 3464 462 propter
3492 391 3803 464 justitiam,

399 457 604 554 dentes
627 459 894 554 dicamus
915 479 927 517 :
952 464 1163 520 Bonum
1184 475 1263 521 est
1282 466 1546 535 conﬁdere
1566 471 1625 523 in
1641 470 1868 528 Domino
1888 490 2047 544 quam
2103 457 2127 458 ί
2157 457 2424 547 quoniam
2455 457 2698 548 ipsorum
2729 486 2806 534 est
2835 457 3064 550 regnum
3087 457 3354 535 caelorum
3379 457 3588 552 (Matth.
3613 501 3666 550 ν,
3698 457 3812 554 10'),

404 548 679 617 conﬁdere
727 550 788 604 in
838 550 1076 608 homine.
1115 557 1321 609 Bonum
1358 563 1438 610 est
1478 573 1698 627 sperare
1728 563 1787 614 in
1818 562 2046 618 Domino

399 652 572 707 quam
594 654 816 708 sperare
834 642 893 695 in
909 644 1254 714 principibus
1275 644 1441 713 (Psal.
1461 662 1626 717 cxvn,
1649 651 1700 714 8,
1719 650 1802 720 9),
1821 655 1876 704 et
1900 650 2043 706 illud

400 725 600 796 procul
633 728 809 785 dubio
839 731 1212 802 Evangelium
1259 732 1548 804 patienter
1595 744 1994 810 exspectemus
2027 757 2041 795 :

2159 565 2256 620 ubi
2283 581 2387 621 nos
2411 565 2544 636 pius
2565 567 2850 622 Dominus
2875 569 3188 639 perducere
3209 569 3500 641 dignetur,
3523 573 3695 640 cujus
3721 589 3809 628 re-

2154 669 2337 725 gnum
2361 658 2417 709 et
2440 655 2749 726 imperium
2773 657 2899 712 sine
2923 657 3038 712 ﬁne
3060 663 3364 728 permanet
3384 657 3440 712 in
3467 660 3679 715 saecula
3700 678 3810 716 sese

2155 741 2444 797 culorum.
2471 747 2655 820 Amen
2690 744 2921 816 (MANSI,
2946 745 3101 816 apud
3124 745 3340 814 Baluz.,
3361 747 3580 802 Miscell.
3608 751 3808 820 sacr.).

396 901 3812 937 __.____—___________________

1309 1084 2049 1191 ATTONIS
2137 1085 2904 1194 EPISGOPI

1830 1285 2357 1344 VERCELLENSIS

1517 1457 2668 1583 EPISTOLZE.

1351 1679 1540 1751 (Apud
1571 1679 1907 1752 Acherium,
1941 1682 2233 1755 Spicilegii
2264 1687 2420 1740 tomo
2454 1684 2496 1756 Ι,
2527 1700 2660 1758 pag.
2695 1685 2843 1753 431.)

913 1976 1251 2032 EPISTOLA
1287 1977 1512 2032 PRIMA

815 2081 887 2119 AD
929 2081 1234 2120 VALDONEM
1272 2082 1617 2122 EPISCOPUM.

461 2153 612 2208 ΑτΤο
629 2153 817 2224 gratia
829 2152 930 2207 Dei
953 2153 1197 2211 humilis
1217 2155 1527 2227 episcopus
1550 2155 1717 2211 ﬁdele
1737 2154 2037 2211 servitium

393 2256 526 2295 cum
560 2241 786 2296 devotis
815 2242 1198 2297 orationibus.

465 2327 677 2384 Multas
707 2332 908 2384 vestrae
941 2329 1212 2386 charitati
1243 2333 1544 2387 mercedes
1585 2332 1892 2388 referimus
1936 2349 2039 2403 pro

391 2421 512 2472 tam
538 2417 812 2474 benevola
831 2417 1117 2490 legatione
1134 2420 1322 2492 gratia
1345 2420 1726 2476 fraternitatis
1744 2427 2034 2492 suscepta.

393 2506 554 2569 Quod
578 2511 774 2562 autem
805 2523 905 2562 vos
937 2507 1241 2563 nobiscum
1266 2507 1624 2579 colloquium
1655 2509 1866 2564 habere
1895 2508 2040 2565 velle

394 2594 718 2660 indicastis,
740 2595 830 2651 vel
861 2613 995 2651 cum
1027 2601 1226 2652 nostro
1252 2598 1453 2663 misso,
1478 2597 1630 2653 Deus
1665 2599 1796 2664 scit,
1821 2599 1958 2670 quia
1989 2598 2040 2653 si

394 2682 590 2739 debita
617 2683 768 2739 inter
798 2701 902 2740 nos
933 2685 1128 2740 unitas
1155 2693 1538 2756 permaneret,
1573 2685 1824 2742 libenter
1850 2685 1908 2741 in
1941 2702 2038 2741 ve-

393 2775 580 2843 strum
613 2776 670 2827 et
697 2773 1027 2828 veniremus
1059 2779 1116 2829 et
1153 2773 1538 2847 dirigeremus
1569 2775 1892 2830 servitium.
1927 2777 2038 2831 Sed

393 2862 547 2932 quod
572 2862 738 2932 pejus
759 2866 866 2928 est,
891 2866 1054 2917 tanta
1074 2862 1227 2917 inter
1248 2868 1515 2918 nostrum
1539 2865 1828 2920 seniorem
1850 2869 1908 2918 et
1937 2881 2038 2920 vos

391 2950 638 3007 excrevit
680 2950 989 3019 dissensio,
1023 2955 1088 3006 ut
1134 2968 1238 3007 nec
1286 2952 1582 3023 loquendi,
1617 2969 1722 3007 nec
1769 2956 2037 3008 nostrum

394 3040 642 3096 missum
667 3039 954 3112 dirigendi
973 3041 1033 3095 in
1055 3045 1313 3096 vestrum
1340 3042 1640 3097 servitium
1668 3043 1889 3113 absque
1911 3042 2039 3110 eius

391 3128 628 3186 licentia
649 3128 820 3185 nobis
845 3145 1000 3184 nunc
1021 3133 1257 3201 tempus
1278 3131 1601 3185 conveniat.
1623 3129 2039 3184 Verumtamen

393 3219 545 3291 quod
570 3219 758 3291 magis
781 3218 839 3272 in
864 3234 1176 3273 commune
1197 3218 1592 3274 necessarium
1618 3234 1746 3274 esse
1777 3217 2042 3287 cognovi-

2067 1980 2113 2043 B
2146 1976 2427 2049 spelunca
2467 1978 2526 2033 in
2569 1993 2747 2032 manu
2778 1977 2967 2050 ipsius
3000 1977 3140 2033 Saul
3171 1976 3496 2048 incidisset,
3531 1977 3818 2035 dixerunt;

2151 2066 2301 2121 servi
2335 2067 2515 2121 David
2549 2067 2619 2121 ad
2656 2083 2788 2121 eum
2824 2085 2838 2121 :
2881 2069 3024 2121 Ecce
3051 2067 3165 2122 dies
3193 2066 3260 2121 de
3290 2082 3400 2138 qua
3427 2067 3693 2122 Dominus
3726 2069 3817 2123 lo-

2150 2163 2308 2211 cutus
2336 2163 2413 2211 est
2442 2155 2510 2210 ad
2541 2164 2592 2209 te
2620 2173 2639 2210 :
2688 2157 2796 2226 Ego
2825 2155 3041 2210 tradam
3075 2157 3182 2210 tibi
3210 2156 3509 2212 inimicum
3536 2159 3714 2225 tuum,
3755 2164 3824 2210 ut

2148 2247 2335 2320 facias
2381 2247 2435 2299 ei
2470 2245 2609 2299 sicut
2633 2245 2911 2316 placuerit
2941 2246 3000 2297 in
3028 2245 3202 2300 oculis
3233 2247 3365 2299 tuis.
3399 2244 3653 2300 Surrea'it
3681 2261 3823 2316 ergo

2151 2335 2350 2403 David,
2399 2337 2454 2388 et
2497 2333 2754 2404 praecidit
2799 2349 2962 2388 oram
3009 2332 3315 2404 chlamydis
3365 2332 3505 2388 Saul
3554 2334 3819 2388 silenter.

2149 2426 2278 2478 Post
2309 2422 2428 2478 haec
2452 2423 2725 2493 percussit
2770 2437 2863 2477 cor
2904 2438 3064 2476 suum
3107 2421 3283 2477 David
3329 2437 3390 2476 eo
3439 2423 3583 2492 quod
3627 2422 3818 2477 absci-

2149 2511 2314 2567 disset
2343 2527 2496 2566 oram
2526 2528 2544 2564 :
2593 2511 2842 2581 dixitque
2887 2510 2958 2565 ad
3003 2512 3148 2568 viros
3194 2526 3320 2566 suos
3351 2528 3371 2564 :
3416 2513 3690 2582 propitius
3734 2515 3820 2567 sit

2148 2601 2291 2655 mihi
2338 2600 2617 2666 Dominus,
2668 2616 2736 2655 ne
2781 2601 3010 2669 faciam‘
3051 2599 3192 2656 hanc
3246 2617 3367 2655 rem
3414 2599 3635 2655 domino
3683 2617 3820 2657 meo

2148 2687 2352 2743 chrislo
2386 2689 2636 2756 Domini,
2672 2695 2737 2742 ut
2779 2689 3000 2743 mittam
3044 2704 3274 2742 manum
3319 2704 3498 2744 meam
3547 2690 3606 2743 in
3655 2705 3814 2758 eum,

2151 2778 2282 2848 quia
2327 2777 2566 2831 claristus
2616 2777 2837 2831 Domini
2878 2780 2975 2831 est.
3013 2777 3154 2832 Vivit
3200 2778 3483 2844 Dominus,
3515 2778 3646 2848 quia
3691 2779 3823 2834 nisi

2151 2867 2420 2920 Dominus
2463 2867 2796 2934 percusserit
2837 2880 2980 2932 eum,
3015 2874 3110 2920 aut
3159 2866 3276 2921 dies
3321 2869 3443 2938 ejus
3491 2868 3700 2921 venerit
3753 2876 3824 2922 ut

2148 2956 2443 3022 moriatur,
2466 2957 2562 3008 aut
2591 2953 2921 3009 descendens
2949 2955 3011 3008 in
3035 2954 3301 3024 praelium
3324 2955 3594 3025 perierit;
3621 2957 3824 3026 propi-

2149 3045 2260 3098 tius
2305 3044 2378 3096 sit
2423 3041 2572 3096 mihi
2606 3043 2897 3110 Dominus,
2926 3058 2996 3097 ne
3032 3044 3251 3098 mittam
3277 3059 3506 3098 manum
3531 3058 3717 3098 meam
3752 3046 3824 3098 in

2149 3133 2420 3186 christum
2449 3132 2689 3186 Domini.
2723 3133 2798 3186 Et
2826 3133 3092 3203 confregit
3120 3131 3294 3188 David
3323 3133 3470 3188 viros
3511 3147 3634 3186 suos
3683 3147 3822 3186 ser-

2149 3219 2427 3286 monibus,
2480 3222 2532 3273 et
2581 3235 2694 3274 non
2737 3219 2994 3290 permisit
3037 3235 3146 3285 eos,
3201 3226 3262 3274 ut
3305 3225 3693 3290 consurgerent
3754 3222 3824 3276 in

395 3323 549 3371 mus,
573 3307 779 3362 debitae
811 3307 1116 3362 charitatis
1139 3305 1371 3362 vinculo
1395 3307 1715 3376 constricti,
1742 3306 1928 3362 celare
1947 3323 2042 3362 νο·
2072 3347 2114 3413 C
2153 3307 2288 3363 Saul
2337 3307 2384 3377 (I
2411 3307 2541 3375 Reg.
2565 3323 2716 3371 XXIV,
2739 3308 2819 3377 5).
2848 3306 3124 3370 Quamvis
3155 3308 3314 3362 enim
3347 3308 3418 3363 de
3451 3308 3607 3363 illius
3641 3309 3820 3379 abje-

393 3395 485 3451 bis
535 3394 777 3450 minime
824 3394 1106 3450 valemus.
1146 3394 1453 3449 Humiliter
1482 3401 1734 3449 vestram
1770 3400 2042 3466 rogantes

393 3483 828 3549 celsitudinem,
861 3487 925 3537 ut
972 3499 1098 3555 quas
1151 3501 1184 3538 a
1227 3499 1320 3538 me
1367 3487 1559 3538 vestro
1605 3483 1782 3550 ﬁdeli,
1815 3483 1956 3555 quin
1989 3488 2047 3539 et

394 3572 599 3628 inﬁmo
649 3570 926 3627 confratri
975 3570 1278 3626 humiliter
1309 3571 1556 3627 dicenda
1589 3577 1745 3642 sunt,
1780 3573 2043 3644 deposito

394 3659 709 3733 supercilio
754 3660 993 3732 paciﬁca
1033 3660 1235 3716 audire
1265 3661 1608 3732 dignemini.
1641 3661 1767 3716 Non
1818 3666 1894 3729 te,
1929 3663 2046 3717 Do-

395 3744 574 3820 mine,
607 3749 797 3817 laedat,
833 3749 987 3821 quod
1019 3749 1238 3820 aliquid
1275 3749 1445 3821 quasi
1487 3749 1890 3821 magistrando
1938 3750 2041 3805 tibi

396 3840 699 3895 insinuare
727 3855 1106 3910 praesumam,
1134 3839 1235 3911 qui
1268 3843 1330 3892 ut
1362 3839 1669 3894 familiaris
1699 3839 2045 3895 vernaculus

396 3943 709 4002 suggerere
724 3932 928 3983 vestrae
949 3927 1394 4000 magniﬁcentiae
1408 3934 1740 4000 opportuna
1755 3928 2043 3984 desidero.

397 4017 581 4084 Unde,
628 4017 871 4073 Domine
923 4017 1024 4084 mi,
1076 4021 1244 4073 tanta
1291 4023 1483 4072 vestro
1535 4017 1694 4072 cordi
1743 4016 2048 4089 subripere

398 4106 588 4179 potuit
616 4106 918 4162 temeritas
938 4106 966 4160 ?
995 4107 1150 4162 unde
1180 4110 1346 4160 tanta
1375 4106 1600 4177 exquiri
1648 4105 1835 4178 potuit
1883 4122 2048 4162 occa-

2153 3395 2361 3462 ctione,
2396 3410 2623 3464 suaque
2667 3394 2948 3450 electione
2991 3394 3234 3451 minime
3275 3395 3588 3462 dubitaret,
3622 3412 3825 3468 eoque

2155 3485 2540 3554 persequente
2573 3498 2760 3553 usque
2789 3483 2862 3538 ad
2894 3482 3125 3538 interna
3144 3487 3537 3540 coarctaretur
3567 3485 3820 3556 spelun-

2156 3587 2254 3640 cae,
2286 3575 2484 3625 tamen
2525 3586 2767 3626 manum
2812 3572 2874 3626 in
2922 3587 3059 3627 eum
3109 3573 3416 3629 extendere
3464 3572 3670 3636 noluit,
3706 3576 3822 3630 sed

2156 3659 2419 3713 divinum
2454 3658 2748 3729 judicium
2786 3659 3161 3731 exspectavit.
3195 3661 3265 3715 Et
3293 3662 3446 3732 quod
3480 3677 3642 3717 oram
3677 3667 3822 3718 tan-

2155 3747 2460 3803 tummodo
2491 3745 2818 3819 chlamydis
2848 3747 3037 3818 ipsius
3067 3748 3402 3815 absciderit,
3435 3755 3638 3828 postea
3667 3767 3819 3808 eum

2159 3835 2450 3907 paenituit,
2492 3852 2557 3890 eo
2608 3837 2766 3906 quod
2815 3836 3098 3908 principis
3147 3837 3562 3895 indumentum
3611 3839 3702 3894 vel
3756 3841 3828 3896 in

2159 3923 2357 3995 aliquo
2409 3923 2897 3980 dehonestaverit.
2944 3925 3038 3981 Sic
3087 3940 3186 3980 rex
3233 3925 3454 3983 electus
3503 3928 3830 3999 reprobato

2160 4014 2436 4086 pepercit,
2461 4013 2729 4084 quamvis
2759 4014 2830 4069 ab
2866 4014 2993 4086 ipso
3023 4013 3308 4071 innocens
3338 4013 3828 4088 persequeretur,

2161 4103 2455 4173 nimisque
2483 4106 2900 4174 angustaretur
2929 4103 3166 4172 injuste.

398 4195 485 4250 sio
504 4195 532 4249 ‘I
560 4196 718 4250 unde
744 4200 932 4250 vestra
957 4211 1124 4250 mens
1156 4200 1273 4250 tam
1306 4195 1416 4249 cito
1449 4194 1639 4266 potuit
1658 4194 1957 4260 concitari,
1988 4199 2051 4249 ut

400 4282 780 4339 sacerdotalis
811 4283 1188 4338 immemores
1228 4283 1580 4349 reverentiae,
1616 4299 1684 4338 ex
1732 4283 2049 4354 improviso

400 4389 434 4426 a
477 4377 666 4426 vestro
708 4371 1082 4428 discederetis
1121 4371 1368 4441 seniore,
1399 4373 1727 4443 vestrisque
1756 4372 2050 4427 benevolis

401 4460 813 4528 confratribus,
839 4465 894 4516 et
918 4460 1104 4533 gratis
1133 4461 1193 4516 in
1224 4460 1385 4532 ipsos
1417 4461 1720 4534 insurgere
1745 4477 1862 4515 non
1885 4477 2048 4517 vere-

2229 4191 2460 4246 Samuel
2497 4207 2731 4262 quoque
2763 4192 3183 4262 cum,jubente
3213 4193 3478 4260 Domino,
3503 4193 3664 4249 hunc
3688 4195 3835 4265 jam

2160 4296 2354 4352 regem
2395 4296 2572 4351 super
2621 4280 2800 4335 Israel
2851 4281 3105 4347 unxerit,
3138 4285 3378 4338 vocatus
3429 4300 3464 4338 a
3510 4283 3684 4339 Saule
3736 4284 3840 4340 ire

2160 4386 2277 4425 non
2300 4369 2549 4436 distulit,
2575 4368 2714 4438 quin
2741 4373 2797 4423 et
2826 4385 2929 4440 pro
2961 4385 3026 4424 eo
3057 4385 3121 4424 se
3146 4375 3450 4426 oraturum
3471 4373 3838 4444 spopondit,

2159 4459 2396 4514 dicens:
2431 4459 2583 4512 Absit
2611 4475 2648 4512 a
2678 4474 2764 4513 me
2793 4466 2855 4513 ut
2869 4473 3072 4514 cessem
3089 4474 3253 4515 orare
3279 4475 3376 4529 pro
3397 4468 3448 4513 te
3478 4461 3526 4526 (I
3554 4459 3681 4528 Reg.
3710 4476 3841 4535 xu,

399 4549 608 4604 remini
632 4550 660 4604 ?
688 4549 813 4604 Non
843 4548 965 4604 leve
987 4553 1076 4605 est
1103 4548 1358 4621 regalem
1391 4551 1739 4622 impugnare
1770 4550 2048 4620 majesta-
2157 4548 2272 4619 23).
2305 4547 2416 4603 Sed
2449 4563 2604 4601 nunc
2624 4546 2868 4603 rebelles
2900 4547 3116 4603 milites
3146 4548 3415 4604 resistere
3437 4547 3686 4603 Domino
3709 4565 3840 4606 suo

400 4641 544 4705 tem,
577 4639 687 4693 etsi
718 4638 940 4709 injuste.
987 4639 1046 4693 in
1090 4639 1290 4709 aliquo
1321 4639 1600 4694 videatur.
1640 4639 1734 4694 Dei
1767 4638 1922 4694 enim
1956 4656 2047 4693 or-
2163 4652 2342 4691 manu
2375 4641 2604 4690 armata
2635 4652 2751 4690 non
2801 4635 3140 4703 formidant,
3174 4651 3427 4708 eumque
3455 4633 3748 4707 expellere
3795 4656 3845 4696 ει

401 4726 623 4782 dinatio
645 4731 736 4782 est
763 4745 775 4794 ;
811 4727 906 4781 Dei
934 4731 1027 4782 est
1047 4726 1426 4798 dispensatio.
1452 4728 1766 4782 Profanum
1789 4731 1877 4783 est
1898 4729 2054 4783 enim
2088 4717 2133 4781 D
2166 4725 2329 4796 regni
2353 4723 2498 4779 solio
2522 4724 2878 4780 omnimodis
2898 4725 3184 4780 laborant.
3213 4727 3291 4781 De
3317 4724 3536 4780 talibus
3554 4724 3714 4780 enim
3741 4725 3846 4780 ait.

400 4813 616 4870 violare
647 4815 798 4885 quod
837 4820 991 4871 Deus
1039 4815 1289 4872 ordinat.
1324 4817 1414 4871 Ait
1453 4816 1610 4871 enim
1643 4815 1926 4871 Dominus
1956 4833 2059 4888 per
2167 4813 2452 4870 Dominus
2487 4830 2500 4870 :
2538 4813 2714 4869 Sinite
2742 4814 2890 4881 illos,
2921 4815 3052 4870 caci
3077 4822 3226 4882 sunt,
3257 4822 3308 4870 et
3333 4814 3496 4869 duces
3523 4828 3844 4870 caecorum.

401 4905 633 4976 Moysen
670 4921 682 4960 :
735 4906 1046 4976 Principem
1078 4906 1270 4976 populi
1311 4906 1400 4960 tui
1435 4923 1508 4961 ne
1536 4905 1834 4960 maledicas
1865 4906 2054 4976 (Exod.
2167 4902 2349 4958 Caecus
2369 4904 2519 4958 enim
2547 4904 2596 4958 si
2615 4917 2754 4958 caeco
2777 4902 3034 4958 ducatum
3059 4903 3486 4974 prmbeal,ambo
3510 4905 3572 4958 in
3597 4902 3850 4977 foveam

401 5011 564 5063 χχιιι,
589 4994 702 5065 28).
727 4997 994 5065 Namque
1017 4993 1110 5049 cui
1146 5011 1250 5048 nec
1282 4994 1628 5049 maledicere
1658 4993 1808 5060 licet,
1833 4993 2058 5065 liquido
2165 4991 2366 5046 cadunt
2394 4991 2613 5062 (Matth.
2646 5008 2737 5062 xv,
2775 4991 2880 5062 14).
2915 4991 3258 5048 Sacerdotes
3285 5009 3419 5048 vero
3443 4991 3566 5062 Dei,
3601 4991 3854 5062 quibus

403 5088 560 5158 patet
583 5083 725 5156 quia
745 5087 802 5139 et
831 5083 1106 5156 persequi
1141 5099 1257 5138 non
1284 5083 1436 5138 licet.
1461 5085 1530 5138 Et
1559 5099 1660 5154 per
1687 5083 1924 5139 beatum
1947 5084 2058 5139 Da-
2168 5080 2364 5136 divina
2395 5087 2533 5137 sunt
2562 5082 2984 5153 perscrutanda
3013 5081 3312 5147 mandata,
3348 5097 3463 5136 non
3494 5084 3730 5136 tantum
3762 5098 3855 5138 se

402 5173 498 5228 vid
537 5192 550 5229 ε
601 5174 781 5229 Nolite
829 5181 1051 5243 tangere
1097 5171 1325 5228 christos
1370 5189 1515 5228 meos
1560 5173 1731 5243 (Psal.
1781 5189 1893 5236 CIV,
1946 5174 2055 5244 15).
2168 5171 2464 5226 custodire
2513 5188 2546 5226 a
2597 5169 2835 5242 talibus,
2867 5171 2967 5226 sed
3013 5168 3191 5226 etiam
3220 5169 3367 5226 alios
3408 5186 3556 5242 quos
3599 5167 3854 5238 valent,

415 5263 573 5326 Quod
611 5267 830 5334 quanta
862 5262 1318 5317 mansuetudine
1350 5262 1474 5334 ipse
1496 5261 1905 5329 observaverit,
1933 5278 2055 5318 ma-
2169 5260 2460 5316 retrahere
2502 5259 2790 5315 convenit.
2824 5259 2985 5316 Certe
3023 5259 3149 5331 ipse
3186 5259 3474 5315 Dominus
3501 5258 3857 5330 tributum,

412 5351 691 5407 nifestum
725 5357 832 5408 est.
864 5355 1026 5407 Certe
1049 5352 1175 5421 jam
1206 5351 1343 5406 Saul
1374 5368 1484 5406 sua
1514 5351 1802 5423 protervia
1829 5350 1900 5405 ab
1931 5349 2058 5421 ipso
2160 5349 2406 5420 jubente
2427 5351 2668 5415 Caesare,
2691 5349 2826 5406 dare
2850 5349 3008 5406 nullo
3034 5348 3208 5404 modo
3235 5348 3554 5421 prohibuit,
3578 5347 3805 5404 dicens
3836 5367 3858 5406 :

412 5439 528 5494 Deo
562 5440 748 5495 fuerat
779 5441 1123 5513 reprobatus
1157 5458 1170 5507 ;
1215 5442 1341 5510 jam
1395 5445 1451 5494 et
1500 5440 1623 5510 ipse
1657 5439 1828 5494 David
1862 5439 2060 5496 divina
2169 5437 2387 5494 Reddite
2434 5452 2558 5508 qua:
2602 5437 2830 5494 Caesaris
2867 5446 3011 5509 sunt,
3049 5436 3258 5495 Caesari
3288 5436 3498 5509 (Matth.
3530 5453 3671 5505 xxu,
3705 5438 3857 5510 21).

333 5561 336 5564 ~
409 5529 596 5602 gratia
641 5529 697 5584 in
751 5546 944 5602 regem
993 5531 1183 5591 fuerat
1232 5532 1467 5599 unctus,
1501 5532 1557 5584 et
1605 5532 1800 5583 tamen
1833 5545 1966 5584 cum
1999 5529 2056 5584 in
2170 5529 2234 5583 In
2256 5543 2371 5598 quo
2393 5544 2510 5584 non
2530 5531 2762 5588 tantum
2785 5527 2991 5587 tributi
3011 5527 3285 5600 redditio,
3302 5527 3404 5585 sed
3427 5525 3608 5584 totius
3634 5525 3866 5586 debiti
