  <div class='ocr_page' id='page_1' title='image "/cluster/home/n/w/nwhite01/storage/ocr_20150623/134/hvd.32044023361702/054.png"; bbox 0 0 4116 6184; ppageno 0'>
   <div class='ocr_carea' id='block_1_1' title="bbox 273 369 3735 445">
    <p class='ocr_par' dir='ltr' id='par_1_1' title="bbox 273 369 3735 445">
     <span class='ocr_line' id='line_1_1' title="bbox 273 369 3735 445; baseline 0.011 -38"><span class='ocrx_word' id='word_1_1' title='bbox 273 374 351 427; x_wconf 66' lang='grc'>97</span> <span class='ocrx_word' id='word_1_2' title='bbox 1811 369 2232 428; x_wconf 52' lang='lat' dir='ltr'>temerata.</span> <span class='ocrx_word' id='word_1_3' title='bbox 3659 388 3735 445; x_wconf 78' lang='lat'>98</span> 
     </span>
    </p>
   </div>
   <div class='ocr_carea' id='block_1_2' title="bbox 272 498 3736 579">
    <p class='ocr_par' dir='ltr' id='par_1_2' title="bbox 272 498 3736 579">
     <span class='ocr_line' id='line_1_2' title="bbox 272 498 3736 579; baseline 0.005 -20"><span class='ocrx_word' id='word_1_4' title='bbox 272 501 525 559; x_wconf 84' lang='lat' dir='ltr'>honoris</span> <span class='ocrx_word' id='word_1_5' title='bbox 557 500 893 557; x_wconf 88' lang='lat' dir='ltr'>reverentia</span> <span class='ocrx_word' id='word_1_6' title='bbox 923 498 1371 570; x_wconf 90' lang='lat' dir='ltr'>intelligendum</span> <span class='ocrx_word' id='word_1_7' title='bbox 1417 502 1526 555; x_wconf 88' lang='lat' dir='ltr'>est.</span> <span class='ocrx_word' id='word_1_8' title='bbox 1564 500 1733 564; x_wconf 88' lang='lat' dir='ltr'>Quod</span> <span class='ocrx_word' id='word_1_9' title='bbox 1790 501 1965 555; x_wconf 90' lang='lat' dir='ltr'>etiam</span> <span class='ocrx_word' id='word_1_10' title='bbox 1996 504 2049 568; x_wconf 83' lang='grc' dir='ltr'><strong>Α</strong></span> <span class='ocrx_word' id='word_1_11' title='bbox 2079 506 2274 573; x_wconf 81' lang='lat' dir='ltr'>grates</span> <span class='ocrx_word' id='word_1_12' title='bbox 2306 504 2513 559; x_wconf 77' lang='lat' dir='ltr'>exinde</span> <span class='ocrx_word' id='word_1_13' title='bbox 2544 506 2753 577; x_wconf 88' lang='lat' dir='ltr'>dignas</span> <span class='ocrx_word' id='word_1_14' title='bbox 2777 506 3146 579; x_wconf 82' lang='lat' dir='ltr'>persolvant;</span> <span class='ocrx_word' id='word_1_15' title='bbox 3181 514 3437 571; x_wconf 82' lang='lat' dir='ltr'>siautem</span> <span class='ocrx_word' id='word_1_16' title='bbox 3458 517 3736 576; x_wconf 88' lang='lat' dir='ltr'>adversus</span> 
     </span>
    </p>
   </div>
   <div class='ocr_carea' id='block_1_3' title="bbox 270 586 1959 665">
    <p class='ocr_par' dir='ltr' id='par_1_3' title="bbox 270 586 1959 665">
     <span class='ocr_line' id='line_1_3' title="bbox 270 586 1959 665; baseline -0.002 -18"><span class='ocrx_word' id='word_1_17' title='bbox 270 593 406 665; x_wconf 85' lang='lat' dir='ltr'>ipse</span> <span class='ocrx_word' id='word_1_18' title='bbox 437 607 577 645; x_wconf 91' lang='lat' dir='ltr'>cum</span> <span class='ocrx_word' id='word_1_19' title='bbox 602 590 676 645; x_wconf 92' lang='lat' dir='ltr'>ab</span> <span class='ocrx_word' id='word_1_20' title='bbox 710 589 1081 645; x_wconf 85' lang='lat' dir='ltr'>exactoribus</span> <span class='ocrx_word' id='word_1_21' title='bbox 1100 592 1163 640; x_wconf 90' lang='lat' dir='ltr'>ut</span> <span class='ocrx_word' id='word_1_22' title='bbox 1195 586 1959 658; x_wconf 89' lang='lat' dir='ltr'>redderet,urgeretur,non</span> 
     </span>
    </p>
   </div>
   <div class='ocr_carea' id='block_1_4' title="bbox 277 674 1965 752">
    <p class='ocr_par' dir='ltr' id='par_1_4' title="bbox 277 674 1965 752">
     <span class='ocr_line' id='line_1_4' title="bbox 277 674 1965 752; baseline -0.004 -16"><span class='ocrx_word' id='word_1_23' title='bbox 277 680 645 752; x_wconf 81' lang='lat' dir='ltr'>dedignatus</span> <span class='ocrx_word' id='word_1_24' title='bbox 677 683 767 734; x_wconf 90' lang='lat' dir='ltr'>est</span> <span class='ocrx_word' id='word_1_25' title='bbox 796 676 1160 750; x_wconf 87' lang='lat' dir='ltr'>perselvere;</span> <span class='ocrx_word' id='word_1_26' title='bbox 1196 674 1295 729; x_wconf 89' lang='lat' dir='ltr'>sed</span> <span class='ocrx_word' id='word_1_27' title='bbox 1356 674 1439 728; x_wconf 91' lang='lat' dir='ltr'>ait</span> <span class='ocrx_word' id='word_1_28' title='bbox 1500 675 1673 730; x_wconf 90' lang='lat' dir='ltr'>Petro</span> <span class='ocrx_word' id='word_1_29' title='bbox 1724 676 1864 732; x_wconf 86' lang='lat' dir='ltr'>Vade</span> <span class='ocrx_word' id='word_1_30' title='bbox 1886 676 1965 731; x_wconf 85' lang='lat' dir='ltr'>ad</span> 
     </span>
    </p>
   </div>
   <div class='ocr_carea' id='block_1_5' title="bbox 278 765 1965 839">
    <p class='ocr_par' dir='ltr' id='par_1_5' title="bbox 278 765 1965 839">
     <span class='ocr_line' id='line_1_5' title="bbox 278 765 1965 839; baseline -0.004 -14"><span class='ocrx_word' id='word_1_31' title='bbox 278 787 462 839; x_wconf 85' lang='lat' dir='ltr'>mare,</span> <span class='ocrx_word' id='word_1_32' title='bbox 497 778 548 824; x_wconf 85' lang='lat' dir='ltr'>et</span> <span class='ocrx_word' id='word_1_33' title='bbox 576 770 738 823; x_wconf 89' lang='lat' dir='ltr'>mitte</span> <span class='ocrx_word' id='word_1_34' title='bbox 766 768 1015 830; x_wconf 85' lang='lat' dir='ltr'>hamum,</span> <span class='ocrx_word' id='word_1_35' title='bbox 1067 767 1119 818; x_wconf 90' lang='lat' dir='ltr'>et</span> <span class='ocrx_word' id='word_1_36' title='bbox 1165 780 1289 818; x_wconf 89' lang='lat' dir='ltr'>eum</span> <span class='ocrx_word' id='word_1_37' title='bbox 1342 766 1546 835; x_wconf 83' lang='lat' dir='ltr'>piscem</span> <span class='ocrx_word' id='word_1_38' title='bbox 1588 765 1691 834; x_wconf 87' lang='lat' dir='ltr'>qui</span> <span class='ocrx_word' id='word_1_39' title='bbox 1745 767 1965 835; x_wconf 88' lang='lat' dir='ltr'>primus</span> 
     </span>
    </p>
   </div>
   <div class='ocr_carea' id='block_1_6' title="bbox 280 854 1965 924">
    <p class='ocr_par' dir='ltr' id='par_1_6' title="bbox 280 854 1965 924">
     <span class='ocr_line' id='line_1_6' title="bbox 280 854 1965 924; baseline -0.004 -11"><span class='ocrx_word' id='word_1_40' title='bbox 280 858 620 924; x_wconf 72' lang='lat' dir='ltr'>ascenderit,</span> <span class='ocrx_word' id='word_1_41' title='bbox 651 857 805 922; x_wconf 88' lang='lat' dir='ltr'>tolle,</span> <span class='ocrx_word' id='word_1_42' title='bbox 836 863 890 910; x_wconf 89' lang='lat' dir='ltr'>et</span> <span class='ocrx_word' id='word_1_43' title='bbox 918 857 1113 924; x_wconf 91' lang='lat' dir='ltr'>aperto</span> <span class='ocrx_word' id='word_1_44' title='bbox 1136 868 1226 907; x_wconf 90' lang='lat' dir='ltr'>ore</span> <span class='ocrx_word' id='word_1_45' title='bbox 1256 854 1370 923; x_wconf 89' lang='lat' dir='ltr'>ejus</span> <span class='ocrx_word' id='word_1_46' title='bbox 1388 854 1636 907; x_wconf 86' lang='lat' dir='ltr'>invenies</span> <span class='ocrx_word' id='word_1_47' title='bbox 1656 857 1929 907; x_wconf 88' lang='lat' dir='ltr'>staterem</span> <span class='ocrx_word' id='word_1_48' title='bbox 1947 870 1965 912; x_wconf 86' lang='lat'>:</span> 
     </span>
    </p>
   </div>
   <div class='ocr_carea' id='block_1_7' title="bbox 283 942 1964 1015">
    <p class='ocr_par' dir='ltr' id='par_1_7' title="bbox 283 942 1964 1015">
     <span class='ocr_line' id='line_1_7' title="bbox 283 942 1964 1015; baseline -0.005 -13"><span class='ocrx_word' id='word_1_49' title='bbox 283 947 462 1002; x_wconf 77' lang='lat' dir='ltr'>illum</span> <span class='ocrx_word' id='word_1_50' title='bbox 483 963 718 1012; x_wconf 81' lang='lat' dir='ltr'>sumens,</span> <span class='ocrx_word' id='word_1_51' title='bbox 753 945 823 1000; x_wconf 81' lang='lat' dir='ltr'>da</span> <span class='ocrx_word' id='word_1_52' title='bbox 847 946 927 999; x_wconf 87' lang='lat' dir='ltr'>eis</span> <span class='ocrx_word' id='word_1_53' title='bbox 949 959 1059 1015; x_wconf 90' lang='lat' dir='ltr'>pro</span> <span class='ocrx_word' id='word_1_54' title='bbox 1081 956 1185 1007; x_wconf 88' lang='lat' dir='ltr'>me,</span> <span class='ocrx_word' id='word_1_55' title='bbox 1219 945 1269 995; x_wconf 90' lang='lat' dir='ltr'>et</span> <span class='ocrx_word' id='word_1_56' title='bbox 1322 957 1426 1012; x_wconf 88' lang='lat' dir='ltr'>pro</span> <span class='ocrx_word' id='word_1_57' title='bbox 1456 945 1509 995; x_wconf 91' lang='lat' dir='ltr'>te</span> <span class='ocrx_word' id='word_1_58' title='bbox 1539 942 1763 1011; x_wconf 85' lang='lat' dir='ltr'>(Matth.</span> <span class='ocrx_word' id='word_1_59' title='bbox 1825 958 1964 1010; x_wconf 85' lang='lat' dir='ltr'>xvn,</span> 
     </span>
    </p>
   </div>
   <div class='ocr_carea' id='block_1_8' title="bbox 281 1028 1969 1106">
    <p class='ocr_par' dir='ltr' id='par_1_8' title="bbox 281 1028 1969 1106">
     <span class='ocr_line' id='line_1_8' title="bbox 281 1028 1969 1106; baseline -0.005 -14"><span class='ocrx_word' id='word_1_60' title='bbox 281 1038 401 1106; x_wconf 82' lang='grc'>26).</span> <span class='ocrx_word' id='word_1_61' title='bbox 440 1034 607 1091; x_wconf 85' lang='lat' dir='ltr'>Unde</span> <span class='ocrx_word' id='word_1_62' title='bbox 634 1040 690 1089; x_wconf 89' lang='lat' dir='ltr'>et</span> <span class='ocrx_word' id='word_1_63' title='bbox 717 1034 840 1105; x_wconf 90' lang='lat' dir='ltr'>ipse</span> <span class='ocrx_word' id='word_1_64' title='bbox 871 1037 1035 1087; x_wconf 88' lang='lat' dir='ltr'>tanta</span> <span class='ocrx_word' id='word_1_65' title='bbox 1070 1028 1330 1100; x_wconf 77' lang='lat' dir='ltr'>Magistri</span> <span class='ocrx_word' id='word_1_66' title='bbox 1364 1029 1633 1083; x_wconf 89' lang='lat' dir='ltr'>eruditus</span> <span class='ocrx_word' id='word_1_67' title='bbox 1692 1028 1969 1083; x_wconf 83' lang='lat' dir='ltr'>doctrina</span> 
     </span>
    </p>
   </div>
   <div class='ocr_carea' id='block_1_9' title="bbox 286 1118 1969 1189">
    <p class='ocr_par' dir='ltr' id='par_1_9' title="bbox 286 1118 1969 1189">
     <span class='ocr_line' id='line_1_9' title="bbox 286 1118 1969 1189; baseline -0.005 -10"><span class='ocrx_word' id='word_1_68' title='bbox 286 1126 576 1179; x_wconf 75' lang='lat' dir='ltr'>admonet</span> <span class='ocrx_word' id='word_1_69' title='bbox 606 1122 918 1179; x_wconf 78' lang='lat' dir='ltr'>Ecclesium</span> <span class='ocrx_word' id='word_1_70' title='bbox 951 1118 1291 1175; x_wconf 90' lang='lat' dir='ltr'>omnimode</span> <span class='ocrx_word' id='word_1_71' title='bbox 1310 1118 1546 1189; x_wconf 90' lang='lat' dir='ltr'>regibus</span> <span class='ocrx_word' id='word_1_72' title='bbox 1560 1133 1807 1171; x_wconf 88' lang='lat' dir='ltr'>servare</span> <span class='ocrx_word' id='word_1_73' title='bbox 1828 1118 1969 1172; x_wconf 86' lang='lat' dir='ltr'>obe-</span> 
     </span>
    </p>
   </div>
   <div class='ocr_carea' id='block_1_10' title="bbox 288 1204 1968 1275">
    <p class='ocr_par' dir='ltr' id='par_1_10' title="bbox 288 1204 1968 1275">
     <span class='ocr_line' id='line_1_10' title="bbox 288 1204 1968 1275; baseline -0.005 -8"><span class='ocrx_word' id='word_1_74' title='bbox 288 1213 604 1268; x_wconf 83' lang='lat' dir='ltr'>dientiam.</span> <span class='ocrx_word' id='word_1_75' title='bbox 636 1211 729 1265; x_wconf 89' lang='lat' dir='ltr'>Ait</span> <span class='ocrx_word' id='word_1_76' title='bbox 764 1210 918 1266; x_wconf 90' lang='lat' dir='ltr'>enim</span> <span class='ocrx_word' id='word_1_77' title='bbox 953 1226 965 1263; x_wconf 91' lang='lat'>:</span> <span class='ocrx_word' id='word_1_78' title='bbox 998 1208 1175 1263; x_wconf 90' lang='lat' dir='ltr'>Deum</span> <span class='ocrx_word' id='word_1_79' title='bbox 1212 1206 1416 1275; x_wconf 80' lang='lat' dir='ltr'>timete,</span> <span class='ocrx_word' id='word_1_80' title='bbox 1478 1220 1661 1274; x_wconf 87' lang='lat' dir='ltr'>regem</span> <span class='ocrx_word' id='word_1_81' title='bbox 1695 1204 1968 1275; x_wconf 80' lang='lat' dir='ltr'>honoriﬁ-</span> 
     </span>
    </p>
   </div>
   <div class='ocr_carea' id='block_1_11' title="bbox 286 1292 1970 1369">
    <p class='ocr_par' dir='ltr' id='par_1_11' title="bbox 286 1292 1970 1369">
     <span class='ocr_line' id='line_1_11' title="bbox 286 1292 1970 1369; baseline -0.007 -12"><span class='ocrx_word' id='word_1_82' title='bbox 286 1306 415 1357; x_wconf 86' lang='lat' dir='ltr'>cate</span> <span class='ocrx_word' id='word_1_83' title='bbox 444 1302 494 1369; x_wconf 93' lang='lat' dir='ltr'>(I</span> <span class='ocrx_word' id='word_1_84' title='bbox 519 1304 673 1356; x_wconf 87' lang='lat' dir='ltr'>Petr.</span> <span class='ocrx_word' id='word_1_85' title='bbox 708 1317 785 1367; x_wconf 88' lang='grc' dir='ltr'>ιιι,</span> <span class='ocrx_word' id='word_1_86' title='bbox 823 1300 932 1365; x_wconf 82' lang='grc'>14).</span> <span class='ocrx_word' id='word_1_87' title='bbox 964 1298 1115 1352; x_wconf 89' lang='lat' dir='ltr'>Nam</span> <span class='ocrx_word' id='word_1_88' title='bbox 1167 1301 1297 1366; x_wconf 91' lang='lat' dir='ltr'>post</span> <span class='ocrx_word' id='word_1_89' title='bbox 1356 1295 1631 1349; x_wconf 82' lang='lat' dir='ltr'>timorem</span> <span class='ocrx_word' id='word_1_90' title='bbox 1701 1292 1810 1347; x_wconf 90' lang='lat' dir='ltr'>Dei</span> <span class='ocrx_word' id='word_1_91' title='bbox 1869 1294 1970 1364; x_wconf 86' lang='lat' dir='ltr'>qui</span> 
     </span>
    </p>
   </div>
   <div class='ocr_carea' id='block_1_12' title="bbox 286 1382 1970 1462">
    <p class='ocr_par' dir='ltr' id='par_1_12' title="bbox 286 1382 1970 1462">
     <span class='ocr_line' id='line_1_12' title="bbox 286 1382 1970 1462; baseline -0.006 -17"><span class='ocrx_word' id='word_1_92' title='bbox 286 1390 602 1462; x_wconf 82' lang='lat' dir='ltr'>sapientiae</span> <span class='ocrx_word' id='word_1_93' title='bbox 633 1390 868 1444; x_wconf 89' lang='lat' dir='ltr'>initium</span> <span class='ocrx_word' id='word_1_94' title='bbox 900 1391 1007 1453; x_wconf 89' lang='lat' dir='ltr'>est,</span> <span class='ocrx_word' id='word_1_95' title='bbox 1044 1383 1273 1455; x_wconf 88' lang='lat' dir='ltr'>regium</span> <span class='ocrx_word' id='word_1_96' title='bbox 1306 1383 1510 1439; x_wconf 82' lang='lat' dir='ltr'>statim</span> <span class='ocrx_word' id='word_1_97' title='bbox 1536 1382 1970 1454; x_wconf 63' lang='lat' dir='ltr'>praecepitser-</span> 
     </span>
    </p>
   </div>
   <div class='ocr_carea' id='block_1_13' title="bbox 284 1470 1969 1541">
    <p class='ocr_par' dir='ltr' id='par_1_13' title="bbox 284 1470 1969 1541">
     <span class='ocr_line' id='line_1_13' title="bbox 284 1470 1969 1541; baseline -0.005 -6"><span class='ocrx_word' id='word_1_98' title='bbox 284 1479 556 1535; x_wconf 86' lang='lat' dir='ltr'>vandum</span> <span class='ocrx_word' id='word_1_99' title='bbox 618 1494 742 1533; x_wconf 89' lang='lat' dir='ltr'>esse</span> <span class='ocrx_word' id='word_1_100' title='bbox 798 1478 1106 1532; x_wconf 90' lang='lat' dir='ltr'>honorem.</span> <span class='ocrx_word' id='word_1_101' title='bbox 1169 1473 1238 1527; x_wconf 89' lang='lat' dir='ltr'>Et</span> <span class='ocrx_word' id='word_1_102' title='bbox 1300 1473 1472 1528; x_wconf 90' lang='lat' dir='ltr'>item:</span> <span class='ocrx_word' id='word_1_103' title='bbox 1539 1470 1753 1541; x_wconf 87' lang='lat' dir='ltr'>Sujecti</span> <span class='ocrx_word' id='word_1_104' title='bbox 1808 1474 1969 1526; x_wconf 87' lang='lat' dir='ltr'>estote</span> 
     </span>
    </p>
   </div>
   <div class='ocr_carea' id='block_1_14' title="bbox 286 1560 1971 1633">
    <p class='ocr_par' dir='ltr' id='par_1_14' title="bbox 286 1560 1971 1633">
     <span class='ocr_line' id='line_1_14' title="bbox 286 1560 1971 1633; baseline -0.006 -9"><span class='ocrx_word' id='word_1_105' title='bbox 286 1570 453 1624; x_wconf 89' lang='lat' dir='ltr'>omni</span> <span class='ocrx_word' id='word_1_106' title='bbox 484 1567 749 1623; x_wconf 72' lang='lat' dir='ltr'>humana:</span> <span class='ocrx_word' id='word_1_107' title='bbox 774 1574 1047 1620; x_wconf 70' lang='lat' dir='ltr'>creaturae</span> <span class='ocrx_word' id='word_1_108' title='bbox 1073 1566 1301 1633; x_wconf 90' lang='lat' dir='ltr'>propter</span> <span class='ocrx_word' id='word_1_109' title='bbox 1318 1562 1623 1630; x_wconf 89' lang='lat' dir='ltr'>Deum,sive</span> <span class='ocrx_word' id='word_1_110' title='bbox 1652 1560 1784 1629; x_wconf 87' lang='lat' dir='ltr'>regi</span> <span class='ocrx_word' id='word_1_111' title='bbox 1810 1562 1971 1631; x_wconf 87' lang='lat' dir='ltr'>quasi</span> 
     </span>
    </p>
   </div>
   <div class='ocr_carea' id='block_1_15' title="bbox 280 1648 1965 1730">
    <p class='ocr_par' dir='ltr' id='par_1_15' title="bbox 280 1648 1965 1730">
     <span class='ocr_line' id='line_1_15' title="bbox 280 1648 1965 1730; baseline -0.007 -18"><span class='ocrx_word' id='word_1_112' title='bbox 280 1657 657 1730; x_wconf 60' lang='lat' dir='ltr'>praecellenti,</span> <span class='ocrx_word' id='word_1_113' title='bbox 689 1655 797 1710; x_wconf 89' lang='lat' dir='ltr'>sive</span> <span class='ocrx_word' id='word_1_114' title='bbox 828 1652 1058 1708; x_wconf 88' lang='lat' dir='ltr'>ducibus</span> <span class='ocrx_word' id='word_1_115' title='bbox 1089 1659 1360 1719; x_wconf 82' lang='lat' dir='ltr'>tanquam</span> <span class='ocrx_word' id='word_1_116' title='bbox 1414 1652 1486 1704; x_wconf 90' lang='lat' dir='ltr'>ab</span> <span class='ocrx_word' id='word_1_117' title='bbox 1537 1665 1595 1704; x_wconf 90' lang='lat' dir='ltr'>eo</span> <span class='ocrx_word' id='word_1_118' title='bbox 1651 1650 1840 1703; x_wconf 79' lang='lat' dir='ltr'>missis</span> <span class='ocrx_word' id='word_1_119' title='bbox 1896 1648 1965 1702; x_wconf 90' lang='lat' dir='ltr'>ad</span> 
     </span>
    </p>
   </div>
   <div class='ocr_carea' id='block_1_16' title="bbox 285 1736 1967 1814">
    <p class='ocr_par' dir='ltr' id='par_1_16' title="bbox 285 1736 1967 1814">
     <span class='ocr_line' id='line_1_16' title="bbox 285 1736 1967 1814; baseline -0.007 -12"><span class='ocrx_word' id='word_1_120' title='bbox 285 1747 606 1803; x_wconf 77' lang='lat' dir='ltr'>vindictam</span> <span class='ocrx_word' id='word_1_121' title='bbox 635 1745 1069 1814; x_wconf 82' lang='lat' dir='ltr'>male/actorum,</span> <span class='ocrx_word' id='word_1_122' title='bbox 1105 1738 1333 1794; x_wconf 87' lang='lat' dir='ltr'>laudem</span> <span class='ocrx_word' id='word_1_123' title='bbox 1361 1755 1484 1794; x_wconf 90' lang='lat' dir='ltr'>vero</span> <span class='ocrx_word' id='word_1_124' title='bbox 1526 1739 1809 1793; x_wconf 88' lang='lat' dir='ltr'>bonorum.</span> <span class='ocrx_word' id='word_1_125' title='bbox 1870 1736 1967 1791; x_wconf 88' lang='lat' dir='ltr'>Sic</span> 
     </span>
    </p>
   </div>
   <div class='ocr_carea' id='block_1_17' title="bbox 287 1825 1966 1904">
    <p class='ocr_par' dir='ltr' id='par_1_17' title="bbox 287 1825 1966 1904">
     <span class='ocr_line' id='line_1_17' title="bbox 287 1825 1966 1904; baseline -0.009 -11"><span class='ocrx_word' id='word_1_126' title='bbox 287 1836 458 1893; x_wconf 89' lang='lat' dir='ltr'>enim</span> <span class='ocrx_word' id='word_1_127' title='bbox 494 1851 604 1890; x_wconf 90' lang='lat' dir='ltr'>nos</span> <span class='ocrx_word' id='word_1_128' title='bbox 633 1834 782 1904; x_wconf 85' lang='lat' dir='ltr'>regis</span> <span class='ocrx_word' id='word_1_129' title='bbox 799 1832 1104 1901; x_wconf 87' lang='lat' dir='ltr'>subjectos</span> <span class='ocrx_word' id='word_1_130' title='bbox 1126 1844 1260 1883; x_wconf 88' lang='lat' dir='ltr'>esse</span> <span class='ocrx_word' id='word_1_131' title='bbox 1284 1828 1454 1883; x_wconf 87' lang='lat' dir='ltr'>docet</span> <span class='ocrx_word' id='word_1_132' title='bbox 1492 1826 1643 1882; x_wconf 87' lang='lat' dir='ltr'>sicut</span> <span class='ocrx_word' id='word_1_133' title='bbox 1675 1825 1966 1897; x_wconf 71' lang='lat' dir='ltr'>pramelle-</span> 
     </span>
    </p>
   </div>
   <div class='ocr_carea' id='block_1_18' title="bbox 288 1914 1971 1993">
    <p class='ocr_par' dir='ltr' id='par_1_18' title="bbox 288 1914 1971 1993">
     <span class='ocr_line' id='line_1_18' title="bbox 288 1914 1971 1993; baseline -0.009 -10"><span class='ocrx_word' id='word_1_134' title='bbox 288 1927 379 1983; x_wconf 85' lang='lat' dir='ltr'>sic</span> <span class='ocrx_word' id='word_1_135' title='bbox 414 1924 668 1979; x_wconf 91' lang='lat' dir='ltr'>ducibus</span> <span class='ocrx_word' id='word_1_136' title='bbox 698 1927 987 1993; x_wconf 79' lang='lat' dir='ltr'>tanquam</span> <span class='ocrx_word' id='word_1_137' title='bbox 1011 1918 1080 1973; x_wconf 90' lang='lat' dir='ltr'>ab</span> <span class='ocrx_word' id='word_1_138' title='bbox 1114 1914 1684 1971; x_wconf 88' lang='lat' dir='ltr'>eomissis.Multum</span> <span class='ocrx_word' id='word_1_139' title='bbox 1715 1930 1971 1985; x_wconf 83' lang='lat' dir='ltr'>namque</span> 
     </span>
    </p>
   </div>
   <div class='ocr_carea' id='block_1_19' title="bbox 288 2003 1972 2085">
    <p class='ocr_par' dir='ltr' id='par_1_19' title="bbox 288 2003 1972 2085">
     <span class='ocr_line' id='line_1_19' title="bbox 288 2003 1972 2085; baseline -0.008 -14"><span class='ocrx_word' id='word_1_140' title='bbox 288 2015 566 2071; x_wconf 82' lang='lat' dir='ltr'>estinter</span> <span class='ocrx_word' id='word_1_141' title='bbox 598 2011 950 2085; x_wconf 89' lang='lat' dir='ltr'>principem,</span> <span class='ocrx_word' id='word_1_142' title='bbox 983 2012 1039 2062; x_wconf 91' lang='lat' dir='ltr'>et</span> <span class='ocrx_word' id='word_1_143' title='bbox 1085 2006 1345 2059; x_wconf 88' lang='lat' dir='ltr'>missum</span> <span class='ocrx_word' id='word_1_144' title='bbox 1404 2004 1475 2060; x_wconf 92' lang='lat' dir='ltr'>ab</span> <span class='ocrx_word' id='word_1_145' title='bbox 1536 2021 1621 2059; x_wconf 88' lang='lat' dir='ltr'>co.</span> <span class='ocrx_word' id='word_1_146' title='bbox 1682 2003 1790 2058; x_wconf 89' lang='lat' dir='ltr'>Sed</span> <span class='ocrx_word' id='word_1_147' title='bbox 1850 2003 1972 2058; x_wconf 74' lang='lat' dir='ltr'>haec</span> 
     </span>
    </p>
   </div>
   <div class='ocr_carea' id='block_1_20' title="bbox 293 2092 1970 2178">
    <p class='ocr_par' dir='ltr' id='par_1_20' title="bbox 293 2092 1970 2178">
     <span class='ocr_line' id='line_1_20' title="bbox 293 2092 1970 2178; baseline -0.007 -19"><span class='ocrx_word' id='word_1_148' title='bbox 293 2106 581 2178; x_wconf 89' lang='lat' dir='ltr'>princeps</span> <span class='ocrx_word' id='word_1_149' title='bbox 638 2103 803 2157; x_wconf 85' lang='lat' dir='ltr'>docet</span> <span class='ocrx_word' id='word_1_150' title='bbox 861 2096 1155 2153; x_wconf 76' lang='lat' dir='ltr'>Ecclesiae.</span> <span class='ocrx_word' id='word_1_151' title='bbox 1216 2093 1544 2148; x_wconf 89' lang='lat' dir='ltr'>Vibeamus</span> <span class='ocrx_word' id='word_1_152' title='bbox 1595 2092 1733 2163; x_wconf 91' lang='lat' dir='ltr'>quid</span> <span class='ocrx_word' id='word_1_153' title='bbox 1767 2093 1970 2161; x_wconf 88' lang='lat' dir='ltr'>etejus</span> 
     </span>
    </p>
   </div>
   <div class='ocr_carea' id='block_1_21' title="bbox 295 2182 1973 2256">
    <p class='ocr_par' dir='ltr' id='par_1_21' title="bbox 295 2182 1973 2256">
     <span class='ocr_line' id='line_1_21' title="bbox 295 2182 1973 2256; baseline -0.01 -5"><span class='ocrx_word' id='word_1_154' title='bbox 295 2196 543 2251; x_wconf 78' lang='lat' dir='ltr'>socius:</span> <span class='ocrx_word' id='word_1_155' title='bbox 578 2192 690 2247; x_wconf 83' lang='lat' dir='ltr'>Non</span> <span class='ocrx_word' id='word_1_156' title='bbox 734 2197 817 2245; x_wconf 91' lang='lat' dir='ltr'>est</span> <span class='ocrx_word' id='word_1_157' title='bbox 861 2188 1132 2256; x_wconf 86' lang='lat' dir='ltr'>postestas</span> <span class='ocrx_word' id='word_1_158' title='bbox 1162 2184 1278 2237; x_wconf 87' lang='lat' dir='ltr'>nisi</span> <span class='ocrx_word' id='word_1_159' title='bbox 1334 2198 1368 2236; x_wconf 90' lang='lat' dir='ltr'>a</span> <span class='ocrx_word' id='word_1_160' title='bbox 1414 2182 1558 2236; x_wconf 89' lang='lat' dir='ltr'>Deo:</span> <span class='ocrx_word' id='word_1_161' title='bbox 1616 2196 1733 2250; x_wconf 74' lang='lat' dir='ltr'>qua:</span> <span class='ocrx_word' id='word_1_162' title='bbox 1790 2184 1973 2234; x_wconf 86' lang='lat' dir='ltr'>autem</span> 
     </span>
    </p>
   </div>
   <div class='ocr_carea' id='block_1_22' title="bbox 294 2270 1971 2350">
    <p class='ocr_par' dir='ltr' id='par_1_22' title="bbox 294 2270 1971 2350">
     <span class='ocr_line' id='line_1_22' title="bbox 294 2270 1971 2350; baseline -0.011 -10"><span class='ocrx_word' id='word_1_163' title='bbox 294 2288 457 2350; x_wconf 86' lang='lat' dir='ltr'>sunt,</span> <span class='ocrx_word' id='word_1_164' title='bbox 489 2300 525 2336; x_wconf 91' lang='lat' dir='ltr'>a</span> <span class='ocrx_word' id='word_1_165' title='bbox 558 2282 659 2336; x_wconf 91' lang='lat' dir='ltr'>Deo</span> <span class='ocrx_word' id='word_1_166' title='bbox 688 2278 950 2334; x_wconf 87' lang='lat' dir='ltr'>ordinata</span> <span class='ocrx_word' id='word_1_167' title='bbox 980 2278 1128 2339; x_wconf 89' lang='lat' dir='ltr'>sunt,</span> <span class='ocrx_word' id='word_1_168' title='bbox 1161 2274 1352 2341; x_wconf 86' lang='lat' dir='ltr'>Itaque</span> <span class='ocrx_word' id='word_1_169' title='bbox 1410 2272 1507 2341; x_wconf 91' lang='lat' dir='ltr'>qui</span> <span class='ocrx_word' id='word_1_170' title='bbox 1562 2270 1767 2324; x_wconf 76' lang='lat' dir='ltr'>resistit</span> <span class='ocrx_word' id='word_1_171' title='bbox 1817 2275 1971 2339; x_wconf 86' lang='lat' dir='ltr'>pote-</span> 
     </span>
    </p>
   </div>
   <div class='ocr_carea' id='block_1_23' title="bbox 297 2359 1970 2438">
    <p class='ocr_par' dir='ltr' id='par_1_23' title="bbox 297 2359 1970 2438">
     <span class='ocr_line' id='line_1_23' title="bbox 297 2359 1970 2438; baseline -0.012 -8"><span class='ocrx_word' id='word_1_172' title='bbox 297 2375 462 2438; x_wconf 88' lang='lat' dir='ltr'>stati,</span> <span class='ocrx_word' id='word_1_173' title='bbox 501 2372 608 2426; x_wconf 87' lang='lat' dir='ltr'>Dei</span> <span class='ocrx_word' id='word_1_174' title='bbox 637 2366 985 2423; x_wconf 85' lang='lat' dir='ltr'>ordinationi</span> <span class='ocrx_word' id='word_1_175' title='bbox 1040 2362 1265 2415; x_wconf 83' lang='lat' dir='ltr'>resistit.</span> <span class='ocrx_word' id='word_1_176' title='bbox 1324 2360 1431 2426; x_wconf 88' lang='lat' dir='ltr'>Qui</span> <span class='ocrx_word' id='word_1_177' title='bbox 1458 2366 1638 2413; x_wconf 88' lang='lat' dir='ltr'>autem</span> <span class='ocrx_word' id='word_1_178' title='bbox 1694 2359 1970 2426; x_wconf 89' lang='lat' dir='ltr'>resistunt,</span> 
     </span>
    </p>
   </div>
   <div class='ocr_carea' id='block_1_24' title="bbox 307 2448 1973 2535">
    <p class='ocr_par' dir='ltr' id='par_1_24' title="bbox 307 2448 1973 2535">
     <span class='ocr_line' id='line_1_24' title="bbox 307 2448 1973 2535; baseline -0.011 -17"><span class='ocrx_word' id='word_1_179' title='bbox 307 2464 426 2535; x_wconf 85' lang='lat' dir='ltr'>ipsi</span> <span class='ocrx_word' id='word_1_180' title='bbox 448 2461 561 2515; x_wconf 83' lang='lat' dir='ltr'>sibi</span> <span class='ocrx_word' id='word_1_181' title='bbox 590 2458 1005 2512; x_wconf 77' lang='lat' dir='ltr'>damnationem</span> <span class='ocrx_word' id='word_1_182' title='bbox 1035 2452 1349 2521; x_wconf 83' lang='lat' dir='ltr'>acquirunt.</span> <span class='ocrx_word' id='word_1_183' title='bbox 1373 2448 1513 2502; x_wconf 88' lang='lat' dir='ltr'>Nam</span> <span class='ocrx_word' id='word_1_184' title='bbox 1564 2448 1834 2517; x_wconf 82' lang='lat' dir='ltr'>principes</span> <span class='ocrx_word' id='word_1_185' title='bbox 1864 2463 1973 2501; x_wconf 90' lang='lat' dir='ltr'>non</span> 
     </span>
    </p>
   </div>
   <div class='ocr_carea' id='block_1_25' title="bbox 302 2536 1973 2611">
    <p class='ocr_par' dir='ltr' id='par_1_25' title="bbox 302 2536 1973 2611">
     <span class='ocr_line' id='line_1_25' title="bbox 302 2536 1973 2611; baseline -0.011 -4"><span class='ocrx_word' id='word_1_186' title='bbox 302 2555 444 2606; x_wconf 88' lang='lat' dir='ltr'>sunt</span> <span class='ocrx_word' id='word_1_187' title='bbox 477 2546 692 2603; x_wconf 84' lang='lat' dir='ltr'>timoris</span> <span class='ocrx_word' id='word_1_188' title='bbox 720 2545 848 2599; x_wconf 87' lang='lat' dir='ltr'>boni</span> <span class='ocrx_word' id='word_1_189' title='bbox 876 2540 1080 2611; x_wconf 76' lang='lat' dir='ltr'>operis.</span> <span class='ocrx_word' id='word_1_190' title='bbox 1112 2538 1209 2593; x_wconf 88' lang='lat' dir='ltr'>sed</span> <span class='ocrx_word' id='word_1_191' title='bbox 1230 2536 1386 2591; x_wconf 90' lang='lat' dir='ltr'>mali.</span> <span class='ocrx_word' id='word_1_192' title='bbox 1421 2536 1505 2589; x_wconf 85' lang='lat' dir='ltr'>Vis</span> <span class='ocrx_word' id='word_1_193' title='bbox 1536 2540 1723 2589; x_wconf 88' lang='lat' dir='ltr'>autem</span> <span class='ocrx_word' id='word_1_194' title='bbox 1777 2551 1882 2589; x_wconf 86' lang='lat' dir='ltr'>non</span> <span class='ocrx_word' id='word_1_195' title='bbox 1903 2536 1973 2589; x_wconf 90' lang='lat' dir='ltr'>ti-</span> 
     </span>
    </p>
   </div>
   <div class='ocr_carea' id='block_1_26' title="bbox 304 2622 1976 2707">
    <p class='ocr_par' dir='ltr' id='par_1_26' title="bbox 304 2622 1976 2707">
     <span class='ocr_line' id='line_1_26' title="bbox 304 2622 1976 2707; baseline -0.01 -12"><span class='ocrx_word' id='word_1_196' title='bbox 304 2654 469 2695; x_wconf 88' lang='lat' dir='ltr'>mere</span> <span class='ocrx_word' id='word_1_197' title='bbox 483 2637 794 2707; x_wconf 89' lang='lat' dir='ltr'>potestatem</span> <span class='ocrx_word' id='word_1_198' title='bbox 824 2652 843 2699; x_wconf 89' lang='lat'><strong><em>;</em></strong></span> <span class='ocrx_word' id='word_1_199' title='bbox 879 2630 1079 2685; x_wconf 87' lang='lat' dir='ltr'>bonum</span> <span class='ocrx_word' id='word_1_200' title='bbox 1110 2628 1217 2697; x_wconf 83' lang='lat' dir='ltr'>fac,</span> <span class='ocrx_word' id='word_1_201' title='bbox 1277 2630 1327 2679; x_wconf 89' lang='lat' dir='ltr'>et</span> <span class='ocrx_word' id='word_1_202' title='bbox 1385 2624 1602 2679; x_wconf 80' lang='lat' dir='ltr'>habebis</span> <span class='ocrx_word' id='word_1_203' title='bbox 1663 2622 1877 2677; x_wconf 80' lang='lat' dir='ltr'>laudem</span> <span class='ocrx_word' id='word_1_204' title='bbox 1908 2640 1976 2678; x_wconf 79' lang='lat' dir='ltr'>ea:</span> 
     </span>
    </p>
   </div>
   <div class='ocr_carea' id='block_1_27' title="bbox 310 2712 1978 2784">
    <p class='ocr_par' dir='ltr' id='par_1_27' title="bbox 310 2712 1978 2784">
     <span class='ocr_line' id='line_1_27' title="bbox 310 2712 1978 2784; baseline -0.009 -2"><span class='ocrx_word' id='word_1_205' title='bbox 310 2730 447 2784; x_wconf 80' lang='lat' dir='ltr'>illa.</span> <span class='ocrx_word' id='word_1_206' title='bbox 484 2724 583 2780; x_wconf 88' lang='lat' dir='ltr'>Dei</span> <span class='ocrx_word' id='word_1_207' title='bbox 614 2723 865 2776; x_wconf 86' lang='lat' dir='ltr'>minister</span> <span class='ocrx_word' id='word_1_208' title='bbox 893 2721 969 2774; x_wconf 89' lang='lat' dir='ltr'>est</span> <span class='ocrx_word' id='word_1_209' title='bbox 998 2716 1103 2771; x_wconf 84' lang='lat' dir='ltr'>tibi</span> <span class='ocrx_word' id='word_1_210' title='bbox 1132 2717 1187 2769; x_wconf 90' lang='lat' dir='ltr'>in</span> <span class='ocrx_word' id='word_1_211' title='bbox 1225 2715 1442 2769; x_wconf 87' lang='lat' dir='ltr'>bonum.</span> <span class='ocrx_word' id='word_1_212' title='bbox 1488 2712 1547 2767; x_wconf 88' lang='lat' dir='ltr'>Si</span> <span class='ocrx_word' id='word_1_213' title='bbox 1600 2721 1783 2767; x_wconf 87' lang='lat' dir='ltr'>autem</span> <span class='ocrx_word' id='word_1_214' title='bbox 1830 2712 1978 2767; x_wconf 88' lang='lat' dir='ltr'>male</span> 
     </span>
    </p>
   </div>
   <div class='ocr_carea' id='block_1_28' title="bbox 306 2800 1974 2890">
    <p class='ocr_par' dir='ltr' id='par_1_28' title="bbox 306 2800 1974 2890">
     <span class='ocr_line' id='line_1_28' title="bbox 306 2800 1974 2890; baseline -0.01 -19"><span class='ocrx_word' id='word_1_215' title='bbox 306 2815 545 2890; x_wconf 84' lang='lat' dir='ltr'>feceris,</span> <span class='ocrx_word' id='word_1_216' title='bbox 578 2812 721 2865; x_wconf 86' lang='lat' dir='ltr'>time.</span> <span class='ocrx_word' id='word_1_217' title='bbox 758 2810 876 2864; x_wconf 88' lang='lat' dir='ltr'>Non</span> <span class='ocrx_word' id='word_1_218' title='bbox 908 2807 1062 2862; x_wconf 88' lang='lat' dir='ltr'>enim</span> <span class='ocrx_word' id='word_1_219' title='bbox 1090 2805 1208 2858; x_wconf 88' lang='lat' dir='ltr'>sine</span> <span class='ocrx_word' id='word_1_220' title='bbox 1248 2819 1415 2857; x_wconf 89' lang='lat' dir='ltr'>causa</span> <span class='ocrx_word' id='word_1_221' title='bbox 1471 2800 1720 2872; x_wconf 86' lang='lat' dir='ltr'>gladium</span> <span class='ocrx_word' id='word_1_222' title='bbox 1772 2805 1974 2872; x_wconf 85' lang='lat' dir='ltr'>portat,</span> 
     </span>
    </p>
   </div>
   <div class='ocr_carea' id='block_1_29' title="bbox 309 2890 1979 2961">
    <p class='ocr_par' dir='ltr' id='par_1_29' title="bbox 309 2890 1979 2961">
     <span class='ocr_line' id='line_1_29' title="bbox 309 2890 1979 2961; baseline -0.009 -1"><span class='ocrx_word' id='word_1_223' title='bbox 309 2906 419 2961; x_wconf 86' lang='lat' dir='ltr'>Dei</span> <span class='ocrx_word' id='word_1_224' title='bbox 450 2902 604 2957; x_wconf 88' lang='lat' dir='ltr'>enim</span> <span class='ocrx_word' id='word_1_225' title='bbox 658 2900 917 2954; x_wconf 79' lang='lat' dir='ltr'>minister</span> <span class='ocrx_word' id='word_1_226' title='bbox 972 2898 1070 2956; x_wconf 89' lang='lat' dir='ltr'>est,</span> <span class='ocrx_word' id='word_1_227' title='bbox 1125 2893 1335 2947; x_wconf 76' lang='lat' dir='ltr'>vindex</span> <span class='ocrx_word' id='word_1_228' title='bbox 1366 2894 1425 2946; x_wconf 91' lang='lat' dir='ltr'>in</span> <span class='ocrx_word' id='word_1_229' title='bbox 1457 2893 1601 2945; x_wconf 82' lang='lat' dir='ltr'>iram</span> <span class='ocrx_word' id='word_1_230' title='bbox 1642 2891 1694 2944; x_wconf 90' lang='lat' dir='ltr'>ei</span> <span class='ocrx_word' id='word_1_231' title='bbox 1722 2892 1817 2960; x_wconf 85' lang='lat' dir='ltr'>qui</span> <span class='ocrx_word' id='word_1_232' title='bbox 1836 2890 1979 2945; x_wconf 91' lang='lat' dir='ltr'>male</span> 
     </span>
    </p>
   </div>
   <div class='ocr_carea' id='block_1_30' title="bbox 310 2978 1978 3064">
    <p class='ocr_par' dir='ltr' id='par_1_30' title="bbox 310 2978 1978 3064">
     <span class='ocr_line' id='line_1_30' title="bbox 310 2978 1978 3064; baseline -0.011 -16"><span class='ocrx_word' id='word_1_233' title='bbox 310 2994 464 3064; x_wconf 83' lang='lat' dir='ltr'>agit.</span> <span class='ocrx_word' id='word_1_234' title='bbox 490 2989 611 3045; x_wconf 89' lang='lat' dir='ltr'>Ideo</span> <span class='ocrx_word' id='word_1_235' title='bbox 638 2978 960 3043; x_wconf 80' lang='lat' dir='ltr'>necessitate</span> <span class='ocrx_word' id='word_1_236' title='bbox 988 2981 1199 3038; x_wconf 78' lang='lat' dir='ltr'>subditi</span> <span class='ocrx_word' id='word_1_237' title='bbox 1223 2984 1417 3036; x_wconf 89' lang='lat' dir='ltr'>estote:</span> <span class='ocrx_word' id='word_1_238' title='bbox 1450 2996 1556 3034; x_wconf 89' lang='lat' dir='ltr'>non</span> <span class='ocrx_word' id='word_1_239' title='bbox 1614 2980 1795 3034; x_wconf 88' lang='lat' dir='ltr'>solum</span> <span class='ocrx_word' id='word_1_240' title='bbox 1847 2996 1978 3049; x_wconf 83' lang='lat' dir='ltr'>pro-</span> 
     </span>
    </p>
   </div>
   <div class='ocr_carea' id='block_1_31' title="bbox 310 3068 1979 3153">
    <p class='ocr_par' dir='ltr' id='par_1_31' title="bbox 310 3068 1979 3153">
     <span class='ocr_line' id='line_1_31' title="bbox 310 3068 1979 3153; baseline -0.008 -17"><span class='ocrx_word' id='word_1_241' title='bbox 310 3086 448 3153; x_wconf 84' lang='lat' dir='ltr'>pter</span> <span class='ocrx_word' id='word_1_242' title='bbox 481 3081 647 3143; x_wconf 88' lang='lat' dir='ltr'>iram,</span> <span class='ocrx_word' id='word_1_243' title='bbox 678 3077 771 3132; x_wconf 86' lang='lat' dir='ltr'>sed</span> <span class='ocrx_word' id='word_1_244' title='bbox 800 3078 848 3131; x_wconf 90' lang='lat' dir='ltr'>et</span> <span class='ocrx_word' id='word_1_245' title='bbox 876 3076 1104 3146; x_wconf 82' lang='lat' dir='ltr'>pr0pter</span> <span class='ocrx_word' id='word_1_246' title='bbox 1131 3072 1521 3125; x_wconf 87' lang='lat' dir='ltr'>conscientiam</span> <span class='ocrx_word' id='word_1_247' title='bbox 1544 3087 1562 3124; x_wconf 91' lang='lat'>:</span> <span class='ocrx_word' id='word_1_248' title='bbox 1594 3068 1713 3124; x_wconf 87' lang='lat' dir='ltr'>Ideo</span> <span class='ocrx_word' id='word_1_249' title='bbox 1743 3070 1890 3123; x_wconf 88' lang='lat' dir='ltr'>enim</span> <span class='ocrx_word' id='word_1_250' title='bbox 1929 3078 1979 3123; x_wconf 91' lang='lat' dir='ltr'>et</span> 
     </span>
    </p>
   </div>
   <div class='ocr_carea' id='block_1_32' title="bbox 314 3158 1980 3236">
    <p class='ocr_par' dir='ltr' id='par_1_32' title="bbox 314 3158 1980 3236">
     <span class='ocr_line' id='line_1_32' title="bbox 314 3158 1980 3236; baseline -0.01 -10"><span class='ocrx_word' id='word_1_251' title='bbox 314 3170 541 3226; x_wconf 87' lang='lat' dir='ltr'>tributa</span> <span class='ocrx_word' id='word_1_252' title='bbox 562 3166 835 3236; x_wconf 72' lang='lat' dir='ltr'>praestatis</span> <span class='ocrx_word' id='word_1_253' title='bbox 860 3161 1147 3217; x_wconf 87' lang='lat' dir='ltr'>:ministri</span> <span class='ocrx_word' id='word_1_254' title='bbox 1162 3162 1450 3215; x_wconf 87' lang='lat' dir='ltr'>enimsunt</span> <span class='ocrx_word' id='word_1_255' title='bbox 1472 3160 1567 3213; x_wconf 89' lang='lat' dir='ltr'>Dei</span> <span class='ocrx_word' id='word_1_256' title='bbox 1588 3159 1648 3225; x_wconf 87' lang='lat' dir='ltr'>in</span> <span class='ocrx_word' id='word_1_257' title='bbox 1683 3158 1778 3212; x_wconf 89' lang='lat' dir='ltr'>hoc</span> <span class='ocrx_word' id='word_1_258' title='bbox 1799 3159 1980 3226; x_wconf 87' lang='lat' dir='ltr'>ipsum</span> 
     </span>
    </p>
   </div>
   <div class='ocr_carea' id='block_1_33' title="bbox 314 3237 2053 3316">
    <p class='ocr_par' dir='ltr' id='par_1_33' title="bbox 314 3237 2053 3316">
     <span class='ocr_line' id='line_1_33' title="bbox 314 3237 2053 3316; baseline -0.008 -1"><span class='ocrx_word' id='word_1_259' title='bbox 314 3259 643 3316; x_wconf 85' lang='lat' dir='ltr'>servientes.</span> <span class='ocrx_word' id='word_1_260' title='bbox 679 3252 904 3308; x_wconf 86' lang='lat' dir='ltr'>Reddite</span> <span class='ocrx_word' id='word_1_261' title='bbox 961 3249 1211 3304; x_wconf 86' lang='lat' dir='ltr'>omnibus</span> <span class='ocrx_word' id='word_1_262' title='bbox 1265 3248 1485 3303; x_wconf 86' lang='lat' dir='ltr'>debita:</span> <span class='ocrx_word' id='word_1_263' title='bbox 1544 3247 1635 3301; x_wconf 88' lang='lat' dir='ltr'>cui</span> <span class='ocrx_word' id='word_1_264' title='bbox 1690 3246 1977 3311; x_wconf 80' lang='lat' dir='ltr'>tributum,</span> <span class='ocrx_word' id='word_1_265' title='bbox 2012 3237 2053 3301; x_wconf 91' lang='lat' dir='ltr'>C</span> 
     </span>
    </p>
   </div>
   <div class='ocr_carea' id='block_1_34' title="bbox 320 3336 1982 3408">
    <p class='ocr_par' dir='ltr' id='par_1_34' title="bbox 320 3336 1982 3408">
     <span class='ocr_line' id='line_1_34' title="bbox 320 3336 1982 3408; baseline -0.01 -3"><span class='ocrx_word' id='word_1_266' title='bbox 320 3348 605 3405; x_wconf 87' lang='lat' dir='ltr'>tributum</span> <span class='ocrx_word' id='word_1_267' title='bbox 633 3363 651 3408; x_wconf 88' lang='lat'><em>;</em></span> <span class='ocrx_word' id='word_1_268' title='bbox 681 3344 774 3395; x_wconf 88' lang='lat' dir='ltr'>cui</span> <span class='ocrx_word' id='word_1_269' title='bbox 804 3338 1063 3407; x_wconf 88' lang='lat' dir='ltr'>vectigal,</span> <span class='ocrx_word' id='word_1_270' title='bbox 1099 3336 1371 3403; x_wconf 87' lang='lat' dir='ltr'>vectigal:</span> <span class='ocrx_word' id='word_1_271' title='bbox 1402 3336 1489 3390; x_wconf 87' lang='lat' dir='ltr'>cui</span> <span class='ocrx_word' id='word_1_272' title='bbox 1521 3336 1793 3403; x_wconf 86' lang='lat' dir='ltr'>timorem,</span> <span class='ocrx_word' id='word_1_273' title='bbox 1827 3336 1982 3389; x_wconf 87' lang='lat' dir='ltr'>timo-</span> 
     </span>
    </p>
   </div>
   <div class='ocr_carea' id='block_1_35' title="bbox 325 3421 1981 3495">
    <p class='ocr_par' dir='ltr' id='par_1_35' title="bbox 325 3421 1981 3495">
     <span class='ocr_line' id='line_1_35' title="bbox 325 3421 1981 3495; baseline -0.008 -5"><span class='ocrx_word' id='word_1_274' title='bbox 325 3453 446 3493; x_wconf 87' lang='lat' dir='ltr'>rem</span> <span class='ocrx_word' id='word_1_275' title='bbox 471 3451 495 3495; x_wconf 86' lang='lat'><em>;</em></span> <span class='ocrx_word' id='word_1_276' title='bbox 527 3432 623 3486; x_wconf 85' lang='lat' dir='ltr'>cui</span> <span class='ocrx_word' id='word_1_277' title='bbox 652 3430 934 3492; x_wconf 84' lang='lat' dir='ltr'>honorem,</span> <span class='ocrx_word' id='word_1_278' title='bbox 967 3426 1225 3480; x_wconf 83' lang='lat' dir='ltr'>honorem</span> <span class='ocrx_word' id='word_1_279' title='bbox 1257 3424 1427 3495; x_wconf 83' lang='lat' dir='ltr'>(Rom.</span> <span class='ocrx_word' id='word_1_280' title='bbox 1462 3440 1583 3490; x_wconf 83' lang='lat' dir='ltr'>xm,</span> <span class='ocrx_word' id='word_1_281' title='bbox 1616 3423 1690 3493; x_wconf 84' lang='lat'>2).</span> <span class='ocrx_word' id='word_1_282' title='bbox 1724 3421 1861 3477; x_wconf 90' lang='lat' dir='ltr'>ltem</span> <span class='ocrx_word' id='word_1_283' title='bbox 1912 3423 1981 3477; x_wconf 90' lang='lat' dir='ltr'>ad</span> 
     </span>
    </p>
   </div>
   <div class='ocr_carea' id='block_1_36' title="bbox 325 3510 1986 3583">
    <p class='ocr_par' dir='ltr' id='par_1_36' title="bbox 325 3510 1986 3583">
     <span class='ocr_line' id='line_1_36' title="bbox 325 3510 1986 3583; baseline -0.01 -2"><span class='ocrx_word' id='word_1_284' title='bbox 325 3521 747 3582; x_wconf 86' lang='lat' dir='ltr'>Timotheum:</span> <span class='ocrx_word' id='word_1_285' title='bbox 786 3517 1008 3572; x_wconf 87' lang='lat' dir='ltr'>Obsecro</span> <span class='ocrx_word' id='word_1_286' title='bbox 1049 3516 1218 3583; x_wconf 86' lang='lat' dir='ltr'>igitur</span> <span class='ocrx_word' id='word_1_287' title='bbox 1259 3514 1507 3583; x_wconf 83' lang='lat' dir='ltr'>primum</span> <span class='ocrx_word' id='word_1_288' title='bbox 1554 3513 1801 3567; x_wconf 90' lang='lat' dir='ltr'>omnium</span> <span class='ocrx_word' id='word_1_289' title='bbox 1854 3510 1986 3582; x_wconf 82' lang='lat' dir='ltr'>ﬁeri</span> 
     </span>
    </p>
   </div>
   <div class='ocr_carea' id='block_1_37' title="bbox 328 3601 1985 3673">
    <p class='ocr_par' dir='ltr' id='par_1_37' title="bbox 328 3601 1985 3673">
     <span class='ocr_line' id='line_1_37' title="bbox 328 3601 1985 3673; baseline -0.009 -4"><span class='ocrx_word' id='word_1_290' title='bbox 328 3610 755 3673; x_wconf 85' lang='lat' dir='ltr'>obsecrationes,</span> <span class='ocrx_word' id='word_1_291' title='bbox 840 3605 1136 3669; x_wconf 84' lang='lat' dir='ltr'>orationes,</span> <span class='ocrx_word' id='word_1_292' title='bbox 1202 3603 1616 3673; x_wconf 82' lang='lat' dir='ltr'>postulationes,</span> <span class='ocrx_word' id='word_1_293' title='bbox 1675 3601 1985 3668; x_wconf 83' lang='lat' dir='ltr'>gratiarum</span> 
     </span>
    </p>
   </div>
   <div class='ocr_carea' id='block_1_38' title="bbox 334 3691 1982 3768">
    <p class='ocr_par' dir='ltr' id='par_1_38' title="bbox 334 3691 1982 3768">
     <span class='ocr_line' id='line_1_38' title="bbox 334 3691 1982 3768; baseline -0.008 -10"><span class='ocrx_word' id='word_1_294' title='bbox 334 3704 578 3759; x_wconf 84' lang='lat' dir='ltr'>actiones</span> <span class='ocrx_word' id='word_1_295' title='bbox 618 3712 719 3768; x_wconf 90' lang='lat' dir='ltr'>pro</span> <span class='ocrx_word' id='word_1_296' title='bbox 749 3693 1001 3750; x_wconf 87' lang='lat' dir='ltr'>omnibus</span> <span class='ocrx_word' id='word_1_297' title='bbox 1058 3691 1387 3759; x_wconf 87' lang='lat' dir='ltr'>hominibus,</span> <span class='ocrx_word' id='word_1_298' title='bbox 1420 3707 1519 3761; x_wconf 90' lang='lat' dir='ltr'>pro</span> <span class='ocrx_word' id='word_1_299' title='bbox 1542 3691 1759 3761; x_wconf 86' lang='lat' dir='ltr'>regibus</span> <span class='ocrx_word' id='word_1_300' title='bbox 1788 3700 1839 3745; x_wconf 90' lang='lat' dir='ltr'>et</span> <span class='ocrx_word' id='word_1_301' title='bbox 1868 3706 1982 3744; x_wconf 89' lang='lat' dir='ltr'>om-</span> 
     </span>
    </p>
   </div>
   <div class='ocr_carea' id='block_1_39' title="bbox 331 3780 1979 3857">
    <p class='ocr_par' dir='ltr' id='par_1_39' title="bbox 331 3780 1979 3857">
     <span class='ocr_line' id='line_1_39' title="bbox 331 3780 1979 3857; baseline -0.008 -12"><span class='ocrx_word' id='word_1_302' title='bbox 331 3790 509 3845; x_wconf 86' lang='lat' dir='ltr'>nibus</span> <span class='ocrx_word' id='word_1_303' title='bbox 539 3788 635 3857; x_wconf 87' lang='lat' dir='ltr'>qui</span> <span class='ocrx_word' id='word_1_304' title='bbox 656 3787 785 3840; x_wconf 89' lang='lat' dir='ltr'>sunt</span> <span class='ocrx_word' id='word_1_305' title='bbox 807 3784 866 3837; x_wconf 88' lang='lat' dir='ltr'>in</span> <span class='ocrx_word' id='word_1_306' title='bbox 887 3781 1225 3835; x_wconf 83' lang='lat' dir='ltr'>sublimitate</span> <span class='ocrx_word' id='word_1_307' title='bbox 1244 3780 1532 3834; x_wconf 86' lang='lat' dir='ltr'>constituti</span> <span class='ocrx_word' id='word_1_308' title='bbox 1562 3780 1606 3846; x_wconf 88' lang='lat' dir='ltr'>(l</span> <span class='ocrx_word' id='word_1_309' title='bbox 1640 3780 1772 3832; x_wconf 89' lang='lat' dir='ltr'>Tim.</span> <span class='ocrx_word' id='word_1_310' title='bbox 1808 3784 1872 3832; x_wconf 86' lang='lat' dir='ltr'>II.</span> <span class='ocrx_word' id='word_1_311' title='bbox 1909 3780 1979 3848; x_wconf 91' lang='grc'>1).</span> 
     </span>
    </p>
   </div>
   <div class='ocr_carea' id='block_1_40' title="bbox 404 3867 1985 3939">
    <p class='ocr_par' dir='ltr' id='par_1_40' title="bbox 404 3867 1985 3939">
     <span class='ocr_line' id='line_1_40' title="bbox 404 3867 1985 3939; baseline -0.008 -7"><span class='ocrx_word' id='word_1_312' title='bbox 404 3878 555 3932; x_wconf 87' lang='lat' dir='ltr'>Nam</span> <span class='ocrx_word' id='word_1_313' title='bbox 587 3880 643 3929; x_wconf 89' lang='lat' dir='ltr'>et</span> <span class='ocrx_word' id='word_1_314' title='bbox 670 3874 878 3928; x_wconf 90' lang='lat' dir='ltr'>beatus</span> <span class='ocrx_word' id='word_1_315' title='bbox 911 3868 1090 3924; x_wconf 84' lang='lat' dir='ltr'>David</span> <span class='ocrx_word' id='word_1_316' title='bbox 1124 3885 1257 3923; x_wconf 89' lang='lat' dir='ltr'>cum</span> <span class='ocrx_word' id='word_1_317' title='bbox 1282 3873 1581 3939; x_wconf 90' lang='lat' dir='ltr'>peccatum</span> <span class='ocrx_word' id='word_1_318' title='bbox 1604 3884 1777 3921; x_wconf 92' lang='lat' dir='ltr'>suum</span> <span class='ocrx_word' id='word_1_319' title='bbox 1799 3867 1985 3922; x_wconf 89' lang='lat' dir='ltr'>Domi-</span> 
     </span>
    </p>
   </div>
   <div class='ocr_carea' id='block_1_41' title="bbox 334 3956 1981 4027">
    <p class='ocr_par' dir='ltr' id='par_1_41' title="bbox 334 3956 1981 4027">
     <span class='ocr_line' id='line_1_41' title="bbox 334 3956 1981 4027; baseline -0.009 -6"><span class='ocrx_word' id='word_1_320' title='bbox 334 3983 414 4021; x_wconf 92' lang='lat' dir='ltr'>no</span> <span class='ocrx_word' id='word_1_321' title='bbox 448 3964 835 4027; x_wconf 87' lang='lat' dir='ltr'>conﬁteretur,</span> <span class='ocrx_word' id='word_1_322' title='bbox 872 3960 989 4025; x_wconf 78' lang='lat' dir='ltr'>ait;</span> <span class='ocrx_word' id='word_1_323' title='bbox 1020 3957 1151 4011; x_wconf 88' lang='lat' dir='ltr'>Tibi</span> <span class='ocrx_word' id='word_1_324' title='bbox 1176 3958 1281 4011; x_wconf 91' lang='lat' dir='ltr'>soli</span> <span class='ocrx_word' id='word_1_325' title='bbox 1321 3958 1545 4027; x_wconf 88' lang='lat' dir='ltr'>peccavi</span> <span class='ocrx_word' id='word_1_326' title='bbox 1602 3956 1771 4025; x_wconf 90' lang='lat' dir='ltr'>(Psal.</span> <span class='ocrx_word' id='word_1_327' title='bbox 1805 3974 1852 4025; x_wconf 70' lang='grc' dir='ltr'>ι,</span> <span class='ocrx_word' id='word_1_328' title='bbox 1904 3956 1981 4026; x_wconf 87' lang='lat'>6),</span> 
     </span>
    </p>
   </div>
   <div class='ocr_carea' id='block_1_42' title="bbox 340 4043 1985 4121">
    <p class='ocr_par' dir='ltr' id='par_1_42' title="bbox 340 4043 1985 4121">
     <span class='ocr_line' id='line_1_42' title="bbox 340 4043 1985 4121; baseline -0.006 -14"><span class='ocrx_word' id='word_1_329' title='bbox 340 4058 527 4121; x_wconf 83' lang='lat' dir='ltr'>Quam</span> <span class='ocrx_word' id='word_1_330' title='bbox 542 4050 894 4107; x_wconf 86' lang='lat' dir='ltr'>sententiam</span> <span class='ocrx_word' id='word_1_331' title='bbox 910 4045 1361 4117; x_wconf 86' lang='lat' dir='ltr'>diligentissime</span> <span class='ocrx_word' id='word_1_332' title='bbox 1376 4060 1668 4116; x_wconf 81' lang='lat' dir='ltr'>exponens</span> <span class='ocrx_word' id='word_1_333' title='bbox 1682 4043 1985 4098; x_wconf 90' lang='lat' dir='ltr'>Gassiodo-</span> 
     </span>
    </p>
   </div>
   <div class='ocr_carea' id='block_1_43' title="bbox 332 4132 1984 4208">
    <p class='ocr_par' dir='ltr' id='par_1_43' title="bbox 332 4132 1984 4208">
     <span class='ocr_line' id='line_1_43' title="bbox 332 4132 1984 4208; baseline -0.008 -9"><span class='ocrx_word' id='word_1_334' title='bbox 332 4160 444 4199; x_wconf 89' lang='lat' dir='ltr'>rus</span> <span class='ocrx_word' id='word_1_335' title='bbox 468 4140 642 4195; x_wconf 89' lang='lat' dir='ltr'>dicit:</span> <span class='ocrx_word' id='word_1_336' title='bbox 675 4160 701 4191; x_wconf 78' lang='grc' dir='ltr'><strong>α</strong></span> <span class='ocrx_word' id='word_1_337' title='bbox 734 4139 816 4193; x_wconf 91' lang='lat' dir='ltr'>De</span> <span class='ocrx_word' id='word_1_338' title='bbox 849 4134 1065 4208; x_wconf 92' lang='lat' dir='ltr'>populo</span> <span class='ocrx_word' id='word_1_339' title='bbox 1098 4134 1146 4190; x_wconf 89' lang='lat' dir='ltr'>si</span> <span class='ocrx_word' id='word_1_340' title='bbox 1208 4135 1341 4205; x_wconf 89' lang='lat' dir='ltr'>quis</span> <span class='ocrx_word' id='word_1_341' title='bbox 1399 4132 1693 4201; x_wconf 88' lang='lat' dir='ltr'>erraverit,</span> <span class='ocrx_word' id='word_1_342' title='bbox 1756 4138 1812 4187; x_wconf 92' lang='lat' dir='ltr'>et</span> <span class='ocrx_word' id='word_1_343' title='bbox 1867 4132 1984 4187; x_wconf 91' lang='lat' dir='ltr'>Deo</span> 
     </span>
    </p>
   </div>
   <div class='ocr_carea' id='block_1_44' title="bbox 336 4220 1983 4306">
    <p class='ocr_par' dir='ltr' id='par_1_44' title="bbox 336 4220 1983 4306">
     <span class='ocr_line' id='line_1_44' title="bbox 336 4220 1983 4306; baseline -0.007 -19"><span class='ocrx_word' id='word_1_344' title='bbox 336 4234 544 4306; x_wconf 81' lang='lat' dir='ltr'>peccat</span> <span class='ocrx_word' id='word_1_345' title='bbox 573 4233 627 4284; x_wconf 90' lang='lat' dir='ltr'>et</span> <span class='ocrx_word' id='word_1_346' title='bbox 658 4226 777 4299; x_wconf 90' lang='lat' dir='ltr'>regi</span> <span class='ocrx_word' id='word_1_347' title='bbox 810 4242 823 4279; x_wconf 89' lang='lat'>:</span> <span class='ocrx_word' id='word_1_348' title='bbox 856 4241 992 4279; x_wconf 88' lang='lat' dir='ltr'>nam</span> <span class='ocrx_word' id='word_1_349' title='bbox 1016 4224 1249 4293; x_wconf 89' lang='lat' dir='ltr'>quando</span> <span class='ocrx_word' id='word_1_350' title='bbox 1270 4240 1369 4278; x_wconf 79' lang='lat' dir='ltr'>rex</span> <span class='ocrx_word' id='word_1_351' title='bbox 1391 4222 1694 4293; x_wconf 88' lang='lat' dir='ltr'>delinquit,</span> <span class='ocrx_word' id='word_1_352' title='bbox 1726 4220 1835 4277; x_wconf 90' lang='lat' dir='ltr'>soli</span> <span class='ocrx_word' id='word_1_353' title='bbox 1867 4221 1983 4276; x_wconf 92' lang='lat' dir='ltr'>Deo</span> 
     </span>
    </p>
   </div>
   <div class='ocr_carea' id='block_1_45' title="bbox 336 4310 1986 4388">
    <p class='ocr_par' dir='ltr' id='par_1_45' title="bbox 336 4310 1986 4388">
     <span class='ocr_line' id='line_1_45' title="bbox 336 4310 1986 4388; baseline -0.008 -11"><span class='ocrx_word' id='word_1_354' title='bbox 336 4337 477 4377; x_wconf 89' lang='lat' dir='ltr'>reus</span> <span class='ocrx_word' id='word_1_355' title='bbox 508 4321 615 4384; x_wconf 89' lang='lat' dir='ltr'>est,</span> <span class='ocrx_word' id='word_1_356' title='bbox 647 4316 787 4388; x_wconf 87' lang='lat' dir='ltr'>quia</span> <span class='ocrx_word' id='word_1_357' title='bbox 815 4312 1114 4368; x_wconf 86' lang='lat' dir='ltr'>hominem</span> <span class='ocrx_word' id='word_1_358' title='bbox 1138 4329 1253 4367; x_wconf 91' lang='lat' dir='ltr'>non</span> <span class='ocrx_word' id='word_1_359' title='bbox 1287 4311 1463 4367; x_wconf 87' lang='lat' dir='ltr'>habet</span> <span class='ocrx_word' id='word_1_360' title='bbox 1503 4310 1603 4382; x_wconf 87' lang='lat' dir='ltr'>qui</span> <span class='ocrx_word' id='word_1_361' title='bbox 1649 4311 1775 4380; x_wconf 87' lang='lat' dir='ltr'>ejus</span> <span class='ocrx_word' id='word_1_362' title='bbox 1834 4310 1986 4365; x_wconf 81' lang='lat' dir='ltr'>facta</span> 
     </span>
    </p>
   </div>
   <div class='ocr_carea' id='block_1_46' title="bbox 337 4400 1985 4481">
    <p class='ocr_par' dir='ltr' id='par_1_46' title="bbox 337 4400 1985 4481">
     <span class='ocr_line' id='line_1_46' title="bbox 337 4400 1985 4481; baseline -0.007 -15"><span class='ocrx_word' id='word_1_363' title='bbox 337 4407 642 4481; x_wconf 83' lang='lat' dir='ltr'>dijudicet.</span> <span class='ocrx_word' id='word_1_364' title='bbox 676 4404 883 4460; x_wconf 91' lang='lat' dir='ltr'>Merito</span> <span class='ocrx_word' id='word_1_365' title='bbox 914 4418 1049 4474; x_wconf 89' lang='lat' dir='ltr'>ergo</span> <span class='ocrx_word' id='word_1_366' title='bbox 1082 4418 1179 4456; x_wconf 82' lang='lat' dir='ltr'>rex</span> <span class='ocrx_word' id='word_1_367' title='bbox 1208 4402 1323 4456; x_wconf 95' lang='lat' dir='ltr'>Deo</span> <span class='ocrx_word' id='word_1_368' title='bbox 1348 4406 1572 4455; x_wconf 88' lang='lat' dir='ltr'>tantum</span> <span class='ocrx_word' id='word_1_369' title='bbox 1596 4400 1738 4454; x_wconf 91' lang='lat' dir='ltr'>dicit</span> <span class='ocrx_word' id='word_1_370' title='bbox 1769 4417 1828 4455; x_wconf 92' lang='lat' dir='ltr'>se</span> <span class='ocrx_word' id='word_1_371' title='bbox 1856 4417 1985 4471; x_wconf 89' lang='lat' dir='ltr'>peo-</span> 
     </span>
    </p>
   </div>
   <div class='ocr_carea' id='block_1_47' title="bbox 339 4489 1986 4567">
    <p class='ocr_par' dir='ltr' id='par_1_47' title="bbox 339 4489 1986 4567">
     <span class='ocr_line' id='line_1_47' title="bbox 339 4489 1986 4567; baseline -0.007 -12"><span class='ocrx_word' id='word_1_372' title='bbox 339 4514 531 4563; x_wconf 89' lang='lat' dir='ltr'>casse,</span> <span class='ocrx_word' id='word_1_373' title='bbox 561 4495 696 4567; x_wconf 90' lang='lat' dir='ltr'>quia</span> <span class='ocrx_word' id='word_1_374' title='bbox 727 4493 888 4549; x_wconf 90' lang='lat' dir='ltr'>solus</span> <span class='ocrx_word' id='word_1_375' title='bbox 920 4495 1062 4546; x_wconf 89' lang='lat' dir='ltr'>erat.</span> <span class='ocrx_word' id='word_1_376' title='bbox 1098 4492 1197 4561; x_wconf 89' lang='lat' dir='ltr'>qui</span> <span class='ocrx_word' id='word_1_377' title='bbox 1230 4491 1357 4561; x_wconf 88' lang='lat' dir='ltr'>ejus</span> <span class='ocrx_word' id='word_1_378' title='bbox 1392 4489 1677 4561; x_wconf 82' lang='lat' dir='ltr'>potuisset</span> <span class='ocrx_word' id='word_1_379' title='bbox 1726 4490 1986 4544; x_wconf 88' lang='lat' dir='ltr'>admissa</span> 
     </span>
    </p>
   </div>
   <div class='ocr_carea' id='block_1_48' title="bbox 2078 591 3740 681">
    <p class='ocr_par' dir='ltr' id='par_1_48' title="bbox 2078 591 3740 681">
     <span class='ocr_line' id='line_1_48' title="bbox 2078 591 3740 681; baseline 0.012 -37"><span class='ocrx_word' id='word_1_380' title='bbox 2078 592 2274 656; x_wconf 87' lang='lat' dir='ltr'>fuerit,</span> <span class='ocrx_word' id='word_1_381' title='bbox 2311 591 2435 681; x_wconf 84' lang='lat' dir='ltr'>suis</span> <span class='ocrx_word' id='word_1_382' title='bbox 2467 593 2575 647; x_wconf 90' lang='lat' dir='ltr'>hoc</span> <span class='ocrx_word' id='word_1_383' title='bbox 2606 594 2901 667; x_wconf 88' lang='lat' dir='ltr'>imputent</span> <span class='ocrx_word' id='word_1_384' title='bbox 2928 600 3200 668; x_wconf 88' lang='lat' dir='ltr'>peccatis,</span> <span class='ocrx_word' id='word_1_385' title='bbox 3234 602 3549 676; x_wconf 88' lang='lat' dir='ltr'>ipsumque</span> <span class='ocrx_word' id='word_1_386' title='bbox 3580 607 3740 681; x_wconf 87' lang='lat' dir='ltr'>ﬂagi-</span> 
     </span>
    </p>
   </div>
   <div class='ocr_carea' id='block_1_49' title="bbox 2078 680 3734 751">
    <p class='ocr_par' dir='ltr' id='par_1_49' title="bbox 2078 680 3734 751">
     <span class='ocr_line' id='line_1_49' title="bbox 2078 680 3734 751; baseline 0.011 -19"><span class='ocrx_word' id='word_1_387' title='bbox 2078 684 2201 733; x_wconf 89' lang='lat' dir='ltr'>tare</span> <span class='ocrx_word' id='word_1_388' title='bbox 2234 696 2350 734; x_wconf 91' lang='lat' dir='ltr'>non</span> <span class='ocrx_word' id='word_1_389' title='bbox 2377 680 2744 749; x_wconf 89' lang='lat' dir='ltr'>desinant,ut</span> <span class='ocrx_word' id='word_1_390' title='bbox 2763 684 2872 738; x_wconf 91' lang='lat' dir='ltr'>hoc</span> <span class='ocrx_word' id='word_1_391' title='bbox 2904 690 3228 745; x_wconf 90' lang='lat' dir='ltr'>secundum</span> <span class='ocrx_word' id='word_1_392' title='bbox 3292 680 3734 751; x_wconf 79' lang='lat' dir='ltr'>multitudinem</span> 
     </span>
    </p>
   </div>
   <div class='ocr_carea' id='block_1_50' title="bbox 2080 766 3735 853">
    <p class='ocr_par' dir='ltr' id='par_1_50' title="bbox 2080 766 3735 853">
     <span class='ocr_line' id='line_1_50' title="bbox 2080 766 3735 853; baseline 0.012 -33"><span class='ocrx_word' id='word_1_393' title='bbox 2080 766 2497 823; x_wconf 68' lang='lat' dir='ltr'>misericordias</span> <span class='ocrx_word' id='word_1_394' title='bbox 2531 787 2648 823; x_wconf 61' lang='lat' dir='ltr'>suae</span> <span class='ocrx_word' id='word_1_395' title='bbox 2682 773 2968 843; x_wconf 89' lang='lat' dir='ltr'>propitius</span> <span class='ocrx_word' id='word_1_396' title='bbox 2983 776 3273 849; x_wconf 88' lang='lat' dir='ltr'>disponat.</span> <span class='ocrx_word' id='word_1_397' title='bbox 3301 780 3446 836; x_wconf 89' lang='lat' dir='ltr'>Nam</span> <span class='ocrx_word' id='word_1_398' title='bbox 3466 783 3735 853; x_wconf 87' lang='lat' dir='ltr'>dejicien-</span> 
     </span>
    </p>
   </div>
   <div class='ocr_carea' id='block_1_51' title="bbox 2078 856 3735 944">
    <p class='ocr_par' dir='ltr' id='par_1_51' title="bbox 2078 856 3735 944">
     <span class='ocr_line' id='line_1_51' title="bbox 2078 856 3735 944; baseline 0.012 -35"><span class='ocrx_word' id='word_1_399' title='bbox 2078 857 2191 910; x_wconf 90' lang='lat' dir='ltr'>dus</span> <span class='ocrx_word' id='word_1_400' title='bbox 2223 856 2309 911; x_wconf 90' lang='lat' dir='ltr'>vel</span> <span class='ocrx_word' id='word_1_401' title='bbox 2338 857 2780 929; x_wconf 89' lang='lat' dir='ltr'>impugnandus</span> <span class='ocrx_word' id='word_1_402' title='bbox 2813 862 2972 917; x_wconf 88' lang='lat' dir='ltr'>nullo</span> <span class='ocrx_word' id='word_1_403' title='bbox 3009 867 3180 921; x_wconf 90' lang='lat' dir='ltr'>modo</span> <span class='ocrx_word' id='word_1_404' title='bbox 3215 874 3303 924; x_wconf 92' lang='lat' dir='ltr'>est</span> <span class='ocrx_word' id='word_1_405' title='bbox 3335 887 3367 923; x_wconf 90' lang='lat' dir='ltr'>a</span> <span class='ocrx_word' id='word_1_406' title='bbox 3390 871 3735 944; x_wconf 90' lang='lat' dir='ltr'>populo,qui</span> 
     </span>
    </p>
   </div>
   <div class='ocr_carea' id='block_1_52' title="bbox 2072 946 3738 1029">
    <p class='ocr_par' dir='ltr' id='par_1_52' title="bbox 2072 946 3738 1029">
     <span class='ocr_line' id='line_1_52' title="bbox 2072 946 3738 1029; baseline 0.012 -32"><span class='ocrx_word' id='word_1_407' title='bbox 2072 946 2199 1013; x_wconf 88' lang='lat' dir='ltr'>jam</span> <span class='ocrx_word' id='word_1_408' title='bbox 2233 946 2542 1000; x_wconf 87' lang='lat' dir='ltr'>ordinatus</span> <span class='ocrx_word' id='word_1_409' title='bbox 2577 952 2666 1001; x_wconf 85' lang='lat' dir='ltr'>est</span> <span class='ocrx_word' id='word_1_410' title='bbox 2690 966 2723 1002; x_wconf 86' lang='lat' dir='ltr'>a</span> <span class='ocrx_word' id='word_1_411' title='bbox 2759 950 2891 1005; x_wconf 90' lang='lat' dir='ltr'>Deo.</span> <span class='ocrx_word' id='word_1_412' title='bbox 2924 953 3207 1024; x_wconf 88' lang='lat' dir='ltr'>Equidem</span> <span class='ocrx_word' id='word_1_413' title='bbox 3233 957 3515 1029; x_wconf 87' lang='lat' dir='ltr'>scriptum</span> <span class='ocrx_word' id='word_1_414' title='bbox 3551 967 3641 1016; x_wconf 89' lang='lat' dir='ltr'>est</span> <span class='ocrx_word' id='word_1_415' title='bbox 3679 962 3738 1017; x_wconf 90' lang='lat' dir='ltr'>in</span> 
     </span>
    </p>
   </div>
   <div class='ocr_carea' id='block_1_53' title="bbox 2081 1033 3739 1115">
    <p class='ocr_par' dir='ltr' id='par_1_53' title="bbox 2081 1033 3739 1115">
     <span class='ocr_line' id='line_1_53' title="bbox 2081 1033 3739 1115; baseline 0.012 -29"><span class='ocrx_word' id='word_1_416' title='bbox 2081 1033 2318 1088; x_wconf 88' lang='lat' dir='ltr'>Daniele</span> <span class='ocrx_word' id='word_1_417' title='bbox 2345 1053 2357 1089; x_wconf 88' lang='lat'>:</span> <span class='ocrx_word' id='word_1_418' title='bbox 2394 1036 2540 1102; x_wconf 86' lang='lat' dir='ltr'>Quia</span> <span class='ocrx_word' id='word_1_419' title='bbox 2568 1035 2884 1093; x_wconf 85' lang='lat' dir='ltr'>dominatur</span> <span class='ocrx_word' id='word_1_420' title='bbox 2908 1043 3149 1098; x_wconf 60' lang='lat' dir='ltr'>excelsus</span> <span class='ocrx_word' id='word_1_421' title='bbox 3174 1046 3231 1098; x_wconf 90' lang='lat' dir='ltr'>in</span> <span class='ocrx_word' id='word_1_422' title='bbox 3266 1062 3429 1115; x_wconf 90' lang='lat' dir='ltr'>regno</span> <span class='ocrx_word' id='word_1_423' title='bbox 3453 1048 3739 1106; x_wconf 88' lang='lat' dir='ltr'>hominum</span> 
     </span>
    </p>
   </div>
   <div class='ocr_carea' id='block_1_54' title="bbox 2080 1123 3741 1208">
    <p class='ocr_par' dir='ltr' id='par_1_54' title="bbox 2080 1123 3741 1208">
     <span class='ocr_line' id='line_1_54' title="bbox 2080 1123 3741 1208; baseline 0.012 -33"><span class='ocrx_word' id='word_1_424' title='bbox 2080 1123 2129 1175; x_wconf 92' lang='lat' dir='ltr'>el</span> <span class='ocrx_word' id='word_1_425' title='bbox 2161 1125 2252 1195; x_wconf 77' lang='lat' dir='ltr'>cui</span> <span class='ocrx_word' id='word_1_426' title='bbox 2282 1124 2539 1190; x_wconf 84' lang='lat' dir='ltr'>voluerit,</span> <span class='ocrx_word' id='word_1_427' title='bbox 2570 1126 2682 1195; x_wconf 90' lang='lat' dir='ltr'>ipse</span> <span class='ocrx_word' id='word_1_428' title='bbox 2711 1128 2977 1183; x_wconf 79' lang='lat' dir='ltr'>dati&#39;llud</span> <span class='ocrx_word' id='word_1_429' title='bbox 3020 1132 3181 1201; x_wconf 90' lang='lat' dir='ltr'>(Dan.</span> <span class='ocrx_word' id='word_1_430' title='bbox 3236 1152 3307 1200; x_wconf 83' lang='lat' dir='ltr'>IV,</span> <span class='ocrx_word' id='word_1_431' title='bbox 3368 1137 3473 1208; x_wconf 82' lang='grc'>14).</span> <span class='ocrx_word' id='word_1_432' title='bbox 3530 1138 3741 1195; x_wconf 91' lang='lat' dir='ltr'>Nullus</span> 
     </span>
    </p>
   </div>
   <div class='ocr_carea' id='block_1_55' title="bbox 2081 1210 3743 1287">
    <p class='ocr_par' dir='ltr' id='par_1_55' title="bbox 2081 1210 3743 1287">
     <span class='ocr_line' id='line_1_55' title="bbox 2081 1210 3743 1287; baseline 0.012 -23"><span class='ocrx_word' id='word_1_433' title='bbox 2081 1210 2152 1265; x_wconf 91' lang='lat' dir='ltr'>de</span> <span class='ocrx_word' id='word_1_434' title='bbox 2174 1212 2429 1281; x_wconf 84' lang='lat' dir='ltr'>alicujus</span> <span class='ocrx_word' id='word_1_435' title='bbox 2462 1213 2671 1283; x_wconf 89' lang='lat' dir='ltr'>dejecti</span> <span class='ocrx_word' id='word_1_436' title='bbox 2705 1217 2857 1286; x_wconf 84' lang='lat' dir='ltr'>regis</span> <span class='ocrx_word' id='word_1_437' title='bbox 2889 1218 3105 1287; x_wconf 87' lang='lat' dir='ltr'>injuria</span> <span class='ocrx_word' id='word_1_438' title='bbox 3134 1222 3244 1276; x_wconf 89' lang='lat' dir='ltr'>sibi</span> <span class='ocrx_word' id='word_1_439' title='bbox 3276 1232 3541 1281; x_wconf 85' lang='lat' dir='ltr'>assumat</span> <span class='ocrx_word' id='word_1_440' title='bbox 3596 1228 3743 1283; x_wconf 84' lang='lat' dir='ltr'>fidu-</span> 
     </span>
    </p>
   </div>
   <div class='ocr_carea' id='block_1_56' title="bbox 2082 1299 3739 1374">
    <p class='ocr_par' dir='ltr' id='par_1_56' title="bbox 2082 1299 3739 1374">
     <span class='ocr_line' id='line_1_56' title="bbox 2082 1299 3739 1374; baseline 0.011 -21"><span class='ocrx_word' id='word_1_441' title='bbox 2082 1299 2253 1355; x_wconf 91' lang='lat' dir='ltr'>ciam.</span> <span class='ocrx_word' id='word_1_442' title='bbox 2288 1301 2580 1366; x_wconf 88' lang='lat' dir='ltr'>Quoniam</span> <span class='ocrx_word' id='word_1_443' title='bbox 2612 1307 2877 1374; x_wconf 83' lang='lat' dir='ltr'>quamvis</span> <span class='ocrx_word' id='word_1_444' title='bbox 2931 1308 3071 1361; x_wconf 91' lang='lat' dir='ltr'>mul.</span> <span class='ocrx_word' id='word_1_445' title='bbox 3153 1351 3165 1363; x_wconf 93' lang='lat'>.</span> <span class='ocrx_word' id='word_1_446' title='bbox 3248 1353 3260 1365; x_wconf 93' lang='lat'>.</span> <span class='ocrx_word' id='word_1_447' title='bbox 3344 1354 3356 1365; x_wconf 92' lang='lat'>.</span> <span class='ocrx_word' id='word_1_448' title='bbox 3438 1356 3451 1370; x_wconf 94' lang='lat'>.</span> <span class='ocrx_word' id='word_1_449' title='bbox 3534 1359 3546 1369; x_wconf 92' lang='lat'>.</span> <span class='ocrx_word' id='word_1_450' title='bbox 3631 1358 3642 1369; x_wconf 93' lang='lat'>.</span> <span class='ocrx_word' id='word_1_451' title='bbox 3726 1360 3739 1373; x_wconf 95' lang='lat'>.</span> 
     </span>
    </p>
   </div>
   <div class='ocr_carea' id='block_1_57' title="bbox 2180 1478 3736 1557">
    <p class='ocr_par' dir='ltr' id='par_1_57' title="bbox 2180 1478 3736 1557">
     <span class='ocr_line' id='line_1_57' title="bbox 2180 1478 3736 1557; baseline 0.011 -26"><span class='ocrx_word' id='word_1_452' title='bbox 2180 1520 2192 1531; x_wconf 97' lang='lat'>.</span> <span class='ocrx_word' id='word_1_453' title='bbox 2270 1478 2419 1533; x_wconf 90' lang='lat' dir='ltr'>tanti</span> <span class='ocrx_word' id='word_1_454' title='bbox 2456 1479 2729 1537; x_wconf 85' lang='lat' dir='ltr'>facinoris</span> <span class='ocrx_word' id='word_1_455' title='bbox 2762 1483 3092 1539; x_wconf 88' lang='lat' dir='ltr'>miserabile</span> <span class='ocrx_word' id='word_1_456' title='bbox 3128 1487 3436 1557; x_wconf 86' lang='lat' dir='ltr'>pertulisse</span> <span class='ocrx_word' id='word_1_457' title='bbox 3468 1492 3736 1549; x_wconf 83' lang='lat' dir='ltr'>exitium.</span> 
     </span>
    </p>
   </div>
   <div class='ocr_carea' id='block_1_58' title="bbox 2079 1567 3736 1648">
    <p class='ocr_par' dir='ltr' id='par_1_58' title="bbox 2079 1567 3736 1648">
     <span class='ocr_line' id='line_1_58' title="bbox 2079 1567 3736 1648; baseline 0.01 -28"><span class='ocrx_word' id='word_1_458' title='bbox 2079 1567 2240 1630; x_wconf 88' lang='lat' dir='ltr'>Quod</span> <span class='ocrx_word' id='word_1_459' title='bbox 2276 1567 2323 1621; x_wconf 91' lang='lat' dir='ltr'>si</span> <span class='ocrx_word' id='word_1_460' title='bbox 2359 1568 2454 1620; x_wconf 93' lang='lat' dir='ltr'>cui</span> <span class='ocrx_word' id='word_1_461' title='bbox 2486 1584 2829 1625; x_wconf 89' lang='lat' dir='ltr'>enumerare</span> <span class='ocrx_word' id='word_1_462' title='bbox 2860 1572 3049 1635; x_wconf 88' lang='lat' dir='ltr'>liceat,</span> <span class='ocrx_word' id='word_1_463' title='bbox 3083 1573 3736 1648; x_wconf 85' lang='lat' dir='ltr'>abipsiusgentisexor-</span> 
     </span>
    </p>
   </div>
   <div class='ocr_carea' id='block_1_59' title="bbox 2078 1655 3737 1740">
    <p class='ocr_par' dir='ltr' id='par_1_59' title="bbox 2078 1655 3737 1740">
     <span class='ocr_line' id='line_1_59' title="bbox 2078 1655 3737 1740; baseline 0.011 -32"><span class='ocrx_word' id='word_1_464' title='bbox 2078 1655 2171 1709; x_wconf 92' lang='lat' dir='ltr'>dio</span> <span class='ocrx_word' id='word_1_465' title='bbox 2203 1655 2658 1728; x_wconf 87' lang='lat' dir='ltr'>diligentissime</span> <span class='ocrx_word' id='word_1_466' title='bbox 2690 1660 3072 1730; x_wconf 88' lang='lat' dir='ltr'>perquirat,et</span> <span class='ocrx_word' id='word_1_467' title='bbox 3102 1667 3241 1717; x_wconf 87' lang='lat' dir='ltr'>tunc</span> <span class='ocrx_word' id='word_1_468' title='bbox 3273 1681 3737 1740; x_wconf 87' lang='lat' dir='ltr'>cognoscerepo-</span> 
     </span>
    </p>
   </div>
   <div class='ocr_carea' id='block_1_60' title="bbox 2077 1744 3736 1829">
    <p class='ocr_par' dir='ltr' id='par_1_60' title="bbox 2077 1744 3736 1829">
     <span class='ocr_line' id='line_1_60' title="bbox 2077 1744 3736 1829; baseline 0.009 -31"><span class='ocrx_word' id='word_1_469' title='bbox 2077 1744 2214 1799; x_wconf 89' lang='lat' dir='ltr'>terit</span> <span class='ocrx_word' id='word_1_470' title='bbox 2242 1744 2445 1816; x_wconf 90' lang='lat' dir='ltr'>populi</span> <span class='ocrx_word' id='word_1_471' title='bbox 2479 1745 2657 1816; x_wconf 85' lang='lat' dir='ltr'>hujus</span> <span class='ocrx_word' id='word_1_472' title='bbox 2696 1748 3148 1806; x_wconf 83' lang='lat' dir='ltr'>destructionem</span> <span class='ocrx_word' id='word_1_473' title='bbox 3202 1753 3453 1809; x_wconf 86' lang='lat' dir='ltr'>maxime</span> <span class='ocrx_word' id='word_1_474' title='bbox 3492 1762 3736 1829; x_wconf 87' lang='lat' dir='ltr'>propter</span> 
     </span>
    </p>
   </div>
   <div class='ocr_carea' id='block_1_61' title="bbox 2002 1833 3735 1941">
    <p class='ocr_par' dir='ltr' id='par_1_61' title="bbox 2002 1833 3735 1941">
     <span class='ocr_line' id='line_1_61' title="bbox 2002 1833 3735 1941; baseline 0.008 -54"><span class='ocrx_word' id='word_1_475' title='bbox 2002 1877 2049 1941; x_wconf 84' lang='lat' dir='ltr'><strong>B</strong></span> <span class='ocrx_word' id='word_1_476' title='bbox 2081 1833 2232 1888; x_wconf 91' lang='lat' dir='ltr'>hanc</span> <span class='ocrx_word' id='word_1_477' title='bbox 2279 1833 2547 1889; x_wconf 90' lang='lat' dir='ltr'>evenisse</span> <span class='ocrx_word' id='word_1_478' title='bbox 2588 1836 2968 1892; x_wconf 89' lang='lat' dir='ltr'>occasionem.</span> <span class='ocrx_word' id='word_1_479' title='bbox 3023 1839 3168 1905; x_wconf 90' lang='lat' dir='ltr'>Quia</span> <span class='ocrx_word' id='word_1_480' title='bbox 3246 1842 3429 1897; x_wconf 81' lang='lat' dir='ltr'>donec</span> <span class='ocrx_word' id='word_1_481' title='bbox 3497 1846 3735 1917; x_wconf 84' lang='lat' dir='ltr'>regibus</span> 
     </span>
    </p>
   </div>
   <div class='ocr_carea' id='block_1_62' title="bbox 2082 1928 3745 2002">
    <p class='ocr_par' dir='ltr' id='par_1_62' title="bbox 2082 1928 3745 2002">
     <span class='ocr_line' id='line_1_62' title="bbox 2082 1928 3745 2002; baseline 0.008 -27"><span class='ocrx_word' id='word_1_482' title='bbox 2082 1938 2411 1993; x_wconf 88' lang='lat' dir='ltr'>repugnare</span> <span class='ocrx_word' id='word_1_483' title='bbox 2426 1929 2825 1993; x_wconf 79' lang='lat' dir='ltr'>quaerunt,eta</span> <span class='ocrx_word' id='word_1_484' title='bbox 2847 1928 3090 1997; x_wconf 89' lang='lat' dir='ltr'>paganis</span> <span class='ocrx_word' id='word_1_485' title='bbox 3113 1929 3373 1999; x_wconf 88' lang='lat' dir='ltr'>undique</span> <span class='ocrx_word' id='word_1_486' title='bbox 3396 1936 3745 2002; x_wconf 90' lang='lat' dir='ltr'>opprimun-</span> 
     </span>
    </p>
   </div>
   <div class='ocr_carea' id='block_1_63' title="bbox 2080 2012 3741 2084">
    <p class='ocr_par' dir='ltr' id='par_1_63' title="bbox 2080 2012 3741 2084">
     <span class='ocr_line' id='line_1_63' title="bbox 2080 2012 3741 2084; baseline 0.008 -21"><span class='ocrx_word' id='word_1_487' title='bbox 2080 2014 2197 2074; x_wconf 91' lang='lat' dir='ltr'>tur,</span> <span class='ocrx_word' id='word_1_488' title='bbox 2248 2015 2305 2065; x_wconf 87' lang='lat' dir='ltr'>et</span> <span class='ocrx_word' id='word_1_489' title='bbox 2348 2027 2382 2064; x_wconf 91' lang='lat' dir='ltr'>a</span> <span class='ocrx_word' id='word_1_490' title='bbox 2414 2012 2682 2067; x_wconf 76' lang='lat' dir='ltr'>finitimis</span> <span class='ocrx_word' id='word_1_491' title='bbox 2721 2014 2995 2084; x_wconf 84' lang='lat' dir='ltr'>gentibus</span> <span class='ocrx_word' id='word_1_492' title='bbox 3034 2015 3160 2071; x_wconf 92' lang='lat' dir='ltr'>ideo</span> <span class='ocrx_word' id='word_1_493' title='bbox 3199 2020 3638 2075; x_wconf 88' lang='lat' dir='ltr'>conculcantur.</span> <span class='ocrx_word' id='word_1_494' title='bbox 3669 2023 3741 2076; x_wconf 88' lang='lat' dir='ltr'>Et</span> 
     </span>
    </p>
   </div>
   <div class='ocr_carea' id='block_1_64' title="bbox 2090 2099 3740 2179">
    <p class='ocr_par' dir='ltr' id='par_1_64' title="bbox 2090 2099 3740 2179">
     <span class='ocr_line' id='line_1_64' title="bbox 2090 2099 3740 2179; baseline 0.006 -26"><span class='ocrx_word' id='word_1_495' title='bbox 2090 2099 2230 2153; x_wconf 90' lang='lat' dir='ltr'>dum</span> <span class='ocrx_word' id='word_1_496' title='bbox 2265 2104 2635 2169; x_wconf 69' lang='lat' dir='ltr'>praesumunt</span> <span class='ocrx_word' id='word_1_497' title='bbox 2666 2100 2894 2166; x_wconf 90' lang='lat' dir='ltr'>illicita,</span> <span class='ocrx_word' id='word_1_498' title='bbox 2916 2119 2947 2155; x_wconf 87' lang='lat' dir='ltr'>a</span> <span class='ocrx_word' id='word_1_499' title='bbox 2967 2102 3177 2157; x_wconf 91' lang='lat' dir='ltr'>debitis</span> <span class='ocrx_word' id='word_1_500' title='bbox 3205 2104 3590 2161; x_wconf 85' lang='lat' dir='ltr'>nihilominus</span> <span class='ocrx_word' id='word_1_501' title='bbox 3622 2110 3740 2179; x_wconf 89' lang='lat' dir='ltr'>pri-</span> 
     </span>
    </p>
   </div>
   <div class='ocr_carea' id='block_1_65' title="bbox 2081 2187 2669 2243">
    <p class='ocr_par' dir='ltr' id='par_1_65' title="bbox 2081 2187 2669 2243">
     <span class='ocr_line' id='line_1_65' title="bbox 2081 2187 2669 2243; baseline 0.002 -3"><span class='ocrx_word' id='word_1_502' title='bbox 2081 2192 2295 2241; x_wconf 90' lang='lat' dir='ltr'>vantur</span> <span class='ocrx_word' id='word_1_503' title='bbox 2324 2187 2669 2243; x_wconf 90' lang='lat' dir='ltr'>honoribus.</span> 
     </span>
    </p>
   </div>
   <div class='ocr_carea' id='block_1_66' title="bbox 2154 2275 3737 2354">
    <p class='ocr_par' dir='ltr' id='par_1_66' title="bbox 2154 2275 3737 2354">
     <span class='ocr_line' id='line_1_66' title="bbox 2154 2275 3737 2354; baseline 0.006 -24"><span class='ocrx_word' id='word_1_504' title='bbox 2154 2276 2264 2331; x_wconf 93' lang='lat' dir='ltr'>Sed</span> <span class='ocrx_word' id='word_1_505' title='bbox 2298 2275 2439 2346; x_wconf 91' lang='lat' dir='ltr'>quid</span> <span class='ocrx_word' id='word_1_506' title='bbox 2474 2277 2544 2332; x_wconf 92' lang='lat' dir='ltr'>de</span> <span class='ocrx_word' id='word_1_507' title='bbox 2578 2277 2735 2348; x_wconf 91' lang='lat' dir='ltr'>regia</span> <span class='ocrx_word' id='word_1_508' title='bbox 2765 2277 3042 2333; x_wconf 85' lang='lat' dir='ltr'>ﬁdelitate</span> <span class='ocrx_word' id='word_1_509' title='bbox 3074 2283 3130 2333; x_wconf 89' lang='lat' dir='ltr'>et</span> <span class='ocrx_word' id='word_1_510' title='bbox 3160 2280 3364 2335; x_wconf 90' lang='lat' dir='ltr'>beatus</span> <span class='ocrx_word' id='word_1_511' title='bbox 3421 2280 3737 2354; x_wconf 90' lang='lat' dir='ltr'>Gregorius</span> 
     </span>
    </p>
   </div>
   <div class='ocr_carea' id='block_1_67' title="bbox 2082 2366 3735 2433">
    <p class='ocr_par' dir='ltr' id='par_1_67' title="bbox 2082 2366 3735 2433">
     <span class='ocr_line' id='line_1_67' title="bbox 2082 2366 3735 2433; baseline 0.005 -14"><span class='ocrx_word' id='word_1_512' title='bbox 2082 2366 2257 2433; x_wconf 82' lang='lat' dir='ltr'>dicat,</span> <span class='ocrx_word' id='word_1_513' title='bbox 2292 2366 2629 2419; x_wconf 89' lang='lat' dir='ltr'>audiamus.</span> <span class='ocrx_word' id='word_1_514' title='bbox 2661 2366 2933 2421; x_wconf 88' lang='lat' dir='ltr'>Aitenim</span> <span class='ocrx_word' id='word_1_515' title='bbox 2963 2368 3033 2420; x_wconf 86' lang='lat' dir='ltr'>ad</span> <span class='ocrx_word' id='word_1_516' title='bbox 3078 2367 3417 2424; x_wconf 86' lang='lat' dir='ltr'>Mauritium</span> <span class='ocrx_word' id='word_1_517' title='bbox 3468 2366 3735 2428; x_wconf 87' lang='lat' dir='ltr'>scribens</span> 
     </span>
    </p>
   </div>
   <div class='ocr_carea' id='block_1_68' title="bbox 2083 2455 3735 2529">
    <p class='ocr_par' dir='ltr' id='par_1_68' title="bbox 2083 2455 3735 2529">
     <span class='ocr_line' id='line_1_68' title="bbox 2083 2455 3735 2529; baseline 0.005 -21"><span class='ocrx_word' id='word_1_518' title='bbox 2083 2455 2496 2524; x_wconf 87' lang='lat' dir='ltr'>imperatorem</span> <span class='ocrx_word' id='word_1_519' title='bbox 2531 2455 2649 2526; x_wconf 86' lang='lat' dir='ltr'>(lib.</span> <span class='ocrx_word' id='word_1_520' title='bbox 2684 2472 2747 2521; x_wconf 88' lang='grc' dir='ltr'>ιι,</span> <span class='ocrx_word' id='word_1_521' title='bbox 2771 2458 2930 2526; x_wconf 84' lang='lat' dir='ltr'>epist.</span> <span class='ocrx_word' id='word_1_522' title='bbox 2960 2457 3050 2525; x_wconf 85' lang='grc'>61)</span> <span class='ocrx_word' id='word_1_523' title='bbox 3082 2479 3108 2505; x_wconf 88' lang='grc'><em>‹‹</em></span> <span class='ocrx_word' id='word_1_524' title='bbox 3158 2457 3556 2529; x_wconf 89' lang='lat' dir='ltr'>Omnipotenti</span> <span class='ocrx_word' id='word_1_525' title='bbox 3616 2461 3735 2517; x_wconf 94' lang='lat' dir='ltr'>Deo</span> 
     </span>
    </p>
   </div>
   <div class='ocr_carea' id='block_1_69' title="bbox 2084 2541 3739 2622">
    <p class='ocr_par' dir='ltr' id='par_1_69' title="bbox 2084 2541 3739 2622">
     <span class='ocr_line' id='line_1_69' title="bbox 2084 2541 3739 2622; baseline 0.005 -26"><span class='ocrx_word' id='word_1_526' title='bbox 2084 2559 2217 2597; x_wconf 88' lang='lat' dir='ltr'>reus</span> <span class='ocrx_word' id='word_1_527' title='bbox 2234 2541 2450 2613; x_wconf 82' lang='lat' dir='ltr'>est,qui</span> <span class='ocrx_word' id='word_1_528' title='bbox 2468 2542 2862 2598; x_wconf 89' lang='lat' dir='ltr'>serenissimis</span> <span class='ocrx_word' id='word_1_529' title='bbox 2878 2543 3200 2599; x_wconf 90' lang='lat' dir='ltr'>dominisin</span> <span class='ocrx_word' id='word_1_530' title='bbox 3235 2562 3405 2601; x_wconf 88' lang='lat' dir='ltr'>omne</span> <span class='ocrx_word' id='word_1_531' title='bbox 3437 2549 3589 2618; x_wconf 91' lang='lat' dir='ltr'>quod</span> <span class='ocrx_word' id='word_1_532' title='bbox 3618 2550 3739 2622; x_wconf 91' lang='lat' dir='ltr'>agit</span> 
     </span>
    </p>
   </div>
   <div class='ocr_carea' id='block_1_70' title="bbox 2085 2632 3734 2709">
    <p class='ocr_par' dir='ltr' id='par_1_70' title="bbox 2085 2632 3734 2709">
     <span class='ocr_line' id='line_1_70' title="bbox 2085 2632 3734 2709; baseline 0.005 -25"><span class='ocrx_word' id='word_1_533' title='bbox 2085 2636 2140 2685; x_wconf 92' lang='lat' dir='ltr'>et</span> <span class='ocrx_word' id='word_1_534' title='bbox 2171 2632 2451 2701; x_wconf 84' lang='lat' dir='ltr'>loquitur,</span> <span class='ocrx_word' id='word_1_535' title='bbox 2478 2648 2660 2702; x_wconf 91' lang='lat' dir='ltr'>purus</span> <span class='ocrx_word' id='word_1_536' title='bbox 2692 2649 2807 2686; x_wconf 90' lang='lat' dir='ltr'>non</span> <span class='ocrx_word' id='word_1_537' title='bbox 2838 2636 2946 2686; x_wconf 89' lang='lat' dir='ltr'>est.</span> <span class='ocrx_word' id='word_1_538' title='bbox 2971 2632 3087 2703; x_wconf 90' lang='lat' dir='ltr'>Ego</span> <span class='ocrx_word' id='word_1_539' title='bbox 3106 2634 3590 2707; x_wconf 90' lang='lat' dir='ltr'>autemindignus</span> <span class='ocrx_word' id='word_1_540' title='bbox 3610 2638 3734 2709; x_wconf 87' lang='lat' dir='ltr'>pie-</span> 
     </span>
    </p>
   </div>
   <div class='ocr_carea' id='block_1_71' title="bbox 2086 2718 3734 2795">
    <p class='ocr_par' dir='ltr' id='par_1_71' title="bbox 2086 2718 3734 2795">
     <span class='ocr_line' id='line_1_71' title="bbox 2086 2718 3734 2795; baseline 0.005 -23"><span class='ocrx_word' id='word_1_541' title='bbox 2086 2718 2223 2773; x_wconf 85' lang='lat' dir='ltr'>tatis</span> <span class='ocrx_word' id='word_1_542' title='bbox 2256 2724 2459 2773; x_wconf 74' lang='lat' dir='ltr'>vestrze</span> <span class='ocrx_word' id='word_1_543' title='bbox 2493 2718 2751 2773; x_wconf 85' lang='lat' dir='ltr'>famulus</span> <span class='ocrx_word' id='word_1_544' title='bbox 2786 2719 2843 2772; x_wconf 91' lang='lat' dir='ltr'>in</span> <span class='ocrx_word' id='word_1_545' title='bbox 2879 2718 2985 2773; x_wconf 87' lang='lat' dir='ltr'>hac</span> <span class='ocrx_word' id='word_1_546' title='bbox 3006 2721 3377 2791; x_wconf 90' lang='lat' dir='ltr'>suggestione</span> <span class='ocrx_word' id='word_1_547' title='bbox 3396 2738 3522 2777; x_wconf 92' lang='lat' dir='ltr'>mea</span> <span class='ocrx_word' id='word_1_548' title='bbox 3545 2739 3734 2795; x_wconf 90' lang='lat' dir='ltr'>neque</span> 
     </span>
    </p>
   </div>
   <div class='ocr_carea' id='block_1_72' title="bbox 2086 2807 3735 2881">
    <p class='ocr_par' dir='ltr' id='par_1_72' title="bbox 2086 2807 3735 2881">
     <span class='ocr_line' id='line_1_72' title="bbox 2086 2807 3735 2881; baseline 0.004 -20"><span class='ocrx_word' id='word_1_549' title='bbox 2086 2812 2151 2861; x_wconf 90' lang='lat' dir='ltr'>ut</span> <span class='ocrx_word' id='word_1_550' title='bbox 2182 2807 2511 2879; x_wconf 91' lang='lat' dir='ltr'>episcopus,</span> <span class='ocrx_word' id='word_1_551' title='bbox 2542 2824 2729 2879; x_wconf 89' lang='lat' dir='ltr'>neque</span> <span class='ocrx_word' id='word_1_552' title='bbox 2759 2812 2824 2861; x_wconf 91' lang='lat' dir='ltr'>ut</span> <span class='ocrx_word' id='word_1_553' title='bbox 2854 2823 3058 2863; x_wconf 91' lang='lat' dir='ltr'>servus</span> <span class='ocrx_word' id='word_1_554' title='bbox 3079 2809 3215 2879; x_wconf 90' lang='lat' dir='ltr'>jure</span> <span class='ocrx_word' id='word_1_555' title='bbox 3246 2809 3596 2881; x_wconf 66' lang='lat' dir='ltr'>reipublicae,</span> <span class='ocrx_word' id='word_1_556' title='bbox 3632 2815 3735 2868; x_wconf 91' lang='lat' dir='ltr'>sed</span> 
     </span>
    </p>
   </div>
   <div class='ocr_carea' id='block_1_73' title="bbox 2087 2895 3733 2972">
    <p class='ocr_par' dir='ltr' id='par_1_73' title="bbox 2087 2895 3733 2972">
     <span class='ocr_line' id='line_1_73' title="bbox 2087 2895 3733 2972; baseline 0.004 -22"><span class='ocrx_word' id='word_1_557' title='bbox 2087 2912 2154 2950; x_wconf 82' lang='lat' dir='ltr'>ex</span> <span class='ocrx_word' id='word_1_558' title='bbox 2186 2895 2283 2951; x_wconf 92' lang='lat' dir='ltr'>illo</span> <span class='ocrx_word' id='word_1_559' title='bbox 2310 2896 2438 2966; x_wconf 90' lang='lat' dir='ltr'>jam</span> <span class='ocrx_word' id='word_1_560' title='bbox 2474 2900 2733 2968; x_wconf 88' lang='lat' dir='ltr'>tempore</span> <span class='ocrx_word' id='word_1_561' title='bbox 2764 2896 3041 2951; x_wconf 90' lang='lat' dir='ltr'>dominus</span> <span class='ocrx_word' id='word_1_562' title='bbox 3076 2913 3241 2952; x_wconf 90' lang='lat' dir='ltr'>meus</span> <span class='ocrx_word' id='word_1_563' title='bbox 3274 2898 3455 2968; x_wconf 83' lang='lat' dir='ltr'>fuisti,</span> <span class='ocrx_word' id='word_1_564' title='bbox 3498 2902 3733 2972; x_wconf 88' lang='lat' dir='ltr'>quando</span> 
     </span>
    </p>
   </div>
   <div class='ocr_carea' id='block_1_74' title="bbox 2088 2984 3733 3052">
    <p class='ocr_par' dir='ltr' id='par_1_74' title="bbox 2088 2984 3733 3052">
     <span class='ocr_line' id='line_1_74' title="bbox 2088 2984 3733 3052; baseline 0.004 -13"><span class='ocrx_word' id='word_1_565' title='bbox 2088 2986 2279 3040; x_wconf 89' lang='lat' dir='ltr'>adhuc</span> <span class='ocrx_word' id='word_1_566' title='bbox 2339 2985 2615 3039; x_wconf 91' lang='lat' dir='ltr'>dominus</span> <span class='ocrx_word' id='word_1_567' title='bbox 2672 2984 2937 3039; x_wconf 90' lang='lat' dir='ltr'>omnium</span> <span class='ocrx_word' id='word_1_568' title='bbox 2999 3001 3111 3039; x_wconf 90' lang='lat' dir='ltr'>non</span> <span class='ocrx_word' id='word_1_569' title='bbox 3185 3002 3397 3041; x_wconf 84' lang='lat' dir='ltr'>eras.»</span> <span class='ocrx_word' id='word_1_570' title='bbox 3457 2988 3733 3052; x_wconf 90' lang='lat' dir='ltr'>Quamvis</span> 
     </span>
    </p>
   </div>
   <div class='ocr_carea' id='block_1_75' title="bbox 2088 3064 3729 3148">
    <p class='ocr_par' dir='ltr' id='par_1_75' title="bbox 2088 3064 3729 3148">
     <span class='ocr_line' id='line_1_75' title="bbox 2088 3064 3729 3148; baseline 0.003 -20"><span class='ocrx_word' id='word_1_571' title='bbox 2088 3074 2242 3129; x_wconf 90' lang='lat' dir='ltr'>enim</span> <span class='ocrx_word' id='word_1_572' title='bbox 2276 3064 2588 3128; x_wconf 90' lang='lat' dir='ltr'>Mauritius</span> <span class='ocrx_word' id='word_1_573' title='bbox 2620 3074 2677 3128; x_wconf 93' lang='lat' dir='ltr'>in</span> <span class='ocrx_word' id='word_1_574' title='bbox 2709 3073 3063 3144; x_wconf 91' lang='lat' dir='ltr'>quibusdam</span> <span class='ocrx_word' id='word_1_575' title='bbox 3096 3074 3480 3130; x_wconf 89' lang='lat' dir='ltr'>inclementer</span> <span class='ocrx_word' id='word_1_576' title='bbox 3516 3084 3729 3148; x_wconf 85' lang='lat' dir='ltr'>ageret,</span> 
     </span>
    </p>
   </div>
   <div class='ocr_carea' id='block_1_76' title="bbox 2089 3162 3736 3235">
    <p class='ocr_par' dir='ltr' id='par_1_76' title="bbox 2089 3162 3736 3235">
     <span class='ocr_line' id='line_1_76' title="bbox 2089 3162 3736 3235; baseline 0.003 -19"><span class='ocrx_word' id='word_1_577' title='bbox 2089 3167 2145 3217; x_wconf 91' lang='lat' dir='ltr'>et</span> <span class='ocrx_word' id='word_1_578' title='bbox 2176 3163 2426 3216; x_wconf 84' lang='lat' dir='ltr'>maxime</span> <span class='ocrx_word' id='word_1_579' title='bbox 2457 3166 2662 3217; x_wconf 91' lang='lat' dir='ltr'>contra</span> <span class='ocrx_word' id='word_1_580' title='bbox 2690 3162 2909 3233; x_wconf 91' lang='lat' dir='ltr'>ipsum,</span> <span class='ocrx_word' id='word_1_581' title='bbox 2944 3162 3097 3217; x_wconf 90' lang='lat' dir='ltr'>sicut</span> <span class='ocrx_word' id='word_1_582' title='bbox 3125 3162 3313 3234; x_wconf 89' lang='lat' dir='ltr'>ipsius</span> <span class='ocrx_word' id='word_1_583' title='bbox 3344 3165 3576 3235; x_wconf 86' lang='lat' dir='ltr'>scriptis</span> <span class='ocrx_word' id='word_1_584' title='bbox 3636 3167 3736 3221; x_wconf 85' lang='lat' dir='ltr'>de-</span> 
     </span>
    </p>
   </div>
   <div class='ocr_carea' id='block_1_77' title="bbox 2092 3250 3737 3326">
    <p class='ocr_par' dir='ltr' id='par_1_77' title="bbox 2092 3250 3737 3326">
     <span class='ocr_line' id='line_1_77' title="bbox 2092 3250 3737 3326; baseline 0.003 -21"><span class='ocrx_word' id='word_1_585' title='bbox 2092 3250 2366 3315; x_wconf 84' lang='lat' dir='ltr'>claratur,</span> <span class='ocrx_word' id='word_1_586' title='bbox 2396 3254 2591 3304; x_wconf 89' lang='lat' dir='ltr'>tamen</span> <span class='ocrx_word' id='word_1_587' title='bbox 2643 3251 2882 3305; x_wconf 91' lang='lat' dir='ltr'>domino</span> <span class='ocrx_word' id='word_1_588' title='bbox 2937 3250 3044 3304; x_wconf 90' lang='lat' dir='ltr'>hoc</span> <span class='ocrx_word' id='word_1_589' title='bbox 3099 3253 3523 3323; x_wconf 88' lang='lat' dir='ltr'>committebat,</span> <span class='ocrx_word' id='word_1_590' title='bbox 3567 3255 3737 3326; x_wconf 90' lang='lat' dir='ltr'>eique</span> 
     </span>
    </p>
   </div>
   <div class='ocr_carea' id='block_1_78' title="bbox 2094 3339 3739 3410">
    <p class='ocr_par' dir='ltr' id='par_1_78' title="bbox 2094 3339 3739 3410">
     <span class='ocr_line' id='line_1_78' title="bbox 2094 3339 3739 3410; baseline 0.004 -18"><span class='ocrx_word' id='word_1_591' title='bbox 2094 3340 2263 3393; x_wconf 83' lang='lat' dir='ltr'>ﬁdem</span> <span class='ocrx_word' id='word_1_592' title='bbox 2301 3339 2586 3403; x_wconf 86' lang='lat' dir='ltr'>servabat,</span> <span class='ocrx_word' id='word_1_593' title='bbox 2620 3344 2674 3393; x_wconf 90' lang='lat' dir='ltr'>et</span> <span class='ocrx_word' id='word_1_594' title='bbox 2706 3356 2809 3410; x_wconf 91' lang='lat' dir='ltr'>pro</span> <span class='ocrx_word' id='word_1_595' title='bbox 2840 3354 2905 3393; x_wconf 92' lang='lat' dir='ltr'>eo</span> <span class='ocrx_word' id='word_1_596' title='bbox 2938 3355 3101 3395; x_wconf 90' lang='lat' dir='ltr'>orare</span> <span class='ocrx_word' id='word_1_597' title='bbox 3132 3356 3247 3394; x_wconf 89' lang='lat' dir='ltr'>non</span> <span class='ocrx_word' id='word_1_598' title='bbox 3279 3340 3599 3396; x_wconf 71' lang='lat' dir='ltr'>differebat.</span> <span class='ocrx_word' id='word_1_599' title='bbox 3639 3344 3739 3399; x_wconf 85' lang='lat' dir='ltr'>De-</span> 
     </span>
    </p>
   </div>
   <div class='ocr_carea' id='block_1_79' title="bbox 2094 3418 3743 3500">
    <p class='ocr_par' dir='ltr' id='par_1_79' title="bbox 2094 3418 3743 3500">
     <span class='ocr_line' id='line_1_79' title="bbox 2094 3418 3743 3500; baseline 0.004 -19"><span class='ocrx_word' id='word_1_600' title='bbox 2094 3428 2270 3498; x_wconf 89' lang='lat' dir='ltr'>nique</span> <span class='ocrx_word' id='word_1_601' title='bbox 2300 3418 2660 3482; x_wconf 87' lang='lat' dir='ltr'>enumeratis</span> <span class='ocrx_word' id='word_1_602' title='bbox 2691 3426 3008 3497; x_wconf 88' lang='lat' dir='ltr'>injuriisab</span> <span class='ocrx_word' id='word_1_603' title='bbox 3042 3444 3107 3483; x_wconf 92' lang='lat' dir='ltr'>eo</span> <span class='ocrx_word' id='word_1_604' title='bbox 3128 3427 3606 3500; x_wconf 86' lang='lat' dir='ltr'>sibiinflictis,ait</span> <span class='ocrx_word' id='word_1_605' title='bbox 3624 3448 3743 3487; x_wconf 85' lang='lat' dir='ltr'>rur-</span> 
     </span>
    </p>
   </div>
   <div class='ocr_carea' id='block_1_80' title="bbox 2094 3515 3738 3587">
    <p class='ocr_par' dir='ltr' id='par_1_80' title="bbox 2094 3515 3738 3587">
     <span class='ocr_line' id='line_1_80' title="bbox 2094 3515 3738 3587; baseline 0.004 -18"><span class='ocrx_word' id='word_1_606' title='bbox 2094 3533 2195 3570; x_wconf 87' lang='lat' dir='ltr'>sus</span> <span class='ocrx_word' id='word_1_607' title='bbox 2226 3516 2345 3587; x_wconf 89' lang='lat' dir='ltr'>(lib,</span> <span class='ocrx_word' id='word_1_608' title='bbox 2380 3533 2441 3581; x_wconf 88' lang='grc' dir='ltr'>ιι,</span> <span class='ocrx_word' id='word_1_609' title='bbox 2482 3518 2635 3586; x_wconf 78' lang='lat' dir='ltr'>epist.</span> <span class='ocrx_word' id='word_1_610' title='bbox 2709 3518 2733 3570; x_wconf 94' lang='grc'>1</span> <span class='ocrx_word' id='word_1_611' title='bbox 2772 3518 2830 3571; x_wconf 89' lang='lat' dir='ltr'>in</span> <span class='ocrx_word' id='word_1_612' title='bbox 2871 3515 3047 3587; x_wconf 79' lang='lat' dir='ltr'>ﬁne):</span> <span class='ocrx_word' id='word_1_613' title='bbox 3084 3538 3111 3566; x_wconf 84' lang='lat'><strong>«</strong></span> <span class='ocrx_word' id='word_1_614' title='bbox 3176 3517 3331 3572; x_wconf 90' lang='lat' dir='ltr'>Inter</span> <span class='ocrx_word' id='word_1_615' title='bbox 3388 3517 3506 3572; x_wconf 75' lang='lat' dir='ltr'>haec</span> <span class='ocrx_word' id='word_1_616' title='bbox 3538 3521 3738 3577; x_wconf 89' lang='lat' dir='ltr'>omnia</span> 
     </span>
    </p>
   </div>
   <div class='ocr_carea' id='block_1_81' title="bbox 2092 3604 3739 3676">
    <p class='ocr_par' dir='ltr' id='par_1_81' title="bbox 2092 3604 3739 3676">
     <span class='ocr_line' id='line_1_81' title="bbox 2092 3604 3739 3676; baseline 0.004 -18"><span class='ocrx_word' id='word_1_617' title='bbox 2092 3604 2311 3659; x_wconf 88' lang='lat' dir='ltr'>incerta</span> <span class='ocrx_word' id='word_1_618' title='bbox 2341 3605 2411 3659; x_wconf 84' lang='lat' dir='ltr'>ad</span> <span class='ocrx_word' id='word_1_619' title='bbox 2444 3604 2598 3659; x_wconf 89' lang='lat' dir='ltr'>solas</span> <span class='ocrx_word' id='word_1_620' title='bbox 2630 3605 2916 3676; x_wconf 79' lang='lat' dir='ltr'>lacrymas</span> <span class='ocrx_word' id='word_1_621' title='bbox 2931 3605 3332 3676; x_wconf 89' lang='lat' dir='ltr'>redeo,petens</span> <span class='ocrx_word' id='word_1_622' title='bbox 3366 3608 3595 3663; x_wconf 76' lang='lat' dir='ltr'>ntideia</span> <span class='ocrx_word' id='word_1_623' title='bbox 3616 3626 3739 3665; x_wconf 90' lang='lat' dir='ltr'>om-</span> 
     </span>
    </p>
   </div>
   <div class='ocr_carea' id='block_1_82' title="bbox 2093 3694 3739 3765">
    <p class='ocr_par' dir='ltr' id='par_1_82' title="bbox 2093 3694 3739 3765">
     <span class='ocr_line' id='line_1_82' title="bbox 2093 3694 3739 3765; baseline 0.005 -17"><span class='ocrx_word' id='word_1_624' title='bbox 2093 3694 2361 3765; x_wconf 88' lang='lat' dir='ltr'>nipotens</span> <span class='ocrx_word' id='word_1_625' title='bbox 2392 3694 2544 3748; x_wconf 89' lang='lat' dir='ltr'>Deus</span> <span class='ocrx_word' id='word_1_626' title='bbox 2577 3694 2909 3765; x_wconf 90' lang='lat' dir='ltr'>piissimum</span> <span class='ocrx_word' id='word_1_627' title='bbox 2942 3694 3246 3749; x_wconf 87' lang='lat' dir='ltr'>dominum</span> <span class='ocrx_word' id='word_1_628' title='bbox 3268 3702 3533 3751; x_wconf 89' lang='lat' dir='ltr'>nostrum</span> <span class='ocrx_word' id='word_1_629' title='bbox 3558 3702 3739 3756; x_wconf 86' lang='lat' dir='ltr'>etsua</span> 
     </span>
    </p>
   </div>
   <div class='ocr_carea' id='block_1_83' title="bbox 2095 3782 3738 3854">
    <p class='ocr_par' dir='ltr' id='par_1_83' title="bbox 2095 3782 3738 3854">
     <span class='ocr_line' id='line_1_83' title="bbox 2095 3782 3738 3854; baseline 0.004 -17"><span class='ocrx_word' id='word_1_630' title='bbox 2095 3784 2187 3837; x_wconf 88' lang='lat' dir='ltr'>hic</span> <span class='ocrx_word' id='word_1_631' title='bbox 2221 3800 2397 3837; x_wconf 88' lang='lat' dir='ltr'>manu</span> <span class='ocrx_word' id='word_1_632' title='bbox 2418 3788 2659 3854; x_wconf 88' lang='lat' dir='ltr'>regat,et</span> <span class='ocrx_word' id='word_1_633' title='bbox 2678 3782 2848 3837; x_wconf 91' lang='lat' dir='ltr'>inillo</span> <span class='ocrx_word' id='word_1_634' title='bbox 2866 3783 3112 3837; x_wconf 91' lang='lat' dir='ltr'>terribili</span> <span class='ocrx_word' id='word_1_635' title='bbox 3136 3783 3362 3854; x_wconf 90' lang='lat' dir='ltr'>judicio</span> <span class='ocrx_word' id='word_1_636' title='bbox 3392 3784 3640 3841; x_wconf 89' lang='lat' dir='ltr'>liberum</span> <span class='ocrx_word' id='word_1_637' title='bbox 3666 3789 3738 3843; x_wconf 90' lang='lat' dir='ltr'>ab</span> 
     </span>
    </p>
   </div>
   <div class='ocr_carea' id='block_1_84' title="bbox 2094 3870 3740 3942">
    <p class='ocr_par' dir='ltr' id='par_1_84' title="bbox 2094 3870 3740 3942">
     <span class='ocr_line' id='line_1_84' title="bbox 2094 3870 3740 3942; baseline 0.002 -15"><span class='ocrx_word' id='word_1_638' title='bbox 2094 3871 2369 3927; x_wconf 91' lang='lat' dir='ltr'>omnibus</span> <span class='ocrx_word' id='word_1_639' title='bbox 2401 3870 2625 3925; x_wconf 90' lang='lat' dir='ltr'>delictis</span> <span class='ocrx_word' id='word_1_640' title='bbox 2660 3871 2934 3925; x_wconf 89' lang='lat' dir='ltr'>inveniat.</span> <span class='ocrx_word' id='word_1_641' title='bbox 2964 3894 2983 3917; x_wconf 77' lang='grc' dir='ltr'>ι</span> <span class='ocrx_word' id='word_1_642' title='bbox 3012 3872 3121 3926; x_wconf 88' lang='lat' dir='ltr'>Sed</span> <span class='ocrx_word' id='word_1_643' title='bbox 3152 3872 3290 3942; x_wconf 86' lang='lat' dir='ltr'>quia</span> <span class='ocrx_word' id='word_1_644' title='bbox 3316 3872 3602 3928; x_wconf 90' lang='lat' dir='ltr'>Dominus</span> <span class='ocrx_word' id='word_1_645' title='bbox 3626 3876 3740 3932; x_wconf 89' lang='lat' dir='ltr'>sibi</span> 
     </span>
    </p>
   </div>
   <div class='ocr_carea' id='block_1_85' title="bbox 2093 3960 3740 4024">
    <p class='ocr_par' dir='ltr' id='par_1_85' title="bbox 2093 3960 3740 4024">
     <span class='ocr_line' id='line_1_85' title="bbox 2093 3960 3740 4024; baseline 0.003 -10"><span class='ocrx_word' id='word_1_646' title='bbox 2093 3960 2467 4014; x_wconf 90' lang='lat' dir='ltr'>commissam</span> <span class='ocrx_word' id='word_1_647' title='bbox 2500 3960 2816 4013; x_wconf 87' lang='lat' dir='ltr'>vindictam</span> <span class='ocrx_word' id='word_1_648' title='bbox 2850 3978 2963 4015; x_wconf 89' lang='lat' dir='ltr'>non</span> <span class='ocrx_word' id='word_1_649' title='bbox 2986 3960 3235 4024; x_wconf 80' lang='lat' dir='ltr'>dill‘erat,</span> <span class='ocrx_word' id='word_1_650' title='bbox 3267 3962 3455 4016; x_wconf 91' lang='lat' dir='ltr'>eidem</span> <span class='ocrx_word' id='word_1_651' title='bbox 3475 3966 3740 4019; x_wconf 87' lang='lat' dir='ltr'>Mauritio</span> 
     </span>
    </p>
   </div>
   <div class='ocr_carea' id='block_1_86' title="bbox 2093 4047 3739 4122">
    <p class='ocr_par' dir='ltr' id='par_1_86' title="bbox 2093 4047 3739 4122">
     <span class='ocr_line' id='line_1_86' title="bbox 2093 4047 3739 4122; baseline 0.004 -20"><span class='ocrx_word' id='word_1_652' title='bbox 2093 4052 2297 4118; x_wconf 90' lang='lat' dir='ltr'>postea</span> <span class='ocrx_word' id='word_1_653' title='bbox 2326 4051 2519 4117; x_wconf 88' lang='lat' dir='ltr'>aperte</span> <span class='ocrx_word' id='word_1_654' title='bbox 2543 4047 3006 4101; x_wconf 88' lang='lat' dir='ltr'>demonstratum</span> <span class='ocrx_word' id='word_1_655' title='bbox 3066 4052 3173 4101; x_wconf 90' lang='lat' dir='ltr'>est.</span> <span class='ocrx_word' id='word_1_656' title='bbox 3237 4052 3446 4104; x_wconf 83' lang='lat' dir='ltr'>Beatus</span> <span class='ocrx_word' id='word_1_657' title='bbox 3504 4067 3739 4122; x_wconf 87' lang='lat' dir='ltr'>quoque</span> 
     </span>
    </p>
   </div>
   <div class='ocr_carea' id='block_1_87' title="bbox 2092 4133 3737 4211">
    <p class='ocr_par' dir='ltr' id='par_1_87' title="bbox 2092 4133 3737 4211">
     <span class='ocr_line' id='line_1_87' title="bbox 2092 4133 3737 4211; baseline 0.002 -22"><span class='ocrx_word' id='word_1_658' title='bbox 2092 4133 2437 4190; x_wconf 88' lang='lat' dir='ltr'>Ambrosius</span> <span class='ocrx_word' id='word_1_659' title='bbox 2468 4151 2600 4189; x_wconf 90' lang='lat' dir='ltr'>cum</span> <span class='ocrx_word' id='word_1_660' title='bbox 2632 4135 2850 4205; x_wconf 90' lang='lat' dir='ltr'>injuste</span> <span class='ocrx_word' id='word_1_661' title='bbox 2893 4140 3337 4206; x_wconf 88' lang='lat' dir='ltr'>persequeretur</span> <span class='ocrx_word' id='word_1_662' title='bbox 3366 4154 3399 4191; x_wconf 89' lang='lat' dir='ltr'>a</span> <span class='ocrx_word' id='word_1_663' title='bbox 3456 4138 3737 4211; x_wconf 83' lang='lat' dir='ltr'>principe,</span> 
     </span>
    </p>
   </div>
   <div class='ocr_carea' id='block_1_88' title="bbox 2094 4222 3741 4293">
    <p class='ocr_par' dir='ltr' id='par_1_88' title="bbox 2094 4222 3741 4293">
     <span class='ocr_line' id='line_1_88' title="bbox 2094 4222 3741 4293; baseline 0.003 -14"><span class='ocrx_word' id='word_1_664' title='bbox 2094 4228 2280 4279; x_wconf 89' lang='lat' dir='ltr'>totum</span> <span class='ocrx_word' id='word_1_665' title='bbox 2315 4239 2375 4278; x_wconf 89' lang='lat' dir='ltr'>se</span> <span class='ocrx_word' id='word_1_666' title='bbox 2406 4222 2652 4278; x_wconf 90' lang='lat' dir='ltr'>Domino</span> <span class='ocrx_word' id='word_1_667' title='bbox 2673 4222 3248 4293; x_wconf 88' lang='lat' dir='ltr'>commendabat,nec</span> <span class='ocrx_word' id='word_1_668' title='bbox 3270 4223 3633 4281; x_wconf 78' lang='lat' dir='ltr'>defendendo</span> <span class='ocrx_word' id='word_1_669' title='bbox 3656 4245 3741 4285; x_wconf 87' lang='lat' dir='ltr'>re-</span> 
     </span>
    </p>
   </div>
   <div class='ocr_carea' id='block_1_89' title="bbox 2095 4310 3738 4383">
    <p class='ocr_par' dir='ltr' id='par_1_89' title="bbox 2095 4310 3738 4383">
     <span class='ocr_line' id='line_1_89' title="bbox 2095 4310 3738 4383; baseline 0.004 -15"><span class='ocrx_word' id='word_1_670' title='bbox 2095 4313 2299 4368; x_wconf 89' lang='lat' dir='ltr'>sistere</span> <span class='ocrx_word' id='word_1_671' title='bbox 2329 4313 2644 4383; x_wconf 81' lang='lat' dir='ltr'>quaerebat.</span> <span class='ocrx_word' id='word_1_672' title='bbox 2678 4310 2893 4368; x_wconf 89' lang='lat' dir='ltr'>Taliter</span> <span class='ocrx_word' id='word_1_673' title='bbox 2924 4313 3255 4368; x_wconf 89' lang='lat' dir='ltr'>sacerdotes</span> <span class='ocrx_word' id='word_1_674' title='bbox 3287 4314 3383 4370; x_wconf 91' lang='lat' dir='ltr'>Dei</span> <span class='ocrx_word' id='word_1_675' title='bbox 3418 4332 3479 4371; x_wconf 91' lang='lat' dir='ltr'>se</span> <span class='ocrx_word' id='word_1_676' title='bbox 3537 4322 3738 4375; x_wconf 88' lang='lat' dir='ltr'>contra</span> 
     </span>
    </p>
   </div>
   <div class='ocr_carea' id='block_1_90' title="bbox 2095 4401 3739 4473">
    <p class='ocr_par' dir='ltr' id='par_1_90' title="bbox 2095 4401 3739 4473">
     <span class='ocr_line' id='line_1_90' title="bbox 2095 4401 3739 4473; baseline 0.005 -17"><span class='ocrx_word' id='word_1_677' title='bbox 2095 4403 2328 4473; x_wconf 88' lang='lat' dir='ltr'>iniquos</span> <span class='ocrx_word' id='word_1_678' title='bbox 2362 4402 2652 4473; x_wconf 89' lang='lat' dir='ltr'>principes</span> <span class='ocrx_word' id='word_1_679' title='bbox 2685 4401 2914 4457; x_wconf 88' lang='lat' dir='ltr'>munire</span> <span class='ocrx_word' id='word_1_680' title='bbox 2944 4402 3175 4457; x_wconf 83' lang='lat' dir='ltr'>debent.</span> <span class='ocrx_word' id='word_1_681' title='bbox 3210 4402 3375 4458; x_wconf 88' lang='lat' dir='ltr'>Sicut</span> <span class='ocrx_word' id='word_1_682' title='bbox 3405 4405 3485 4459; x_wconf 90' lang='lat' dir='ltr'>ait</span> <span class='ocrx_word' id='word_1_683' title='bbox 3532 4405 3739 4464; x_wconf 88' lang='lat' dir='ltr'>beatus</span> 
     </span>
    </p>
   </div>
   <div class='ocr_carea' id='block_1_91' title="bbox 2100 4490 3736 4564">
    <p class='ocr_par' dir='ltr' id='par_1_91' title="bbox 2100 4490 3736 4564">
     <span class='ocr_line' id='line_1_91' title="bbox 2100 4490 3736 4564; baseline 0.003 -18"><span class='ocrx_word' id='word_1_684' title='bbox 2100 4490 2309 4546; x_wconf 89' lang='lat' dir='ltr'>Paulus</span> <span class='ocrx_word' id='word_1_685' title='bbox 2341 4490 2676 4561; x_wconf 86' lang='lat' dir='ltr'>apostolus:</span> <span class='ocrx_word' id='word_1_686' title='bbox 2712 4494 2831 4545; x_wconf 88' lang='lat' dir='ltr'>Non</span> <span class='ocrx_word' id='word_1_687' title='bbox 2880 4493 3227 4562; x_wconf 87' lang='lat' dir='ltr'>vosmetipsos</span> <span class='ocrx_word' id='word_1_688' title='bbox 3283 4492 3543 4564; x_wconf 77' lang='lat' dir='ltr'>tle/entes,</span> <span class='ocrx_word' id='word_1_689' title='bbox 3602 4496 3736 4551; x_wconf 86' lang='lat' dir='ltr'>cha-</span> 
     </span>
    </p>
   </div>
   <div class='ocr_carea' id='block_1_92' title="bbox 338 4578 3739 4664">
    <p class='ocr_par' dir='ltr' id='par_1_92' title="bbox 338 4578 3739 4664">
     <span class='ocr_line' id='line_1_92' title="bbox 338 4578 3739 4664; baseline -0.006 -20"><span class='ocrx_word' id='word_1_690' title='bbox 338 4589 689 4645; x_wconf 74' lang='lat' dir='ltr'>discutere.»</span> <span class='ocrx_word' id='word_1_691' title='bbox 722 4583 830 4638; x_wconf 90' lang='lat' dir='ltr'>Sed</span> <span class='ocrx_word' id='word_1_692' title='bbox 864 4581 1002 4653; x_wconf 91' lang='lat' dir='ltr'>quid</span> <span class='ocrx_word' id='word_1_693' title='bbox 1035 4580 1346 4635; x_wconf 91' lang='lat' dir='ltr'>dicendum</span> <span class='ocrx_word' id='word_1_694' title='bbox 1366 4579 1539 4634; x_wconf 90' lang='lat' dir='ltr'>estde</span> <span class='ocrx_word' id='word_1_695' title='bbox 1560 4578 1834 4633; x_wconf 90' lang='lat' dir='ltr'>omnibus</span> <span class='ocrx_word' id='word_1_696' title='bbox 1853 4578 1983 4635; x_wconf 86' lang='lat' dir='ltr'>aliis</span> <span class='ocrx_word' id='word_1_697' title='bbox 2016 4602 2061 4664; x_wconf 72' lang='grc' dir='ltr'>Ι)</span> <span class='ocrx_word' id='word_1_698' title='bbox 2094 4582 2281 4635; x_wconf 86' lang='lat' dir='ltr'>rissmi</span> <span class='ocrx_word' id='word_1_699' title='bbox 2330 4580 2421 4635; x_wconf 86' lang='lat' dir='ltr'>sed</span> <span class='ocrx_word' id='word_1_700' title='bbox 2451 4580 2572 4635; x_wconf 86' lang='lat' dir='ltr'>date</span> <span class='ocrx_word' id='word_1_701' title='bbox 2604 4581 2782 4634; x_wconf 89' lang='lat' dir='ltr'>locum</span> <span class='ocrx_word' id='word_1_702' title='bbox 2812 4582 2931 4634; x_wconf 73' lang='lat' dir='ltr'>irw.</span> <span class='ocrx_word' id='word_1_703' title='bbox 2959 4579 3232 4651; x_wconf 87' lang='lat' dir='ltr'>Scriptum</span> <span class='ocrx_word' id='word_1_704' title='bbox 3254 4589 3378 4635; x_wconf 88' lang='lat' dir='ltr'>est:</span> <span class='ocrx_word' id='word_1_705' title='bbox 3430 4584 3564 4637; x_wconf 74' lang='lat' dir='ltr'>Mihi</span> <span class='ocrx_word' id='word_1_706' title='bbox 3617 4588 3739 4639; x_wconf 75' lang='grc' dir='ltr'>υιη-</span> 
     </span>
    </p>
   </div>
   <div class='ocr_carea' id='block_1_93' title="bbox 338 4667 1981 4741">
    <p class='ocr_par' dir='ltr' id='par_1_93' title="bbox 338 4667 1981 4741">
     <span class='ocr_line' id='line_1_93' title="bbox 338 4667 1981 4741; baseline -0.007 -6"><span class='ocrx_word' id='word_1_707' title='bbox 338 4675 566 4735; x_wconf 85' lang='lat' dir='ltr'>sanctis</span> <span class='ocrx_word' id='word_1_708' title='bbox 596 4672 932 4741; x_wconf 88' lang='lat' dir='ltr'>doctoribus</span> <span class='ocrx_word' id='word_1_709' title='bbox 954 4671 1011 4724; x_wconf 91' lang='lat' dir='ltr'>in</span> <span class='ocrx_word' id='word_1_710' title='bbox 1038 4669 1143 4724; x_wconf 90' lang='lat' dir='ltr'>hoc</span> <span class='ocrx_word' id='word_1_711' title='bbox 1167 4667 1667 4723; x_wconf 88' lang='lat' dir='ltr'>consentientibus</span> <span class='ocrx_word' id='word_1_712' title='bbox 1686 4667 1712 4721; x_wconf 88' lang='lat'><strong><em>?</em></strong></span> <span class='ocrx_word' id='word_1_713' title='bbox 1730 4669 1834 4732; x_wconf 89' lang='lat' dir='ltr'>Qui</span> <span class='ocrx_word' id='word_1_714' title='bbox 1851 4684 1981 4723; x_wconf 93' lang='lat' dir='ltr'>vero</span> 
     </span>
    </p>
   </div>
   <div class='ocr_carea' id='block_1_94' title="bbox 342 4756 1989 4829">
    <p class='ocr_par' dir='ltr' id='par_1_94' title="bbox 342 4756 1989 4829">
     <span class='ocr_line' id='line_1_94' title="bbox 342 4756 1989 4829; baseline -0.007 -7"><span class='ocrx_word' id='word_1_715' title='bbox 342 4771 552 4823; x_wconf 89' lang='lat' dir='ltr'>contra</span> <span class='ocrx_word' id='word_1_716' title='bbox 581 4763 689 4818; x_wconf 89' lang='lat' dir='ltr'>hos</span> <span class='ocrx_word' id='word_1_717' title='bbox 720 4777 921 4815; x_wconf 90' lang='lat' dir='ltr'>omnes</span> <span class='ocrx_word' id='word_1_718' title='bbox 953 4758 1252 4815; x_wconf 89' lang='lat' dir='ltr'>calcitrare</span> <span class='ocrx_word' id='word_1_719' title='bbox 1282 4757 1545 4821; x_wconf 88' lang='lat' dir='ltr'>voluerit,</span> <span class='ocrx_word' id='word_1_720' title='bbox 1581 4756 1800 4828; x_wconf 89' lang='lat' dir='ltr'>liquido</span> <span class='ocrx_word' id='word_1_721' title='bbox 1836 4762 1989 4829; x_wconf 86' lang='lat' dir='ltr'>patet</span> 
     </span>
    </p>
   </div>
   <div class='ocr_carea' id='block_1_95' title="bbox 344 4846 1989 4928">
    <p class='ocr_par' dir='ltr' id='par_1_95' title="bbox 344 4846 1989 4928">
     <span class='ocr_line' id='line_1_95' title="bbox 344 4846 1989 4928; baseline -0.005 -18"><span class='ocrx_word' id='word_1_722' title='bbox 344 4855 487 4928; x_wconf 86' lang='lat' dir='ltr'>quia</span> <span class='ocrx_word' id='word_1_723' title='bbox 519 4870 587 4907; x_wconf 83' lang='lat' dir='ltr'>ex</span> <span class='ocrx_word' id='word_1_724' title='bbox 617 4850 938 4906; x_wconf 90' lang='lat' dir='ltr'>Dominicis</span> <span class='ocrx_word' id='word_1_725' title='bbox 968 4850 1172 4904; x_wconf 90' lang='lat' dir='ltr'>ovibus</span> <span class='ocrx_word' id='word_1_726' title='bbox 1204 4864 1317 4902; x_wconf 91' lang='lat' dir='ltr'>non</span> <span class='ocrx_word' id='word_1_727' title='bbox 1360 4846 1487 4913; x_wconf 86' lang='lat' dir='ltr'>erit,</span> <span class='ocrx_word' id='word_1_728' title='bbox 1520 4862 1715 4900; x_wconf 91' lang='lat' dir='ltr'>vocem</span> <span class='ocrx_word' id='word_1_729' title='bbox 1758 4846 1989 4901; x_wconf 90' lang='lat' dir='ltr'>Domini</span> 
     </span>
    </p>
   </div>
   <div class='ocr_carea' id='block_1_96' title="bbox 346 4934 1986 5009">
    <p class='ocr_par' dir='ltr' id='par_1_96' title="bbox 346 4934 1986 5009">
     <span class='ocr_line' id='line_1_96' title="bbox 346 4934 1986 5009; baseline -0.007 -9"><span class='ocrx_word' id='word_1_730' title='bbox 346 4962 468 5000; x_wconf 89' lang='lat' dir='ltr'>non</span> <span class='ocrx_word' id='word_1_731' title='bbox 492 4941 675 5008; x_wconf 90' lang='lat' dir='ltr'>audit,</span> <span class='ocrx_word' id='word_1_732' title='bbox 712 4940 931 4995; x_wconf 90' lang='lat' dir='ltr'>bonum</span> <span class='ocrx_word' id='word_1_733' title='bbox 963 4943 1254 5009; x_wconf 83' lang='lat' dir='ltr'>pastorem</span> <span class='ocrx_word' id='word_1_734' title='bbox 1272 4954 1383 4991; x_wconf 92' lang='lat' dir='ltr'>non</span> <span class='ocrx_word' id='word_1_735' title='bbox 1406 4934 1721 5007; x_wconf 88' lang='lat' dir='ltr'>cognoscit,</span> <span class='ocrx_word' id='word_1_736' title='bbox 1748 4951 1986 5006; x_wconf 86' lang='lat' dir='ltr'>pascen-</span> 
     </span>
    </p>
   </div>
   <div class='ocr_carea' id='block_1_97' title="bbox 346 5024 1991 5097">
    <p class='ocr_par' dir='ltr' id='par_1_97' title="bbox 346 5024 1991 5097">
     <span class='ocr_line' id='line_1_97' title="bbox 346 5024 1991 5097; baseline -0.007 -8"><span class='ocrx_word' id='word_1_737' title='bbox 346 5040 467 5089; x_wconf 87' lang='lat' dir='ltr'>tem</span> <span class='ocrx_word' id='word_1_738' title='bbox 497 5046 632 5086; x_wconf 89' lang='lat' dir='ltr'>oves</span> <span class='ocrx_word' id='word_1_739' title='bbox 663 5046 778 5083; x_wconf 90' lang='lat' dir='ltr'>non</span> <span class='ocrx_word' id='word_1_740' title='bbox 804 5024 1991 5097; x_wconf 89' lang='lat' dir='ltr'>intelligit,magistrumspernit.Superest</span> 
     </span>
    </p>
   </div>
   <div class='ocr_carea' id='block_1_98' title="bbox 345 5112 1989 5185">
    <p class='ocr_par' dir='ltr' id='par_1_98' title="bbox 345 5112 1989 5185">
     <span class='ocr_line' id='line_1_98' title="bbox 345 5112 1989 5185; baseline -0.006 -8"><span class='ocrx_word' id='word_1_741' title='bbox 345 5126 413 5178; x_wconf 87' lang='lat' dir='ltr'>ut</span> <span class='ocrx_word' id='word_1_742' title='bbox 446 5122 541 5175; x_wconf 81' lang='lat' dir='ltr'>fur</span> <span class='ocrx_word' id='word_1_743' title='bbox 570 5118 647 5174; x_wconf 89' lang='lat' dir='ltr'>sit</span> <span class='ocrx_word' id='word_1_744' title='bbox 667 5124 724 5173; x_wconf 91' lang='lat' dir='ltr'>et</span> <span class='ocrx_word' id='word_1_745' title='bbox 754 5117 923 5181; x_wconf 90' lang='lat' dir='ltr'>latro,</span> <span class='ocrx_word' id='word_1_746' title='bbox 958 5119 1165 5168; x_wconf 90' lang='lat' dir='ltr'>mactet</span> <span class='ocrx_word' id='word_1_747' title='bbox 1197 5119 1251 5169; x_wconf 92' lang='lat' dir='ltr'>et</span> <span class='ocrx_word' id='word_1_748' title='bbox 1290 5114 1512 5185; x_wconf 90' lang='lat' dir='ltr'>perdat.</span> <span class='ocrx_word' id='word_1_749' title='bbox 1562 5112 1628 5165; x_wconf 83' lang='lat' dir='ltr'>Et</span> <span class='ocrx_word' id='word_1_750' title='bbox 1659 5112 1706 5165; x_wconf 92' lang='lat' dir='ltr'>si</span> <span class='ocrx_word' id='word_1_751' title='bbox 1750 5112 1807 5165; x_wconf 94' lang='lat' dir='ltr'>in</span> <span class='ocrx_word' id='word_1_752' title='bbox 1855 5112 1989 5167; x_wconf 89' lang='lat' dir='ltr'>ovili</span> 
     </span>
    </p>
   </div>
   <div class='ocr_carea' id='block_1_99' title="bbox 346 5200 1986 5275">
    <p class='ocr_par' dir='ltr' id='par_1_99' title="bbox 346 5200 1986 5275">
     <span class='ocr_line' id='line_1_99' title="bbox 346 5200 1986 5275; baseline -0.006 -10"><span class='ocrx_word' id='word_1_753' title='bbox 346 5208 652 5266; x_wconf 89' lang='lat' dir='ltr'>Dominico</span> <span class='ocrx_word' id='word_1_754' title='bbox 684 5223 745 5262; x_wconf 92' lang='lat' dir='ltr'>se</span> <span class='ocrx_word' id='word_1_755' title='bbox 760 5202 1392 5275; x_wconf 86' lang='lat' dir='ltr'>conspicit,consideret</span> <span class='ocrx_word' id='word_1_756' title='bbox 1409 5204 1562 5257; x_wconf 89' lang='lat' dir='ltr'>unde</span> <span class='ocrx_word' id='word_1_757' title='bbox 1584 5200 1669 5256; x_wconf 91' lang='lat' dir='ltr'>vel</span> <span class='ocrx_word' id='word_1_758' title='bbox 1695 5202 1986 5272; x_wconf 90' lang='lat' dir='ltr'>quomodo</span> 
     </span>
    </p>
   </div>
   <div class='ocr_carea' id='block_1_100' title="bbox 347 5289 1987 5360">
    <p class='ocr_par' dir='ltr' id='par_1_100' title="bbox 347 5289 1987 5360">
     <span class='ocr_line' id='line_1_100' title="bbox 347 5289 1987 5360; baseline -0.006 -6"><span class='ocrx_word' id='word_1_759' title='bbox 347 5297 611 5355; x_wconf 89' lang='lat' dir='ltr'>intravit.</span> <span class='ocrx_word' id='word_1_760' title='bbox 642 5296 735 5350; x_wconf 87' lang='lat' dir='ltr'>Ait</span> <span class='ocrx_word' id='word_1_761' title='bbox 762 5293 915 5349; x_wconf 89' lang='lat' dir='ltr'>enim</span> <span class='ocrx_word' id='word_1_762' title='bbox 949 5289 1267 5350; x_wconf 84' lang='lat' dir='ltr'>Dominus;</span> <span class='ocrx_word' id='word_1_763' title='bbox 1300 5292 1406 5359; x_wconf 88' lang='lat' dir='ltr'>Qui</span> <span class='ocrx_word' id='word_1_764' title='bbox 1451 5308 1663 5346; x_wconf 90' lang='lat' dir='ltr'>mecum</span> <span class='ocrx_word' id='word_1_765' title='bbox 1718 5307 1827 5345; x_wconf 87' lang='lat' dir='ltr'>non</span> <span class='ocrx_word' id='word_1_766' title='bbox 1888 5298 1987 5360; x_wconf 87' lang='lat' dir='ltr'>est,</span> 
     </span>
    </p>
   </div>
   <div class='ocr_carea' id='block_1_101' title="bbox 346 5381 1993 5451">
    <p class='ocr_par' dir='ltr' id='par_1_101' title="bbox 346 5381 1993 5451">
     <span class='ocr_line' id='line_1_101' title="bbox 346 5381 1993 5451; baseline -0.007 -7"><span class='ocrx_word' id='word_1_767' title='bbox 346 5388 642 5445; x_wconf 85' lang='lat' dir='ltr'>adversum</span> <span class='ocrx_word' id='word_1_768' title='bbox 670 5400 754 5439; x_wconf 89' lang='lat' dir='ltr'>me</span> <span class='ocrx_word' id='word_1_769' title='bbox 781 5386 859 5439; x_wconf 89' lang='lat' dir='ltr'>est</span> <span class='ocrx_word' id='word_1_770' title='bbox 878 5400 896 5437; x_wconf 87' lang='lat'>:</span> <span class='ocrx_word' id='word_1_771' title='bbox 927 5385 979 5437; x_wconf 89' lang='lat' dir='ltr'>et</span> <span class='ocrx_word' id='word_1_772' title='bbox 1005 5382 1102 5451; x_wconf 89' lang='lat' dir='ltr'>qui</span> <span class='ocrx_word' id='word_1_773' title='bbox 1131 5394 1338 5433; x_wconf 86' lang='lat' dir='ltr'>meeum</span> <span class='ocrx_word' id='word_1_774' title='bbox 1385 5396 1491 5435; x_wconf 85' lang='lat' dir='ltr'>non</span> <span class='ocrx_word' id='word_1_775' title='bbox 1521 5381 1733 5451; x_wconf 86' lang='lat' dir='ltr'>colligit</span> <span class='ocrx_word' id='word_1_776' title='bbox 1780 5381 1993 5450; x_wconf 87' lang='lat' dir='ltr'>spargit</span> 
     </span>
    </p>
   </div>
   <div class='ocr_carea' id='block_1_102' title="bbox 346 5468 1991 5547">
    <p class='ocr_par' dir='ltr' id='par_1_102' title="bbox 346 5468 1991 5547">
     <span class='ocr_line' id='line_1_102' title="bbox 346 5468 1991 5547; baseline -0.006 -15"><span class='ocrx_word' id='word_1_777' title='bbox 346 5483 510 5547; x_wconf 90' lang='lat' dir='ltr'>(Luc.</span> <span class='ocrx_word' id='word_1_778' title='bbox 566 5491 643 5545; x_wconf 84' lang='lat' dir='ltr'>x1,</span> <span class='ocrx_word' id='word_1_779' title='bbox 698 5472 810 5543; x_wconf 86' lang='lat'>23).</span> <span class='ocrx_word' id='word_1_780' title='bbox 870 5471 1018 5525; x_wconf 89' lang='lat' dir='ltr'>Sane</span> <span class='ocrx_word' id='word_1_781' title='bbox 1072 5468 1397 5535; x_wconf 89' lang='lat' dir='ltr'>sciendum,</span> <span class='ocrx_word' id='word_1_782' title='bbox 1458 5469 1596 5539; x_wconf 89' lang='lat' dir='ltr'>quia</span> <span class='ocrx_word' id='word_1_783' title='bbox 1650 5485 1783 5523; x_wconf 92' lang='lat' dir='ltr'>cum</span> <span class='ocrx_word' id='word_1_784' title='bbox 1836 5468 1991 5523; x_wconf 91' lang='lat' dir='ltr'>Deus</span> 
     </span>
    </p>
   </div>
   <div class='ocr_carea' id='block_1_103' title="bbox 349 5556 1992 5635">
    <p class='ocr_par' dir='ltr' id='par_1_103' title="bbox 349 5556 1992 5635">
     <span class='ocr_line' id='line_1_103' title="bbox 349 5556 1992 5635; baseline -0.007 -13"><span class='ocrx_word' id='word_1_785' title='bbox 349 5565 727 5635; x_wconf 89' lang='lat' dir='ltr'>omnipotens</span> <span class='ocrx_word' id='word_1_786' title='bbox 749 5559 950 5616; x_wconf 88' lang='lat' dir='ltr'>utilem</span> <span class='ocrx_word' id='word_1_787' title='bbox 980 5556 1191 5630; x_wconf 74' lang='lat' dir='ltr'>populo</span> <span class='ocrx_word' id='word_1_788' title='bbox 1224 5556 1542 5629; x_wconf 90' lang='lat' dir='ltr'>principem</span> <span class='ocrx_word' id='word_1_789' title='bbox 1556 5557 1768 5614; x_wconf 89' lang='lat' dir='ltr'>donare</span> <span class='ocrx_word' id='word_1_790' title='bbox 1790 5558 1992 5629; x_wconf 90' lang='lat' dir='ltr'>digna-</span> 
     </span>
    </p>
   </div>
   <div class='ocr_carea' id='block_1_104' title="bbox 349 5644 1992 5726">
    <p class='ocr_par' dir='ltr' id='par_1_104' title="bbox 349 5644 1992 5726">
     <span class='ocr_line' id='line_1_104' title="bbox 349 5644 1992 5726; baseline -0.006 -13"><span class='ocrx_word' id='word_1_791' title='bbox 349 5662 473 5725; x_wconf 89' lang='lat' dir='ltr'>tur,</span> <span class='ocrx_word' id='word_1_792' title='bbox 498 5654 729 5726; x_wconf 80' lang='lat' dir='ltr'>justum</span> <span class='ocrx_word' id='word_1_793' title='bbox 761 5654 849 5708; x_wconf 89' lang='lat' dir='ltr'>est</span> <span class='ocrx_word' id='word_1_794' title='bbox 878 5652 942 5707; x_wconf 89' lang='lat' dir='ltr'>ut</span> <span class='ocrx_word' id='word_1_795' title='bbox 989 5648 1115 5719; x_wconf 87' lang='lat' dir='ltr'>ejus</span> <span class='ocrx_word' id='word_1_796' title='bbox 1183 5646 1292 5704; x_wconf 90' lang='lat' dir='ltr'>hoc</span> <span class='ocrx_word' id='word_1_797' title='bbox 1348 5644 1547 5721; x_wconf 88' lang='lat' dir='ltr'>pietati</span> <span class='ocrx_word' id='word_1_798' title='bbox 1579 5647 1893 5715; x_wconf 85' lang='lat' dir='ltr'>ascribant,</span> <span class='ocrx_word' id='word_1_799' title='bbox 1934 5649 1992 5703; x_wconf 88' lang='lat' dir='ltr'>et</span> 
     </span>
    </p>
   </div>
   <div class='ocr_carea' id='block_1_105' title="bbox 2092 4668 3739 4745">
    <p class='ocr_par' dir='ltr' id='par_1_105' title="bbox 2092 4668 3739 4745">
     <span class='ocr_line' id='line_1_105' title="bbox 2092 4668 3739 4745; baseline 0.003 -22"><span class='ocrx_word' id='word_1_800' title='bbox 2092 4670 2310 4737; x_wconf 87' lang='lat' dir='ltr'>dictam,</span> <span class='ocrx_word' id='word_1_801' title='bbox 2343 4686 2435 4739; x_wconf 88' lang='lat' dir='ltr'>ego</span> <span class='ocrx_word' id='word_1_802' title='bbox 2468 4669 2787 4737; x_wconf 88' lang='lat' dir='ltr'>retribuam,</span> <span class='ocrx_word' id='word_1_803' title='bbox 2818 4668 2954 4723; x_wconf 89' lang='lat' dir='ltr'>dicit</span> <span class='ocrx_word' id='word_1_804' title='bbox 2998 4670 3258 4723; x_wconf 88' lang='lat' dir='ltr'>Dominus</span> <span class='ocrx_word' id='word_1_805' title='bbox 3288 4671 3460 4740; x_wconf 88' lang='lat' dir='ltr'>(Rom.</span> <span class='ocrx_word' id='word_1_806' title='bbox 3494 4690 3595 4743; x_wconf 82' lang='lat' dir='ltr'>xu,</span> <span class='ocrx_word' id='word_1_807' title='bbox 3630 4673 3739 4745; x_wconf 86' lang='grc'>17).</span> 
     </span>
    </p>
   </div>
   <div class='ocr_carea' id='block_1_106' title="bbox 2097 4757 3741 4827">
    <p class='ocr_par' dir='ltr' id='par_1_106' title="bbox 2097 4757 3741 4827">
     <span class='ocr_line' id='line_1_106' title="bbox 2097 4757 3741 4827; baseline 0.002 -14"><span class='ocrx_word' id='word_1_808' title='bbox 2097 4759 2241 4813; x_wconf 87' lang='lat' dir='ltr'>Nam</span> <span class='ocrx_word' id='word_1_809' title='bbox 2273 4757 2452 4812; x_wconf 90' lang='lat' dir='ltr'>armis</span> <span class='ocrx_word' id='word_1_810' title='bbox 2484 4758 2736 4821; x_wconf 81' lang='lat' dir='ltr'>delendi,</span> <span class='ocrx_word' id='word_1_811' title='bbox 2772 4758 3198 4827; x_wconf 67' lang='lat' dir='ltr'>depraedatione</span> <span class='ocrx_word' id='word_1_812' title='bbox 3228 4758 3315 4813; x_wconf 90' lang='lat' dir='ltr'>vel</span> <span class='ocrx_word' id='word_1_813' title='bbox 3346 4761 3741 4817; x_wconf 87' lang='lat' dir='ltr'>devastatione</span> 
     </span>
    </p>
   </div>
   <div class='ocr_carea' id='block_1_107' title="bbox 2098 4844 3743 4918">
    <p class='ocr_par' dir='ltr' id='par_1_107' title="bbox 2098 4844 3743 4918">
     <span class='ocr_line' id='line_1_107' title="bbox 2098 4844 3743 4918; baseline 0.003 -18"><span class='ocrx_word' id='word_1_814' title='bbox 2098 4847 2598 4918; x_wconf 71' lang='lat' dir='ltr'>vindicari,praada</span> <span class='ocrx_word' id='word_1_815' title='bbox 2613 4845 2805 4911; x_wconf 90' lang='lat' dir='ltr'>ditari,</span> <span class='ocrx_word' id='word_1_816' title='bbox 2822 4844 2906 4899; x_wconf 92' lang='lat' dir='ltr'>vel</span> <span class='ocrx_word' id='word_1_817' title='bbox 2922 4846 3235 4902; x_wconf 89' lang='lat' dir='ltr'>homicidio</span> <span class='ocrx_word' id='word_1_818' title='bbox 3250 4848 3337 4903; x_wconf 85' lang='lat' dir='ltr'>vel</span> <span class='ocrx_word' id='word_1_819' title='bbox 3352 4850 3743 4905; x_wconf 82' lang='lat' dir='ltr'>dévastatione</span> 
     </span>
    </p>
   </div>
   <div class='ocr_carea' id='block_1_108' title="bbox 2096 4935 3743 5005">
    <p class='ocr_par' dir='ltr' id='par_1_108' title="bbox 2096 4935 3743 5005">
     <span class='ocr_line' id='line_1_108' title="bbox 2096 4935 3743 5005; baseline 0.001 -15"><span class='ocrx_word' id='word_1_820' title='bbox 2096 4935 2397 4999; x_wconf 88' lang='lat' dir='ltr'>vindicari,</span> <span class='ocrx_word' id='word_1_821' title='bbox 2430 4936 2624 5005; x_wconf 67' lang='lat' dir='ltr'>praeda</span> <span class='ocrx_word' id='word_1_822' title='bbox 2655 4935 2848 5001; x_wconf 90' lang='lat' dir='ltr'>ditari,</span> <span class='ocrx_word' id='word_1_823' title='bbox 2880 4936 3389 4992; x_wconf 89' lang='lat' dir='ltr'>velhomicidiovel</span> <span class='ocrx_word' id='word_1_824' title='bbox 3432 4940 3743 4994; x_wconf 89' lang='lat' dir='ltr'>detrunca-</span> 
     </span>
    </p>
   </div>
   <div class='ocr_carea' id='block_1_109' title="bbox 2098 5024 3745 5091">
    <p class='ocr_par' dir='ltr' id='par_1_109' title="bbox 2098 5024 3745 5091">
     <span class='ocr_line' id='line_1_109' title="bbox 2098 5024 3745 5091; baseline 0.001 -13"><span class='ocrx_word' id='word_1_825' title='bbox 2098 5024 2253 5080; x_wconf 91' lang='lat' dir='ltr'>tione</span> <span class='ocrx_word' id='word_1_826' title='bbox 2285 5024 2619 5091; x_wconf 83' lang='lat' dir='ltr'>timeri,non</span> <span class='ocrx_word' id='word_1_827' title='bbox 2658 5024 3156 5090; x_wconf 87' lang='lat' dir='ltr'>sacerdotum,sed</span> <span class='ocrx_word' id='word_1_828' title='bbox 3173 5026 3504 5082; x_wconf 71' lang='lat' dir='ltr'>daemonum</span> <span class='ocrx_word' id='word_1_829' title='bbox 3538 5026 3745 5081; x_wconf 88' lang='lat' dir='ltr'>est.Ait</span> 
     </span>
    </p>
   </div>
   <div class='ocr_carea' id='block_1_110' title="bbox 2099 5112 3743 5184">
    <p class='ocr_par' dir='ltr' id='par_1_110' title="bbox 2099 5112 3743 5184">
     <span class='ocr_line' id='line_1_110' title="bbox 2099 5112 3743 5184; baseline 0.001 -18"><span class='ocrx_word' id='word_1_830' title='bbox 2099 5129 2351 5183; x_wconf 89' lang='lat' dir='ltr'>namque</span> <span class='ocrx_word' id='word_1_831' title='bbox 2382 5113 2589 5167; x_wconf 85' lang='lat' dir='ltr'>beatus</span> <span class='ocrx_word' id='word_1_832' title='bbox 2620 5112 2792 5166; x_wconf 92' lang='lat' dir='ltr'>David</span> <span class='ocrx_word' id='word_1_833' title='bbox 2822 5129 2833 5165; x_wconf 93' lang='lat'>:</span> <span class='ocrx_word' id='word_1_834' title='bbox 2868 5113 3046 5169; x_wconf 85' lang='lat' dir='ltr'>Nolite</span> <span class='ocrx_word' id='word_1_835' title='bbox 3075 5130 3297 5184; x_wconf 83' lang='lat' dir='ltr'>sperare</span> <span class='ocrx_word' id='word_1_836' title='bbox 3328 5117 3383 5169; x_wconf 88' lang='lat' dir='ltr'>in</span> <span class='ocrx_word' id='word_1_837' title='bbox 3421 5115 3743 5182; x_wconf 85' lang='lat' dir='ltr'>iniquitate:</span> 
     </span>
    </p>
   </div>
   <div class='ocr_carea' id='block_1_111' title="bbox 2098 5201 3749 5274">
    <p class='ocr_par' dir='ltr' id='par_1_111' title="bbox 2098 5201 3749 5274">
     <span class='ocr_line' id='line_1_111' title="bbox 2098 5201 3749 5274; baseline 0.001 -17"><span class='ocrx_word' id='word_1_838' title='bbox 2098 5211 2147 5257; x_wconf 90' lang='lat' dir='ltr'>et</span> <span class='ocrx_word' id='word_1_839' title='bbox 2179 5204 2235 5256; x_wconf 88' lang='lat' dir='ltr'>in</span> <span class='ocrx_word' id='word_1_840' title='bbox 2272 5203 2491 5272; x_wconf 86' lang='lat' dir='ltr'>rapinis</span> <span class='ocrx_word' id='word_1_841' title='bbox 2518 5203 2685 5255; x_wconf 87' lang='lat' dir='ltr'>nolite</span> <span class='ocrx_word' id='word_1_842' title='bbox 2712 5204 3091 5273; x_wconf 87' lang='lat' dir='ltr'>concupiscere</span> <span class='ocrx_word' id='word_1_843' title='bbox 3120 5204 3287 5274; x_wconf 83' lang='lat' dir='ltr'>(Psal.</span> <span class='ocrx_word' id='word_1_844' title='bbox 3324 5219 3431 5267; x_wconf 69' lang='grc' dir='ltr'>ιιι,</span> <span class='ocrx_word' id='word_1_845' title='bbox 3469 5201 3749 5272; x_wconf 79' lang='lat' dir='ltr'>ii).Talia</span> 
     </span>
    </p>
   </div>
   <div class='ocr_carea' id='block_1_112' title="bbox 2099 5290 3745 5363">
    <p class='ocr_par' dir='ltr' id='par_1_112' title="bbox 2099 5290 3745 5363">
     <span class='ocr_line' id='line_1_112' title="bbox 2099 5290 3745 5363; baseline 0.002 -20"><span class='ocrx_word' id='word_1_846' title='bbox 2099 5290 2309 5344; x_wconf 90' lang='lat' dir='ltr'>etenim</span> <span class='ocrx_word' id='word_1_847' title='bbox 2336 5294 2737 5361; x_wconf 87' lang='lat' dir='ltr'>perpetrantes</span> <span class='ocrx_word' id='word_1_848' title='bbox 2762 5291 3101 5345; x_wconf 84' lang='lat' dir='ltr'>mercenarii</span> <span class='ocrx_word' id='word_1_849' title='bbox 3134 5291 3246 5344; x_wconf 91' lang='lat' dir='ltr'>dici</span> <span class='ocrx_word' id='word_1_850' title='bbox 3271 5294 3745 5363; x_wconf 88' lang='lat' dir='ltr'>possunt,pasto-</span> 
     </span>
    </p>
   </div>
   <div class='ocr_carea' id='block_1_113' title="bbox 2100 5377 3749 5450">
    <p class='ocr_par' dir='ltr' id='par_1_113' title="bbox 2100 5377 3749 5450">
     <span class='ocr_line' id='line_1_113' title="bbox 2100 5377 3749 5450; baseline 0.004 -19"><span class='ocrx_word' id='word_1_851' title='bbox 2100 5395 2190 5432; x_wconf 87' lang='lat' dir='ltr'>res</span> <span class='ocrx_word' id='word_1_852' title='bbox 2218 5394 2389 5432; x_wconf 89' lang='lat' dir='ltr'>aures</span> <span class='ocrx_word' id='word_1_853' title='bbox 2421 5377 2759 5433; x_wconf 89' lang='lat' dir='ltr'>nullatenus</span> <span class='ocrx_word' id='word_1_854' title='bbox 2791 5378 2918 5433; x_wconf 77' lang='lat' dir='ltr'>ease</span> <span class='ocrx_word' id='word_1_855' title='bbox 2962 5382 3227 5450; x_wconf 87' lang='lat' dir='ltr'>possunt.</span> <span class='ocrx_word' id='word_1_856' title='bbox 3285 5379 3401 5431; x_wconf 88' lang='lat' dir='ltr'>Aut</span> <span class='ocrx_word' id='word_1_857' title='bbox 3455 5380 3749 5450; x_wconf 87' lang='lat' dir='ltr'>quomodo</span> 
     </span>
    </p>
   </div>
   <div class='ocr_carea' id='block_1_114' title="bbox 2100 5466 3751 5537">
    <p class='ocr_par' dir='ltr' id='par_1_114' title="bbox 2100 5466 3751 5537">
     <span class='ocr_line' id='line_1_114' title="bbox 2100 5466 3751 5537; baseline 0.002 -16"><span class='ocrx_word' id='word_1_858' title='bbox 2100 5466 2214 5521; x_wconf 89' lang='lat' dir='ltr'>Deo</span> <span class='ocrx_word' id='word_1_859' title='bbox 2247 5466 2600 5522; x_wconf 82' lang='lat' dir='ltr'>sacrificium</span> <span class='ocrx_word' id='word_1_860' title='bbox 2633 5468 2837 5523; x_wconf 71' lang='lat' dir='ltr'>offerre</span> <span class='ocrx_word' id='word_1_861' title='bbox 2868 5485 2983 5537; x_wconf 76' lang='lat' dir='ltr'>prae</span> <span class='ocrx_word' id='word_1_862' title='bbox 3005 5470 3263 5533; x_wconf 87' lang='lat' dir='ltr'>sument,</span> <span class='ocrx_word' id='word_1_863' title='bbox 3299 5483 3433 5523; x_wconf 90' lang='lat' dir='ltr'>cum</span> <span class='ocrx_word' id='word_1_864' title='bbox 3505 5470 3751 5525; x_wconf 90' lang='lat' dir='ltr'>audiant</span> 
     </span>
    </p>
   </div>
   <div class='ocr_carea' id='block_1_115' title="bbox 2100 5554 3748 5628">
    <p class='ocr_par' dir='ltr' id='par_1_115' title="bbox 2100 5554 3748 5628">
     <span class='ocr_line' id='line_1_115' title="bbox 2100 5554 3748 5628; baseline 0.001 -18"><span class='ocrx_word' id='word_1_865' title='bbox 2100 5555 2293 5628; x_wconf 89' lang='lat' dir='ltr'>ipsum</span> <span class='ocrx_word' id='word_1_866' title='bbox 2324 5556 2637 5612; x_wconf 88' lang='lat' dir='ltr'>Dominum</span> <span class='ocrx_word' id='word_1_867' title='bbox 2652 5555 2940 5611; x_wconf 89' lang='lat' dir='ltr'>dicentem</span> <span class='ocrx_word' id='word_1_868' title='bbox 2968 5572 2980 5608; x_wconf 92' lang='lat'>:</span> <span class='ocrx_word' id='word_1_869' title='bbox 3012 5554 3260 5626; x_wconf 75' lang='lat' dir='ltr'>Sioffers</span> <span class='ocrx_word' id='word_1_870' title='bbox 3282 5556 3748 5613; x_wconf 87' lang='lat' dir='ltr'>munustuumad</span> 
     </span>
    </p>
   </div>
   <div class='ocr_carea' id='block_1_116' title="bbox 2099 5642 3733 5723">
    <p class='ocr_par' dir='ltr' id='par_1_116' title="bbox 2099 5642 3733 5723">
     <span class='ocr_line' id='line_1_116' title="bbox 2099 5642 3733 5723; baseline 0.003 -21"><span class='ocrx_word' id='word_1_871' title='bbox 2099 5646 2293 5717; x_wconf 85' lang='lat' dir='ltr'>altare,</span> <span class='ocrx_word' id='word_1_872' title='bbox 2324 5650 2378 5703; x_wconf 87' lang='lat' dir='ltr'>et</span> <span class='ocrx_word' id='word_1_873' title='bbox 2407 5648 2488 5704; x_wconf 87' lang='lat' dir='ltr'>ibi</span> <span class='ocrx_word' id='word_1_874' title='bbox 2516 5645 2825 5703; x_wconf 86' lang='lat' dir='ltr'>recordatus</span> <span class='ocrx_word' id='word_1_875' title='bbox 2844 5642 3022 5715; x_wconf 79' lang='lat' dir='ltr'>fueris</span> <span class='ocrx_word' id='word_1_876' title='bbox 3054 5645 3186 5719; x_wconf 88' lang='lat' dir='ltr'>quia</span> <span class='ocrx_word' id='word_1_877' title='bbox 3213 5648 3389 5723; x_wconf 75' lang='lat' dir='ltr'>frater</span> <span class='ocrx_word' id='word_1_878' title='bbox 3419 5652 3542 5705; x_wconf 81' lang='lat' dir='ltr'>tuus</span> <span class='ocrx_word' id='word_1_879' title='bbox 3572 5645 3733 5707; x_wconf 82' lang='lat' dir='ltr'>habet</span> 
     </span>
    </p>
   </div>
  </div>
