4134 6182
487 233 560 287 99
1510 225 1845 285 ATTONIS
1889 227 2471 288 VERCELLENSIS
2522 228 2864 289 EPISCOPI

3763 230 3875 293 100

483 362 695 434 aliquid
725 362 1013 416 adversum
1041 362 1126 414 te:
1160 358 1406 430 relinque
1434 357 1512 410 ibi
1541 372 1743 411 munus
1791 360 1945 413 tuum
2002 371 2128 414 ante
2156 366 2201 428 Α
2242 360 2389 414 lidius
2424 361 2804 433 impietatem.
2837 359 3868 433 Jurantenimregibussuis,etﬁdem

484 452 675 520 altare,
708 454 760 505 et
787 450 923 505 vade
952 449 1104 518 prius
1123 446 1473 503 reconciliari
1527 447 1697 516 fratri
1743 456 1853 513 tuo,
1914 456 1965 502 et
2000 455 2127 502 tunc

478 542 695 596 veniens
724 540 920 613 oﬂeres
949 555 1150 594 manus
1181 541 1335 591 tuum
1367 534 1570 607 (Matth.
1604 536 1859 608 v,23,24)
1915 578 1927 592 .
2010 580 2023 593 .
2106 580 2118 592 .

481 671 495 685 .
577 671 590 683 .
671 671 684 685 .
766 671 779 683 .
861 671 874 684 .
956 627 1309 682 .adversum
1341 640 1449 679 nos
1479 623 2121 693 babercsentimus,sa-

484 716 769 773 oriﬁcium
804 721 916 773 Deo
946 714 1278 771 nullatenus
1305 713 1510 768 offerre
1541 712 1842 768 debemus.

552 806 741 879 Igitur
754 823 879 878 quae
894 806 963 860 de
985 802 1268 876 perversis
1293 802 1526 873 regibus
1542 803 1825 857 servanda
1844 802 2119 859 ﬁdelitate

475 897 592 952 huc
623 913 807 968 usque
836 895 1113 960 diximus,
1152 893 1283 947 ideo
1330 892 1606 947 adnotare
1663 892 2014 962 curavimus,
2054 897 2121 948 ut

474 986 679 1043 exinde
708 983 1027 1056 intelligere
1049 981 1597 1052 valeamus,quanta
1617 978 1917 1053 diligentia
1938 998 2118 1054 quan-

473 1079 648 1146 taque
679 1071 905 1129 cautela
933 1071 1105 1127 bonis
1134 1070 1370 1125 obedire
1402 1069 1978 1141 debeamus,quande
2012 1087 2116 1126 nec

470 1164 643 1219 etiam
677 1162 862 1218 malos
894 1159 1206 1217 asubditis
1260 1159 1552 1214 vexandos
1607 1174 1736 1214 esse
1784 1175 2111 1216 monemur.

469 1251 632 1316 Quod
664 1250 713 1307 si
740 1251 826 1305 ira
858 1248 1139 1321 principis
1168 1247 1228 1302 in
1252 1250 1482 1302 tantum
1502 1247 1884 1318 desaeviat,vel
1915 1248 1965 1304 si
1993 1253 2113 1304 tam

467 1340 662 1412 gravis
696 1338 876 1399 fuerit
898 1336 1164 1409 culpa,ut
1185 1336 1255 1391 ad
1279 1337 1406 1407 ejus
1422 1335 1668 1408 gratiam
1690 1336 1970 1391 redeundi
1989 1338 2113 1392 adi-

468 1432 566 1483 tus
596 1426 756 1483 nullo
786 1426 960 1482 modo
986 1424 1326 1497 reperiatur,
1357 1440 1544 1496 neque
1575 1425 1914 1480 sacerdotali
1940 1426 2114 1482 inter-

465 1520 662 1584 ventu,
698 1531 882 1585 neque
914 1516 1255 1586 magnatum
1278 1512 1773 1584 precibus,verum
1808 1515 1983 1569 etiam
2007 1532 2111 1571 nec

470 1603 849 1659 familiarium
883 1600 1147 1658 consiliis
1162 1601 1249 1657 vel
1273 1600 2111 1675 supplicationibus,nullaque

464 1692 865 1749 satisfactione
897 1692 1082 1764 ipsius
1114 1690 1348 1746 animus
1371 1689 1587 1762 placari
1621 1690 1827 1762 possit,
1860 1694 1998 1745 tunc
2020 1691 2107 1745 fu-

463 1782 745 1856 giendum
778 1797 906 1837 esse
928 1779 1316 1845 consulimus,
1350 1779 1580 1835 dicente
1618 1779 1865 1835 Domino
1891 1796 1903 1834 :
1926 1780 1986 1835 Si
2019 1796 2109 1836 vos

462 1872 743 1939 persecuti
761 1872 973 1942 fuerint
986 1871 1045 1924 in
1065 1886 1180 1924 una
1200 1871 1420 1924 civitate
1438 1870 1610 1939 fugite
1623 1870 1680 1924 in
1697 1870 1869 1923 aliam
1899 1869 2104 1940 (Matth.

459 1977 514 2027 x,
544 1960 658 2030 23),
687 1961 869 2014 donec
900 1959 1095 2013 mittat
1110 1956 1394 2013 Dominus
1416 1957 1696 2012 auxilium
1721 1958 1792 2012 de
1822 1963 2108 2026 sancto,et

460 2049 531 2103 de
551 2047 778 2104 excelso
794 2047 1140 2103 misereatur
1153 2046 1980 2118 omnipotensCongruentius
2003 2047 2105 2102 ita-

459 2153 570 2209 que
601 2137 724 2190 fieri
748 2140 960 2207 potest,
993 2139 1057 2189 ut
1083 2134 1295 2206 aliquis
1327 2151 1631 2207 procerum
1666 2136 1917 2190 furorem
1951 2138 2104 2209 regis

458 2226 551 2280 sui
582 2224 1325 2297 fugiendoldeclinet,quam
1356 2239 1454 2278 rex
1484 2222 1634 2277 infra
1657 2223 1746 2278 sui
1781 2223 2104 2296 regniﬁnes

457 2313 837 2370 rebellantem
871 2313 1177 2368 adversum
1209 2328 1270 2367 se
1296 2311 1566 2384 persequi
1599 2312 1849 2368 omittat.
1874 2313 2106 2368 Audivi-

454 2419 589 2459 mus
620 2402 833 2459 etenim
862 2402 1149 2473 quosdam
1180 2401 1265 2456 sic
1304 2401 1636 2467 evadentes,
1687 2401 1758 2456 ad
1823 2401 2102 2472 pristinos

452 2492 830 2565 postmodum
859 2490 1196 2546 felicissime
1216 2506 1509 2546 remeasse
1530 2489 2099 2556 honores.Qnosdam

451 2597 584 2637 vero
617 2578 990 2653 pertinaciter
1007 2579 1512 2651 intrantes,usque
1534 2580 1709 2634 etiam
1742 2579 1812 2633 ad
1845 2584 2102 2635 contem-

452 2669 728 2741 ptibilem.
748 2668 966 2724 exitum
997 2667 1354 2740 pervenisse.
1386 2667 1488 2722 Est
1517 2667 1673 2722 enim
1706 2667 1970 2723 naturale
2010 2686 2098 2724 re-

454 2758 736 2827 medium,
770 2762 837 2813 ut
865 2756 966 2829 qui
998 2773 1101 2829 pro
1132 2755 1466 2812 diversitate
1497 2773 1727 2812 morum
1758 2757 1937 2812 simul
1965 2774 2099 2829 per-

454 2863 691 2904 manere
721 2863 836 2902 non
868 2850 1162 2919 poterunt,
1197 2846 1448 2916 majores
1480 2846 1734 2902 minores
1786 2846 2094 2918 expellant,

455 2936 710 2993 minores
740 2935 901 3008 ipsos
933 2937 1184 3006 majores
1215 2934 1460 3007 fugiant,
1492 2935 1638 2990 Nam
1671 2940 1733 2990 ut
1764 2953 1796 2990 a
1843 2936 2097 2991 subditis

452 3024 748 3098 praepositi
776 3022 1111 3079 violentiam
1142 3023 1242 3078 diu
1274 3024 1590 3096 patiantur,
1637 3024 2094 3096 ignominiosum

2238 466 2414 520 quam
2447 449 2795 521 pollicentur
2823 450 3403 522 praevaricanturmec
3425 455 3696 506 metuunt
3713 453 3869 509 volu-

2234 555 2366 594 men
2398 538 2543 594 illud
2571 540 2772 611 iudicii
2795 539 3027 612 Dei,per
3046 541 3200 612 quod
3222 538 3499 595 indicitur
3520 540 3865 599 maledictio.

2232 628 2530 700 Multaque
2561 632 2649 684 est
2680 646 2983 701 poenarum
3016 628 3391 685 comminatio
3425 646 3602 702 super
3622 645 3740 699 eos,
3772 632 3867 703 qui

2223 718 2429 789 jurant
2458 718 2517 773 in
2548 717 2783 774 nomine
2813 718 2914 774 Dei
2946 718 3320 774 mendaciter.
3352 720 3487 786 Quae
3521 718 3699 791 igitur
3738 737 3866 793 spes

2229 804 2446 863 talibus
2479 807 2711 879 pOpulis
2742 812 2946 864 contra
2976 806 3176 863 hostes
3207 807 3609 864 laborantibus
3629 807 3865 866 ?Eritne

2228 894 2372 950 ﬁdes
2386 894 2540 951 ultra
2552 912 2685 951 cum
2700 895 2831 953 aliis
2844 897 3187 969 gentibusin
3211 913 3350 969 pace
3362 897 3651 953 credenda
3667 898 3861 962 ?Quod

2226 983 2416 1040 foedus
2436 1002 2549 1040 non
2570 985 2906 1062 violandum
2921 987 2949 1040 ?
2966 987 3171 1050 Quaein
3191 986 3667 1057 bostibusjurata
3690 1003 3859 1059 spon-

2225 1073 2313 1128 sio
2346 1074 2732 1145 permanebit,
2757 1075 2991 1146 quando
3020 1091 3125 1130 nec
3145 1074 3610 1147 ipsius.propriis
3632 1075 3861 1148 regibus

2216 1165 2478 1235 juratam
2509 1164 2683 1219 fidem
2711 1164 3098 1220 conservant?
3124 1163 3232 1228 Qui
3262 1165 3418 1219 enim
3441 1164 3583 1221 adeo
3614 1164 3862 1222 furiosus

2223 1256 2332 1319 est,
2360 1254 2457 1325 qui
2490 1258 2665 1325 caput
2704 1271 2877 1309 suum
2910 1271 3087 1309 manu
3120 1253 3356 1326 propria
3385 1255 3614 1310 desecet
3633 1254 3660 1308 ?
3688 1254 3758 1309 Et
3782 1253 3860 1309 illi

2223 1348 2289 1396 ut
2311 1347 2516 1399 notum
2544 1342 3030 1409 est,immemores
3060 1342 3267 1399 salutis
3289 1359 3407 1398 sua:
3430 1342 3666 1415 propria
3686 1359 3856 1398 manu

2222 1429 2447 1501 seipsos
2470 1429 2899 1500 interimunt,in
2916 1433 3262 1504 semetipsos
3288 1430 3671 1504 propriosque
3697 1447 3855 1505 reges

2222 1534 2362 1573 suas
2393 1521 2776 1576 convertendo
2806 1520 2978 1576 vires.
3021 1521 3091 1575 Et
3138 1521 3278 1575 dum
3328 1520 3615 1576 Dominus
3672 1518 3855 1576 dicat:

2218 1608 2405 1663 Nolite
2432 1613 2660 1677 tangere
2689 1609 2917 1665 chrislos
2946 1625 3091 1665 meos
3120 1608 3290 1680 (Psal.
3323 1625 3436 1675 ειν,
3469 1608 3579 1681 45).
3632 1612 3700 1664 Et
3752 1614 3855 1664 Da-

2219 1694 2350 1750 vid:
2387 1697 2546 1764 Quis,
2577 1697 2787 1768 inquit,
2825 1698 3053 1753 emendet
3072 1714 3303 1753 manum
3320 1714 3480 1753 suam
3496 1700 3557 1753 in
3595 1696 3857 1754 ehristum

2216 1784 2454 1851 Domini,
2488 1793 2539 1842 et
2569 1787 2828 1842 innocens
2858 1788 2966 1842 erit
2991 1787 3018 1839 ?
3044 1786 3091 1858 (ι
3117 1789 3243 1858 Reg.
3276 1803 3427 1854 xxv1,
3456 1787 3535 1853 9.)
3581 1785 3700 1842 Illis
3759 1801 3858 1842 nec

2214 1873 2395 1929 vitare
2426 1877 2618 1930 metus
2648 1880 2701 1930 et
2725 1875 3070 1947 perjurium,
3105 1892 3211 1931 nec
3239 1875 3474 1948 regibus
3505 1875 3628 1931 suis
3651 1875 3857 1932 inferre

2215 1962 2767 2019 exitium.Hostibus
2802 1964 3018 2037 quippe
3050 1964 3193 2021 ﬁdes
3224 1964 3377 2036 pacti
3426 1965 3729 2032 datur,nec
3749 1965 3858 2020 vio-

2217 2050 2389 2107 latur.
2425 2054 2585 2118 Quod
2618 2053 2666 2107 si
2697 2053 2756 2107 in
2779 2053 2930 2109 bello
2962 2053 3106 2109 ﬁdes
3135 2052 3305 2119 valet,
3341 2058 3557 2125 quanto
3590 2053 3853 2125 magisin

2215 2142 2338 2197 suis
2369 2142 2656 2197 servanda
2680 2142 2815 2197 est?
2843 2140 3225 2214 Sacrilegium
3259 2143 3475 2214 quippe
3495 2147 3585 2199 est
3614 2142 3663 2198 si
3684 2140 3852 2197 viole-

2212 2235 2309 2285 tur
2333 2248 2367 2285 a
2395 2232 2671 2303 gentibus
2702 2247 2906 2303 regum
2939 2246 3180 2286 suorum
3212 2233 3503 2304 promissa
3531 2232 3695 2302 ﬁdes,
3723 2229 3856 2302 quia

2213 2336 2328 2373 non
2361 2318 2548 2374 solum
2583 2318 2641 2374 in
2669 2336 2767 2375 eos
2798 2319 2865 2373 ﬁt
2894 2320 3115 2391 peccati
3149 2319 3555 2392 transgressio,
3577 2322 3678 2376 sed
3709 2325 3771 2376 et
3797 2320 3852 2377 in

2211 2407 2396 2463 Deum
2421 2409 2679 2480 quidem,
2713 2408 2771 2464 in
2795 2409 2965 2477 cujus
2996 2407 3231 2465 nomine
3257 2408 3565 2481 pollicetur
3583 2409 3712 2481 ipsa
3732 2425 3853 2481 pro-

2211 2496 2437 2552 missio.
2470 2497 2609 2553 Inde
2638 2500 2747 2563 est,
2779 2497 2933 2569 quod
2976 2496 3162 2553 multa
3184 2514 3362 2570 regna
3389 2502 3678 2553 terrarum
3693 2498 3851 2555 coale-

2210 2585 2318 2640 stis
2349 2584 2652 2640 iracundia
2682 2586 2796 2640 ista
2824 2586 3269 2657 permutavit,ut
3297 2586 3602 2659 impietate
3647 2586 3783 2643 ﬁdei
3799 2591 3852 2643 et

2210 2690 2443 2730 morum
2476 2672 2725 2730 alterum
2760 2675 2832 2729 ab
2855 2674 3034 2730 altero
3068 2674 3403 2731 solveretur.
3455 2675 3618 2730 Unde
3649 2679 3705 2731 et
3748 2692 3851 2732 nos

2209 2778 2407 2819 cavere
2437 2767 2667 2835 oportet
2698 2781 2897 2819 casum
2930 2763 3271 2834 hujusmodi
3305 2764 3673 2837 gentium,ne
3695 2764 3854 2820 simi-

2207 2851 2342 2906 liter
2370 2851 2543 2924 plaga
2574 2852 2851 2907 feriamur
2880 2852 3182 2924 praecipiti,
3210 2857 3268 2908 et
3309 2870 3479 2924 poena
3535 2852 3849 2925 puniamur

2206 2940 2514 2996 crudeliSi
2545 2940 2698 2996 enim
2737 2946 2883 2997 Deus
2914 2942 3137 3013 angelis
3167 2941 3227 2995 in
3249 2958 3312 2997 se
3333 2942 3848 3013 preevaricantibus

2206 3047 2319 3085 non
2354 3030 2628 3102 pepercit,
2666 3031 2766 3101 qui
2799 3047 2902 3103 per
2932 3029 3386 3086 ibobedientiam
3419 3029 3649 3087 cceleste
3683 3030 3848 3087 habi-

455 3120 564 3172 est.
600 3114 686 3170 Ait
717 3113 872 3170 enim
904 3111 1226 3168 Dominus:
1285 3114 1403 3168 Non
1457 3117 1537 3168 est
1590 3113 1896 3184 discipulus
1935 3128 2096 3185 super
2127 3102 2169 3167 C
2208 3118 2465 3173 tacuium
2500 3119 2878 3190 perdiderunt
2907 3135 2919 3172 :
2953 3119 3109 3174 unde
3140 3122 3196 3174 et
3226 3116 3327 3190 per
3385 3119 3601 3174 Isaiam
3657 3120 3843 3176 dicit:

450 3208 802 3275 magistrum,
860 3218 1035 3276 neque
1102 3219 1285 3258 servus
1364 3219 1530 3274 super
1600 3202 1888 3258 dominum
1932 3220 2094 3259 suum
2204 3210 2523 3264 Inebriatus
2552 3217 2630 3263 est
2660 3208 2877 3277 gladius
2905 3224 3057 3264 meas
3105 3209 3163 3262 in
3196 3209 3327 3263 cwlo
3374 3208 3508 3280 (Isai
3556 3224 3725 3264 xxx1v
3752 3210 3843 3281 5):

451 3291 1123 3370 (lbid.,24).Venerabilis
1143 3292 1320 3346 etiam
1343 3292 1598 3346 Joannes
1639 3292 2091 3364 Chrysostomus
2164 3350 2167 3357 _
2202 3304 2421 3368 quanto
2453 3297 2641 3370 magis
2672 3302 2880 3353 nostrae
2898 3296 3420 3352 salutisinteritum
3443 3296 3649 3353 timere
3672 3298 3846 3353 debe-

451 3385 509 3441 in
537 3383 791 3456 quadam
822 3380 1160 3436 homiliasic
1183 3377 1300 3435 ait':
1324 3399 1344 3427 α
1375 3380 1538 3435 Sicut
1556 3380 1711 3435 enim
1743 3381 2012 3436 videmus
2032 3381 2088 3435 in

450 3474 581 3531 istis
611 3469 1011 3528 mundialibus
1042 3468 1236 3541 regnis
1269 3469 1561 3540 quomodo
1594 3469 1650 3523 in
1706 3468 1913 3540 primis
1965 3469 2094 3539 qui-

448 3564 581 3619 dem
615 3577 784 3617 nemo
817 3563 1010 3632 potest
1040 3558 1227 3613 facere
1258 3557 1519 3629 seipsum
1542 3558 1866 3628 regem,sed
1901 3574 2091 3628 popu-

445 3652 541 3710 lus
570 3650 736 3724 eligit
763 3649 875 3707 sibi
903 3664 1120 3721 regem,
1155 3664 1326 3719 quem
1346 3645 1507 3701 vult:
1542 3646 1643 3701 sed
1675 3662 1809 3701 cum
1841 3662 1939 3701 rex
1992 3645 2090 3702 ille

444 3743 621 3799 fuerit
650 3743 837 3797 factus
870 3743 927 3794 et
953 3737 1335 3793 conﬁrmatus
1379 3735 1439 3790 in
1486 3751 1685 3807 regno,
1733 3736 1856 3805 jam
1914 3734 2089 3792 habet

442 3828 868 3904 potestatemin
910 3826 1273 3890 hominibus,
1331 3827 1387 3878 et
1416 3839 1531 3878 non
1594 3826 1781 3895 potest
1833 3823 2086 3896 populus

436 3916 652 3994 jugum
683 3920 811 3990 ejus
842 3917 912 3972 de
943 3913 1161 3971 cervice
1192 3930 1301 3968 sua
1330 3912 1780 3985 repellere.Nam
1827 3913 2083 3983 primum

442 4010 681 4082 quidem
714 4008 775 4063 in
805 4008 1091 4079 potestate
1123 4002 1323 4077 p0puli
1354 4005 1444 4057 est
1482 4002 1670 4057 facere
1717 4001 1827 4057 sibi
1888 4018 2083 4074 regem

442 4116 615 4171 quem
669 4097 832 4165 vult;
892 4096 1110 4151 factum
1170 4098 1365 4149 autem
1425 4092 1496 4146 de
1552 4107 1726 4162 regno
1786 4091 2082 4164 repellere,

431 4188 559 4259 jam
593 4202 708 4241 non
738 4189 828 4240 est
856 4185 915 4238 in
944 4186 1228 4255 potestate
1253 4183 1402 4252 ejus,
1435 4184 1492 4235 et
1522 4180 1605 4236 sic
1652 4179 1922 4236 voluntas
1979 4198 2081 4253 po-

439 4273 565 4347 puli
596 4276 801 4345 postea
829 4271 888 4329 in
921 4269 1327 4325 necessitatem
1386 4268 1761 4324 convertitur.
1798 4290 1826 4318 ››
1886 4270 2081 4326 Sancti

440 4379 671 4435 quoque
693 4363 889 4417 Patres
911 4375 1078 4437 sacra
1097 4356 1458 4413 celebrantes
1479 4356 1855 4429 concilia,pro
1876 4359 2081 4415 robore

439 4468 644 4524 regum
677 4455 735 4506 et
763 4448 1081 4505 stabilitate
1112 4447 1275 4520 regni
1306 4446 1690 4520 sagacissime
1711 4448 2082 4519 protulerunt

436 4543 689 4598 decreta.
726 4540 807 4595 Ex
837 4537 1079 4595 concilio
1110 4536 1386 4593 Toletano
1413 4553 1537 4609 cap.
1580 4537 1671 4604 75,
1722 4541 1855 4609 post
1908 4538 2079 4595 insti-

434 4634 563 4685 tuta
591 4629 856 4701 quaedam
888 4626 1261 4683 ecclesiastici
1292 4626 1534 4691 ordinis,
1560 4626 1644 4682 vel
1677 4627 1909 4683 decreta
1951 4643 2081 4699 quae

436 4718 507 4773 ad
541 4717 927 4790 quorumdam
960 4716 1254 4789 pertinent
1292 4715 1681 4789 disciplinam.
1716 4738 1744 4765 ‹‹
1779 4720 2079 4772 Postrema

433 4807 605 4863 nobis
627 4807 852 4862 cunctis
883 4806 1283 4862 sacerdotibus
1304 4806 1592 4862 sententia
1616 4809 1832 4878 est,pro
1872 4805 2078 4861 robore

434 4902 768 4961 nostrorum
800 4912 1028 4968 regum,
1061 4901 1118 4951 et
1156 4894 1473 4951 stabilitate
1503 4894 1694 4967 gentis
1751 4894 2074 4949 Gothorum

431 4985 763 5058 pontificale
804 4983 1078 5040 ultimum
1111 4985 1220 5040 sub
1244 4983 1358 5039 Deo
1375 4984 1576 5054 judice
1597 4984 1745 5039 ferre
1774 4983 2073 5038 decretum

429 5075 745 5131 Multarum
770 5073 985 5146 quippe
1016 5073 1373 5146 gentium,nt
1402 5073 1558 5127 fama
1582 5074 1858 5138 est,tanta
1886 5075 2076 5126 exstat

431 5164 674 5235 perfidia
704 5163 1057 5229 animorum,
1078 5166 1142 5216 ut
1169 5160 1341 5216 ﬁdem
1361 5161 1697 5228 juramento
1721 5159 2071 5230 promissam

430 5251 666 5324 regibus
698 5252 820 5308 suis
853 5265 1083 5308 servare
1113 5253 1510 5314 contemnant,
1542 5253 1600 5304 et
1636 5264 1733 5303 ore
1793 5247 2073 5305 simulent

421 5340 749 5413 juramenti
779 5340 1227 5413 professionem,
1258 5338 1399 5393 dum
1430 5339 1721 5394 retineant
1751 5342 1943 5395 mente
1969 5356 2074 5413 per

501 5516 616 5604 (53)
649 5514 911 5595 Cupimus
938 5517 1146 5581 ‘Multa
1197 5515 1292 5576 hic
1320 5516 1513 5579 omitti
1544 5521 1743 5579 monet
1783 5518 2088 5584 Acherius.

2202 3402 2355 3455 mus,
2389 3403 2462 3440 ne
2491 3402 2593 3457 per
2622 3386 3024 3441 infidelitatem
3065 3386 3332 3441 eamdem
3391 3385 3682 3442 savientis
3744 3386 3845 3443 Dei

2200 3472 2392 3545 giadio
2407 3489 2714 3550 pereamus
2726 3473 2753 3527 ?
2769 3473 2929 3536 Quod
2946 3474 2993 3528 si
3011 3473 3267 3529 divinam
3281 3474 3647 3530 iracundiam
3658 3475 3845 3532 vitare

2198 3561 2491 3629 volumus,
2524 3566 2579 3617 et
2610 3561 2975 3617 severitatem
3008 3562 3136 3633 ejus
3162 3563 3233 3618 ad
3265 3561 3636 3619 clementiam
3676 3578 3842 3620 revo-

2199 3667 2328 3706 care
2359 3650 2631 3723 cupimus
2655 3648 2766 3719 (53)
2800 3666 2870 3706 ne
2888 3667 3007 3705 una
3028 3666 3161 3705 cum
3188 3650 3272 3706 eis
3296 3652 3395 3723 qui
3417 3652 3616 3708 eadem
3643 3654 3845 3725 conju-

2196 3739 2416 3796 ratione
2447 3741 2717 3795 nituntur
2745 3757 2851 3812 par
2873 3755 3044 3811 paena
3073 3740 3415 3811 perditionis
3457 3741 3844 3816 constringat,

2196 3846 2344 3901 quos
2374 3828 2434 3884 in
2466 3828 2717 3901 pernicie
2748 3845 2924 3902 prava
2955 3830 3203 3885 societas
3234 3829 3486 3902 copulat.
3533 3831 3591 3885 Si
3652 3830 3845 3903 placet

2195 3918 2469 3974 omnibus
2499 3917 2599 3990 qui
2631 3917 2849 3975 adestis
2880 3918 3000 3973 haec
3031 3919 3205 3991 tertip
3237 3918 3507 3975 reiterata
3528 3922 3840 3993 sententia,

2192 4012 2397 4063 vestrae
2428 4008 2585 4064 vocis
2615 4024 2743 4063 eam
2768 4024 3055 4063 consensu
3120 4009 3372 4064 firmate.
3433 4009 3517 4064 Ab
3567 4008 3840 4067 universo

2193 4096 2345 4151 clero
2377 4100 2434 4152 et
2462 4095 2677 4169 populo
2708 4096 2930 4151 dictum
2960 4100 3086 4151 est:
3112 4119 3140 4147 ‹‹
3168 4097 3275 4160 Qui
3316 4100 3518 4153 contra
3564 4097 3712 4153 hanc
3744 4114 3841 4154 ve-

2191 4188 2373 4240 stram
2404 4184 2804 4240 deﬁnitionem
2836 4185 3848 4257 praesumpserit,anathema,mara-

2191 4273 2389 4341 natha,
2425 4272 2534 4329 hoc
2566 4278 2654 4329 est
2684 4272 2935 4347 perditio
2966 4273 3027 4329 in
3086 4274 3334 4330 adventu
3393 4274 3619 4329 Domini
3649 4275 3754 4342 sit,
3788 4279 3847 4331 et

2189 4377 2322 4417 cum
2345 4362 2375 4417 J
2384 4362 2500 4417 uda
2529 4361 2809 4418 Iscarioth
2843 4365 3067 4433 partem
3099 4360 3334 4430 habeat,
3358 4365 3415 4415 et
3435 4360 3579 4430 ipse,
3613 4364 3669 4414 et
3691 4363 3846 4419 socii

2109 4452 2709 4536 Deorum.Amen.»
2756 4450 2826 4504 Et
2888 4465 3065 4504 nunc.
3109 4490 3122 4502 .
3169 4490 3182 4503 .
3224 4490 3236 4502 .
3283 4490 3295 4502 .
3341 4490 3354 4502 .
3577 4488 3589 4500 .
3637 4487 3650 4500 .
3696 4490 3709 4503 .
3758 4492 3772 4506 .
3825 4493 3839 4506 .

2194 4582 2206 4595 .
2253 4582 2265 4594 .
2312 4582 2324 4594 .
2372 4581 2385 4593 .
2430 4581 2442 4593 .
2488 4578 2503 4595 .
2549 4579 2562 4592 .
2608 4581 2621 4593 .
2669 4579 2682 4591 .
2728 4580 2741 4593 .
2775 4560 2803 4587 ‹‹
2837 4537 3187 4608 Quanquam
3210 4536 3269 4591 in
3289 4533 3536 4591 concilio
3558 4538 3838 4595 anteriori

2189 4631 2344 4701 quod
2377 4643 2529 4683 anno
2559 4628 2748 4698 primo
2780 4624 3187 4698 gloriosissimi
3220 4624 3502 4699 principis
3553 4628 3739 4683 nostri
3762 4630 3836 4685 de

2186 4717 2524 4788 hujusmodi
2558 4733 2619 4771 re
2650 4715 2823 4771 fuerit
2851 4713 3218 4787 promulgata
3255 4715 3566 4785 sententia,
3630 4721 3832 4773 tamen

2186 4806 2375 4879 placet
2404 4806 2613 4860 iterare
2644 4804 2861 4876 (concil.
2899 4804 3070 4861 Tolet.
3103 4819 3179 4871 v1,
3213 4820 3261 4859 c.
3299 4804 3387 4873 17)
3418 4804 3573 4876 quod
3623 4821 3834 4861 conve-

2186 4895 2272 4950 nit
2301 4894 2615 4951 custodire.
2650 4895 2850 4965 Itaque
2882 4892 3001 4965 regi
3018 4893 3136 4947 vita
3165 4898 3467 4949 constante
3492 4893 3692 4949 nullus
3715 4894 3830 4950 sibi

2184 4983 2378 5056 aliquo
2410 5000 2580 5056 opere
2612 4987 2695 5039 vel
2723 4981 3160 5049 deliberatione,
3194 4999 3296 5038 seu
3329 4983 3833 5054 cujuscunquedi-

2182 5075 2423 5146 gnitatis
2452 5073 2659 5144 laicus,
2694 5089 2795 5128 seu
2829 5072 3013 5144 gradu
3046 5072 3437 5144 episcopatus,
3485 5073 3831 5144 presbyterii

2181 5168 2284 5220 aut
2308 5163 2557 5219 diaconii
2580 5161 3284 5233 consecratus,caeterique
3305 5160 3612 5216 clericatus
3652 5161 3831 5216 officii

2181 5253 2638 5324 deditus,regem
2672 5251 2970 5324 provideat
2990 5254 3193 5307 contra
3212 5248 3459 5305 viventis
3484 5249 3638 5321 regis
3664 5247 3827 5304 utili-

2178 5346 2382 5413 tatem,
2417 5340 2579 5398 nullo
2610 5340 3012 5399 blandimento
3041 5338 3131 5396 vel
3180 5338 3455 5399 suasione
3510 5354 3614 5412 per
3659 5353 3825 5395 eam-
