4116 6184
231 325 341 389 105
1756 321 1923 384 EPIS

2042 323 2188 382 ΜΕ.
3559 333 3675 393 ίοδ

232 452 1145 524 bibendivinum,quousquead
1162 467 1332 508 suam
1353 454 1626 508 sanctam
1646 459 1915 525 matrem,
1946 458 2001 523 Α
2030 455 2268 525 injuria.
2293 456 2494 528 Fugite
2525 473 2681 529 ergo,
2712 458 2940 529 fratres,
2965 460 3037 515 ab
3070 460 3179 515 hac
3202 460 3489 518 stultitia:
3518 466 3679 521 sufﬁ-

234 548 461 606 scilicet
490 541 929 601 vemenensem
965 540 1305 608 Ecclesiam,
1342 544 1745 615 nostramque,
1774 561 1916 615 prei-
2028 544 2103 597 cit
2130 545 2286 599 enim
2322 546 2484 601 vobis
2517 547 2671 601 diem
2695 547 3089 621 Dominicum,
3112 552 3169 604 et
3198 547 3343 607 alias
3374 552 3678 610 celeberri-

234 637 483 695 sentiam
537 635 610 690 ad
662 629 1155 699 satisfactionem,
1185 646 1510 699 veramque
1562 632 1917 710 pmnitentiae
2027 649 2156 687 mas
2183 638 2239 688 et
2260 652 2291 687 a
2313 634 2714 691 sacerdotibus
2740 638 3094 708 approbatas
3117 638 3465 697 festivitates
3488 644 3682 700 obser-

232 719 1022 793 humilitatemjudicandus
1047 718 1340 774 adveniat.
1362 718 1420 772 Si
1443 718 1583 789 quis
1605 725 1800 776 autem
1826 738 1918 776 su-
2024 738 2179 776 vare.
2212 727 2273 776 In
2309 723 2526 793 quibus
2558 724 2684 778 ideo
2718 725 2926 781 feriare
2958 714 3199 793 debetis,
3230 734 3295 784 ut
3325 747 3358 785 a
3386 732 3680 789 saeculari-

232 816 431 891 perbia
462 812 703 869 inﬂatus
725 812 933 865 contra
960 807 1083 863 hoc
1113 823 1285 879 agere
1316 809 1654 876 tentaverit,
1680 810 1825 865 sciat
1854 826 1916 865 se
2024 809 2137 864 bus
2172 811 2421 882 negotiis
2466 811 2742 883 expediti,
2776 812 3021 869 liberius
3072 817 3387 875 Dominum
3438 822 3685 895 ejusque

232 906 301 961 ab
329 902 600 959 Ecclesiae
630 897 942 955 liminibus
973 897 1351 969 pellendum,
1375 900 1434 950 et
1466 914 1502 951 a
1535 903 1742 953 sancta
1763 915 1917 953 com-
2026 905 2261 955 sanctos
2293 900 2631 957 collaudare
2659 900 2745 955 vel
2792 904 3133 973 praedicare,
3166 906 3366 979 eisque
3395 911 3688 969 deservire

233 993 514 1050 munione
538 994 875 1047 extraneum
903 1003 918 1053 ;
950 987 1366 1055 omnibusque
1389 984 1671 1041 fidelibus
1692 988 1914 1043 abomi-
2027 988 2451 1058 possitis.Nam
2474 994 2636 1044 sexta
2655 988 2798 1043 feria
2819 990 3036 1048 melius
3056 998 3147 1050 est
3164 994 3429 1055 laborare
3451 1018 3690 1072 panem,

233 1084 522 1149 nandum,
553 1082 733 1136 donec
780 1080 1004 1133 sanctas
1056 1075 1331 1130 Ecclesiae
1361 1076 1695 1147 susceperit
1726 1092 1912 1131 corre-
2025 1077 2182 1131 unde
2225 1082 2282 1133 et
2326 1083 2491 1134 tuam
2531 1082 2586 1133 et
2627 1076 2884 1134 alienam
2920 1081 3155 1139 reﬁcere
3184 1088 3378 1157 possis
3408 1092 3690 1160 esuriem,

234 1175 513 1247 ptiouem,
539 1173 656 1224 tam
688 1168 812 1239 ipse
843 1180 1038 1235 quam
1067 1180 1275 1219 omnes
1307 1162 1408 1233 qui
1443 1163 1563 1234 ipsi
1594 1164 1917 1219 communi-
2026 1180 2202 1234 quam
2222 1168 2430 1223 otiosis
2450 1167 2727 1222 manibus
2745 1169 3187 1231 sedensinanes
3203 1174 3433 1235 fabulas
3456 1182 3697 1253 garrulo

233 1264 709 1333 cant,postquam
727 1271 861 1313 eum
883 1252 1082 1308 talem
1105 1251 1520 1325 cognoverint;
1545 1253 1915 1308 sacerdotum
2025 1269 2123 1308 ore
2147 1255 2393 1325 jactare.

233 1368 364 1409 vero
388 1352 438 1406 si
468 1349 603 1421 quis
626 1348 893 1411 fortasse,
909 1341 1085 1413 quod
1113 1341 1272 1397 Deus
1295 1343 1546 1410 avertat,
1569 1341 1671 1397 tali
1693 1342 1916 1397 abomi-

235 1440 472 1497 natione
524 1435 787 1509 pollutus
836 1430 1044 1497 fuerit,
1094 1428 1327 1485 nullum
1381 1428 1653 1485 divinum
1706 1431 1920 1486 audeat

238 1542 528 1600 usurpare
575 1522 945 1600 mysterium,
999 1518 1191 1574 donec
1245 1519 1491 1590 dignam
1546 1518 1683 1589 Deo,
1718 1525 1918 1576 nostro

2624 1379 2993 1438 EPISTOLA
3031 1386 3101 1440 V.

2492 1504 2566 1541 AD
2606 1504 2838 1543 ΑΖΟΝΕΜ
2884 1508 3230 1550 EPISCOPUM.

232 1594 458 1689 judicio
508 1594 803 1688 persolvat
845 1594 1339 1665 satisfactionem.

831 1694 1188 1753 EPISTOLA
1228 1697 1324 1749 IV.

534 1807 607 1846 AD
644 1803 842 1845 OMNES
880 1800 1115 1840 FIDELES
1154 1800 1284 1839 SUB
1322 1800 1630 1841 DIOECESIS.

315 1883 466 1937 Δπο
518 1879 703 1952 gratia
764 1875 868 1931 Dei
922 1872 1171 1928 humilis
1229 1873 1572 1945 episcoPus,
1623 1872 1915 1929 universis

243 1969 519 2025 ﬁdelibus
566 1970 786 2024 nostrai
833 1961 1122 2028 Ecclesia,
1156 1961 1467 2034 notrisque
1512 1961 1917 2018 dilectissimis

246 2058 387 2113 ﬁliis
421 2074 531 2129 pax
558 2056 634 2112 sit
670 2060 739 2110 et
782 2051 1085 2122 gaudium.

319 2146 379 2202 Si
431 2144 581 2201 enim
628 2142 870 2199 sincero
910 2138 1083 2195 corde
1125 2154 1252 2209 quae
1299 2158 1334 2194 a
1385 2138 1614 2194 sanctis
1643 2138 1918 2194 Patribus

252 2233 474 2289 tradita
501 2232 964 2305 cognoscuntur,
997 2244 1032 2282 a
1070 2227 1235 2283 vobis
1272 2227 1559 2283 inviolata
1590 2232 1914 2294 servantur,

255 2338 528 2395 magnam
559 2321 735 2377 nobis
779 2318 843 2373 in
881 2316 992 2372 hoc
1024 2316 1366 2387 praeparatis
1395 2315 1685 2371 laetitiam.
1718 2316 1777 2371 Si
1808 2333 1916 2371 au-

253 2416 398 2477 tem,
432 2411 579 2482 quod
609 2408 796 2473 absit,
830 2405 1079 2461 diversis
1109 2405 1409 2461 erroribus
1437 2420 1543 2460 vos
1580 2404 1919 2476 cognoveri-

256 2516 395 2555 mus
428 2500 799 2571 depravatos,
834 2494 1076 2567 grandis
1113 2493 1248 2549 inde
1279 2510 1497 2549 mceror
1528 2496 1728 2548 nostro
1758 2494 1917 2549 cordi

255 2588 750 2644 accumulabitur.
785 2584 935 2640 Nam
968 2582 1018 2639 si
1049 2583 1296 2653 abjectio
1328 2582 1624 2653 discipuli,
1650 2582 1917 2653 magistri

253 2685 349 2734 est
379 2677 828 2744 detrimentum,
864 2676 1085 2744 quanto
1116 2672 1304 2744 magis
1343 2670 1738 2744 praevaricatio
1768 2670 1917 2726 ﬁlio-

256 2783 393 2821 rum
426 2766 603 2837 patris
630 2764 792 2821 valet
822 2778 950 2818 esse
985 2761 1310 2832 periculum
1331 2761 1359 2815 ‘I
1388 2760 1482 2815 Sic
1514 2776 1621 2815 nos
1651 2759 1917 2830 omnipo-

256 2861 391 2911 tens
422 2860 586 2925 pater
613 2856 832 2926 degere
863 2851 1162 2916 concedat,
1196 2855 1261 2904 ut
1299 2849 1533 2920 utrique
1566 2849 1636 2902 de
1666 2852 1916 2920 utroque

257 2960 727 3011 remuneremur,
746 2957 821 2995 ne
842 2938 1158 2995 damnandi
1176 2938 1530 3009 judicemur.
1550 2936 1733 3008 Igitur
1751 2937 1917 2992 audi-

254 3032 459 3087 vimus
489 3031 640 3087 inter
665 3046 772 3085 vos
804 3044 1021 3084 novum
1054 3028 1370 3098 quemdam
1408 3025 1731 3082 surrexisse
1761 3042 1917 3081 erro-

254 3136 409 3189 rem,
446 3124 510 3174 ut
556 3118 766 3174 dicatis
817 3120 980 3171 sexta
1034 3116 1177 3171 feria
1227 3116 1341 3170 otio
1390 3130 1521 3170 esse
1567 3114 1915 3181 vacandum,

2098 1610 2346 1666 Summa
2374 1610 2681 1666 devotione
2709 1609 2955 1669 colendo
2988 1616 3205 1672 domno
3225 1621 3405 1677 Azom
3436 1639 3700 1681 reveren-

2030 1700 2277 1756 dissimc
2309 1705 2366 1756 et
2396 1700 2774 1756 sanctissimo
2800 1704 3044 1773 praesuli
3069 1708 3221 1763 A'rro
3242 1710 3433 1780 gratia
3459 1713 3563 1767 Dei
3585 1714 3698 1770 hu-

2030 1789 2187 1846 milis
2220 1791 2553 1863 episcopus,
2584 1794 2893 1862 vesterque
2924 1794 3334 1866 ﬁdelissimus,
3357 1802 3693 1858 orationum

2026 1879 2371 1935 instantiam
2402 1896 2534 1935 cum
2567 1881 2770 1936 devoto
2801 1880 3113 1938 famulatu.

2102 1970 2251 2023 Deus
2267 1968 2424 2024 omni
2432 1969 2769 2042 potens,qui
2782 1986 2883 2026 vos
2902 1971 2959 2025 in
2976 1973 3253 2043 pastorali
3268 1974 3480 2031 throno
3494 1976 3688 2034 locare

2028 2057 2305 2128 dignatus
2334 2060 2441 2123 est,
2465 2056 2592 2127 ipse
2619 2073 2721 2112 vos
2745 2058 2874 2129 jugi
2904 2058 3290 2129 opitulatione
3311 2064 3457 2118 adeo
3490 2070 3687 2121 custo-

2029 2144 2153 2199 dire
2177 2144 2472 2216 dignetur,
2496 2148 2561 2198 ut
2589 2144 2966 2205 sacerdotalis
2990 2145 3178 2202 honor
3198 2152 3439 2204 cunctos
3460 2155 3686 2208 vestros

2030 2234 2246 2304 dirigat
2262 2236 2814 2303 actus,rursumque
2826 2234 3036 2289 vestris
3054 2235 3237 2290 sacris
3250 2236 3480 2291 actibus
3498 2254 3687 2293 sacer-

2028 2321 2241 2377 dotalis
2264 2321 2404 2376 ordo
2427 2320 2791 2392 praefulgeat.
2816 2321 2979 2384 Quod
3002 2326 3198 2377 autem
3219 2328 3413 2380 vestra
3434 2325 3685 2395 pruden-

2030 2412 2112 2467 tia
2141 2413 2402 2466 nostram
2436 2409 2703 2465 hebetem
2735 2409 2975 2482 dignata
3020 2415 3109 2466 est
3138 2411 3251 2483 (56)
3307 2412 3678 2484 parvitatem,

2028 2516 2207 2572 quare
2235 2496 2547 2570 quemdam
2571 2502 2786 2553 nostrae
2811 2497 3072 2555 Ecclesiae
3100 2499 3289 2555 ﬁlium
3319 2518 3353 2556 a
3380 2501 3514 2557 ﬁliae
3546 2519 3679 2559 sus-

2027 2589 2074 2642 ci
2082 2587 2293 2659 pientis
2316 2603 2378 2642 se
2399 2587 2469 2641 de
2492 2602 2657 2643 sacro
2680 2587 2839 2642 fonte
2859 2587 3307 2658 prohiberemus
3329 2589 3572 2660 nuptiis.
3591 2592 3676 2646 In-

2028 2690 2205 2746 super
2253 2674 2301 2729 si
2348 2673 2583 2745 aliquod
2616 2673 2937 2744 capitulum
2972 2680 3267 2745 repertum
3299 2676 3672 2745 haberemus,

2024 2762 2189 2818 vobis
2219 2761 2469 2833 dirigere
2499 2762 2845 2818 mandastis.
2879 2763 3075 2831 Scitis,
3107 2764 3331 2820 domini
3361 2765 3497 2833 mei,
3533 2765 3674 2837 quia

2027 2853 2089 2907 in
2121 2851 2455 2906 carnalibus
2487 2850 2710 2921 nuptiis
2755 2867 2873 2907 non
2920 2856 3151 2908 tantum
3197 2853 3542 2924 spiritualis,
3575 2854 3679 2909 sed

2029 2941 2205 2996 etiam
2228 2940 2523 2995 saecularis
2545 2940 2635 2994 lex
2657 2944 2746 2995 est
2767 2940 3137 3011 inquirenda.
3160 2941 3343 3013 Igitur
3366 2943 3680 3013 Luitpran-

2030 3029 2141 3083 dus
2175 3026 2496 3082 catholicus
2524 3044 2623 3083 rex
2663 3026 2840 3097 hujus
2889 3028 2948 3083 in
2994 3046 3111 3099 qua
3149 3029 3419 3101 degimus
3451 3030 3676 3101 patriae,

2028 3115 2145 3171 tale
2193 3131 2324 3170 cum
2377 3132 2666 3171 consensu
2716 3116 2877 3171 illius
2924 3116 3205 3187 temporis
3248 3134 3555 3187 procerum
3588 3117 3673 3172 vel

255 3215 314 3266 et
347 3186 563 3281 epulis,
595 3206 685 3263 vel
718 3204 1000 3261 conviviis
1041 3204 1401 3258 abutendum
1433 3221 1447 3269 ;
1506 3206 1563 3256 et
1614 3217 1747 3256 cum
1794 3202 1919 3271 ipse
1950 3186 1993 3253 C
2024 3205 2295 3275 judicum
2326 3203 2648 3274 capitulum
2682 3186 3075 3277 promulgavit
3104 3186 3449 3277 (Leg.iLong.
3480 3205 3582 3262 lib.
3613 3223 3676 3274 ιι,

258 3297 535 3353 omnium
569 3295 926 3363 Redemptor
954 3291 1228 3345 eumdem
1259 3290 1412 3344 diem
1454 3289 1773 3344 tristiorem
1805 3306 1919 3360 pra

258 3385 501 3441 cunctis
530 3381 782 3444 duxerit,
808 3384 866 3435 et
897 3383 1059 3434 tanta
1080 3395 1182 3449 pro
1207 3378 1375 3433 nobis
1401 3377 1713 3449 opprobria
1743 3380 1920 3434 susti-

261 3475 484 3537 nuerit,
517 3487 620 3526 vos
660 3468 815 3540 jocis
869 3467 1224 3533 incumbere,
1259 3469 1317 3520 et
1367 3466 1485 3521 otia
1536 3465 1743 3521 sectari
1797 3471 1921 3522 stu-

261 3562 476 3621 deatis.
507 3556 769 3630 Apostoli
810 3556 985 3611 etiam
1036 3554 1341 3626 caeterique
1397 3554 1599 3610 fideles
1647 3558 1767 3609 tam
1815 3557 1919 3611 tri-

263 3658 417 3709 stem
450 3647 724 3704 eumdem
747 3646 1043 3701 duxerunt
1072 3643 1246 3707 diem,
1273 3647 1338 3697 ut
1368 3660 1470 3715 per
1490 3644 1747 3699 diversas
1776 3643 1919 3701 late-

260 3742 406 3796 bras
454 3736 771 3808 fugitantes
824 3733 919 3789 vix
966 3733 1083 3788 duo
1130 3731 1306 3787 simul
1357 3733 1770 3805 reperirentur.
1806 3734 1921 3789 Nec

260 3828 577 3901 epularum
601 3826 826 3895 poterat
840 3821 968 3878 fieri
991 3822 1233 3888 mentio,
1249 3821 1463 3892 quibus
1483 3822 1609 3877 vita:
1627 3823 1751 3892 jam
1774 3839 1921 3894 pene

262 3916 598 3974 adhaeserat
626 3910 978 3984 desperatio.
1009 3910 1223 3965 Eadem
1254 3926 1490 3981 quoque
1520 3909 1612 3964 die
1642 3909 1726 3965 sol
1756 3915 1921 3967 tene-

265 4006 405 4060 bris
424 4002 669 4057 amictus
688 3999 892 4055 lumen
913 3998 1178 4065 obduxit,
1194 4002 1249 4053 et
1267 3998 1396 4070 ipsa
1420 3997 1708 4053 elementa
1730 4000 1925 4055 turba-

264 4099 339 4149 ta
371 4089 759 4146 turbationem
791 4087 978 4143 totius
1008 4087 1392 4143 ostenderunt
1422 4087 1646 4143 mundi.
1680 4087 1826 4142 Nam
1873 4087 1923 4143 si

264 4182 435 4239 diem
470 4178 831 4235 Dominicum
872 4177 947 4233 ob
996 4176 1387 4232 venerabilem
1420 4176 1923 4232 Resurrectiouem

269 4268 515 4327 Domini
549 4268 730 4324 nostri
758 4267 900 4323 Jesu
931 4264 1169 4335 Christi,
1197 4281 1297 4320 seu
1333 4264 1728 4336 apostolorum
1760 4271 1925 4322 caete-

262 4374 603 4429 .rorumque
632 4355 896 4412 fidelium
926 4353 1189 4410 laetitiam
1220 4370 1335 4410 non
1367 4354 1559 4409 solum
1602 4354 1661 4409 in
1706 4355 1929 4411 Pascha

274 4448 667 4513 celebramus,
719 4460 925 4500 verum
978 4442 1152 4497 etiam
1211 4458 1314 4514 per
1367 4442 1629 4515 singulos
1678 4442 1927 4500 circulos

2031 3293 2119 3345 tit.
2151 3292 2205 3357 8,
2236 3290 2273 3344 1.
2298 3290 2353 3361 5)
2380 3308 2392 3345 :
2427 3313 2453 3339 ‹‹
2480 3294 2598 3345 Hoc
2624 3292 2963 3347 censuimus
2990 3296 3164 3362 atque
3186 3294 3592 3365 praecepimus,
3616 3298 3681 3347 ut

2032 3378 2232 3434 nullus
2255 3384 2572 3449 praesumat
2593 3384 2975 3435 commatrem
2998 3398 3167 3435 suam
3192 3398 3428 3437 uxorem
3447 3384 3677 3451 ducere,

2031 3468 2130 3522 sed
2162 3483 2267 3523 nec
2298 3466 2481 3522 filiam
2515 3483 2690 3538 quam
2722 3469 2793 3524 de
2824 3485 2991 3524 sacro
3022 3470 3177 3525 fonte
3208 3469 3453 3539 levavit;
3488 3485 3677 3542 neque

2031 3555 2189 3611 filius
2240 3555 2370 3624 ejus
2415 3560 2736 3627 praesumat
2765 3556 2948 3612 filiam
2980 3557 3141 3614 illius
3173 3575 3411 3614 uxorem
3444 3561 3676 3629 ducere,

2029 3644 2130 3715 qui
2155 3660 2289 3699 eum
2314 3644 2384 3699 de
2408 3645 2565 3700 fonte
2587 3646 2875 3717 suscepit;
2900 3646 3036 3716 quia
3056 3646 3391 3718 Spirituales
3415 3646 3680 3720 germani

2029 3750 2158 3789 esse
2180 3738 2539 3789 noscuntur:
2567 3738 2622 3788 et
2642 3734 2742 3805 qui
2766 3734 2875 3789 hoc
2896 3734 3119 3790 malum
3143 3736 3331 3790 facere
3350 3735 3681 3801 tentaverit,

2031 3824 2235 3894 perdat
2260 3839 2492 3878 omnem
2525 3823 2915 3878 substantiam
2944 3841 3134 3878 suam.
3155 3825 3223 3878 Et
3240 3824 3343 3879 filii
3363 3824 3463 3895 qui
3485 3825 3555 3879 de
3575 3823 3681 3880 tali

2029 3910 2230 3966 illicito
2275 3910 2650 3965 matrimonio
2699 3914 3039 3981 nascuntur,
3072 3911 3331 3966 haeredes
3385 3927 3513 3965 esse
3562 3928 3680 3965 non

2034 3999 2268 4064 debent,
2293 3999 2395 4052 sed
2427 3995 2739 4067 propinqui
2771 4002 3063 4067 parentes.
3094 3998 3203 4052 Ubi
3236 4001 3431 4052 autem
3461 3997 3679 4053 inventi

2034 4086 2276 4152 fuerint,
2300 4085 2396 4157 qui
2433 4100 2613 4155 supra
2634 4084 2851 4155 scripta
2872 4085 3074 4141 illicita
3092 4084 3363 4155 conjugia
3383 4090 3681 4141 contraxe-

2036 4175 2174 4241 rint,
2203 4174 2262 4228 in
2297 4172 2571 4244 praesenti
2596 4177 2962 4245 separentur,
2989 4177 3045 4229 et
3066 4190 3248 4246 pinnae
3271 4173 3680 4246 suprascripta:

2034 4264 2397 4335 subjaceant.
2427 4281 2454 4313 ι
3664 4252 3675 4263 ’

2107 4353 2221 4408 Lex
2268 4351 2466 4418 etiam,
2516 4366 2642 4421 qua:
2692 4349 2880 4406 Salica
2935 4350 3169 4421 dicitur,
3221 4350 3330 4407 hoc
3381 4352 3683 4407 continet:

2039 4465 2068 4493 «
2098 4442 2341 4497 Uxorem
2372 4439 2554 4512 patris
2575 4440 2625 4494 si
2648 4440 2781 4510 quis
2802 4441 3108 4512 acceperit,
3131 4440 3337 4496 mortis
3358 4440 3684 4513 periculum

272 4534 786 4593 hebdomadarum
834 4530 1024 4603 ipsius
1070 4531 1183 4586 diei
1231 4530 1549 4603 imaginem
1593 4532 1926 4602 frequenta-
1963 4551 2009 4616 D
2040 4531 2321 4599 incurrat,
2352 4534 2409 4585 et
2438 4530 2509 4585 de
2537 4528 2845 4599 praeteritis
2877 4529 3414 4600 conjunctionibus,
3439 4546 3566 4599 quae
3598 4530 3686 4585 in-

278 4642 422 4682 mus
449 4643 465 4692 ;
497 4625 736 4679 demens
758 4626 868 4692 est,
891 4620 992 4692 qui
1018 4625 1237 4676 sextam
1265 4621 1491 4690 feriam,
1515 4637 1630 4691 qua
1651 4620 1934 4677 Dominus
2044 4623 2214 4676 cestze
2245 4635 2373 4674 esse
2402 4618 2689 4687 videntur,
2726 4633 2827 4687 per
2857 4619 3247 4689 precationem
3281 4618 3689 4690 episcoporum

280 4714 603 4770 cruciﬁxus
653 4716 763 4779 est,
796 4725 897 4780 per
947 4725 1150 4765 omnes
1196 4709 1596 4764 hebdomadas
1647 4710 1718 4765 ob
1773 4709 1935 4765 illius
2039 4708 2336 4781 jussimus
2360 4706 2692 4762 emendare.
2715 4706 2821 4768 Qui
2854 4722 2988 4762 vero
3010 4707 3350 4779 episcopum
3383 4725 3556 4763 suum
3588 4725 3691 4764 nc-

268 4802 609 4875 ,imaginem
644 4816 779 4856 cum
811 4798 1165 4855 abstinentia
1216 4803 1272 4853 et
1320 4798 1765 4870 compunctione
1794 4816 1933 4855 mo:-

284 4892 445 4948 roris
479 4890 731 4962 abnegat
762 4888 1197 4944 celebrandum.
1232 4887 1418 4943 Labor
1455 4888 1704 4959 denique
1751 4887 1936 4961 impe-

285 4981 625 5036 dimentum
675 4978 911 5034 dicitur.
946 4978 1006 5032 In
1058 4993 1268 5048 magno
1322 4992 1459 5048 ergo
1512 4993 1577 5031 eo
1633 4976 1724 5031 die
1774 4977 1939 5032 Chri—

286 5075 425 5125 stus
448 5067 634 5123 fuerat
654 5066 875 5128 labore,
890 5064 990 5134 qui
1013 5068 1170 5119 tanta
1191 5066 1260 5119 ab
1284 5062 1484 5134 impiis
1508 5066 1799 5118 tormenta
1818 5081 1943 5136 per-

290 5156 536 5212 tulerat.
554 5152 1033 5217 Similiteretiam
1057 5168 1258 5207 omnes
1279 5153 1407 5222 ejus
1426 5149 1649 5218 ﬁdeles,
1674 5153 1827 5222 quod
1852 5152 1941 5206 fu-

288 5247 530 5319 gientes
560 5243 720 5299 intus
751 5240 935 5310 dolor,
960 5257 993 5296 a
1022 5238 1161 5295 foris
1190 5240 1490 5310 premebat
1518 5241 1811 5312 angustia,
1839 5257 1944 5296 nec

286 5332 552 5392 feriandi
596 5333 887 5389 dabantur
927 5328 1193 5394 induciae,
1224 5328 1438 5398 quibus
1468 5328 1601 5384 talis
1631 5330 1948 5402 parabatur

367 5531 490 5605 (56)
522 5530 760 5605 Dignata
790 5535 885 5583 est.
918 5525 1073 5605 Vidit
1102 5525 1393 5605 Acherius
1420 5541 1616 5582 vocem
1663 5526 1946 5600 aliquam,

290 5596 559 5663 fortasse
586 5596 973 5676 interrogasse,
1008 5599 1208 5654 deesse
1237 5598 1348 5654 hoc
1380 5596 1523 5657 loco.

628 5729 892 5795 ΡΑΤΒΟΙ..
936 5724 1257 5790 CXXXIV.

2046 4798 2220 4854 luerit
2253 4796 2474 4862 audire,
2500 4800 2557 4850 et
2586 4796 3127 4851 excommunicatus
3157 4796 3351 4868 fuerit,
3375 4814 3691 4870 perennem

2048 4886 2439 4942 conditionem
2463 4884 2574 4955 (57)
2599 4884 2750 4955 apud
2774 4883 2956 4939 Deum
2980 4885 3287 4954 sustineat,
3309 4891 3362 4942 et
3385 4887 3455 4942 de
3478 4886 3691 4958 palatio

2049 4980 2246 5031 nostro
2280 4972 2519 5029 omnino
2568 4970 2646 5027 sit
2688 4976 3019 5044 extraneus,
3054 4979 3111 5029 et
3163 4992 3367 5030 omnes
3414 4990 3507 5030 res
3556 4989 3694 5029 suas

2052 5064 2393 5137 parentibus
2416 5060 2692 5133 legitimis
2709 5061 3004 5117 amittat.»
3027 5063 3272 5119 Romani
3291 5078 3521 5135 quoque
3542 5061 3696 5131 prin-

2052 5156 2212 5225 cipes
2246 5153 2425 5207 totius
2466 5167 2611 5223 pene
2640 5151 2991 5207 monarchiae
3023 5153 3412 5216 dominantes,
3447 5165 3697 5221 quorum

2054 5242 2241 5314 legem
2272 5241 2445 5296 etiam
2480 5240 2647 5295 nobis
2678 5242 3079 5298 sacerdotibus
3110 5241 3167 5295 in
3202 5239 3404 5295 multis
3431 5238 3703 5295 convenit

2055 5334 2382 5399 observare,
2409 5329 2550 5385 talia
2571 5329 2841 5386 instituta
2861 5331 2933 5387 de
2963 5330 3250 5401 conjugiis
3273 5327 3580 5400 loquentes
3602 5329 3703 5385 de-

2130 5528 2243 5597 (57)
2275 5526 2667 5603 Coadﬁz'onem.
2700 5525 3079 5598 Perspicuum
3110 5528 3200 5581 est
3238 5526 3332 5584 hic
3372 5526 3487 5603 legi
3534 5543 3707 5602 opor-

2059 5603 2183 5656 tere
2222 5599 2745 5657 condemnationem.

3349 5729 3387 5789 4
