4096 6178
443 310 556 370 107

1443 303 1777 366 ATTONIS
1821 301 2402 365 VERCELLENSIS
2450 301 2805 366 EPISCOPI

3737 311 3864 373 108

441 440 598 496 dere.
656 458 678 488 ι
711 438 822 495 Sed
855 438 904 494 si
935 454 1051 510 qua
1081 455 1184 511 per
1213 436 1584 508 adoptionem
1617 451 1784 492 soror
1813 434 1918 489 tibi
1953 449 2083 490 esse
2113 435 2168 501 Α
2198 436 2595 504 quaerant.8ed
2617 435 3033 508 nequesummi
3054 437 3358 510 pontiﬁces
3373 439 3862 517 saecularesleges

441 527 697 600 coeperit,
713 528 978 600 quandiu
999 528 1236 601 quidem
1259 528 1487 582 constat
1507 523 1760 595 adoptio,
1776 539 1914 579 sane
1935 523 2088 578 inter

440 620 497 672 te
519 619 575 672 et
594 632 724 672 eam
751 617 970 689 nuptiae
992 615 1308 672 consistere
1331 630 1447 669 non
1475 617 1740 685 possunt.
1759 633 1787 661 ι)
1817 613 1884 666 Et
1909 611 2082 666 item:

441 726 471 755 ‹‹
502 705 563 761 Si
607 705 886 762 adversus
915 722 984 761 ea
1012 721 1137 776 quas
1169 703 1425 758 diximus
1457 701 1640 772 aliqui
1673 700 1945 770 coierint,
1980 715 2086 754 nec

440 792 548 861 vir,
584 809 688 850 nec
737 811 900 862 uxor,
934 810 1040 850 nec
1069 791 1308 864 nuptiae,
1340 806 1446 846 nec
1479 789 1945 855 matrimonium,
1980 803 2086 842 nec

441 884 548 940 dos
575 883 942 956 intelligitur.
972 883 1172 952 Itaque
1201 880 1302 952 qui
1333 897 1402 935 ex
1432 879 1533 934 tali
1563 879 1716 934 coitu
1739 881 2083 944 nascuntur,

441 973 501 1028 in
532 977 819 1044 potestate
849 971 1032 1043 patris
1062 987 1180 1026 non
1213 974 1370 1036 sunt,
1403 969 1502 1025 sed
1533 967 1679 1023 tales
1710 972 1868 1037 sunt,
1899 983 2082 1038 quan-

439 1065 566 1116 tum
589 1062 662 1117 ad
693 1058 943 1132 patriam
978 1063 1325 1131 potestatem
1354 1058 1622 1130 pertinet,
1647 1056 1851 1128 quales
1874 1059 2014 1111 sunt
2046 1053 2086 1107 ii

431 1165 585 1220 quos
611 1153 799 1205 mater
815 1147 989 1220 vulgo
1012 1148 1294 1220 concepit.
1323 1146 1603 1218 Sequitur
1623 1162 1760 1218 ergo
1785 1150 1850 1200 ut
1873 1150 1930 1200 et
1959 1144 2085 1198 dis-

437 1237 628 1294 soluto
659 1237 836 1308 coitu,
870 1252 974 1292 nec
1005 1237 1158 1292 dotis
1189 1235 1474 1292 exactioni
1505 1235 1668 1290 locus
1707 1235 1804 1301 sit,
1836 1238 1893 1288 et
1940 1232 2084 1287 alias

435 1343 638 1399 poenas
661 1327 983 1399 patiantur,
1005 1343 1136 1396 qua:
1161 1327 1343 1382 sacris
1364 1324 1884 1381 constitutionibus
1906 1320 2086 1376 conti-

435 1420 671 1472 nentur.
704 1438 734 1465 »
779 1414 952 1471 Nulla
981 1415 1231 1486 denique
1261 1414 1496 1485 adoptio
1526 1413 1660 1468 talis
1691 1428 1818 1468 esse
1849 1408 2083 1482 poterit,

437 1521 616 1577 quam
648 1505 769 1560 haec
818 1520 919 1576 per
950 1521 1126 1576 quem
1160 1503 1429 1558 homines
1457 1502 1562 1557 ﬁlii
1594 1501 1688 1556 Dei
1725 1501 2081 1555 efﬁciuntur.

435 1594 567 1650 Haec
595 1598 686 1650 est
711 1594 867 1649 enim
896 1594 1154 1665 adoptio,
1185 1609 1312 1665 quae
1335 1590 1692 1663 emancipari
1724 1605 1837 1644 non
1873 1593 2080 1660 potest.

435 1683 600 1739 Unde
629 1683 834 1739 beatus
855 1682 1075 1738 Paulus
1107 1683 1190 1738 ait
1208 1680 1509 1754 apostolus
1535 1697 1548 1735 :
1581 1682 1693 1750 Qui
1717 1678 2082 1750 praedestina-

436 1774 516 1828 vit
565 1775 627 1828 in
679 1772 1021 1844 adoptionem
1061 1773 1311 1842 ﬁliorum
1347 1787 1450 1842 per
1481 1769 1761 1824 Christum
1789 1769 1991 1834 Jesum,
2024 1769 2086 1820 in

434 1863 614 1934 ipsum
637 1861 934 1918 secundum
956 1863 1296 1934 propositum
1322 1860 1621 1916 voluntatis
1641 1873 1755 1913 suae
1776 1859 1836 1912 in
1861 1857 2083 1912 laudem

430 1951 624 2020 gloriae
669 1952 876 2020 gratiae
919 1965 1038 2008 suae
1087 1951 1296 2022 (Ephes.
1342 1967 1380 2016 1,
1420 1949 1497 2019 5).
1538 1948 1720 2018 Cujus
1749 1946 2082 2017 adoptionis

430 2039 776 2112 participem
804 2055 974 2096 nemo
997 2038 1246 2112 ambigit
1262 2054 1394 2094 eum
1420 2037 1520 2109 qui
1547 2036 1873 2092 secundum
1893 2051 2082 2090 sacra-

432 2133 766 2184 mentorum
787 2128 1053 2184 ordinem
1079 2143 1287 2199 pueros
1305 2125 1740 2198 baptizantibus
1759 2125 1942 2190 offert,
1957 2123 2083 2194 qui-

433 2232 548 2286 que
569 2233 672 2288 pro
689 2217 832 2287 ipsis
855 2217 1178 2272 secundum
1197 2215 1492 2271 catholicze
1511 2214 1645 2270 ﬁdei
1669 2229 2080 2277 normam,non

433 2305 934 2376 quemadmodum
973 2306 1044 2360 de
1082 2303 1285 2373 altera,
1318 2305 1419 2360 sed
1453 2305 1605 2360 sicut
1634 2303 1704 2357 de
1733 2301 1986 2374 prepria,
2019 2301 2079 2355 in

431 2394 624 2467 prima
643 2410 892 2466 persona
911 2393 1282 2466 respondent,
1297 2393 1437 2464 quia
1453 2409 1556 2464 per
1578 2407 1806 2447 sacram
1823 2389 2082 2462 adoptio-

433 2499 568 2540 nem
577 2483 705 2554 jam
722 2481 958 2539 illorum
972 2483 1320 2553 conjunctus
1332 2487 1420 2538 est
1435 2480 2080 2553 spiritus.Rursumque

434 2589 504 2629 ex
533 2589 698 2628 sacro
729 2572 909 2643 fonte,
942 2571 1110 2644 quasi
1160 2587 1230 2626 ex
1276 2571 1483 2626 matris
1531 2575 1695 2626 utero
1727 2573 1858 2640 post
1888 2568 2078 2640 bapti-

434 2677 633 2720 smum
655 2678 690 2716 a
710 2661 1111 2716 sacerdotibus
1129 2659 1273 2732 ipsis
1289 2661 1361 2714 ad
1387 2659 1798 2714 instruendum
1817 2657 2080 2712 commit-

432 2753 658 2806 tuntur.
691 2753 839 2805 Nam
872 2749 1025 2805 sicut
1049 2747 1311 2804 carnales
1340 2747 1524 2804 nostri
1568 2750 1840 2819 parentes
1868 2750 2078 2801 nostra:

433 2839 824 2911 generationis
857 2837 1108 2894 ministri
1140 2842 1296 2908 sunt,
1331 2837 1656 2893 secundum
1688 2837 1840 2907 quod
1873 2836 2079 2890 beatus

431 2928 701 2984 Clemens
726 2928 786 2982 in
808 2928 934 2983 suis
955 2927 1351 2984 Decretalibus
1377 2925 1606 2994 asserit,
1631 2925 1716 2981 sic
1737 2925 1835 2995 huj
1847 2924 2079 2980 usmodi

433 3018 688 3074 ministri
720 3021 861 3073 sunt
889 3033 1066 3073 sacra:
1097 3015 1572 3089 regenerationis.
1609 3016 1758 3070 Deus
1787 3018 1987 3070 auctor
2018 3013 2076 3068 in

431 3107 698 3180 utrisque
729 3106 1020 3174 consistit,
1055 3106 1208 3161 sicut
1250 3105 1534 3177 scriptum
1583 3110 1714 3159 est:
1771 3105 2079 3174 Unicuique

2197 523 2339 577 adeo
2355 525 2682 594 respuendo
2694 526 3169 598 contrivere,cum
3185 533 3569 601 nosteratque
3581 531 3858 602 ipsorum

2195 611 2480 667 Dominus
2504 629 2570 667 ac
2598 613 2875 684 Magister
2898 615 3053 671 dicat
3077 634 3091 672 :
3123 621 3244 674 Non
3272 619 3400 674 veni
3430 620 3600 690 legem
3620 621 3856 687 solvere,

2193 699 2289 754 sed
2311 700 2620 771 adimplere
2640 702 2853 771 (Matth.
2878 721 2933 768 ν,
2961 706 3067 776 17).
3092 705 3233 762 Item
3260 707 3676 764 sanctissimus
3697 727 3858 782 papa

2195 788 2454 844 Calixtus
2482 790 2661 861 (epist.
2684 795 2736 861 2,
2769 793 2843 848 ad
2869 809 3053 850 omnes
3079 795 3388 852 Galliarum
3415 798 3603 869 episc.)
3631 816 3644 855 :
3678 822 3705 848 ‹‹
3730 800 3857 856 Nec

2197 893 2296 932 eos
2327 878 2500 948 viros,
2525 895 2673 950 quos
2704 879 2860 952 leges
2881 883 3078 938 saeculi
3101 885 3392 956 rejiciunt,
3417 889 3714 960 suscipere
3746 891 3857 945 de-

2196 967 2424 1022 bemus.
2449 971 2644 1037 Ipsam
2672 985 2904 1041 quoque
2927 971 3253 1040 infamiam,
3277 991 3396 1046 qua
3425 976 3648 1048 aspersi
3680 983 3852 1046 sunt,

2195 1055 2388 1111 delere
2410 1073 2526 1111 non
2557 1074 2896 1128 possumus,
2921 1063 3022 1116 sed
3053 1063 3281 1120 animas
3304 1081 3509 1120 eorum
3536 1082 3638 1138 per
3661 1068 3855 1139 paeni-

2195 1144 2440 1199 tentiam
2465 1145 2756 1215 publicam
2780 1152 2837 1202 et
2861 1149 3128 1205 Ecclesia:
3151 1152 3610 1209 satisfactionem
3634 1172 3857 1212 sanare

2197 1234 2492 1304 cupimus.
2523 1256 2552 1284 »
2585 1236 2724 1291 Item
2753 1236 3066 1310 Dionysius
3092 1257 3105 1295 :
3140 1261 3169 1288 «
3201 1242 3453 1298 Infames
3482 1260 3684 1300 omnes
3715 1262 3857 1302 esse

2196 1336 2504 1378 censemus
2561 1325 2660 1395 qui
2722 1341 2889 1380 suam
2942 1327 3336 1384 Christianam
3393 1333 3858 1402 przevaricantur

2195 1409 2402 1481 legem.
2426 1432 2453 1460 »
2478 1416 2623 1468 Item
2647 1414 3046 1486 Entychianus
3069 1433 3080 1471 :
3107 1440 3134 1466 «
3159 1417 3444 1475 Similiter
3462 1421 3855 1492 prohibemus

2196 1504 2262 1552 ut
2294 1499 2464 1554 nulla:
2495 1518 2683 1558 causa:
2715 1520 2749 1556 a
2771 1503 3074 1573 judicibus
3095 1506 3506 1564 ecclesiasticis
3527 1511 3857 1567 audiantur

2196 1604 2322 1659 quae
2345 1589 2571 1660 legibus
2593 1607 2709 1646 non
2736 1593 3109 1649 continentur
3126 1595 3214 1651 vel
3237 1612 3364 1667 quae
3388 1597 3691 1670 prohibita:
3713 1617 3854 1658 esse

2196 1683 2537 1733 noscuntur.
2571 1701 2600 1731 »
2646 1680 2751 1735 Hic
2782 1685 2840 1736 et
2868 1683 3280 1740 sanctissimus
3309 1686 3500 1742 Julius
3530 1705 3681 1761 papa
3710 1705 3856 1745 con-

2195 1766 2408 1821 firmat.
2427 1767 2811 1824 Beatissimus
2832 1770 3008 1825 etiam
3025 1771 3340 1845 Gregorius
3361 1774 3548 1830 multa
3566 1780 3851 1834 Romanas

2191 1853 2336 1926 legis
2386 1856 2643 1926 capitula
2693 1859 3073 1928 conﬁrmans,
3112 1878 3218 1917 suo
3273 1862 3523 1918 inseruit
3571 1865 3849 1938 registro.

2193 1948 2359 2015 Ergo,
2376 1945 2612 2001 domine
2639 1946 2740 2015 mi,
2757 1948 3045 2005 absonum
3067 1966 3197 2006 esse
3215 1951 3463 2021 videtur,
3479 1957 3544 2009 ut
3561 1954 3854 2025 spiritalis

2192 2033 2452 2088 affinitas
2474 2035 2811 2092 carnalibus
2834 2037 3202 2109 amplexibus
3234 2041 3523 2096 deservire
3554 2049 3803 2115 cogatur
3833 2061 3849 2099 :

2192 2122 2275 2177 ait
2297 2123 2452 2178 enim
2475 2124 2682 2180 beatus
2697 2124 2915 2181 Paulus
2939 2127 3238 2198 apostolus
3263 2147 3276 2186 :
3311 2132 3405 2186 Vos
3425 2131 3573 2186 enim
3595 2134 3655 2187 in
3677 2133 3853 2188 Iiber-

2191 2217 2301 2266 tate
2320 2216 2498 2267 vocati
2517 2215 2666 2279 estis,
2679 2217 2913 2286 fratres;
2937 2225 3152 2272 tantum
3170 2233 3238 2273 ne
3259 2219 3571 2276 libertatem
3599 2222 3659 2275 in.
3685 2237 3851 2279 occa-

2189 2302 2342 2356 sione
2370 2300 2506 2356 detis
2533 2305 2720 2358 car-nis
2751 2303 2890 2375 (Gal.
2923 2322 2976 2373 v,
3006 2307 3119 2377 13),
3153 2311 3211 2362 et
3241 2307 3454 2364 iterum
3491 2325 3502 2364 :
3531 2311 3646 2379 Qui
3670 2314 3854 2367 semi-

2189 2399 2286 2444 nat
2316 2391 2375 2445 in
2405 2406 2570 2447 carne
2595 2408 2720 2461 sua,
2752 2394 2819 2448 de
2847 2410 3012 2449 carne
3041 2398 3202 2450 metet
3239 2399 3644 2470 corruptionem
3675 2418 3694 2454 :
3745 2403 3854 2471 qui

2188 2481 2371 2532 autem
2399 2481 2633 2534 seminat
2653 2483 2713 2534 in
2735 2483 2956 2551 spiritu,
2983 2483 3048 2539 de
3074 2485 3279 2556 spiritu
3297 2495 3458 2543 metet
3485 2491 3652 2544 vitam
3672 2498 3850 2546 aeter-

2187 2583 2320 2622 nam
2349 2566 2489 2639 (Gal.
2521 2586 2596 2637 v1,
2629 2570 2704 2638 8).
2738 2571 2808 2626 Et
2837 2587 3044 2628 rursus
3075 2589 3088 2628 :
3141 2573 3240 2630 Ubi
3264 2577 3520 2647 spiritus,
3553 2578 3634 2632 ibi
3668 2579 3848 2634 liber-

2187 2663 2271 2710 tas
2301 2656 2374 2726 (II
2401 2656 2522 2711 Cor.
2556 2675 2640 2722 111,
2674 2659 2784 2730 17).
2818 2663 2884 2714 Et
2911 2661 2969 2715 in
3002 2659 3250 2718 Levitico
3280 2681 3293 2718 :
3329 2664 3518 2720 Omnis
3545 2682 3849 2723 consecra-

2186 2746 2262 2799 tio
2283 2761 2403 2815 quw
2421 2749 2672 2818 offertur,
2688 2747 2756 2802 ab
2776 2747 2992 2805 homine
3010 2766 3119 2805 non
3141 2751 3642 2825 redimetur(Levit.
3658 2772 3848 2824 xxvn,

2185 2834 2298 2905 29),
2333 2850 2405 2889 ne
2435 2835 2650 2892 nostris
2681 2837 2888 2892 usibus
2920 2840 3377 2908 succumbendo,
3409 2848 3702 2899 sacratum
3739 2861 3848 2900 ex-

2189 2922 2472 2979 secrabile
2502 2925 2626 2980 ﬁat.

2259 3012 2365 3067 Sed
2419 3018 2475 3068 et
2523 3013 2572 3068 si
2624 3013 2742 3069 haec
2783 3019 2994 3072 cuncta
3033 3033 3157 3088 quae
3189 3019 3461 3091 superius
3491 3020 3606 3077 tale
3636 3038 3853 3094 repre-

2187 3100 2508 3157 hendentes
2538 3104 2878 3175 conjugium
2911 3105 3189 3174 diximus,
3222 3109 3554 3184 deﬁcerent,
3587 3112 3733 3166 satis
3766 3113 3848 3167 ad

432 3199 574 3252 sicut
593 3177 855 3252 Dominus
884 3195 1052 3252 dedit.
1075 3197 1181 3266 Ego
1208 3195 1478 3266 plantavi,
1515 3192 1705 3265 Apollo
1733 3194 1954 3264 rigavit,
1980 3192 2076 3248 sed
2107 3177 2148 3244 C
2189 3189 2246 3244 id
2270 3191 2708 3262 reprimendum
2727 3193 2904 3250 etiam
2926 3202 3312 3252 remanerent.
3329 3198 3474 3253 Nam
3494 3180 3634 3255 adeo
3653 3199 3850 3270 hujus

433 3287 572 3343 Deus
598 3289 992 3342 incrementum
1023 3285 1171 3341 dedit
1206 3285 1246 3353 (I
1277 3285 1402 3339 Cor.
1437 3301 1521 3350 111,
1553 3283 1630 3354 6).
1666 3281 1752 3336 Illi
1801 3298 2077 3353 namque,

435 3377 639 3448 qui,ut
669 3375 940 3446 superius
971 3374 1248 3442 diximus,
1271 3389 1410 3444 erga
1439 3389 1650 3443 pueros
1681 3376 1881 3442 agunt,
1906 3371 2076 3441 spiri-

433 3463 670 3518 tualiter
700 3461 987 3532 plantant,
1012 3465 1068 3515 et
1097 3465 1289 3532 patres
1311 3464 1469 3514 sunt.
1495 3460 1600 3524 Qui
1633 3463 1828 3514 autem
1864 3459 2076 3530 rigant,

439 3553 696 3611 ministri
727 3550 1107 3608 ecclesiarum
1139 3553 1296 3615 sunt,
1321 3552 1688 3604 sacramenta
1718 3547 2079 3604 conferentes

433 3642 829 3716 baptismatis.
874 3639 1139 3694 Dominus
1186 3641 1371 3692 autem
1425 3639 1821 3692 incrementum
1869 3637 1970 3691 dat
2017 3637 2076 3692 in

434 3734 736 3800 omnibus,
767 3731 888 3787 sive
931 3729 992 3784 in
1044 3726 1471 3800 spiritualibus,
1505 3725 1623 3781 sive
1653 3725 1713 3780 in
1744 3725 2077 3782 carnalibus

428 3821 808 3897 profectibus.

501 3911 740 3985 Legitur
769 3909 945 3966 etiam
979 3909 1038 3964 in
1070 3907 1218 3964 libro
1236 3906 1533 3976 Codicum,
1559 3906 1712 3976 quod
1742 3909 1830 3960 est
1861 3905 2072 3960 Roma-

426 4018 513 4058 nas
544 4001 710 4074 legis,
735 4000 817 4055 ita
849 4017 862 4055 :
905 4019 931 4052 α
956 3997 1112 4053 Nihil
1136 3996 1296 4053 aliud
1327 3995 1410 4052 sic
1441 3995 1716 4050 inducere
1747 3997 1937 4065 potest
1971 4011 2070 4065 pa-

422 4096 650 4148 ternam
683 4089 1066 4156 affectionem,
1099 4091 1155 4142 et
1179 4087 1403 4158 justam
1438 4083 1778 4156 nuptiarum
1810 4081 2070 4153 prohibi-

419 4179 665 4246 tionem,
689 4194 866 4249 quam
899 4174 1239 4248 hujusmodi
1266 4189 1471 4238 nexus,
1495 4189 1598 4244 per
1617 4187 1794 4242 quem
1818 4177 1929 4226 Deo
1951 4170 2072 4226 ani-

422 4284 531 4323 mas
552 4282 756 4323 eorum
777 4264 1056 4336 copulatae
1077 4267 1280 4318 sunt.»
1305 4263 1447 4317 Item
1470 4260 1782 4316 exNovella
1798 4260 1961 4331 (Nov.
1980 4262 2067 4330 12,

420 4373 472 4412 c.
509 4357 558 4427 1)
591 4372 604 4412 :
666 4376 692 4408 α
721 4353 780 4409 Si
821 4353 917 4424 qui
962 4351 1249 4408 nefarium
1283 4356 1457 4421 atque
1487 4350 1831 4404 damnatum
1866 4349 2065 4404 matri-

420 4444 686 4501 monium
714 4441 1130 4510 contraxerint,
1154 4444 1212 4495 et
1241 4456 1309 4495 ex
1330 4438 1508 4511 priori
1533 4439 1907 4494 matrimonio
1929 4439 2068 4494 lihe-

2189 3279 2488 3351 religionis
2511 3297 2688 3337 causa
2713 3282 2994 3338 hactenus
3019 3289 3108 3339 est
3135 3285 3446 3355 abolitum,
3470 3291 3534 3341 ut
3560 3304 3673 3342 non
3703 3295 3851 3344 tan-

2186 3372 2311 3423 tum
2335 3369 2626 3438 litteratis,
2641 3369 2726 3426 vel
2752 3371 3158 3442 prudentibus,
3174 3375 3275 3429 sed
3294 3373 3470 3430 etiam
3492 3375 3636 3447 ipsis
3657 3377 3852 3433 rusti-

2185 3457 2270 3513 cis
2301 3459 2483 3514 moris
2512 3475 2689 3514 causa
2718 3461 3028 3531 profanum
3057 3463 3185 3532 jam
3214 3463 3497 3531 videatur,
3533 3469 3598 3519 ut
3638 3465 3848 3522 sicubi

2188 3547 2440 3617 peccatis
2489 3548 2855 3619 exigentibus
2903 3549 3124 3622 aliquid
3182 3551 3296 3607 tale
3348 3553 3663 3624 audierint,
3699 3555 3845 3612 ideo

2186 3635 2671 3692 scandalizentur.
2702 3637 2862 3693 Unde
2891 3655 3064 3712 grave
3094 3641 3597 3698 committentibus
3628 3660 3848 3715 pecca-

2185 3727 2311 3779 tum
2341 3726 2615 3782 exoritur.
2650 3729 2743 3781 Ait
2772 3729 2928 3783 enim
2970 3729 3257 3785 Dominus
3289 3747 3302 3784 :
3356 3732 3439 3786 Vw
3484 3733 3702 3788 homini
3749 3736 3856 3790 illi

2181 3831 2281 3886 per
2307 3829 2465 3885 quem
2490 3815 2814 3871 scandalum
2842 3819 2994 3872 venit
3022 3818 3248 3888 (Matth.
3281 3835 3442 3888 xvm,
3475 3821 3568 3892 7);
3601 3826 3655 3876 et
3695 3822 3852 3879 bea-

2186 3908 2279 3959 tus
2301 3903 2553 3959 Paulus:
2585 3905 2942 3960 Providemus
2970 3908 3120 3961 enim
3146 3907 3285 3963 bona
3310 3924 3420 3964 non
3447 3910 3624 3964 solum
3646 3926 3852 3968 coram

2181 3993 2306 4060 Deo,
2338 3994 2434 4048 sed
2477 3995 2643 4048 etiam
2691 4010 2874 4048 coram
2919 3994 3231 4051 hominibus
3278 3997 3352 4067 (II
3381 3998 3502 4054 Cor.
3534 4016 3658 4069 vm,
3690 4000 3792 4072 21)
3827 4019 3844 4070 ;

2180 4086 2237 4136 et
2267 4081 2408 4136 item
2441 4098 2453 4135 :
2507 4083 2642 4136 Sine
2682 4083 2976 4153 offensione
3002 4089 3174 4141 estote
3203 4086 3426 4154 Iudaeis,
3460 4096 3511 4142 et
3552 4090 3848 4159 gentibus,

2180 4173 2229 4225 et
2276 4171 2532 4225 Ecclesiae
2568 4171 2665 4225 Dei
2706 4171 2750 4240 (ι
2784 4173 2922 4226 Cor.
2953 4190 3008 4243 Χ,
3042 4173 3174 4245 32);
3209 4179 3266 4229 et
3295 4191 3500 4231 rursus
3537 4193 3551 4230 :
3601 4177 3664 4231 Si
3705 4193 3851 4236 esca

2175 4260 2518 4314 scandalizat
2545 4261 2779 4329 fratrem
2815 4277 3018 4327 meum,
3050 4278 3157 4318 non
3206 4264 3544 4320 manducabo
3594 4281 3850 4324 carnem

2176 4351 2238 4404 in
2284 4354 2568 4413 aeternum,
2602 4365 2671 4404 ne
2713 4351 2949 4420 fratrem
2997 4367 3178 4407 meum
3216 4354 3586 4409 scandalizent
3615 4357 3668 4421 (Ι
3697 4356 3843 4419 Cor.

2174 4455 2300 4505 νιιι,
2334 4439 2459 4508 13);
2513 4442 2570 4492 et
2599 4438 2813 4493 iterum
2847 4456 2858 4495 :
2913 4441 3078 4495 Nemo
3122 4442 3262 4511 quod
3290 4458 3446 4496 suum
3475 4445 3552 4496 est
3580 4454 3845 4516 querat,

418 4551 516 4591 ros
537 4551 652 4590 non
679 4532 1013 4598 habuerint,
1040 4530 1237 4586 statim
1261 4529 1385 4584 suis
1408 4527 1783 4583 facultatibus
1806 4532 2060 4599 careant,
2093 4546 2141 4610 D
2171 4527 2264 4582 sed
2296 4527 2436 4598 quod
2481 4524 2715 4582 alterius
2746 4529 2790 4595 (l
2820 4528 2940 4584 Cor.
2973 4545 3030 4595 χ,
3061 4530 3173 4599 24).
3225 4529 3421 4586 Plures
3471 4545 3685 4602 nempe
3740 4535 3849 4590 of-

419 4627 476 4678 et
503 4625 608 4680 dos
639 4622 766 4678 ﬁsci
791 4621 1028 4692 juribus
1057 4618 1404 4674 vindicetur.
1437 4621 1575 4673 Post
1606 4615 2059 4687 publicationem

416 4716 634 4780 autem,
668 4715 725 4766 et
757 4709 977 4782 cinguli
1021 4707 1112 4764 sui
1161 4708 1457 4780 patiantur
1485 4705 1882 4771 amissionem,
1914 4709 1971 4759 et
1998 4705 2056 4760 in

414 4798 616 4856 exsilio
639 4798 980 4871 puniantur.
1005 4797 1167 4862 Quod
1189 4797 1239 4852 si
1271 4795 1439 4850 vilior
1460 4794 1534 4850 sit
1563 4810 1829 4866 persona,
1855 4810 2056 4864 corpo-

411 4887 521 4944 rali
553 4887 861 4961 quaestioni
895 4886 1200 4952 subsistat,
1233 4889 1288 4940 et
1336 4901 1480 4938 uxor
1508 4885 1636 4954 ejus
1669 4886 1872 4938 contra
1902 4880 2057 4953 leges

409 4981 597 5050 nupta
626 4977 859 5032 easdem
894 4990 1095 5046 poenas
1128 4973 1399 5044 patiatur.
1433 4973 1560 5028 Hac
1592 4977 1722 5043 post
1752 4969 2053 5025 biennium

404 5067 668 5132 valeant;
703 5080 839 5118 nam
874 5062 1093 5118 biennii
1121 5059 1486 5132 indulgentia
1515 5059 1632 5116 illis
1662 5059 1919 5131 praestita
1944 5065 2051 5127 est,

405 5155 506 5227 qui
527 5156 655 5227 jam
688 5157 1103 5210 contraxerunt
1132 5155 1336 5206 contra
1364 5149 1521 5221 leges
1561 5148 1954 5217 matrimonia,
1989 5153 2054 5204 ut

405 5242 559 5298 infra
589 5243 891 5300 biennium
918 5244 1279 5314 separentur.
1306 5239 1467 5304 Quod
1503 5237 1552 5292 si
1583 5254 1699 5292 non
1726 5237 1938 5293 fuerint
1968 5253 2052 5293 se-

401 5332 610 5403 parati,
641 5333 742 5387 sed
776 5327 1274 5404 perseveraverint
1313 5327 1372 5382 in
1420 5330 1539 5382 toto
1575 5325 1830 5407 biennio,
1862 5325 2051 5397 pcnnis

401 5419 462 5476 in
495 5419 682 5491 primo
713 5421 899 5492 capite
931 5418 1104 5475 dictis
1143 5415 1551 5487 subjiciantur.
1585 5437 1612 5464 »
1665 5413 1842 5469 Valde
1890 5415 2047 5469 enim

397 5513 572 5581 turpe
602 5513 714 5576 est,
737 5511 802 5564 ut
832 5510 985 5580 quod
1018 5506 1320 5581 religionis
1346 5521 1522 5560 causa
1553 5503 1859 5560 saeculares
1888 5502 2046 5576 leges

396 5597 693 5666 custodire
714 5599 1093 5674 contendunt,
1119 5597 1226 5655 hoc
1254 5595 1584 5656 sacerdotes
1606 5593 1707 5650 Dei
1728 5592 2046 5670 infringere

2171 4615 2374 4682 fendit,
2405 4614 2504 4687 qui
2528 4615 2800 4687 antiquas
2823 4618 3278 4674 consuetudines
3303 4637 3336 4674 a
3357 4618 3845 4691 religiosissimis

2170 4709 2226 4758 et
2255 4704 2640 4775 prudentibus
2671 4705 3007 4761 observatas
3038 4707 3355 4764 immutare
3403 4707 3490 4763 vel
3541 4709 3843 4768 abradere

2170 4793 2472 4863 praesumit
2504 4811 2516 4848 :
2550 4810 2682 4848 cum
2716 4795 2921 4850 beatus
2952 4795 3110 4852 dicat
3139 4797 3399 4852 Isidorus
3429 4797 3553 4867 (lib.
3591 4815 3628 4851 ιι
3661 4798 3839 4870 Orig.

2167 4897 2215 4936 ο.
2252 4882 2385 4951 10):
2442 4905 2461 4930 (ι
2498 4882 2866 4938 Consuetudo
2913 4888 3003 4938 est
3045 4885 3147 4954 jus
3196 4886 3493 4956 quoddam
3548 4886 3832 4946 moribus

2165 4968 2525 5038 institutum,
2561 4973 2713 5042 quod
2749 4987 2852 5043 per
2879 4971 3064 5044 legem
3098 4975 3421 5046 suscipitur
3452 4991 3585 5030 cum
3615 4975 3835 5034 deﬁcit

2165 5056 2274 5113 lex.
2289 5059 2411 5115 Non
2431 5059 2624 5115 differt
2642 5064 2837 5115 utrum
2860 5061 3078 5134 scriptu
3088 5079 3150 5118 ra
3167 5081 3239 5118 an
3265 5065 3487 5120 ratione
3505 5064 3831 5135 consistat,

2163 5149 2396 5219 quando
2427 5153 2484 5204 et
2512 5149 2701 5221 legem
2727 5149 2874 5205 ratio
2897 5153 3290 5209 commendat.
3319 5159 3492 5209 Porro
3513 5154 3563 5208 si
3586 5153 3833 5212 ratione

2161 5235 2251 5292 lex
2281 5241 2528 5303 constat,
2552 5237 2643 5292 lex
2670 5239 2780 5293 erit
2805 5256 2976 5296 omne
2998 5243 3123 5312 jam
3158 5245 3314 5314 quod
3347 5242 3570 5298 ratione
3593 5244 3833 5299 consti-

2158 5325 2312 5396 terit,
2336 5327 2617 5380 duntaxat
2637 5329 2791 5398 quod
2824 5328 3102 5402 religione
3125 5336 3427 5405 congruat,
3453 5333 3607 5404 quod
3633 5331 3838 5388 disci-

2159 5413 2329 5484 plinae
2379 5415 2705 5484 conveniat,
2757 5419 2910 5489 quod
2961 5421 3136 5475 saluti
3194 5421 3479 5494 proﬁciat.
3517 5442 3539 5472 ι
3593 5421 3833 5480 Beatus

2157 5518 2390 5574 quoque
2421 5520 2571 5575 papa
2597 5505 2928 5579 Gregorius,
2953 5510 3123 5581 cujus
3153 5509 3629 5567 institutionibus
3658 5527 3832 5582 pene

2156 5595 2314 5652 totus
2345 5592 2644 5670 regulatur
2670 5596 2852 5669 orbis,
2884 5597 2966 5654 ait
2994 5599 3228 5677 registri
3257 5604 3422 5679 parte
3450 5600 3644 5680 prima
3676 5598 3828 5682 (lib.
