4134 6182
330 310 445 371 109

329 531 964 603 consuetudinem,quas
986 536 1177 587 tamen
1202 537 1402 587 contra
1433 532 1607 586 ﬁdem
1629 531 1977 586 catholicam

326 618 473 674 nihil
505 637 792 692 usurpare
848 620 1229 691 dignoscitur,
1289 621 1594 675 immotam
1637 636 1978 691 permanere

328 709 728 776 concedimus,
758 710 876 765 sive
897 710 967 764 de
990 709 1342 781 primatibus
1364 709 1786 765 constituendis
1812 713 1976 763 crete-

328 797 527 865 risque
559 798 854 870 capitulis,
885 799 1138 869 exceptis
1168 798 1263 853 his
1295 799 1393 869 qui
1434 814 1501 853 ex
1557 798 1876 853 Donatistis
1905 798 1977 853 ad

326 887 728 959 episcopatum
748 887 1161 959 perveniunt.»
1188 888 1297 943 Sed
1322 888 1767 943 etbeatissimus
1782 892 1976 958 Augu-

326 976 547 1043 stinus,
579 977 648 1031 de
679 977 848 1045 cujus
881 976 1030 1047 prati
1092 975 1346 1031 oleribus
1402 977 1596 1031 omnis
1640 976 1977 1029 Dominicus

323 1064 587 1136 pascitur
615 1080 773 1136 grex,
833 1064 1040 1119 scribit
1099 1066 1170 1119 ad
1233 1064 1673 1134 inquisitionem
1712 1063 1977 1119 Januarii

324 1153 500 1224 (epist.
540 1154 661 1220 118,
696 1152 771 1207 ad
827 1154 1125 1223 Januar.):
1163 1179 1189 1203 ιι
1250 1154 1382 1223 Ipsa
1438 1168 1673 1224 quoque
1732 1153 1977 1208 mutatio

324 1240 789 1311 consuetudinis,
817 1242 993 1296 etiam
1021 1258 1145 1313 quae
1167 1242 1403 1311 adjuvat
1424 1240 1691 1309 utilitate,
1725 1242 1978 1297 novitate

323 1324 651 1400 perturbat.
688 1350 717 1379 ι)
753 1330 1114 1402 Quapropter
1143 1346 1268 1401 quae
1300 1330 1462 1385 utilis
1494 1346 1610 1385 non
1643 1334 1979 1402 est,pertur-

320 1417 558 1473 batione
591 1418 974 1483 infructuosa,
1006 1422 1428 1489 consequenter
1458 1419 1629 1473 noxia
1657 1423 1763 1473 est.
1789 1425 1979 1490 Appa-

319 1509 411 1560 ret
436 1522 575 1578 ergo
608 1507 763 1577 quod
796 1506 1156 1562 consuetudo
1190 1523 1317 1577 quae
1350 1507 1482 1562 ﬁdei
1541 1506 1859 1574 catholicas,
1890 1505 1976 1562 vel

322 1594 704 1651 saecularibus
731 1596 962 1667 legibus
984 1612 1098 1650 non
1123 1596 1673 1663 obest,omnimodis
1696 1596 1980 1651 servanda

322 1685 420 1751 sit,
454 1685 607 1756 quod
642 1683 1047 1740 Theodosiano
1080 1686 1464 1740 conﬁrmatur
1484 1685 1695 1741 edicto.
1720 1686 1826 1740 Sed
1853 1685 1977 1740 haec

324 1773 396 1829 de
417 1790 533 1845 qua
554 1790 709 1828 nunc
731 1774 926 1846 agitur
948 1775 1329 1844 consuetudo,
1363 1791 1467 1829 nec
1489 1773 1785 1830 catholica
1819 1773 1973 1843 fidei,
2006 1816 2053 1880 B

323 1878 431 1918 nec
453 1862 555 1918 ulli
585 1862 1050 1919 Christianorum
1080 1863 1191 1935 legi
1214 1862 1445 1935 penitus
1468 1863 1792 1935 impugnat.
1820 1862 1978 1917 Licet

321 1956 518 2006 tamen
543 1952 813 2023 quaedam
835 1951 991 2023 leges
1023 1952 1142 2007 sint
1173 1952 1231 2006 in
1264 1953 1480 2023 quibus
1502 1952 1623 2007 haec
1643 1950 1975 2023 specialiter

320 2056 438 2095 non
470 2040 1006 2107 contineantur,sed
1031 2040 1293 2096 nullaest
1313 2057 1439 2111 quia
1462 2040 1597 2096 huic
1618 2042 1974 2112 [impugnare

319 2130 604 2185 videatur.
641 2130 1005 2200 Quapropter
1034 2130 1162 2185 ideo
1183 2130 1255 2184 de
1310 2130 1420 2184 hac
1475 2130 1691 2184 multos
1722 2130 1975 2185 tacuisse

324 2218 655 2289 antiquitus
676 2218 993 2287 credimus,
1028 2217 1166 2288 quia
1194 2217 1253 2273 in
1285 2235 1432 2273 nova
1488 2218 1656 2289 quasi
1697 2217 1974 2289 religione

322 2306 720 2377 baptismatis,
746 2306 945 2361 nullus
966 2306 1332 2362 Christianus
1354 2306 1493 2361 talia
1514 2324 1862 2378 praesumere
1884 2324 1973 2361 co-

326 2396 623 2464 nabatur;
660 2412 764 2450 nec
788 2395 1125 2466 judicavere
1156 2395 1643 2463 interdicendum,
1672 2397 1825 2466 quod
1857 2413 1970 2451 non

323 2485 633 2541 credebant
663 2486 1167 2557 praesumendum.
1220 2486 1359 2540 Nam
1405 2486 1555 2555 justo
1613 2487 1705 2539 lea:
1758 2501 1868 2540 non
1900 2492 1977 2539 est

319 2574 517 2645 posita,
549 2572 643 2629 sed
677 2574 900 2644 injustis
933 2574 980 2643 (Ι
1039 2574 1172 2627 Tim.
1234 2591 1272 2644 ι,
1331 2574 1407 2643 9).
1478 2578 1750 2629 Attamen
1782 2572 1971 2643 nobis,

322 2662 536 2734 quibus
567 2661 702 2717 licet
730 2662 988 2734 indignis
1018 2662 1387 2717 discernendi
1420 2662 1695 2733 imposita
1727 2666 1815 2717 est
1836 2678 1972 2717 con-

320 2751 490 2823 ditio,
518 2754 582 2806 ut
603 2751 935 2806 dividamus
956 2751 1107 2807 inter
1127 2752 1414 2807 mundum
1441 2756 1497 2807 et
1517 2752 1975 2820 immundum,et

320 2840 570 2912 lepram,
602 2840 743 2896 talia
801 2841 1068 2895 convenit
1122 2840 1471 2908 declamare,
1524 2857 1596 2896 ne
1651 2845 1907 2896 tacentes
1939 2857 1973 2895 a

321 2930 570 2985 Domino
601 2946 703 3001 per
732 2929 1075 3001 prophetam
1107 2946 1449 3001 arguamur,
1503 2929 1766 2985 dicente:
1804 2931 1975 2985 Canes

318 3020 463 3073 muti
494 3034 601 3074 non
628 3019 867 3073 valentes
900 3019 1104 3073 latrare
1135 3018 1285 3089 (Isai.
1333 3036 1439 3088 LVI,
1502 3019 1609 3088 10),
1670 3035 1741 3072 ne
1772 3018 1971 3089 populi

322 3108 657 3162 consentire
714 3106 952 3177 ﬂagitiis
1011 3106 1333 3170 videamur,
1396 3108 1453 3159 et
1484 3104 1971 3176 reprehensibiles

1818 310 2247 373 EPISTOL/E.

336 459 375 508 1,
405 442 561 512 epist.
582 442 676 513 75)
702 459 716 497 :
742 464 770 492 ‹‹
798 442 866 497 Et
894 459 1000 498 nos
1018 443 1183 513 juxta
1208 443 1415 499 seriem
1439 442 1737 498 relationis
1784 447 1987 497 vestrae
2019 443 2073 509 Α
2102 446 2331 514 accipiet
2352 448 2400 499 et
2432 448 2601 525 vitam
2616 454 2882 504 aeternam
2899 450 3188 519 possidebit
3214 453 3432 520 (Matth.
3466 470 3582 521 xxx,
3610 456 3700 525 29)

3620 326 3738 386 H0

3722 500 3735 523 ν

2046 576 2053 580 .
2091 538 2152 587 ut
2184 533 2394 589 Paulus
2417 524 2712 605 apostolus
2738 554 2750 591 :
2776 538 2892 592 Non
2908 547 2984 593 est
3012 541 3159 594 enim
3188 544 3440 597 servituti
3463 524 3740 615 subjectus

2086 620 2268 691 frater
2295 630 2391 676 aut
2419 638 2573 677 soror
2629 626 2689 678 in
2719 627 3027 696 ejusmodi;
3057 629 3112 682 in
3142 646 3274 700 pace
3312 639 3495 686 autem
3522 634 3741 689 vocavit

2086 726 2185 763 nos
2216 712 2481 765 Dominus
2514 713 2557 781 (l
2591 712 2709 768 Cor.
2742 732 2842 782 vn,
2880 717 2987 785 14).
3022 716 3307 773 Dominus
3337 719 3513 774 etiam
3545 720 3736 776 divor-

2087 797 2235 853 tium
2268 799 2603 869 prohibens,
2638 802 3040 860 fornicationis
3071 822 3310 862 causam
3371 809 3614 879 excepit,
3646 810 3734 864 di-

2087 904 2260 942 cens:
2320 893 2556 960 Excepta
2610 893 2995 959 fornicationis
3048 911 3215 951 causa
3270 896 3487 966 (Matth.
3531 915 3586 965 v,
3620 899 3730 969 32),

2087 977 2349 1047 cujus,ut
2370 978 2675 1044 scitis,duo
2697 985 2837 1035 sunt
2858 997 3088 1052 genera,
3112 984 3183 1038 de
3204 984 3420 1054 quibus
3442 986 3610 1043 nobis
3634 1004 3736 1059 per

2088 1065 2284 1119 omnia
2313 1067 2485 1121 modo
2510 1083 2623 1121 non
2649 1070 2916 1123 convenit
2936 1070 3257 1141 disputare.
3280 1073 3553 1130 Vestrum
3578 1077 3733 1131 unde

2088 1152 2615 1219 fidelem,nostrum
2643 1156 2863 1211 scilicet
2884 1157 3092 1225 lilium,
3112 1176 3144 1213 o
3173 1162 3406 1218 domine
3427 1163 3734 1231 mi,verbis

2088 1240 2422 1297 ail‘abilibus
2443 1248 2500 1298 et
2519 1243 2839 1315 mellifluis,
2865 1246 3018 1300 sicut
3039 1247 3184 1301 bene
3207 1250 3410 1318 nostis,
3431 1251 3736 1308 consulere

2089 1346 2205 1384 non
2237 1331 2633 1403 dedignemini
2662 1350 2673 1387 :
2709 1339 2999 1404 quatenus
3058 1335 3274 1392 relictis
3331 1338 3626 1408 prioribus
3659 1342 3731 1396 ad

2088 1418 2323 1474 meliora
2354 1422 2682 1492 pertingere
2716 1427 2907 1493 queat.
2944 1424 3095 1478 Bene
3126 1440 3382 1496 namque
3414 1427 3577 1482 scitis
3597 1428 3737 1499 quia

2088 1510 2264 1563 omnis
2292 1508 2590 1581 disciplina
2619 1513 2678 1565 in
2708 1514 2965 1582 praesenti
2994 1513 3213 1583 quidem
3244 1514 3459 1569 videtur
3485 1532 3595 1571 non
3626 1533 3740 1573 esse

2084 1596 2293 1665 gaudii,
2320 1598 2411 1652 sed
2448 1601 2699 1653 maeroris
2721 1620 2739 1667 ;
2762 1604 2948 1671 postea
2999 1604 3179 1657 autem
3234 1604 3476 1673 fructum
3498 1588 3736 1675 pacatis-

2084 1686 2290 1739 simum
2316 1690 2635 1743 exercitatis
2659 1704 2760 1759 per
2789 1706 2912 1744 eam
2942 1690 3125 1745 reddet
3144 1692 3382 1762 justitize
3413 1693 3592 1763 (Hebr.
3626 1710 3729 1762 xu,

2089 1775 2195 1845 11).
2231 1776 2297 1829 Et
2327 1776 2583 1832 Jacobus
2614 1778 2947 1849 apostolus:
2982 1779 3134 1835 Scire
3162 1779 3333 1849 debet,
3356 1784 3616 1852 quoniam
3638 1783 3738 1853 qui

2082 1866 2323 1918 converti
2376 1868 2569 1934 fecerit
2594 1870 2927 1936 peceatorem
2949 1867 3017 1921 ab
3033 1883 3216 1922 errore
3238 1869 3336 1921 vim
3355 1870 3732 1936 suasalvavit

2082 1954 2327 2008 animam
2353 1955 2471 2023 ejus
2500 1970 2533 2007 a
2563 1955 2755 2021 morte,
2789 1960 2840 2009 et
2868 1958 3043 2025 operit
3094 1956 3505 2011 multitudinem
3540 1973 3727 2028 pecca-

2083 2049 2263 2095 torum
2294 2043 2430 2107 (Jac.
2464 2059 2517 2109 v,
2550 2044 2661 2111 20).

2154 2130 2319 2191 Quod
2351 2134 2544 2184 autem
2578 2135 2770 2185 vestra
2798 2132 2967 2186 nobis
2999 2132 3256 2187 innotuit
3295 2132 3732 2205 magnificentia

2084 2218 2222 2289 quia
2250 2218 2421 2273 multi
2455 2220 2708 2289 majores
2735 2222 2791 2272 et
2821 2219 3124 2274 inferiores
3156 2220 3213 2273 in
3248 2220 3357 2275 hoc
3388 2236 3563 2291 regno
3588 2222 3728 2284 sint,

2085 2306 2183 2377 qui
2219 2306 2363 2360 tales
2396 2324 2604 2363 uxores
2636 2307 2873 2373 habent,
2900 2325 3048 2378 quos
3071 2308 3245 2363 etiam
3274 2308 3731 2365 nobisintimare

2082 2393 2325 2465 polliciti
2354 2395 2517 2460 estis,
2576 2396 2694 2450 Deo
2750 2400 2918 2461 teste,
2980 2397 3089 2451 hoc
3147 2396 3509 2469 incognitum
3539 2402 3737 2454 manet

2083 2484 2234 2553 apud
2272 2501 2399 2553 nos,
2434 2488 2490 2539 et
2517 2484 2685 2539 valde
2718 2500 2931 2539 novum
2957 2484 3208 2540 videtur.
3242 2485 3353 2539 Sed
3385 2485 3435 2540 si
3490 2486 3591 2557 qui
3618 2487 3737 2542 sint

2083 2572 2183 2642 qui
2213 2572 2350 2627 talia
2382 2578 2583 2644 agunt,
2617 2577 2718 2628 aut
2748 2573 2986 2629 raritate
3045 2572 3215 2628 nobis
3272 2574 3587 2629 obscurum
3622 2578 3732 2643 est,

2084 2665 2184 2715 aut
2213 2661 2681 2718 dissimulatione
2709 2661 3490 2718 contectum.Verumtamen
3517 2663 3575 2717 in
3597 2663 3728 2719 istis

2082 2750 2346 2820 partibus
2365 2750 2593 2805 nullum
2615 2755 2821 2821 prmter
2845 2750 3001 2805 hunc
3025 2750 3339 2823 aliquando
3363 2751 3727 2807 audivimus:

2083 2842 2277 2893 tamen
2311 2843 2367 2893 et
2396 2839 2444 2893 si
2477 2839 2647 2893 multi
2679 2843 2878 2895 essent
2905 2840 3006 2910 qui
3028 2838 3137 2893 hoc
3158 2844 3397 2911 agerent
3425 2839 3731 2895 Dominica

2082 2927 2363 2983 debuerat
2388 2928 2711 2999 praecellere
2733 2928 3059 2983 sententia:
3089 2928 3208 2983 Non
3236 2930 3479 2998 sequeris
3510 2929 3733 2984 turbam

2030 3034 2036 3038 ·
2081 3016 2151 3070 ad
2180 3016 2495 3086 faciendum
2551 3017 2783 3085 malum,
2838 3031 2937 3071 nec
2991 3017 3052 3070 in
3099 3017 3319 3086 judicio
3356 3018 3732 3087 plurimorum

2082 3107 2393 3175 acquiesees
2419 3107 2729 3172 sententiae,
2762 3109 2821 3159 ut
2869 3123 2902 3159 a
2957 3121 3083 3159 vero
3136 3106 3317 3160 decies
3346 3105 3538 3175 (Exod.
3572 3122 3731 3173 XXIII,

320 3195 671 3261 efﬁciamur,
705 3195 847 3249 dum
881 3194 1129 3249 aliorum
1192 3193 1615 3263 reprehendere
1655 3193 1977 3263 nequitiam
2010 3182 2051 3247 C
2089 3192 2143 3263 2)
2171 3210 2183 3259 ;
2218 3198 2274 3246 et
2306 3192 2557 3246 Paulus:
2584 3192 2643 3245 Si
2662 3193 2849 3247 adhuc
2868 3194 3182 3247 hominibus
3207 3194 3500 3263 placerem,
3532 3193 3736 3248 Christi

318 3282 794 3338 dissimulamus.
817 3283 924 3337 Sed
972 3285 1032 3335 in
1057 3282 1309 3336 omnibus
1339 3282 1691 3336 exhibeamus
1722 3296 1821 3335 nos
1840 3283 1977 3335 sicut

319 3374 420 3428 Dei
438 3372 721 3426 ministros
769 3371 844 3442 (II
873 3372 993 3426 Cor.
1026 3387 1102 3437 vr,
1133 3372 1225 3437 4);
1259 3369 1397 3440 quia
1425 3369 1711 3440 scriptum
1744 3373 1868 3424 est:
1902 3370 1977 3424 Ne

319 3462 814 3517 communicaverat
864 3460 1099 3530 peccatis
1156 3457 1364 3513 alienis
1416 3460 1465 3526 (I
1496 3459 1623 3513 Tim.
1658 3476 1712 3529 v,
1756 3460 1887 3526 22);
1917 3464 1976 3514 et

321 3566 532 3605 rursus
559 3551 662 3604 :Et
688 3548 1124 3603 immundumne
1149 3549 1443 3616 tetigeritis
1483 3547 1548 3617 (II
1594 3548 1714 3603 Cor.
1747 3564 1823 3618 v1,
1861 3548 1968 3619 17).

395 3639 560 3703 Quod
592 3642 784 3694 autem
819 3654 887 3693 ex
918 3636 1151 3693 Domini
1210 3637 1498 3692 sententia
1553 3636 1783 3693 dicitis:
1820 3638 1971 3705 Quod

315 3730 455 3784 Deus
481 3728 789 3799 conjunxit,
815 3726 971 3781 homo
991 3742 1101 3781 non
1120 3738 1330 3797 separet
1361 3726 1568 3796 (Matth.
1592 3743 1707 3793 xm,
1738 3727 1814 3796 6),
1849 3727 1968 3781 haec

314 3816 518 3889 religio
545 3816 735 3871 modis
750 3814 1028 3871 omnibus
1048 3814 1431 3869 custodienda
1446 3814 1701 3880 videtur;
1728 3816 1823 3869 sed
1852 3832 1965 3871 non

316 3920 521 3962 omnes
540 3903 952 3975 quiconjuncti
968 3907 1105 3958 sunt
1119 3902 1401 3957 Dominus
1426 3904 1965 3973 conjunxit.Eorum

314 3999 516 4049 tamen
530 3993 813 4065 quosipse
827 3992 1291 4063 conjunxitbona
1303 3990 1967 4062 estcopula,quippenec

317 4080 548 4153 legibus
565 4082 748 4147 obest,
766 4096 872 4136 nec
894 4077 1315 4135 catholicorum
1339 4095 1483 4134 usus
1506 4079 1831 4133 conturbat.
1854 4080 1965 4134 Sed

318 4174 409 4225 est
430 4170 1318 4226 honorabileconnubiumettorus
1348 4168 1740 4223 immaculatus
1772 4169 1963 4237 (Hebr.

316 4276 444 4326 x111,
466 4259 543 4329 4).
578 4259 729 4314 sicut
758 4259 965 4314 beatus
990 4258 1207 4313 Paulus
1228 4258 1309 4311 ait
1325 4255 1625 4328 apostolus
1650 4274 1663 4311 :
1699 4259 1791 4312 His
1807 4274 1964 4312 nam-

318 4366 421 4421 que
446 4350 542 4418 qui
570 4349 928 4403 matrimonio
972 4348 1155 4419 juncti
1181 4352 1332 4413 sunt,
1387 4348 1670 4417 praecipio,
1712 4364 1823 4403 non
1851 4363 1963 4417 ego,

319 4437 416 4492 sed
445 4439 732 4506 Dominus,
762 4452 991 4491 umorem
1022 4453 1055 4490 α
1085 4437 1204 4490 viro
1260 4450 1356 4489 suo
1402 4451 1511 4490 non
1569 4435 1839 4490 discedere
1873 4452 1884 4489 :
1917 4444 1968 4490 et

2086 3296 2273 3335 servus
2302 3296 2413 3335 non
2441 3296 2609 3335 essem
2645 3280 2783 3349 (Gal.
2819 3298 2857 3345 ι,
2892 3282 2980 3351 10)
3011 3298 3023 3347 ;
3057 3285 3113 3336 et
3140 3282 3392 3337 Jacobus
3432 3281 3765 3353 apostolus,

2087 3368 2196 3423 ait:
2230 3370 2551 3439 Quicunque
2577 3385 2702 3439 ergo
2732 3370 2965 3425 voluerit
2992 3372 3200 3425 amicus
3257 3386 3369 3425 esse
3419 3371 3609 3427 saeculi
3638 3370 3736 3427 hu-

2074 3458 2191 3528 jus,
2217 3460 2479 3513 inimicus
2508 3459 2604 3513 Dei
2633 3458 2986 3513 constituitur
3017 3459 3151 3530 (Jac.
3184 3476 3259 3529 1v,
3293 3458 3368 3525 4).
3410 3460 3480 3513 Et
3506 3459 3732 3532 Moyses

2083 3547 2313 3617 negavit
2341 3564 2401 3601 se
2434 3563 2558 3602 esse
2577 3546 2763 3601 filium
2798 3547 2926 3602 ﬁlia:
2949 3548 3486 3620 Pharaonis,magis
3509 3548 3729 3621 eligens

2080 3636 2415 3707 affligi-cum
2437 3636 2649 3707 populo
2672 3636 2979 3707 Dei,quam
3001 3636 3340 3708 temporalis
3364 3638 3583 3708 peccati
3616 3638 3724 3694 ha-

2075 3725 2213 3779 bere
2234 3726 2686 3795 jocunditatem,
2724 3727 2976 3795 majores
3006 3726 3239 3781 divitias
3269 3727 3565 3783 aestimans
3594 3727 3721 3783 the-

2078 3831 2250 3869 sauro
2297 3814 2695 3886 Egyptiorum
2741 3816 3141 3885 improperium
3190 3815 3395 3870 Christi
3426 3816 3613 3887 (Hebr.
3645 3833 3720 3885 ιγ,

2073 3903 2184 3973 24).
2216 3903 2549 3956 Secundum
2598 3902 2895 3957 decretum
2956 3907 3146 3958 autem
3209 3903 3501 3959 leestini
3532 3920 3715 3975 papae,

2075 3991 2372 4045 docendus
2404 3994 2491 4045 est
2520 3990 2793 4061 populus,
2817 4007 2932 4045 non
2955 3992 3309 4061 sequendus.
3330 3992 3440 4046 Sed
3459 3996 3516 4047 et
3545 3991 3593 4046 si
3615 4008 3721 4047 nec

2076 4079 2166 4133 lex
2195 4078 2367 4147 valet,
2403 4094 2507 4132 nec
2530 4079 2891 4133 consuetudo
2918 4078 3165 4148 proﬁcit,
3192 4078 3398 4133 saltem
3422 4080 3550 4149 ipsa
3571 4080 3719 4135 ratio

2074 4168 2367 4240 procedat.

2145 4260 2304 4311 Inter
2332 4260 2660 4327 compatres
2719 4259 2775 4310 et
2833 4259 3185 4312 commatres
3242 4255 3551 4312 interdicta
3595 4272 3723 4313 esse

2075 4345 2348 4417 conjugia
2368 4346 2661 4400 evidenter
2683 4361 2886 4400 omnes
2910 4345 3239 4401 testiﬁcant.
3264 4347 3407 4401 Cum
3431 4345 3609 4417 hujus
3632 4363 3725 4402 sa-

2076 4434 2356 4489 cramenti
2389 4433 2734 4505 mysterium
2768 4451 2881 4489 non
2915 4434 3247 4505 specialiter
3276 4434 3333 4489 in
3366 4434 3639 4505 ipsis,sed
3664 4434 3722 4489 in

324 4528 409 4581 vir
437 4542 671 4582 uxorem
694 4543 849 4581 suam
876 4541 985 4580 non
1022 4526 1263 4580 dimittat
1293 4524 1338 4595 (I
1359 4523 1477 4579 Cor.
1512 4540 1611 4590 νη,
1645 4524 1966 4595 lO).Videte
2001 4543 2047 4607 D
2077 4540 2277 4579 eorum
2311 4522 2447 4577 {iliis
2478 4522 2821 4577 celebratur.
2885 4527 3031 4577 Nam
3060 4528 3115 4577 et
3171 4522 3282 4593 ipsi
3314 4522 3725 4593 sequestratim

322 4616 479 4686 quod
512 4615 655 4671 dicit
681 4616 767 4670 his
789 4618 885 4686 qui
909 4616 1262 4669 matrimonio
1292 4615 1471 4679 iuncti
1498 4621 1644 4668 sunt.
1678 4614 1969 4669 Matrimo-

324 4703 491 4758 nium
524 4704 681 4759 enim
712 4707 802 4758 est
831 4703 1325 4774 conjugumjusta
1357 4702 1658 4757 conventio
1689 4706 1746 4757 et
1773 4702 1972 4757 condi-

327 4790 437 4859 tio;
471 4807 571 4847 eos
600 4808 732 4847 vero
764 4792 861 4863 qui
896 4791 1112 4847 nefario
1144 4796 1202 4845 et
1232 4790 1571 4846 exsecrabili
1604 4791 1755 4845 coitu
1776 4795 1976 4847 contra

333 4878 493 4951 leges
523 4884 581 4935 et
602 4896 795 4935 mores
817 4879 1507 4951 permiscentur,omnino
1528 4878 1784 4949 separari
1807 4896 1973 4951 Opor-

326 4972 429 5037 tet,
464 4968 743 5040 quoniam
778 4984 881 5022 nec
913 4968 1000 5022 vir
1032 4984 1137 5023 nec
1166 4985 1312 5023 uxor
1343 4967 1555 5038 poterit
1612 4982 1739 5022 esse
1770 4968 1829 5021 in
1863 4968 1976 5021 bu-

321 5058 609 5128 jusmodi.
634 5056 895 5112 Aitenim
914 5057 1268 5111 Dominusin
1288 5056 1595 5127 Evangelio
1622 5074 1633 5110 :
1662 5056 1721 5110 Si
1749 5058 1979 5112 dextera

326 5162 529 5201 manus
553 5154 647 5201 tua
666 5145 1003 5202 scandalizet
1043 5153 1109 5208 te,
1143 5146 1356 5200 abscide
1386 5162 1505 5200 eam
1535 5150 1586 5200 et
1637 5148 1845 5216 projice
1888 5145 1981 5199 abs

330 5243 386 5291 te
418 5235 631 5306 (Matth.
660 5253 715 5305 v,
749 5235 859 5307 30).
895 5234 1042 5299 Quid
1073 5234 1227 5288 enim
1288 5234 1503 5291 melius
1552 5251 1653 5305 per
1695 5233 1981 5289 scandali-

330 5329 562 5379 zantem
595 5325 889 5379 dexteram
923 5340 1100 5394 quam
1159 5322 1311 5377 male
1367 5324 1695 5395 appositam
1745 5340 1981 5378 uxorem

333 5412 771 5485 intelligimus?
799 5412 863 5467 Et
890 5412 1139 5468 iterum:
1177 5413 1363 5467 Omnis
1418 5414 1518 5483 qui
1569 5413 1859 5485 reliquerit
1886 5412 1984 5467 do-

336 5519 517 5571 mum,
548 5501 641 5558 vel
664 5504 890 5574 fratres,
922 5507 1019 5557 aut
1043 5518 1269 5571 sorores,
1303 5510 1398 5556 aut
1450 5506 1685 5573 patrem,
1743 5511 1839 5557 aut
1867 5519 1985 5557 ma-

2079 4629 2207 4668 esse
2237 4616 2507 4684 possunt.
2540 4611 2679 4673 Quis
2712 4627 2847 4681 ergo
2895 4611 3003 4665 hoc
3060 4612 3249 4666 dicere
3308 4611 3536 4677 audeat,
3572 4612 3728 4682 quod

2083 4703 2355 4757 absentes
2369 4701 2476 4755 hoc
2490 4705 2921 4756 sacramentum
2936 4700 3729 4771 constringat?Praasentibus

2087 4795 2303 4860 autem,
2336 4790 2394 4844 in
2428 4789 2643 4860 quibus
2672 4788 2997 4843 celebratur
3028 4806 3143 4844 non
3201 4788 3535 4860 pertineat?
3566 4790 3729 4853 Quod

2086 4880 2259 4935 etiam
2286 4878 2473 4950 ipsius
2488 4876 2751 4932 vocabuli
2774 4877 2862 4932 vis
2878 4877 3387 4941 manifestatQuid
3402 4879 3558 4933 enim
3579 4894 3731 4933 com-

2086 4973 2251 5039 pater
2278 4967 2366 5022 vel
2400 4971 2718 5020 commater
2747 4970 2937 5033 sonat,
2996 4967 3109 5021 nisi
3167 4967 3343 5022 simul
3397 4972 3579 5038 pater,
3633 4968 3734 5019 aut

2091 5060 2274 5110 mater
2296 5056 2322 5109 ‘t
2350 5055 2403 5109 Si
2438 5071 2573 5125 ergo
2606 5054 2781 5109 simul
2813 5060 3005 5127 patres
3037 5060 3138 5111 aut
3172 5062 3387 5111 matres
3446 5058 3603 5122 sunt,
3637 5050 3733 5105 cui

2091 5143 2267 5200 simul
2290 5148 2483 5215 patres
2504 5142 2590 5197 vel
2616 5148 2834 5198 matres
2859 5148 3018 5210 sunt,
3051 5161 3253 5200 omnes
3284 5158 3482 5198 eorum
3518 5139 3619 5193 ﬁlii
3647 5137 3736 5193 vel

2092 5233 2223 5288 ﬁliae
2246 5234 2452 5288 fratres
2476 5232 2561 5287 vel
2584 5250 2812 5287 sorores
2836 5233 3022 5304 ipsius
3043 5238 3234 5289 erunt.
3258 5228 3736 5299 Increpansenim

2093 5322 2375 5377 Dominus
2400 5321 2631 5376 Scribas
2653 5325 2709 5376 et
2732 5321 3051 5378 Pharisaeos
3074 5322 3153 5376 ait
3178 5338 3189 5373 :
3226 5324 3321 5374 Vae
3342 5316 3508 5387 vobis,
3532 5317 3740 5375 Scriba

2093 5416 2143 5466 et
2173 5411 2473 5479 Pharisaei,
2506 5412 2681 5479 stulti,
2715 5419 2766 5466 et
2801 5414 2955 5479 caeci,
3012 5412 3107 5479 qui
3163 5408 3381 5462 dicitis:
3418 5408 3737 5477 Quicunque

2086 5501 2361 5572 juraverit
2390 5503 2444 5555 in
2479 5501 2655 5555 altari
2681 5500 2825 5555 nihil
2871 5508 2969 5565 est,
3000 5500 3305 5569 quicunque
3360 5502 3543 5553 autem
3576 5497 3738 5566 iura-

334 5600 499 5665 trem,
534 5596 633 5651 aut
662 5608 891 5653 uxorem
914 5596 1138 5669 propter
1188 5606 1387 5649 nomen
1437 5607 1642 5663 meum,
1668 5592 1989 5668 centuplum
2096 5592 2237 5649 verit
2266 5592 2333 5650 in
2360 5591 2519 5662 dono,
2555 5590 2694 5664 quod
2724 5598 2803 5648 est
2831 5603 2995 5665 super
3023 5586 3182 5661 illud,
3216 5586 3389 5652 debet.
3423 5587 3580 5662 Caeci,
3612 5584 3743 5663 quid
