4116 6184
371 327 479 386 ιιι

1384 315 1725 376 ATTONIS
1773 312 2366 376 VEHCELLENSIS
2414 311 2764 376 EPISCOPI

3666 305 3782 370 112

369 460 518 513 enim
545 457 726 528 majus
746 462 862 523 est,
896 454 1127 518 donum,
1186 469 1260 505 an
1309 451 1484 504 altare
1525 448 1665 518 quod
1713 448 2026 516 sanctiﬁcat
2052 447 2106 513 Α
2136 445 2439 501 consulere
2468 445 2707 518 dignata
2762 447 2870 514 est,
2927 443 3056 498 ideo
3115 441 3396 498 hactenus
3427 441 3783 512 respondere

369 545 624 602 donum?
655 544 760 613 Qui
787 559 914 612 ergo
943 543 1093 609 iurat
1122 541 1182 594 in
1211 539 1398 608 altari,
1417 538 1577 608 jurat
1627 538 1690 590 in
1745 553 1826 602 eo,
1880 543 1931 590 et
1962 537 2020 607 in

369 635 622 692 munibus
647 647 774 705 qua?
799 648 962 703 super
989 629 1140 684 illud
1186 630 1330 682 sunt.
1391 627 1454 680 Et
1506 626 1603 698 qui
1647 625 1922 696 juraverit
1961 625 2022 677 in

370 723 589 795 templo,
619 724 767 785 iurat
798 723 860 777 in
893 721 1013 787 illo,
1060 721 1108 773 et
1169 719 1228 771 in
1274 731 1333 770 eo
1387 715 1484 785 qui
1537 715 1751 769 habitat
1801 716 1859 768 in
1906 714 2022 782 ipso

373 813 582 882 (Matth.
619 829 703 883 ιιι,
736 813 844 878 17).
875 809 1122 863 Videtur
1174 820 1309 876 ergo
1369 803 1559 870 nobis,
1619 802 1775 873 quod
1815 801 2024 871 hujus-

375 900 534 956 modi
566 899 818 970 adoptio,
851 913 902 951 s1
932 893 1181 966 pertinet
1209 894 1279 947 ad
1316 896 1604 963 parentes,
1641 890 1829 961 magis
1854 888 2026 960 perti-

375 994 510 1045 neat
530 993 587 1044 et
608 990 678 1044 ad
704 987 873 1054 filios,
908 989 964 1038 et
994 983 1043 1038 si
1074 998 1180 1037 nec
1209 983 1280 1036 ad
1309 982 1478 1047 ﬁlios,
1530 980 1784 1051 profecto
1817 995 1921 1032 nec
1951 977 2024 1031 ad

375 1081 644 1149 parentes
667 1073 957 1146 pertinere
976 1071 1224 1127 videtur.
1255 1072 1378 1125 llaac
1403 1069 1596 1140 itaque
1631 1069 2022 1131 intendentes,

377 1164 724 1236 praedictum
756 1159 1181 1217 Theodericum
1214 1175 1248 1214 a
1272 1159 1376 1214 tali
1408 1163 1532 1214 toro
1583 1156 2022 1228 suspendimus,

377 1269 494 1308 non
524 1255 721 1306 tamen
753 1249 1092 1320 conjugium
1151 1247 1386 1319 penitus
1439 1246 1872 1312 interdiximus,
1920 1259 2026 1298 nec

377 1339 544 1396 aliter
575 1336 1233 1405 excommunicavimus,
1267 1337 1447 1390 donec
1480 1335 1538 1389 in
1579 1334 1800 1390 domini
1835 1331 2025 1388 archi-

375 1426 634 1500 episcopi
655 1431 713 1482 et
732 1429 1474 1495 vestram,cteterorumque
1497 1428 1832 1479 nostrorum
1855 1435 2026 1475 vene-

377 1515 653 1572 rabilium
709 1514 1068 1570 confratrum
1131 1512 1489 1569 audientiam
1544 1510 1865 1566 veniamus.
1900 1509 2027 1564 Non

377 1604 534 1676 quod
557 1605 627 1660 de
647 1601 1011 1659 rectitudinis
1036 1601 1380 1657 dubitemus
1403 1600 1704 1666 modo,sed
1731 1604 1796 1654 ut
1820 1598 2028 1668 majori

378 1692 722 1749 auctoritate
743 1692 1010 1747 ﬁrmetur
1039 1691 1285 1747 assertio
1315 1689 1726 1762 plurimorum.
1783 1690 1946 1758 Saepe
1975 1691 2032 1742 et

379 1781 536 1838 enim
551 1780 1087 1853 delinquentibus,d
1100 1796 1195 1834 um
1210 1778 1424 1835 vulnus
1437 1778 1710 1834 facinoris
1725 1777 2027 1849 premitur,

379 1872 626 1942 reproba
654 1870 884 1925 videtur
914 1869 1206 1924 sententia
1237 1867 1582 1923 medicantis
1610 1892 1625 1935 ;
1657 1872 1715 1922 et
1736 1868 1876 1921 dum
1898 1883 2026 1937 per-

373 1960 525 2016 versi
556 1959 821 2014 criminis
848 1975 1075 2012 naevum
1108 1957 1329 2012 diluere
1361 1957 1589 2023 nolunt,
1647 1957 1717 2010 ad
1750 1955 2028 2010 diluentis

373 2048 623 2117 injurias
653 2051 914 2100 currunt.
943 2046 1200 2107 Quorum
1233 2046 1623 2100 detractiones
1655 2062 1688 2098 a
1733 2044 1902 2099 nobis
1931 2060 2026 2098 ex-

375 2141 739 2207 torquemus,
769 2151 901 2189 cum
934 2133 1327 2205 plurimorum
1387 2134 1735 2189 sententiam
1795 2133 2028 2187 interim

377 2230 808 2296 exspectamus,
840 2224 991 2279 sicut
1038 2224 1244 2278 beatus
1303 2223 1522 2278 Paulus
1582 2223 1664 2278 ait
1724 2223 1796 2277 ad
1830 2223 2030 2277 Timo-

378 2313 620 2369 theum:
655 2313 1202 2384 Irreprehensibilem
1247 2315 1301 2366 te
1351 2312 1568 2378 exhibe,
1629 2319 1688 2366 ut
1745 2313 1792 2365 is
1839 2314 1933 2382 qui
1964 2328 2033 2366 ea:

377 2403 604 2459 aduerso
635 2410 734 2472 est,
769 2409 1045 2469 vereatur,
1076 2401 1222 2456 nihil
1257 2400 1462 2456 habens
1488 2401 1700 2455 malum
1755 2400 1942 2455 dicere
1969 2401 2034 2456 de

378 2491 538 2545 nobis
567 2491 690 2562 (Tit.
725 2506 786 2557 ιι,
819 2491 895 2560 8).
930 2489 1081 2545 Dum
1111 2489 1292 2556 enim,
1324 2487 1578 2555 domine,
1611 2504 1744 2543 cum
1778 2488 1888 2543 isto
1919 2488 2032 2559 agi-

382 2584 501 2650 tur,
536 2596 653 2636 non
684 2579 876 2635 solum
908 2595 1043 2634 cum
1073 2577 1222 2650 ipso,
1255 2577 1354 2632 sed
1387 2595 1490 2648 pro
1520 2577 1793 2632 omnibus
1827 2577 2032 2647 hujus-

387 2669 546 2725 modi
577 2668 896 2724 laboratur.
933 2672 1044 2722 Lex
1059 2667 1216 2722 enim
1248 2683 1364 2722 non
1395 2665 1653 2721 admittit
1689 2683 1992 2738 personam
2018 2684 2031 2733 ;

386 2757 437 2813 si
468 2757 626 2813 enim
656 2756 794 2812 huic
826 2755 980 2823 licet,
1014 2756 1306 2812 evidenter
1361 2755 1634 2810 omnibus
1685 2754 1855 2822 licet;
1902 2759 1958 2810 et
1987 2754 2035 2811 si

388 2845 526 2901 huic
548 2844 909 2917 prohibitum
933 2843 1016 2899 sic
1037 2843 1370 2910 erit,nullus
1400 2862 1462 2900 se
1487 2845 1545 2899 in
1567 2845 1942 2916 postmodum
1964 2843 2036 2900 de

387 2933 717 3006 ignorantia
746 2933 1064 2990 excusabit.

464 3023 808 3080 Innotuistis
819 3023 995 3078 etiam
1016 3022 1183 3077 nobis
1195 3037 1323 3078 esse
1341 3021 1570 3093 aliquos
1585 3022 1801 3078 talibus
1816 3022 2036 3094 nuptiis

387 3112 715 3185 perplexos,
750 3111 850 3183 qui
882 3127 986 3184 pro
1017 3109 1237 3166 nullius
1268 3111 1865 3167 excommunicatione
1898 3128 2037 3168 suas

2129 534 2428 597 distuli,ut
2451 535 2680 590 diutina
2701 533 2998 589 meditatio
3015 530 3272 587 firmiora
3292 531 3456 587 daret
3475 545 3778 602 responsa.

2129 624 2217 690 Et,
2243 623 2508 694 quamvis
2538 622 2805 694 dignitati
2849 627 3049 678 vestrae
3081 621 3419 677 omnimodo
3449 618 3788 692 pateat,cla-

2129 712 2433 768 rissimum
2466 712 2814 783 rescriptum
2846 711 2917 767 ab
2948 710 3268 782 apostolica
3312 709 3448 765 sede
3477 708 3786 764 Theodoro

2131 801 2423 856 Ticinensi
2455 801 2724 874 episcopo
2754 800 2815 855 in
2847 800 3106 855 medium
3139 798 3383 871 proferri
3410 797 3649 870 placuit.
3675 799 3782 853 Za-

2132 890 2363 945 charias
2383 891 2690 961 episcopus
2715 906 2918 944 servus
2940 903 3242 944 servorum
3275 887 3396 954 Dei,
3430 887 3789 943 reverendis-

2133 979 2283 1034 simo
2315 984 2369 1033 et
2402 978 2775 1034 sanctissimo
2808 977 2971 1032 fratri
3028 976 3334 1032 Theodoro
3385 976 3658 1048 episcopo
3689 991 3787 1032 ec-

2135 1067 2321 1123 clesiae
2349 1067 2697 1122 Ticinensis.
2725 1066 3056 1134 Pittacium,
3091 1065 3247 1137 quod
3280 1065 3450 1120 nobis
3481 1069 3583 1120 tua
3608 1079 3793 1120 veno-

2135 1157 2319 1210 randa
2349 1155 2682 1212 fraternitas
2709 1154 2943 1220 obtulit,
2977 1171 3078 1226 per
3133 1153 3291 1224 quod
3351 1170 3461 1209 nos
3499 1152 3790 1209 sciscitari

2135 1244 2372 1312 curasti,
2395 1245 2443 1300 si
2474 1244 2610 1300 licet
2627 1243 3024 1312 ﬁlium,cujus
3041 1246 3206 1316 pater
3234 1241 3473 1298 alterius
3502 1241 3686 1298 filiam
3719 1253 3793 1298 ex

2136 1351 2299 1389 sacro
2321 1333 2672 1405 baptismate
2695 1337 3052 1404 susceptam,
3071 1333 3130 1387 id
3154 1341 3262 1400 est,
3285 1331 3646 1404 spiritualem
3672 1331 3790 1403 (58)

2136 1423 2400 1493 ejusdem
2431 1423 2613 1494 patris
2638 1421 2843 1488 filiam,
2867 1415 3022 1493 quod
3045 1421 3160 1477 dici
3183 1420 3416 1478 crudele
3445 1425 3553 1490 est,
3577 1420 3636 1476 in
3660 1435 3790 1476 ma-

2137 1510 2409 1566 trimonio
2431 1510 2873 1582 accipere,quod
2900 1511 3055 1582 apud
3077 1514 3134 1566 te
3153 1509 3790 1566 enormiterasseruisti

2139 1601 2252 1670 (59)
2283 1597 2620 1670 contigisse.
2676 1599 2787 1655 Sed
2843 1599 2989 1654 bene
3044 1603 3149 1654 tua
3199 1603 3403 1656 sancta
3449 1597 3790 1655 fraternitas

2139 1691 2504 1758 compertum
2536 1687 2732 1756 habet,
2767 1687 2920 1758 quod
2943 1687 3228 1744 Dominus
3257 1705 3358 1760 per
3377 1687 3610 1760 Moysen
3643 1703 3791 1760 prm-

2138 1778 2310 1848 cepit,
2344 1780 2368 1802 ί
2399 1777 2636 1832 dicens:
2672 1776 3078 1848 Turpitudinem
3131 1780 3309 1848 patris
3363 1779 3449 1832 tui
3499 1792 3607 1833 non
3637 1792 3791 1833 reve-

2142 1865 2304 1920 labis.
2337 1866 2696 1937 Turpidinem
2725 1869 2922 1922 matris
2965 1873 3073 1921 tua:
3120 1883 3232 1921 non
3280 1867 3562 1923 reuelabis.
3596 1867 3792 1938 Turpi-

2143 1955 2386 2010 tudinem
2415 1956 2620 2010 sororis
2642 1959 2770 2015 tuae.
2803 1964 2854 2011 et
2883 1957 3291 2026 turpitudinem
3317 1958 3450 2026 ﬁlim
3503 1958 3680 2027 patris
3706 1957 3798 2011 tui

2138 2060 2246 2099 non
2268 2044 2557 2099 reuelabis.
2584 2044 2883 2116 Turpitudo
2904 2047 3050 2100 enim
3071 2048 3168 2100 tua
3190 2051 3270 2100 est
3295 2047 3486 2114 (Leuit.
3518 2062 3678 2111 xvm,
3708 2047 3789 2116 7).

2139 2133 2587 2203 Turpitudinem
2619 2133 2774 2187 enim
2799 2133 3050 2188 revelare
3073 2134 3308 2199 dicitur,
3333 2136 3474 2189 dum
3502 2153 3536 2189 a
3554 2135 3791 2207 propria

2141 2221 2647 2292 consanguinitate
2662 2223 3033 2293 praecipimur
3048 2223 3339 2279 abstinere
3363 2239 3375 2277 :
3395 2222 3582 2279 multo
3605 2223 3795 2295 magis

2142 2329 2175 2366 a
2206 2310 2452 2382 spiritali
2485 2311 2672 2382 patris
2699 2312 2881 2366 nostri
2914 2309 3053 2378 ﬁlia,
3079 2312 3238 2366 omni
3261 2311 3566 2368 occasione
3583 2317 3681 2367 aut
3702 2328 3800 2367 ar-

2142 2403 2420 2471 gumento
2450 2399 2707 2470 seposito
2739 2401 2874 2470 (60),
2908 2401 3019 2455 sub
3052 2401 3236 2455 nimia
3267 2400 3631 2456 districtione
3683 2417 3796 2457 nos

2143 2503 2344 2542 cavere
2371 2488 2656 2554 convenit,
2680 2504 2751 2542 ne
2771 2487 2833 2542 in
2855 2487 3003 2543 iram
3025 2487 3209 2543 divini
3231 2488 3515 2544 examinis
3547 2489 3794 2556 incidat,

2145 2576 2194 2632 si
2225 2577 2355 2647 quis
2385 2575 2483 2630 tali
2519 2576 2761 2631 facinori
2792 2578 2812 2599 ¹
2845 2577 3078 2645 mistus,
3136 2577 3379 2633 minime
3433 2578 3799 2635 restrinxerit

2145 2666 2308 2720 frena
2335 2663 2598 2728 luxuriae.
2637 2665 2798 2721 Unde
2827 2670 2883 2721 et
2909 2682 3114 2721 omnes
3145 2666 3384 2722 omnino
3445 2683 3644 2724 cavere
3693 2669 3796 2724 de-

2144 2755 2283 2809 bent
2312 2753 2447 2809 talis
2477 2753 2711 2810 sceleris
2743 2755 3230 2825 commistionem,
3284 2772 3356 2810 ne
3411 2756 3472 2812 in
3510 2761 3798 2813 aeternum

2145 2847 2404 2915 pereant.
2439 2844 2549 2898 Sed
2582 2843 2690 2900 hos
2719 2844 2818 2915 qui
2851 2844 3030 2916 hujus
3060 2844 3396 2916 perniciosae
3418 2846 3797 2915 temeritatis,

2145 2933 2357 2988 animas
2379 2949 2497 2987 suae
2523 2931 2773 2988 salutem
2795 2933 3203 3005 despicientes,
3230 2934 3584 3006 impiissimo
3606 2951 3668 2991 se
3692 2936 3809 2991 mi-

2146 3036 2349 3077 scuere
2377 3021 2774 3092 matrimonio,
2809 3038 2912 3094 per
2941 3022 3140 3078 omnia
3168 3028 3270 3078 tua
3299 3023 3634 3080 fraternitas
3667 3027 3804 3081 stu-

2148 3111 2280 3165 deat
2301 3125 2592 3182 separare,
2616 3115 2672 3165 et
2694 3110 3047 3182 poenitentia)
3067 3111 3253 3182 digna:
3276 3113 3803 3185 snbmittere,qua-

386 3203 659 3258 deserant
689 3200 949 3271 copulas.
984 3199 1244 3268 Utinam,
1274 3199 1531 3268 domine,
1566 3217 1672 3255 nos
1702 3201 2034 3272 injunctum
2066 3187 2108 3254 C
2148 3202 2321 3254 tenus
2361 3199 2432 3253 ab
2464 3203 2678 3256 aeterna
2707 3204 2904 3255 erutas
2934 3201 3307 3257 damnatione
3334 3201 3562 3258 animas
3591 3217 3801 3258 eorum

385 3290 648 3346 cilicium
670 3288 915 3362 implere
927 3288 1250 3346 valeamus.
1278 3289 1366 3343 Illi
1384 3288 1671 3360 quidquid
1689 3289 2039 3357 faciant,nos

386 3379 594 3436 saltem
626 3377 1018 3448 nosmetipsos
1066 3377 1312 3432 liberare
1361 3394 1659 3434 curemus.
1710 3379 1790 3433 De
1820 3378 2039 3434 talibus

388 3467 605 3539 quippe
626 3466 881 3521 Joannes
907 3465 1122 3520 clamat
1137 3465 1436 3536 apostolus
1462 3483 1475 3526 ;
1497 3467 1603 3534 Qui
1622 3475 1803 3521 autem
1832 3484 1943 3523 non
1962 3471 2042 3522 est

389 3571 458 3611 ex
487 3555 614 3625 Deo,
645 3568 756 3609 non
783 3553 941 3608 audit
969 3568 1070 3608 nos
1101 3554 1150 3624 (1
1190 3557 1353 3608 Joan.
1399 3571 1475 3624 Iv,
1505 3556 1581 3624 6).
1642 3559 1708 3608 In
1765 3556 1873 3610 hoc
1904 3573 2040 3628 ergo

394 3642 804 3715 cognoscimus
833 3641 1111 3713 spiritum
1142 3641 1404 3698 veritatis
1435 3647 1490 3696 et
1511 3643 1782 3714 spiritum
1806 3645 2039 3701 erroris.

393 3732 548 3788 Deus
569 3729 731 3803 pacis
753 3734 810 3786 et
838 3730 1140 3786 charitatis
1164 3730 1244 3786 ita
1269 3747 1372 3786 vos
1403 3730 1516 3786 sibi
1546 3731 1815 3803 copulare
1847 3733 2044 3805 digne-

394 3824 492 3875 tur
521 3823 586 3875 ut
625 3819 684 3874 in
716 3818 808 3875 his
839 3835 965 3891 quae
996 3820 1124 3890 ejus
1154 3824 1294 3875 sunt
1321 3819 1459 3874 boni
1490 3827 1898 3894 procuratores
1921 3825 2042 3880 exi-

398 3912 642 3975 stentes,
677 3907 898 3965 nullius
932 3907 1202 3980 caliginis
1235 3909 1592 3964 obscuritate
1647 3914 1907 3983 torpeat;
1941 3913 2045 3968 sed

2151 3287 2412 3353 lucreris,
2447 3293 2764 3358 praestante
2794 3288 3041 3344 Domino
3073 3293 3130 3346 et
3159 3290 3269 3362 (61)
3330 3295 3442 3347 Deo
3497 3290 3805 3347 Salvatore

2150 3380 2348 3432 nostro
2377 3377 2514 3431 Jesu
2546 3377 2796 3433 Christo.

2220 3465 2343 3520 Non
2369 3464 2547 3536 igitur
2564 3465 2704 3521 latet
2720 3466 3092 3537 prudentiam
3111 3473 3275 3523 tuam
3299 3485 3415 3524 non
3439 3468 3629 3525 solum
3663 3469 3804 3525 illos

2151 3552 2542 3608 ecclesiastica
2561 3571 2810 3611 censura
2830 3555 3120 3612 feriendos
3143 3557 3242 3628 qui
3267 3557 3486 3613 nefario
3510 3573 3571 3614 se
3591 3559 3802 3630 conju-

2152 3643 2245 3714 gio
2268 3642 2544 3714 polluere,
2576 3643 2676 3698 sed
2702 3643 2831 3699 illos
2849 3660 3097 3723 quoque.
3112 3645 3213 3717 qui
3236 3645 3416 3716 hujus
3439 3645 3678 3702 sceleris
3701 3661 3810 3702 au-

2153 3735 2339 3786 ctores
2364 3731 2595 3787 fuerunt
2623 3749 2635 3788 :
2659 3731 2827 3787 illum
2856 3733 3126 3790 videlicet
3147 3734 3246 3806 qui
3279 3733 3522 3790 alterius
3551 3735 3813 3792 carnalis

2153 3823 2210 3873 et
2229 3817 2469 3875 alterius
2493 3821 2818 3892 spiritualis
2835 3825 3002 3894 pater
3021 3825 3413 3895 cognoscitur.
3448 3824 3550 3879 Hic
3582 3824 3812 3880 etenim

2153 3911 2316 3964 tanto
2339 3910 2547 3980 majori
2572 3911 2924 3981 poenitentiae
2947 3911 3120 3967 debet
3139 3911 3406 3968 submitti
3434 3917 3655 3984 quanto
3687 3929 3820 3969 ma-

395 3997 590 4054 divino
617 3997 896 4054 illustrati
922 3996 1168 4070 fulgore,
1232 3999 1313 4052 sic
1368 3998 1427 4053 in
1486 4001 1755 4070 praesenti
1804 4001 2046 4057 valeatis
2145 3997 2338 4067 jorem
2369 4000 2775 4056 auctoritatem
2807 4000 2866 4055 in
2896 4017 3079 4057 causa
3099 4001 3378 4058 habuisse
3399 4002 3701 4075 probatur.
3729 4006 3815 4059 De

393 4087 567 4144 vinea
593 4087 879 4157 laborare,
915 4090 979 4142 ut
1009 4087 1067 4142 in
1100 4088 1296 4143 futuro
1320 4088 1662 4143 mereamini
1684 4106 1830 4161 euge
1852 4090 2046 4148 Domi-

396 4177 597 4234 nicum
629 4177 852 4233 audire.

985 4265 1328 4320 EPISTOLA
1365 4266 1461 4319 VI.

539 4351 811 4392 GUNZONIS
852 4350 1064 4390 LEVITE
1101 4352 1467 4391 NOVARIE‘NSIS
1507 4353 1578 4391 AD
1619 4351 1901 4393 ΟΤΤΟΝΕΜ.

467 4426 694 4480 Domno
748 4428 964 4479 A'r'rom
1022 4423 1341 4494 pontificali
1396 4425 1720 4480 reverentia
1781 4427 2042 4496 colendo,

2157 4086 2291 4142 ﬁliis
2323 4091 2518 4142 autem
2551 4088 2761 4144 horum
2793 4089 2981 4145 isdem
3013 4090 3357 4146 venerabilis
3412 4095 3579 4162 pater
3609 4091 3811 4147 eidem

2155 4175 2457 4230 Theodoro
2479 4177 2755 4250 episcopo
2773 4178 3064 4247 rescribit,
3089 4195 3206 4235 non
3228 4179 3410 4236 teneri
3434 4195 3533 4236 eos
3556 4179 3812 4236 crimine

2156 4267 2490 4336 parentum.

2722 4357 3076 4412 EPlSTOLA
3113 4357 3237 4414 VII.

2224 4441 2501 4485 AMBROSII
2520 4445 2974 4484 MEDIOLANENSIS
3004 4445 3351 4485 PRESBYTER!
3366 4445 3436 4484 AD
3465 4445 3732 4484 ΛἸἿὈΝΒΜ

398 4515 597 4570 Gunzo
624 4512 999 4570 Novariensis
1022 4513 1287 4569 Ecclesia:
1315 4513 1621 4569 levitarum
1645 4517 1920 4585 extimus,
1943 4518 2041 4573 de-
2075 4555 2122 4618 Β
2226 4517 2799 4576 Invictissimocuria:
2813 4517 3063 4574 ccelestis
3077 4517 3396 4590 athletae,ac
3409 4533 3813 4590 supernorum

397 4603 530 4658 bitat
562 4601 951 4657 venerationis
983 4601 1306 4657 servitium.

468 4693 550 4747 De
578 4708 645 4748 eo
704 4692 858 4764 quod
916 4690 1200 4747 celsitudo
1257 4697 1447 4748 vestra
1477 4693 1819 4764 parvitatem
1853 4712 2043 4752 meam

470 4817 582 4889 (58)
604 4815 784 4889 (dest,
815 4815 1190 4889 spiritualem.
1223 4816 1318 4871 Sic
1349 4815 1564 4889 legitur
1595 4816 1654 4889 in
1686 4822 1914 4873 vetusto
1944 4837 2042 4874 co-

2156 4611 2370 4666 civium
2404 4608 2650 4665 coetibus
2681 4611 3014 4678 aggregato,
3046 4612 3262 4663 A'r'rom
3320 4612 3406 4664 ter
3458 4606 3817 4664 beatissimo

2154 4699 2442 4771 pontiﬁci,
2474 4696 2716 4753 humilis
2747 4696 2961 4752 Christi
2995 4696 3274 4766 famulus,
3325 4700 3634 4768 vesterque
3664 4697 3817 4752 fide-

2154 4824 2394 4878 retulisti
2423 4825 2471 4877 si
2501 4823 2657 4876 liceat
2689 4836 2775 4875 eos
2804 4821 3056 4889 coniugio
3120 4821 3392 4891 capulari.
3452 4817 3552 4875 Sed
3591 4819 3651 4874 hi
3703 4836 3812 4875 cur

400 4888 528 4969 dice
555 4885 923 4969 Bibliotheca;
957 4887 1146 4958 regiae,
1252 4905 1361 4969 quo
1410 4885 2042 4969 Epistolarnziicharize
2148 4895 2550 4969 prohibeantur
2580 4910 2612 4946 a
2641 4885 2940 4969 coniugio,
2972 4885 3071 4946 aut
3108 4885 3226 4969 pro
3287 4891 3601 4969 huiusmodi
3640 4892 3820 4962 paeni-

399 4961 687 5034 integram
722 4958 1256 5034 Baluziusreperit:
1294 4960 1350 5014 in
1383 4961 1559 5031 priori
1608 4961 1859 5016 editione
1891 4962 2043 5034 lege-

399 5033 574 5088 batur
604 5030 745 5085 idem
773 5031 1136 5101 spiritualem.

471 5103 583 5175 (59)
615 5105 940 5175 Enormiler
965 5103 1270 5175 asseruisti.
1303 5102 1395 5156 Sic
1425 5102 1583 5175 idem
1621 5103 1797 5159 codex
1847 5121 2043 5158 emen-

400 5173 566 5230 date:
601 5173 776 5228 editio
834 5173 1157 5228 Acheriana
1207 5189 1498 5228 enor-mum
1552 5173 1874 5241 dissecuisli,
1920 5192 2043 5230 cor-

403 5251 590 5316 rupte.
625 5250 703 5300 Ex
732 5246 933 5301 eodem
979 5245 1175 5300 codice
1222 5262 1453 5316 reposui
1477 5248 1759 5315 praecepit,
1794 5247 1892 5301 ubi
1925 5250 2048 5302 erat

437 5317 703 5371 rtecim'at.

398 5332 703 5386 praecipiat.

474 5389 586 5460 (60)
613 5388 869 5460 seposito.
904 5388 1006 5442 Hic
1037 5386 1212 5442 etiam
1245 5385 1502 5460 codicem
1538 5387 1761 5458 regium
1794 5404 2042 5460 sequor:

403 5457 760 5530 prioreditio
780 5462 1033 5530 reposito,
1067 5464 1123 5513 et
1153 5475 1287 5530 mox
1312 5458 1582 5530 facinore.

473 5529 586 5600 (61)
616 5530 678 5583 Et
708 5531 816 5601 Deo
841 5531 1136 5586 Salvatere.
1182 5529 1243 5584 In
1296 5529 1493 5585 codice
1525 5529 1702 5598 regio,
1752 5534 2046 5601 praestante

403 5603 660 5663 Domino.
692 5600 767 5659 De
793 5601 929 5679 ﬁliis
958 5605 1144 5660 autem
1173 5602 1271 5678 qui
1323 5617 1396 5659 ex
1448 5601 1527 5660 eis
1573 5601 1695 5659 nati
1719 5600 2044 5675 probantur,

2156 4963 2381 5020 tentiam
2411 4981 2566 5035 agere
2612 4964 3036 5035 compellantur,
3083 4963 3214 5018 dum
3243 4979 3312 5018 ea:
3334 4963 3432 5018 hoc
3457 4963 3658 5034 absque
3680 4979 3820 5019 con-

2154 5036 2501 5091 demnatione
2521 5051 2633 5090 esse
2662 5035 3033 5106 perhibentur.
3059 5037 3190 5105 quia
3220 5051 3328 5090 non
3351 5043 3512 5105 pater
3537 5050 3636 5106 pro
3666 5035 3815 5106 ﬁlio,

2155 5125 2326 5178 neque
2353 5109 2504 5176 ﬁlius
2561 5122 2658 5177 pro
2694 5115 2866 5178 patre
2917 5107 3206 5160 sustinebit
3261 5109 3556 5174 tormenta,
3587 5107 3821 5162 dicente

2156 5177 2383 5234 Domino
2411 5196 2515 5248 per
2539 5177 2869 5248 praphetam
2891 5195 2908 5230 :
2940 5178 3150 5231 Anima
3181 5179 3366 5247 patris
3425 5183 3514 5232 est
3571 5194 3723 5245 mea,
3759 5181 3822 5232 et

2157 5252 2354 5330 anima
2385 5249 2485 5302 filii
2513 5253 2609 5335 ‘es't
2641 5265 2770 5335 mea
2792 5266 2804 5315 ;
2829 5318 2839 5335 1
2866 5249 3063 5332 anima
3117 5265 3268 5335 quae.
3305 5249 3826 5335 peccaveritLipsa

2158 5322 2458 5375 morietur.
2487 5319 2591 5374 Sed
2618 5319 2764 5374 etde
2820 5318 2926 5379 his.
2985 5323 3174 5390 frater
3219 5318 3568 5386 charissima,
3610 5318 3830 5376 dixisse

2155 5394 2411 5462 sufﬁciet.
2432 5393 2566 5446 Care
2596 5393 2776 5445 autem
2813 5407 2882 5445 ne
2901 5391 3063 5446 aliter
3092 5407 3267 5464 agere
3313 5393 3574 5460 subiectis
3618 5407 3826 5447 conce-

2156 5465 2274 5530 das,
2307 5479 2377 5517 ne
2404 5480 2438 5516 a
2468 5469 2611 5516 recto
2643 5463 2860 5518 tramite
2881 5462 3187 5518 invenieris
3233 5462 3530 5520 discedere.
3563 5465 3699 5520 Haec
3729 5467 3828 5520 est

2157 5531 2620 5608 alteraepistolze
2646 5549 2803 5608 pars,
2835 5535 3005 5606 cujus
3035 5534 3232 5591 Gunzo
3294 5533 3355 5591 in
3411 5535 3527 5591 ﬁne
3564 5531 3826 5608 hujusce

2156 5603 2413 5682 epistolis
2444 5603 2732 5664 meminit.
