4114 6172
295 377 403 451 118

1778 378 2210 441 EPlSTOLJE.

3580 378 3695 446 114

294 511 554 571 tissimus
574 514 913 569 AMBROSIUS
944 511 1243 584 presbyter
1272 509 1402 568 licet
1432 511 1671 583 indigne
1701 516 1939 567 sanctus
1971 512 2023 579 Α
2054 531 2088 568 a
2118 512 2340 585 potiore
2380 513 2695 570 distillatus
2751 514 2973 588 liquido
3023 518 3457 589 comprobatur.
3519 518 3705 593 Igitur

294 604 508 659 honore
537 603 598 657 in
627 608 831 660 saneta
860 601 1273 658 Mediolanensi
1305 600 1936 669 Ecclesia,continuum

294 692 505 747 debitae
523 693 821 749 servitutis
847 690 1193 761 obsequium
1218 708 1349 746 cum
1377 691 1651 747 felicitate
1680 690 1937 762 perenni.

360 785 406 835 A
439 786 633 838 vestra
663 781 970 837 sanctitate
1002 796 1191 852 nuper
1219 780 1471 851 delegati
1504 780 1942 852 apices,quibus

296 874 487 926 vestra
504 870 823 927 sanctitatis
846 870 1147 940 nostrique
1169 870 1521 925 memoriain
1537 869 1718 925 sacris
1736 870 1943 924 vestris

295 959 657 1015 oratianibus
688 959 1052 1031 signabatur,
1098 958 1378 1014 ineffabili
1429 975 1533 1013 nos
1577 957 1943 1028 jocunditate

298 1048 553 1119 undique
581 1046 840 1104 munitos
873 1048 1214 1115 reddidere;
1250 1064 1384 1102 cum
1416 1064 1523 1101 nos
1545 1046 1811 1101 videlicet
1841 1047 1941 1101 ab-

288 1136 421 1209 jecti
452 1137 565 1207 (62)
594 1140 653 1191 et
705 1136 995 1207 repudiati
1044 1138 1065 1159 *
1115 1141 1451 1192 sanctorum
1486 1137 1703 1206 pedum
1735 1135 1943 1189 vestris

296 1242 392 1281 nec
424 1224 611 1280 simus
642 1224 664 1246 *
695 1225 967 1295 aequandi
994 1224 1407 1281 calceamentis
1442 1250 1455 1290 ;
1492 1223 1783 1293 quomodo
1809 1239 1944 1293 ergo

296 1319 407 1371 tam
442 1312 698 1386 religiosi
729 1319 787 1368 et
815 1317 934 1368 tam
967 1314 1217 1385 potentis
1241 1312 1464 1368 domini
1484 1328 1549 1367 ac
1578 1312 1759 1382 patris
1783 1311 1944 1381 digni

294 1419 499 1460 sumus
528 1402 837 1458 memorari
860 1402 1226 1458 orationibus
1248 1403 1275 1456 ?
1306 1403 1415 1458 Sed
1438 1418 1538 1456 vos
1570 1400 1729 1455 illius
1761 1400 1943 1455 credi-

296 1508 424 1547 mus
460 1506 751 1547 memores
795 1490 1096 1545 sententiee
1136 1507 1263 1561 quae
1284 1489 1947 1545 dicitchusnonlaborat

294 1582 350 1637 in
377 1580 624 1650 magnis,
672 1594 773 1634 nec
811 1580 1034 1649 fastidit
1077 1581 1136 1634 in
1185 1580 1455 1633 minimis.
1488 1582 1768 1633 Caeterum
1802 1576 1945 1632 nulli

292 1669 541 1725 dubium
573 1668 843 1739 est,quod
870 1667 1107 1723 divinus
1130 1667 1385 1739 Spiritus
1416 1668 1473 1722 in
1499 1671 1728 1738 pectore
1757 1670 1945 1721 vestro

295 1757 589 1824 habitans,
612 1757 685 1813 ad
717 1760 925 1824 cuncta
954 1760 1158 1813 sancta
1185 1772 1361 1828 opera
1391 1756 1596 1812 reddat
1625 1754 1948 1828 promptis-

294 1847 499 1904 simas.

360 1943 719 2016 Conjugium
752 1943 1002 2015 denique
1032 1943 1384 2016 illud,super
1411 1960 1527 2014 quo
1558 1946 1820 1998 nostram
1844 1958 1947 2013 pu-

294 2034 604 2090 sillitatem
644 2032 1015 2097 consuluisti,
1049 2051 1081 2088 a
1100 2034 1318 2089 nostris
1340 2032 1675 2088 doctoribus
1688 2036 1743 2087 et
1757 2047 1946 2086 sacer-

307 2124 550 2179 dotibus
582 2122 787 2178 scitote
818 2123 1056 2178 omnino
1097 2121 1409 2194 prohiberi,
1444 2121 1583 2192 quia
1612 2120 1950 2191 spirituales

302 2212 538 2279 fratres,
574 2212 728 2283 quod
781 2228 882 2266 vos
930 2228 1165 2282 quoque
1206 2210 1562 2277 asseruistis,
1594 2212 1874 2263 vocantur
1934 2224 1946 2259 :

293 2301 595 2357 saecularis
624 2316 859 2372 quoque
889 2299 1002 2366 lex,
1034 2298 1212 2355 veluti
1243 2316 1278 2353 a
1308 2299 1564 2370 quodam
1620 2296 1949 2368 legislatore

292 2390 513 2460 audivi,
544 2389 654 2445 hoc
683 2388 999 2445 interdicit.
1031 2388 1096 2443 In
1153 2387 1398 2443 decretis
1428 2385 1815 2441 nihilominus
1844 2390 1947 2440 Za-

294 2478 506 2535 chariae
549 2495 711 2550 papae
743 2477 998 2549 capitulo
1054 2478 1088 2530 3
1142 2475 1515 2531 continetur:
1551 2495 1579 2527 α
1635 2475 1707 2530 Ut
1762 2492 1950 2545 neque

292 2568 696 2640 presbyteram
726 2583 916 2638 neque
947 2566 1389 2634 diaconam,nec
1420 2569 1803 2620 commatrem
1835 2563 1951 2635 spi-

291 2656 530 2713 ritalem
562 2656 696 2727 quis
725 2656 784 2709 in
816 2655 1159 2727 oonjugium
1193 2655 1425 2709 ducat.«
1452 2654 1558 2709 Ubi
1581 2655 1753 2709 datur
1785 2652 1953 2707 intel-

288 2744 413 2817 ligi,
446 2745 610 2817 quod
655 2760 844 2815 neque
868 2743 1153 2815 spiritalis
1192 2743 1377 2815 patris
1409 2743 1589 2797 ﬁliam
1622 2742 1860 2798 cuilibet
1888 2741 1947 2796 in

290 2833 744 2890 matrimonium
774 2832 947 2887 liceat
974 2832 1190 2888 sortiri.
1219 2832 1437 2887 Verum
1469 2832 1518 2888 si
1550 2832 1740 2904 placet
1761 2830 1949 2887 domi-

288 2922 521 2979 nationi
548 2926 771 2989 vestraa,
804 2921 1013 2977 vestris
1034 2921 1334 2994 rescriptis
1358 2922 1591 2993 pandite
1615 2921 1782 2977 nobis
1805 2937 1952 2993 quas

284 3011 581 3067 debemus
610 3009 937 3083 intelligere
961 3026 1236 3081 eas,quas
1260 3010 1603 3082 praedictum
1626 3010 1950 3080 capitulum

286 3100 700 3171 prenbyteram
717 3103 817 3154 aut
827 3099 1134 3155 diaconam
1156 3099 1618 3171 appellant,quia
1638 3116 1744 3154 nos
1765 3098 1953 3153 omni-

286 3188 469 3245 modo
502 3188 660 3243 latet.
711 3187 981 3243 Assiduis
1012 3188 1377 3244 orationibus
1406 3188 1616 3242 vestris
1647 3187 1759 3241 sibi
1790 3203 1949 3242 com~

283 3277 608 3333 mandatos
636 3292 739 3331 vos
769 3276 941 3347 longo
975 3276 1242 3330 Christus
1264 3280 1525 3346 tempore
1547 3275 1745 3330 salvet.

864 3415 1207 3472 EPISTOLA
1245 3416 1394 3471 VIII.

568 3520 805 3561 A'I'I'ONIS
844 3522 916 3560 AD
953 3521 1302 3561 AMBROSIUM
1343 3521 1705 3561 SACERDOTEM

354 3632 517 3688 A'I'ro
548 3636 714 3703 grata
743 3630 844 3685 Dei
876 3630 1122 3686 humilis
1177 3631 1510 3703 episcopus,
1562 3632 1777 3687 domno
1831 3633 1953 3687 AM-

281 3738 501 3779 BROSIO
534 3719 1017 3776 reverendissimo
1049 3724 1106 3775 et
1136 3721 1510 3776 sanctissimo
1538 3721 1952 3792 sacerdoti,de-

279 3816 449 3866 votas
482 3810 548 3864 in
579 3808 809 3864 Christo
840 3810 1131 3864 orationes
1162 3826 1296 3864 cum
1328 3809 1562 3864 vinculo
1594 3809 1913 3864 charitatis.

352 3900 591 3956 Vestra
623 3897 939 3967 sanctitati,
975 3898 1252 3969 quoniam
1286 3915 1390 3969 pro
1421 3902 1619 3953 nostra
1648 3898 1952 3953 imbecilli-

283 3993 399 4045 tate
432 3986 919 4058 Omnipotentem
946 3988 1217 4041 novimus
1246 3987 1830 4053 exorare,immensas
1855 4003 1953 4041 co-

287 4094 411 4134 ram
480 4079 604 4133 Deo
652 4076 949 4131 mercedes
998 4075 1389 4146 exposcimus.
1450 4075 1642 4131 Sacris
1683 4076 1953 4146 prostrati

280 4166 551 4239 vestigiis
588 4164 646 4219 id
676 4163 872 4234 ipsum
895 4164 1183 4221 instanter
1211 4164 1336 4220 ﬁeri
1367 4167 1425 4218 in
1454 4164 1830 4235 postmodum
1850 4164 1956 4218 im-

279 4254 624 4327 ploramus.
683 4253 803 4308 Nos
854 4269 1109 4325 quoque,
1169 4253 1304 4309 licet
1343 4254 1671 4324 imparibus
1705 4252 1951 4322 meritis,

277 4344 492 4400 vestris
522 4347 729 4399 tamen
752 4341 955 4396 conﬁsi
976 4341 1429 4411 virtutibus,hoc
1459 4341 1634 4396 etiam
1657 4359 1759 4412 pro
1788 4342 1953 4397 vobis

280 4432 657 4488 omnimodis
688 4445 859 4503 agere
888 4446 1005 4485 non
1058 4430 1409 4485 omittimus.
1442 4430 1667 4485 Crebrae
1699 4446 1953 4501 namque

280 4523 460 4578 vestri
489 4519 781 4593 corporis,
804 4536 939 4575 cum
971 4519 1325 4586 audivimus,
1378 4519 1750 4574 inﬁrmitates
1782 4520 1951 4589 quasi

1975 1885 2023 1950 B

2052 604 2205 674 quod
2236 607 2431 658 vestra
2462 605 2773 674 prudentia
2818 606 3119 662 consulere
3153 608 3608 681 judicavit,quid
3641 609 3701 666 in

2050 692 2375 748 canonibus
2393 694 3028 767 presbyteram,quidve
3050 697 3354 753 diaconam
3380 699 3704 773 intelligere

2051 782 2369 837 debeamus
2395 802 2407 835 :
2430 782 2662 837 videtur
2692 784 2860 839 nobis
2894 788 3170 855 quoniam
3204 788 3263 842 in
3285 789 3580 859 primitiva
3601 791 3706 845 Ec-

2051 871 2246 937 clesia,
2272 871 2410 942 quia
2462 873 2785 927 secundum
2846 874 3209 931 Dominicam
3238 894 3438 933 vocem
3472 894 3484 933 :
3519 880 3703 935 Messi:

2048 962 2246 1027 multa,
2297 963 2539 1031 aperarii
2580 965 2750 1031 pauci
2799 964 2947 1032 (Luc.
3009 983 3063 1031 x,
3115 966 3193 1034 5),
3223 967 3593 1035 videbantur,
3628 970 3699 1024 ad

2052 1051 2459 1119 adjumentum
2519 1050 2777 1105 virorum
2809 1052 2987 1106 etiam
3018 1054 3301 1125 religiosae
3333 1055 3611 1113 mulieres
3638 1058 3700 1113 in

2053 1139 2511 1195 sanctaEcclesia
2531 1139 2801 1195 cultrices
2816 1141 3427 1210 ordinabantur.Quod
3447 1147 3703 1203 ostendit

2054 1229 2261 1283 beatus
2307 1228 2526 1283 Paulus
2558 1229 2615 1282 in
2649 1229 2893 1300 epistola
2924 1231 2995 1285 ad
3057 1232 3374 1299 Romanos,
3406 1251 3539 1289 cum
3569 1235 3651 1291 ait
3685 1253 3698 1290 :

2051 1317 2387 1374 Commendo
2420 1318 2569 1372 vobis
2598 1318 2853 1375 Phaabem
2881 1334 3119 1374 sororem
3147 1337 3344 1390 meam,
3385 1339 3511 1394 quae
3537 1332 3616 1380 est
3641 1326 3703 1379 in

2052 1408 2360 1461 ministerio
2416 1408 2686 1472 Ecc'lesia’,
2720 1425 2840 1479 qum
2895 1417 2975 1464 est
3018 1410 3277 1465 Cenchris
3307 1413 3599 1483 (Romxvr,
3630 1414 3703 1485 1).

2055 1496 2162 1550 Ubi
2198 1495 2547 1568 intelligitur
2569 1498 2707 1568 quia
2738 1502 2879 1552 tunc
2909 1515 3023 1553 non
3058 1499 3249 1554 solum
3267 1500 3502 1567 viri,sed
3528 1502 3705 1559 etiam

2056 1584 2282 1639 feminae
2314 1590 2599 1656 prmerant
2632 1585 3154 1659 Ecclesiis,magnae
3186 1587 3411 1644 scilicet
3438 1589 3709 1647 utilitatis

2056 1690 2249 1730 causa.
2262 1674 2408 1731 Nam
2426 1674 2699 1730 mulieres
2713 1675 2811 1731 diu
2826 1692 3189 1747 paganorum
3204 1677 3417 1734 ritibus
3434 1683 3705 1749 assuetae,

2057 1762 2477 1834 philosophieis
2498 1764 2671 1819 etiam
2696 1765 3073 1836 dogmatibus
3103 1766 3576 1834 instructae,bene
3604 1782 3709 1839 per

2057 1851 2165 1907 has
2217 1851 2565 1907 familiarius
2609 1853 3111 1918 convertebantur,
3178 1857 3235 1909 et
3291 1855 3362 1909 de
3408 1854 3706 1927 religionis

2056 1941 2219 1996 cultu
2251 1940 2495 1996 liberius
2526 1941 2941 1997 edocebantur.
2972 1942 3133 2007 Quod
3168 1942 3520 1998 Laodicense
3545 1947 3705 2014 post-

2058 2031 2298 2085 modum
2332 2029 2604 2100 prohibet
2637 2029 2946 2084 concilium
2978 2047 3108 2101 cap.
3142 2032 3228 2101 11,
3275 2047 3410 2086 cum
3442 2031 3658 2086 dicitur
3690 2048 3702 2087 :

2057 2120 2211 2191 quod
2245 2135 2359 2173 non
2393 2122 2621 2189 oportet
2645 2134 2744 2173 eas
2783 2134 2912 2189 quae
2945 2118 3221 2173 dicuntur
3250 2120 3598 2192 presbyteris
3617 2119 3707 2175 vel

2061 2209 2458 2280 praesidentes,
2502 2207 2561 2261 in
2596 2206 2867 2262 Ecclesiis
2905 2207 3182 2262 ordinari.
3232 2208 3517 2263 Diaconas
3571 2225 3705 2264 vero

2058 2296 2263 2352 talium
2296 2297 2591 2351 credimus
2626 2296 2807 2351 fuisse
2839 2296 3163 2351 ministras.
3198 2297 3345 2351 Nam
3394 2296 3707 2353 diaconum

2060 2385 2397 2440 ministrum
2429 2385 2743 2450 dicimus,a
2764 2401 2879 2457 quo
2910 2385 3230 2440 derivatam
3250 2385 3558 2442 diaconam
3581 2403 3711 2458 per-

2060 2474 2367 2547 spicimus.
2397 2473 2657 2545 Denique
2686 2473 2938 2545 legimus
2989 2474 3047 2528 in
3098 2474 3341 2530 concilio
3397 2475 3711 2532 Chalcedo-

2059 2565 2253 2631 nensi,
2285 2581 2411 2636 cap.
2452 2564 2521 2618 15
2552 2565 2695 2629 (can.
2730 2564 2816 2635 15)
2840 2563 3293 2619 diaconamnon
3324 2564 3711 2620 ordinandam

2060 2658 2193 2709 ante
2224 2669 2445 2708 annum
2477 2652 3018 2723 quadragesimum,
3051 2655 3109 2707 et
3138 2652 3287 2707 hanc
3316 2668 3451 2707 cum
3476 2670 3711 2709 summo

2060 2742 2386 2798 libramine.
2424 2741 2664 2796 Talibus
2696 2741 2871 2796 etiam
2901 2741 3195 2796 credimus
3224 2740 3555 2813 baptizandi
3588 2758 3714 2797 mu-

2061 2831 2231 2887 lieres
2244 2832 2579 2902 injunctum
2594 2847 2722 2886 esse
2735 2831 3088 2897 ofﬁcium,ut
3106 2831 3327 2902 absque
3343 2830 3464 2885 ulla
3477 2830 3711 2902 penitus

2059 2920 2409 2977 verecundia
2466 2920 2714 2975 aliarum
2775 2936 3016 2991 corpora
3047 2919 3118 2975 ab
3150 2919 3243 2975 bis
3300 2923 3709 2975 tractarentur.

2060 3011 2207 3065 Nam
2237 3008 2298 3063 in
2329 3008 2566 3064 statutis
2618 3007 3001 3063 Orientalium
3051 3008 3335 3080 scriptum
3366 3011 3457 3063 est
3480 3008 3709 3080 (Concil.

2064 3099 2326 3167 Carthag.
2363 3116 2439 3165 1v,
2471 3098 2635 3167 0.12)
2672 3115 2684 3152 :
2717 3096 2917 3151 Viduas
2946 3095 3031 3151 vel
3070 3096 3547 3152 sanctimoniales
3582 3114 3710 3167 quis

2064 3188 2136 3242 ad
2157 3185 2549 3240 ministerium
2566 3184 2880 3239 mulierum
2895 3184 3377 3254 baptizandarum
3391 3184 3706 3257 eliguntur.

1982 3255 2024 3320 C
2063 3280 2185 3330 tam
2217 3274 2514 3329 instructze
2562 3272 2680 3327 sint
2727 3273 2797 3326 ad
2854 3271 3115 3327 ofﬁcium
3146 3275 3211 3326 ut
3241 3255 3629 3345 possint‘apto
3660 3278 3721 3331 et

2066 3380 2209 3418 sano
2232 3378 2500 3417 sermone
2531 3362 2735 3416 docere
2761 3360 3063 3432 imperitas
3086 3364 3142 3417 et
3171 3361 3422 3417 rusticas
3444 3362 3721 3421 mulieres

2064 3456 2326 3522 tempore
2342 3467 2455 3521 quo
2478 3448 3272 3521 suntbaptizandaz,qualiter
3284 3451 3355 3505 ad
3372 3450 3726 3524 interrogata

2065 3541 2547 3611 respondeant,et
2571 3538 2826 3609 qualiter
2855 3544 3090 3610 accepto
3112 3539 3466 3611 baptismate
3487 3541 3718 3597 vivant:

2064 3629 2217 3685 sicut
2244 3629 2396 3685 enim
2432 3628 2518 3683 hae
2551 3644 2679 3699 quae
2712 3628 3073 3699 presbyterze
3122 3629 3484 3698 dicebantur,
3520 3630 3728 3701 praedi-

2063 3718 2252 3782 candi,
2278 3717 2523 3789 jubendi
2557 3717 2643 3771 vel
2676 3716 3063 3785 edocendi,ita
3088 3732 3227 3771 sane
3258 3718 3512 3773 diaconaa
3543 3718 3717 3774 mini-

2063 3807 2289 3863 strandi
2317 3807 2404 3861 vel
2454 3806 2784 3878 baptizandi
2815 3805 3072 3860 ofﬁcium
3106 3811 3483 3877 sumpserant
3514 3823 3528 3863 :
3564 3809 3720 3879 quod

2064 3897 2357 3965 nuncjam
2384 3894 2625 3948 minime
2648 3894 3049 3964 expedit.Nam
3074 3893 3131 3947 in
3154 3897 3316 3948 tanta
3337 3895 3620 3964 parvitate
3641 3897 3715 3951 ob

2064 3988 2373 4054 parentum
2398 3982 2736 4054 religionem
2761 3980 3061 4036 infantulae
3080 3980 3718 4050 baptizantur,utnulla

2064 4072 2146 4127 eis
2168 4069 2740 4139 verecundia,nullus
2754 4068 3187 4139 baptizantibus
3201 4068 3517 4138 voluptatis
3528 4070 3715 4139 possit

2064 4160 2339 4215 stimulus
2362 4156 2664 4228 impedire.
2693 4157 2853 4211 Unde
2876 4156 3001 4225 jam
3034 4158 3252 4210 statum
3275 4160 3384 4225 est,
3414 4159 3480 4211 ut
3501 4155 3714 4214 mulier

2064 4248 2397 4320 baptizandi
2432 4263 2606 4302 usum
2638 4260 2939 4301 assumere
2971 4261 3085 4299 non
3119 4248 3456 4316 praesumat.

2137 4339 2287 4393 Sunt
2314 4337 2511 4405 etiam,
2548 4334 2646 4407 qui
2675 4351 2771 4390 eas
2804 4333 3012 4406 priscis
3042 4334 3405 4406 temporibus
3434 4334 3709 4393 diaconas

2062 4444 2363 4483 asseruere
2384 4425 2880 4499 appellatas,quas
2899 4440 3053 4478 nunc
3086 4423 3415 4479 abbatissas
3437 4425 3711 4481 nomina-

2063 4533 2215 4584 mus,
2249 4516 2403 4586 quod
2429 4514 2599 4569 nobis
2622 4513 2863 4567 minime
2893 4528 3212 4584 congruere
3229 4511 3476 4568 videtur.
3508 4513 3708 4569 Abbas

274 4611 561 4683 proprios
594 4610 894 4665 terebrant
910 4609 1214 4664 artus.Sed
1246 4609 1483 4664 beatum
1508 4608 1751 4663 Paulum
1779 4609 1943 4679 quasi
1978 4622 2023 4685 Ι)
2061 4622 2314 4677 namque
2333 4606 2498 4659 Pater
2517 4603 2760 4669 dicitur;
2779 4601 2931 4655 unde
2945 4602 3267 4656 secundum
3283 4617 3549 4656 normam
3565 4601 3706 4658 alio-

276 4698 597 4756 intendere
627 4697 922 4751 credimus
956 4739 971 4765 ,
1004 4697 1105 4751 ubi
1135 4696 1217 4751 ait
1249 4712 1260 4751 :
1297 4696 1431 4751 Cum
1494 4699 1643 4753 enim
1672 4699 1943 4767 inﬁrmor,

279 4792 409 4845 tunc
434 4789 654 4858 fortior
678 4802 802 4840 sum
857 4786 931 4856 (ll
989 4787 1114 4841 Cor.
1167 4804 1268 4852 xu,
1306 4786 1409 4855 10).
1446 4791 1596 4840 Deus
1635 4786 1803 4840 Pater
1832 4786 1942 4840 Do-

278 4878 425 4933 mini
459 4874 661 4934 nostri
683 4874 827 4929 Jesu
858 4874 1073 4930 Christi
1104 4874 1187 4930 sic
1216 4891 1317 4930 vos
1358 4877 1646 4929 sustentet
1666 4879 1723 4928 et
1745 4874 1941 4928 verbe-

276 4970 383 5035 ret,
408 4970 477 5022 ut
507 4981 625 5021 nec
656 4964 898 5018 adversa
928 4962 1223 5033 dejiciant,
1254 4979 1360 5018 nec
1390 4978 1669 5033 prospera
1698 4963 1943 5017 reddant

275 5054 529 5112 elatum.
566 5052 780 5108 Plures
829 5051 1081 5121 denique
1110 5051 1322 5106 iterum
1367 5055 1562 5122 grates
1610 5050 1939 5117 referimus,

278 5145 417 5214 quia
435 5147 512 5200 de
534 5143 636 5198 his
653 5140 929 5197 omnibus
948 5156 1073 5209 quae
1089 5139 1252 5194 vobis
1272 5138 1941 5204 mandavimus,abunde

277 5250 385 5297 nos
413 5234 722 5289 instruere
752 5228 1026 5285 curastis.
1059 5228 1336 5284 Praeterea
1362 5228 1648 5283 miramur
1677 5226 1936 5293 omnino,

279 5338 383 5377 cur
405 5323 628 5394 ingens
651 5320 781 5375 fons
798 5319 951 5373 inter
971 5320 1164 5372 tantos
1182 5318 1537 5387 proﬂuentes
1556 5315 1936 5383 constitutus,

278 5411 539 5468 vicinum
576 5408 830 5479 alicujus
850 5408 943 5462 vix
974 5405 1316 5462 desudantis
1352 5422 1508 5460 venae
1532 5405 1830 5478 perquirat
1878 5404 1943 5457 li-

280 5517 549 5572 quorem.
586 5498 737 5555 Nam
769 5500 827 5553 et
850 5496 898 5552 si
930 5496 1073 5551 inibi
1105 5493 1317 5566 aliquis
1349 5494 1672 5566 reperiatur
1706 5494 1936 5557 humor,

2056 4714 2185 4751 rum
2213 4694 2519 4749 nominum
2544 4692 2600 4746 in
2624 4707 2831 4762 genere
2855 4689 3157 4744 feminimo
3180 4689 3506 4745 derivatum
3530 4691 3705 4747 abba-

2052 4785 2196 4840 tissa
2229 4784 2431 4839 eadem
2465 4778 3400 4852 signiﬁcatione,manente.Cujus
3423 4780 3695 4836 vocabuli

2049 4874 2158 4941 vis,
2194 4872 2421 4927 timoris
2452 4870 2671 4941 pariter
2700 4872 2758 4923 et
2815 4867 3053 4933 amoris,
3087 4868 3419 4923 reverentiae
3477 4872 3533 4923 et
3562 4871 3699 4925 aﬁ‘e-

2051 4962 2227 5018 tionis
2277 4959 2526 5031 explicat
2585 4957 2945 5027 qualitatem.
3005 4957 3321 5013 Diaconam
3364 4973 3498 5012 vero
3554 4956 3701 5011 nihil

2052 5051 2209 5106 aliud
2244 5065 2421 5120 quam
2456 5048 2786 5102 ministram
2819 5045 3226 5118 intelligimus.
3260 5047 3619 5115 Quapropter
3653 5042 3699 5097 si

2051 5139 2229 5209 hujus
2257 5136 2432 5192 ofﬁcii
2467 5152 2681 5191 nomen
2705 5152 2860 5190 nunc
2905 5136 3080 5191 etiam
3116 5132 3529 5206 quoquomodo
3568 5146 3697 5201 per-

2051 5228 2307 5293 duraret,
2338 5225 2399 5279 in
2432 5225 2526 5280 bis
2558 5242 2681 5295 quae
2710 5241 2811 5295 per
2841 5224 3115 5279 mulieres
3147 5223 3337 5277 adhuc
3368 5218 3698 5290 dispensari

2048 5316 2339 5379 videntur,
2372 5313 2505 5369 illas
2533 5313 2807 5368 diaconas
2859 5316 3219 5384 putaremus,
3244 5325 3369 5379 quae
3399 5312 3567 5364 aatate
3597 5324 3695 5365 se-

2053 5404 2149 5458 nili
2209 5404 2465 5470 devictae,
2498 5402 2828 5474 religiosam
2863 5402 3041 5455 vitam
3073 5414 3205 5452 cum
3259 5398 3527 5455 castitate
3570 5415 3695 5455 ser-

2050 5496 2271 5559 vantes,
2304 5491 2625 5547 oblationes
2654 5490 3051 5548 sacerdotibus
3090 5486 3416 5545 offerendas
3447 5486 3698 5545 ﬁdeliter

348 5679 471 5753 (62)
500 5678 737 5750 Abiecti.
772 5674 934 5735 Prior
959 5674 1135 5733 editio
1180 5673 1403 5745 abiectis
1442 5678 1494 5731 et
1522 5672 1913 5744 repudz'ats.....
1954 5674 2152 5728 scimus
2182 5670 2483 5744 perspicue
2512 5667 2684 5727 male.
3522 5694 3547 5723 ι
