4114 6172
361 349 476 417 115

1382 355 1718 420 ATTONIS
1761 355 2354 422 VERGELLENSIS
2398 357 2754 423 EPISCOPI

3661 361 3777 430 116

360 491 712 564 praeparant,
745 487 817 545 ad
847 485 1222 547 ecclesiarum
1252 489 1456 547 limina
1501 492 1810 558 excubant,
1845 491 2002 564 pavi-
2032 495 2088 562 Α
2115 493 2198 548 tia
2226 509 2374 564 quae,
2408 493 2543 550 licet
2587 511 2773 550 unum
2824 493 3140 552 offendant.
3194 494 3389 552 fovent
3436 497 3638 555 tamen
3671 499 3773 558 sed

363 585 564 638 menta
595 581 926 652 detergunt.

446 672 766 726 Possumus
796 685 1027 742 quoque
1057 671 1422 742 presbyteras
1452 671 1539 726 vel
1571 672 1847 727 diaconas
1881 670 2012 728 illas

365 760 720 827 existimare,
753 777 880 832 quae
913 759 1264 831 presbyteris
1295 760 1380 815 vel
1403 761 1663 816 diaconis
1696 765 1830 816 ante
1862 761 2015 816 ordi-

365 850 663 906 nationem
681 848 949 919 conjugio
972 847 1248 919 copulatae
1276 854 1439 905 sunt:
1458 867 1603 921 quas
1635 854 1836 922 postea
1856 854 2013 906 caste

369 954 569 1012 regere
600 939 832 1005 debent,
872 937 1024 993 sicut
1081 937 1142 993 in
1203 939 1522 994 canonibus
1571 939 2013 1012 promulgatum

374 1031 483 1097 est,
527 1027 626 1099 qui
683 1025 1079 1097 apostolorum
1137 1026 1306 1082 titulo
1366 1032 1739 1095 annotantur,
1800 1045 1926 1100 cap.
1959 1031 2013 1083 6.

374 1138 403 1168 ‹‹
426 1116 746 1188 Episcopus
768 1119 871 1170 aut
891 1116 1191 1187 presbyter
1213 1120 1314 1171 aut
1336 1116 1616 1173 diaconus
1639 1135 1875 1174 uxorem
1891 1135 2020 1190 pro-

371 1205 560 1277 priam
581 1219 952 1275 nequaquam
998 1205 1107 1258 sub
1140 1205 1382 1260 obtentu
1417 1205 1718 1278 religionis
1747 1205 2016 1278 abjiciat:

371 1294 421 1350 si
450 1308 585 1349 vero
615 1292 901 1363 rejecerit,
961 1295 1513 1350 excommunicetur.
1566 1296 1674 1350 Sed
1727 1295 1777 1350 si
1825 1311 2020 1366 perse-

366 1381 671 1447 veraverit,
739 1380 1065 1453 dejiciatur.
1121 1405 1144 1435 ι
1206 1383 1349 1439 Item
1409 1399 1477 1439 ex
1526 1384 1782 1440 Decretis
1816 1383 2023 1439 Leonis

375 1490 538 1546 papae
571 1488 698 1542 cap.
723 1473 749 1525 1
782 1473 836 1525 7:
876 1493 897 1520 α
932 1475 1045 1526 Lex
1075 1471 1440 1527 continentiae
1467 1473 1669 1528 eadem
1701 1478 1791 1529 est
1820 1472 2022 1528 altaris

376 1561 668 1618 ministris
723 1575 851 1630 quae
909 1559 1198 1632 episcopis
1255 1565 1429 1633 atque
1486 1560 1860 1634 presbyteris,
1922 1561 2023 1632 qui

377 1667 512 1707 cum
560 1652 757 1706 essent
803 1648 937 1704 laici
985 1648 1105 1706 sive
1166 1648 1431 1720 lectores,
1497 1650 1652 1706 licite
1701 1654 1759 1706 et
1815 1665 2024 1706 uxores

380 1739 593 1794 ducere
650 1741 707 1793 et
753 1736 904 1793 filios
959 1754 1283 1809 procreare,
1317 1743 1576 1810 potuere,
1630 1739 1731 1795 sed
1777 1755 1910 1794 cum
1950 1739 2022 1794 ad

381 1826 690 1900 praedictos
724 1840 1034 1898 pervenere
1081 1827 1320 1898 gradus,
1363 1827 1535 1898 ccepit
1591 1827 1674 1883 eis
1705 1845 1820 1883 non
1852 1827 2023 1883 licere

381 1916 538 1988 quod
580 1913 763 1970 licuit.
825 1936 854 1964 »
909 1913 1071 1970 Unde
1102 1919 1168 1970 ut
1225 1916 1295 1970 de
1335 1915 1555 1970 carnali
1586 1917 1685 1971 ﬁat
1725 1914 2028 1987 spirituale

379 2003 744 2076 conjugium,
776 2006 1001 2074 oportet
1029 2018 1128 2058 eos
1182 2019 1286 2058 nec
1336 2003 1629 2060 dimittere
1688 2021 1918 2074 uxores,
1971 2009 2028 2060 et

375 2092 546 2165 quasi
579 2107 697 2147 non
726 2090 996 2158 habeant,
1054 2090 1138 2147 sic
1194 2091 1427 2158 habere,
1478 2109 1594 2163 qua
1649 2097 1707 2148 et
1759 2093 1922 2149 salva
1950 2093 2028 2149 sit

381 2180 638 2239 charitas
669 2179 1116 2248 connubiorum,
1149 2184 1208 2235 et
1259 2185 1445 2236 cesset
1482 2181 1738 2250 operatio
1796 2182 2028 2254 nuptia—

380 2285 534 2326 rum.
567 2268 869 2324 Libentius
900 2271 1118 2335 tamen,
1153 2268 1498 2324 cbarissime
1545 2270 1766 2339 doctor,
1799 2286 2025 2326 secun-

378 2359 522 2415 dum
551 2356 913 2429 superiorem
951 2373 1190 2412 sensum
1224 2372 1349 2428 quae
1381 2357 1665 2428 explicata
1695 2363 1836 2414 sunt
1873 2360 2028 2414 acci-

375 2447 595 2520 pimus,
624 2447 808 2502 donec
832 2463 866 2501 a
897 2445 1064 2501 vobis
1095 2461 1427 2502 mereamur
1455 2447 1668 2502 certius
1699 2447 2023 2504 informari.

373 2535 663 2592 Omnibus
691 2551 824 2590 vero
856 2534 1006 2606 istis,
1038 2533 1191 2590 sicut
1222 2534 1860 2608 mandastis,denegata
1889 2541 2028 2593 sunt

375 2623 668 2696 conjugis,
725 2627 790 2678 ut
843 2623 1276 2679 ecclesiasticus
1305 2623 1490 2680 honor
1521 2629 1782 2680 servetur
1809 2626 1867 2680 in
1901 2642 2024 2682 om-

378 2713 577 2769 nibus.

443 2804 728 2858 Praeterea
757 2799 1045 2856 sinceram
1103 2799 1445 2857 charitatem
1495 2805 1751 2858 vestram
1783 2803 2024 2859 humili-

372 2895 462 2948 ter
491 2889 881 2962 exposcimus,
917 2890 987 2945 de
1017 2889 1263 2961 epistola
1294 2907 1421 2962 quae
1477 2891 1538 2946 in
1580 2893 1904 2948 canonibus
1936 2911 2024 2950 re-

371 2979 614 3052 peritur,
649 2995 776 3050 quis
807 2978 984 3033 etiam
1007 2978 1285 3034 canonice.
1315 2979 1546 3043 dicitur,
1571 2982 1740 3051 cujus
1771 2981 2026 3054 capitula

375 3070 463 3138 11,
495 3084 625 3124 esse
651 3071 994 3123 noscuntur.
1029 3083 1156 3139 qua:
1187 3068 1356 3124 nobis
1406 3069 1728 3126 utilissima
1775 3088 1908 3126 asse
1937 3071 2025 3126 vi-

371 3159 604 3218 dentur,
635 3173 888 3228 quorum
919 3156 1154 3212 initium
1187 3160 1276 3212 est
1337 3174 1349 3213 :
1404 3179 1432 3208 »
1467 3158 1729 3214 Primum
1757 3160 2020 3216 omnium

2121 580 2394 650 alterum,
2428 582 2548 638 haec
2578 588 2666 639 est
2696 600 2813 655 qua
2843 601 3055 656 corpus
3095 583 3451 657 dissolvitur,
3486 605 3654 645 mens
3684 590 3776 647 fa-

2119 669 2360 742 tigatur,
2393 672 2590 727 anima
2621 673 2916 744 afﬂigitur.
2954 673 3083 728 Haec
3112 677 3202 729 est
3232 691 3359 746 quae
3385 675 3563 731 David
3595 695 3774 750 appe-

2123 758 2611 826 tiit,Solomonem
2644 762 3115 832 prostravitﬂaec
3145 767 3235 818 est
3264 779 3388 834 qua:
3420 767 3776 838 martyribus

2125 847 2403 919 palmam,
2437 849 2872 906 confessoribus
2901 850 3144 923 insuper
3183 851 3473 908 diuturnae
3515 870 3780 912 macera-

2124 936 2302 992 tionis
2332 954 2606 994 coronam
2639 940 2866 995 auferre
2897 943 3161 995 conatur.
3196 941 3378 1012 Igitur
3407 959 3542 998 cum
3574 949 3783 1001 caatera

2125 1024 2264 1079 vitia
2313 1042 2417 1097 per
2464 1027 2766 1083 ministros
2807 1045 3041 1101 quoque
3090 1030 3287 1101 perﬁci
3345 1031 3598 1102 possint,
3641 1033 3781 1090 huic

2129 1112 2288 1168 nullo
2311 1115 2482 1170 modo
2514 1116 2627 1171 nisi
2653 1133 2787 1172 cum
2819 1117 3040 1189 proprii
3064 1119 3325 1190 corporis
3356 1120 3679 1192 pollutione
3701 1123 3782 1179 fa-

2130 1202 2410 1258 mulatur.
2443 1208 2590 1259 Sunt
2615 1205 2792 1260 etiam
2825 1206 3013 1260 multa
3043 1223 3171 1278 quae
3218 1206 3440 1264 incerta
3478 1215 3617 1264 sunt
3666 1227 3782 1282 quo

2131 1291 2326 1347 animo
2349 1293 2492 1348 ﬁant
2515 1312 2528 1362 ;
2553 1298 2610 1349 et
2629 1293 2766 1350 licet
2783 1300 3180 1367 cooperatores
3204 1313 3343 1352 suos
3365 1313 3467 1368 per
3487 1299 3782 1370 propriam

2131 1381 2548 1438 conscientiam
2575 1383 2874 1452 damnent,
2893 1383 3006 1456 ipsi
3028 1389 3224 1440 tamen
3255 1401 3318 1441 se
3345 1402 3580 1459 quoquo
3611 1390 3785 1445 modo

2132 1468 2261 1525 aliis
2292 1486 2568 1526 excusare
2599 1476 2866 1542 possunt.
2898 1471 3267 1528 Adulterium
3297 1490 3451 1542 vero,
3499 1492 3604 1532 nec
3633 1477 3784 1535 bono

2133 1557 2328 1614 animo
2359 1558 2505 1626 ﬁeri,
2535 1576 2639 1616 nec
2670 1561 2985 1617 excusandi
3018 1565 3210 1633 potest
3253 1563 3479 1620 aditum
3510 1566 3784 1637 reperire.

2133 1645 2296 1709 Quod
2326 1651 2392 1702 ut
2422 1647 2626 1704 beatus
2675 1648 2941 1705 Clemens
2980 1652 3086 1717 ait,
3137 1652 3463 1708 secundum
3505 1653 3566 1708 in
3597 1655 3787 1725 poenis

2134 1734 2390 1790 continet
2411 1735 2798 1794 locum.Unde
2819 1739 3097 1795 omnibus
3119 1739 3786 1816 Christianis,praacipue

2132 1826 2330 1880 tamen
2351 1826 2886 1899 sacerdotibus,qui
2909 1828 3260 1900 praedicandi
3284 1831 3546 1887 serviunt
3572 1833 3785 1901 ofﬁcio,

2136 1929 2458 1984 eorumque
2488 1914 2779 1972 ministris
2806 1933 3180 1989 summopere
3211 1921 3537 1976 cavendum
3572 1926 3684 1978 est.
3719 1925 3783 1979 In

2136 2001 2292 2072 quod
2324 2001 2472 2073 lapsi
2503 2003 2553 2060 si
2584 2003 2907 2075 fuerint,sit
2934 2005 3019 2060 eis
3046 2005 3438 2064 nihilominus
3469 2008 3529 2064 in
3561 2009 3791 2083 suppli-

2138 2090 2315 2159 cium,
2348 2091 2783 2148 continentibus
2835 2093 2896 2148 in
2954 2092 3300 2164 lamentum,
3350 2098 3682 2172 conjugatis
3731 2100 3791 2155 in

2138 2179 2709 2247 scandalum,stultis
2738 2182 2799 2237 in
2830 2183 3183 2254 exemplum,
3216 2189 3430 2250 sanctae
3468 2188 3564 2244 Dei
3595 2189 3791 2246 Eccle-

2137 2267 2235 2322 siae
2267 2267 2326 2321 in
2350 2269 2947 2330 detrimentum.Nam
2973 2273 3298 2329 secundum
3320 2275 3558 2332 beatum
3581 2277 3794 2350 Grego-

2137 2355 2488 2428 rium,cujus
2519 2359 2638 2414 vita
2667 2360 3196 2431 despicitur,restat
3216 2367 3282 2418 ut
3301 2363 3431 2435 ejus
3459 2365 3793 2436 praedicatio

2137 2447 2769 2515 contemnatur.Nostri
2796 2449 3047 2520 denique
3068 2451 3244 2506 ofﬁcii
3259 2452 3500 2508 nemina
3521 2470 3557 2508 a
3575 2453 3794 2511 talibus

2137 2533 2555 2590 abstinendum
2575 2553 2704 2592 esse
2717 2536 3512 2597 nobisinsinuant.Sacerdos
3533 2559 3791 2616 namque

2137 2623 2305 2693 quasi
2329 2640 2564 2680 sacrum
2587 2625 2734 2682 dans
2765 2626 3018 2683 dicitur:
3053 2628 3319 2686 minister
3339 2635 3537 2687 autem
3559 2648 3594 2687 a
3621 2633 3794 2688 mini—

2135 2713 2395 2767 strando.
2431 2713 2554 2776 Qua
2580 2731 2715 2788 ergo
2746 2716 2999 2771 nefanda
3045 2720 3500 2792 prmsumptione
3559 2738 3792 2780 sacrum

2135 2799 2393 2872 corporis
2415 2802 2500 2857 vel
2527 2803 2834 2875 sanguinis
2857 2805 3084 2860 Domini
3106 2807 3136 2862 J
3144 2823 3246 2862 esu
3267 2808 3480 2865 Christi
3504 2811 3792 2868 conﬁcere

2134 2887 2219 2944 vel
2242 2889 2380 2945 dare
2401 2891 2623 2947 caeteris
2642 2893 2947 2965 audet,qui
2962 2897 3348 2967 semetipsum
3367 2897 3427 2952 in
3442 2897 3789 2971 hujusmodi

2135 2978 2434 3048 spurcitiis
2485 2996 2827 3051 permanere
2873 2984 3222 3054 cognoscit?
3248 2986 3363 3040 Aut
3410 2989 3700 3058 quomodo
3732 2989 3792 3045 in

2132 3065 2350 3122 talibus
2376 3067 2713 3125 ministrare
2739 3069 2798 3125 in
2821 3070 3066 3127 ecclesia
3091 3077 3539 3148 praesumat,qui
3560 3076 3791 3133 libidini

2125 3154 2349 3225 jugiter
2378 3156 2537 3210 domi
2569 3158 2868 3214 deservit?
2919 3160 3121 3232 Itaque
3169 3163 3569 3219 sacerdotibus
3597 3166 3792 3222 verbis

371 3248 548 3302 ﬁdem
579 3224 926 3302 catholicam
957 3261 1162 3302 omnes
1195 3247 1514 3319 presbyteri
1573 3253 1628 3303 et
1659 3248 1888 3305 diaconi
1918 3266 2022 3306 seu
2053 3224 2097 3291 δ
2135 3224 2312 3298 simul
2346 3248 2402 3300 et
2447 3245 2724 3316 exemplis
2773 3224 3056 3319 populum
3088 3251 3358 3306 convenit
3387 3252 3652 3325 regulare
3687 3271 3700 3310 :
3735 3260 3794 3312 et

371 3334 720 3393 subdiaconi
753 3334 1092 3391 memoriter
1114 3340 1369 3404 teneant,
1404 3342 1470 3390 ut
1528 3336 1576 3391 si
1637 3340 1771 3407 quis
1801 3337 1909 3393 hoc
1941 3338 2030 3394 fa-

371 3424 646 3480 ciendum
679 3423 1101 3494 prestermittat,
1165 3424 1556 3494 quadraginta
1588 3425 1794 3480 diebus
1840 3443 1873 3480 a
1895 3426 2028 3482 vino

372 3528 431 3568 se
473 3511 799 3576 abstineat;
833 3515 890 3566 et
945 3511 997 3566 si
1040 3515 1173 3582 post
1239 3511 1658 3568 abstinentiam
1711 3512 2029 3585 neglexerit

371 3599 925 3667 commendandam,
958 3598 1292 3678 duplicetur
1316 3601 1375 3655 in
1397 3617 1462 3656 eo
1493 3601 1784 3657 sententia
1808 3646 1820 3670 ,
1858 3625 1879 3652 ι
1907 3604 2028 3660 sive

370 3691 442 3746 de
471 3689 706 3745 statutis
739 3687 998 3758 antiquis
1048 3689 1452 3757 Orientalium,
1485 3706 1739 3761 quorum
1771 3693 2026 3764 capitula

372 3781 608 3834 centum
631 3777 1184 3832 dinumerantur.Ex
1214 3777 1428 3849 quibus
1449 3778 1706 3849 primum
1739 3782 1892 3852 apud
1917 3799 2022 3838 nos

372 3867 433 3922 in
465 3866 625 3922 omni
676 3866 1086 3938 episcoporum
1155 3867 1587 3923 consecratione
1643 3870 2020 3942 perquiritur,

371 3956 541 4026 cujus
572 3955 810 4011 initium
841 3958 929 4010 est
963 3972 975 4011 :
1010 3954 1118 4020 Qui
1167 3955 1478 4026 episcopus
1509 3972 1636 4012 esse
1682 3958 1871 4026 debet,
1921 3977 2021 4015 ne-

371 4060 534 4102 cesse
572 4048 661 4100 est
716 4047 782 4100 ut
837 4048 1008 4099 antea
1064 4043 1447 4115 examinetur,
1506 4049 1613 4100 etc.
1670 4045 1744 4101 Ut
1801 4048 1870 4103 de
1927 4049 2020 4106 his

369 4134 647 4190 omnibus
697 4149 804 4188 nos
846 4133 1168 4188 certificare
1224 4132 1567 4204 dignemini,
1603 4151 1717 4206 quo
1759 4139 2020 4209 tempore

366 4222 455 4278 vel
487 4222 613 4277 loco
643 4221 986 4288 constituta,
1020 4221 1129 4276 sub
1163 4237 1278 4292 quo
1310 4221 1573 4293 principe
1601 4223 1690 4278 vel
1745 4242 1779 4280 a
1804 4226 2017 4296 quibus

367 4311 658 4379 Patribus,
707 4309 1001 4380 quomodo
1032 4309 1302 4364 habenda
1350 4310 1434 4366 vel
1465 4311 1513 4366 si
1575 4313 1811 4383 penitus
1873 4315 2016 4371 reci-

365 4398 600 4471 pienda,
637 4397 816 4453 autin
849 4397 1047 4469 aliquo
1078 4399 1404 4465 refutanda,
1437 4399 1848 4471 dijudicentur.
1885 4403 2016 4459 Om-

363 4487 633 4560 nipotens
663 4486 948 4542 Dominus
977 4490 1230 4543 vestram
1263 4488 1634 4560 prudentiam
1682 4491 1852 4548 nobis
1882 4509 2014 4548 con-

2141 3331 2270 3388 idea
2286 3333 2607 3389 cavendum
2632 3339 2818 3405 est,ne
2840 3337 2985 3393 forte
3011 3353 3145 3393 cum
3167 3338 3298 3395 aliis
3321 3341 3786 3412 praedicaverint,

2139 3419 2253 3491 ipsi
2284 3422 2514 3492 reprobi
2534 3423 2947 3492 inveniantur;
2979 3431 3035 3481 et
3057 3427 3300 3482 audiant
3322 3431 3479 3500 quod
3503 3431 3790 3489 Dominus

2135 3507 2493 3580 hypocrisim
2521 3512 2878 3584 redarguens
2899 3513 2980 3568 ait
3006 3530 3018 3568 :
3052 3518 3518 3590 Hypocrita,ejice
3537 3523 3786 3592 primum

2133 3599 2349 3654 trabem
2377 3599 2444 3655 de
2473 3600 2632 3656 oculo
2660 3605 2772 3670 tuo,
2803 3610 2854 3657 et
2885 3605 3015 3658 tunc
3041 3606 3336 3676 perspicies
3364 3613 3428 3661 ut
3455 3608 3650 3665 educas
3705 3613 3785 3682 fe-

2131 3690 2344 3742 stucam
2372 3688 2440 3743 de
2467 3691 2618 3744 oculo
2645 3692 2847 3759 fratris
2879 3693 2965 3744 tui
3001 3691 3150 3762 (Luc.
3207 3709 3284 3759 v1,
3310 3694 3420 3766 42),
3456 3696 3615 3752 Licet
3645 3698 3783 3769 sint,

2133 3777 2288 3846 quod
2322 3778 2511 3848 pejus,
2539 3777 2640 3848 qui
2683 3795 2788 3835 nec
2840 3779 3066 3834 trabem
3099 3782 3169 3836 de
3225 3798 3332 3836 suo
3382 3783 3644 3856 ejiciunt,
3680 3804 3784 3845 nec

2131 3865 2416 3920 festucam
2448 3867 2643 3922 fratris
2691 3866 2964 3938 repellere
2996 3875 3380 3940 praesumunt,
3423 3874 3524 3930 sed
3557 3877 3785 3932 confusi

2132 3954 2565 4025 obmutescunt,
2582 3956 2723 4011 dum
2748 3955 2973 4028 seipsos
2996 3959 3274 4031 reprobos
3303 3969 3679 4035 cognoscunt.
3713 3965 3784 4021 Hi

2131 4042 2272 4097 dum
2304 4043 2429 4099 suis
2458 4044 2712 4114 peccatis
2743 4044 2934 4101 aliena
2954 4047 3460 4120 nutriunt,merito
3493 4057 3787 4110 utrorum-

2130 4145 2242 4200 que
2291 4132 2626 4201 portabunt.
2660 4133 2758 4188 Ait
2788 4134 2945 4189 enim
2998 4135 3285 4193 Dominus
3319 4154 3332 4192 :
3363 4143 3429 4195 5i
3456 4141 3673 4198 dicente
3699 4159 3787 4199 me

2129 4218 2198 4273 ad
2230 4221 2484 4292 impium,
2519 4229 2692 4276 morte
2753 4224 3027 4290 morieris,
3082 4240 3193 4280 non
3252 4231 3674 4287 annuntiaverie
3709 4233 3784 4300 ei,

2125 4324 2301 4381 neque
2334 4310 2543 4366 locutus
2570 4313 2748 4382 fueris
2774 4319 2835 4367 ut
2861 4315 3144 4368 avertatur
3171 4330 3207 4369 a
3235 4317 3328 4370 via
3367 4332 3471 4371 sua
3509 4319 3705 4390 impia,
3733 4328 3784 4377 et

2126 4399 2273 4454 vivat
2302 4416 2320 4453 :
2349 4402 2467 4471 ipse
2495 4402 2555 4456 in
2585 4402 2884 4472 iniquitate
2911 4417 3016 4457 sua
3044 4404 3664 4474 morietur,sanguinem
3681 4425 3784 4463 au-

2124 4495 2229 4542 tem
2258 4489 2373 4559 ejus
2401 4489 2468 4544 de
2495 4506 2667 4544 manu
2695 4499 2790 4544 tua
2819 4491 3101 4560 requiram
3129 4489 3355 4560 (Ezech.
3391 4508 3475 4559 nr,
3512 4493 3784 4564 18).Prae-

361 4592 591 4634 servare
623 4576 897 4648 dignetur
940 4580 1005 4631 ut
1034 4577 1105 4632 ab
1163 4593 1230 4633 ea
1267 4576 1538 4649 regulati,
1571 4583 1726 4635 recto
1783 4582 2016 4639 tramite
2043 4589 2092 4654 Ι)
2123 4579 2282 4632 terea
2311 4578 2466 4647 quod
2499 4576 2687 4632 dicere
2747 4577 2948 4646 pudet.
2977 4580 3168 4632 tacere
3198 4580 3394 4633 autem
3426 4579 3780 4652 pericvlum,

360 4665 628 4722 incedere
659 4665 981 4722 valeamus.

952 4755 1296 4811 EPISTOLA
1337 4756 1424 4812 1X.

427 4861 501 4899 AD
540 4861 730 4901 OMNES
793 4861 1143 4901 SACERDOTES
1184 4861 1466 4902 DIOECESIS
1505 4862 1938 4902 VERCELLENSIS.

427 4939 578 4990 Arro
613 4935 709 4990 Dei
757 4935 946 5007 gratia
975 4933 1220 4990 humilis
1263 4934 1593 5004 episcopus,
1655 4936 1883 4990 cunctis
1917 4951 2010 4990 sa-

351 5039 415 5079 ce
431 5023 700 5081 rdotibus
759 5039 1081 5094 eorumque
1139 5019 1424 5076 ministris
1459 5021 1516 5074 in
1550 5026 1751 5077 nostra
1781 5022 2010 5078 Vercel-

349 5111 498 5168 lensi
533 5113 768 5169 dicecesi
801 5110 1301 5170 commorantibus
1331 5113 1557 5164 aeternae
1588 5109 1881 5167 felicitatis
1913 5128 2006 5168 co-

349 5217 575 5258 ronam.

420 5291 874 5354 Incontinentiae,
963 5283 1352 5355 dilectissimi,
1414 5289 1616 5344 multas
1679 5295 1819 5346 sunt
1875 5306 2005 5362 spe-

347 5378 483 5436 cies.
527 5380 721 5447 Qoties
779 5374 936 5431 enim
995 5371 1233 5445 aliquod
1292 5374 1522 5432 facinus
1571 5383 1998 5450 perpetramus,

345 5469 416 5524 ad
447 5467 503 5523 id
569 5485 670 5538 per
721 5463 1210 5519 incontinentiam
1271 5462 1546 5520 labimur.
1581 5467 1866 5538 Specialis
1915 5473 2000 5524 ta-

344 5573 478 5612 men
511 5554 949 5622 incontinentia,
984 5553 1229 5621 luxuria,
1264 5558 1372 5620 est,
1420 5570 1547 5625 qua)
1577 5572 1790 5628 corpus
1821 5556 1997 5613 simul

331 5645 621 5714 orrumpit
676 5649 731 5699 et
789 5644 1070 5698 animam.
1125 5643 1272 5699 Nam
1321 5659 1458 5703 cum
1508 5644 1695 5702 multa
1738 5645 1855 5703 sint
1906 5647 1991 5703 vi-

2125 4663 2364 4734 quidam
2389 4665 2447 4719 in
2470 4669 2701 4720 tantum
2722 4664 2951 4719 libidini
2972 4665 3479 4737 mancipantur,ut
3494 4669 3778 4730 obscenas

2123 4753 2522 4809 meretriculas
2553 4770 2660 4808 sua
2688 4752 2866 4808 simul
2921 4753 2980 4808 in
3036 4753 3209 4810 domo
3253 4771 3454 4812 secum
3486 4757 3770 4832 habitare,

2125 4857 2243 4896 una
2272 4841 2468 4897 cibum
2523 4859 2754 4899 sumere
2806 4859 2872 4898 ac
2902 4841 3134 4914 publice
3178 4845 3387 4916 degere
3417 4847 3773 4919 permittant.

2123 4931 2378 4994 Quarum
2410 4929 2700 4986 illecebris
2755 4930 2956 4996 illecti,
2997 4947 3117 4987 suae
3177 4933 3406 4998 domui,
3437 4940 3776 5009 cunctaeque

2120 5017 2354 5073 familiis
2375 5037 2441 5074 ac
2463 5019 2812 5092 supellectili
2829 5037 2926 5076 eas
2945 5037 3194 5092 praeesse
3210 5021 3780 5092 dijudicant,suum-

2120 5122 2232 5177 que
2266 5113 2399 5179 post
2428 5108 2652 5164 obitum
2685 5113 2946 5164 scortum
2978 5107 3268 5186 haeredem
3301 5111 3686 5186 constituunt,
3721 5120 3780 5172 et

2118 5195 2402 5268 quidquid
2428 5198 2500 5254 de
2533 5197 2912 5254 facultatibus
2941 5197 3216 5266 ecclesiae,
3237 5183 3338 5252 vel
3367 5183 3775 5276 eleemosynis,

2116 5301 2219 5341 seu
2247 5287 2636 5358 undecunque
2664 5287 2968 5359 acquirere
2996 5285 3614 5359 possunt,hujusmodi
3645 5309 3775 5349 ma-

2116 5375 2289 5430 nibus
2321 5375 2768 5432 distrahendum
2791 5375 3150 5447 relinquunt.
3173 5374 3384 5447 Sicque
3414 5378 3502 5444 ﬁt,
3535 5383 3602 5436 ut
3630 5382 3772 5438 dum

2113 5468 2324 5518 sancta:
2343 5465 2438 5519 Dei
2462 5465 2728 5521 Ecclesiae
2750 5465 2922 5521 matri
2947 5468 3003 5520 et
3026 5479 3255 5533 sponsae
3279 5463 3546 5534 pellicem
3565 5485 3771 5542 super-

2111 5553 2418 5622 inducunt,
2451 5555 2567 5611 Deo
2601 5556 2778 5622 Patri,
2813 5559 2870 5609 et
2900 5553 3056 5609 ﬁdeli
3086 5552 3207 5608 viro
3237 5553 3498 5610 animam
3531 5558 3763 5616 subtra-

2108 5642 2332 5712 hant,et
2351 5643 2581 5703 diabolo
2600 5643 3013 5702 moechandum
3035 5643 3556 5705 eontradant.8unt
3575 5648 3754 5707 etiam
