4114 6172
292 336 400 400 117

1770 333 2196 398 EPISTOLE.

3574 327 3690 394 118

295 470 391 546 qui
423 468 565 526 nudi
596 470 668 527 ad
700 470 985 528 Eolesiam
1018 470 1255 527 veniunt
1285 470 1385 527 sed
1427 471 1497 526 de
1525 469 1656 541 ejus
1712 468 1927 524 beneﬁ-
1956 470 2010 536 Α
2041 469 2202 534 Quod
2218 467 2431 525 falsum
2445 485 2572 527 esse
2592 466 3422 544 cognoscimus,dumillarum
3438 468 3683 525 naturas

292 561 394 618 ciis
421 561 861 617 accrescunt.Hi
892 560 1145 633 primum
1176 560 1384 632 inopiae
1417 577 1595 616 causa
1625 558 1930 614 continen-

292 652 432 707 tiam
488 651 747 723 ﬁngunt,
803 656 858 706 et
913 651 1286 722 postmodum
1336 649 1524 713 ditati,
1597 648 1933 704 meretrices

286 740 597 797 asciscunt.
633 740 739 803 Qui
769 741 909 794 dum
942 740 1192 811 penuria
1223 740 1556 795 laborarent
1601 739 1672 794 ab
1704 738 1789 793 eis
1822 738 1929 791 de-

283 830 480 902 specti,
517 834 731 885 sanctae
763 828 1029 885 Ecclesiae
1059 829 1282 901 gremio
1315 834 1453 884 sunt
1483 827 1721 899 recepti.
1790 827 1930 881 Inde

284 917 565 990 quidquid
598 918 974 989 postmodum
1006 917 1352 974 subtrahere
1380 917 1595 984 valent,
1628 916 1775 987 ipsis
1808 932 1924 971 non

283 1007 556 1063 desinunt
583 1022 837 1078 erogare.
896 1008 968 1062 Et
1006 1008 1161 1061 unde
1219 1007 1554 1061 meretrices
1618 1009 1923 1074 ornantur,

287 1095 535 1153 ecclesiae
563 1100 891 1163 vastantur,
912 1112 1198 1168 pauperes
1228 1095 1603 1150 tribulantur.
1629 1099 1749 1148 Hac
1772 1109 1930 1149 occa-

282 1185 441 1241 sione
476 1183 774 1255 publicani
800 1186 916 1256 (65)
946 1185 1291 1240 clericorum
1323 1185 1527 1240 domos
1566 1184 1923 1253 irrumpunt,

282 1289 389 1328 non
422 1272 607 1344 ipsos,
640 1273 741 1328 sed
775 1277 1231 1329 commamentes
1262 1272 1538 1327 mulieres
1584 1288 1719 1326 cum
1779 1270 1926 1342 ipsis

280 1378 419 1434 quos
450 1366 773 1433 genuerant
794 1362 1209 1433 spuriis,quasi
1232 1362 1345 1416 sibi
1367 1361 1714 1417 commissos
1737 1364 1923 1414 extra-

276 1451 406 1506 here
428 1448 865 1506 simulantes.Id
895 1451 1191 1522 trepidant
1202 1451 1483 1515 miseri,et
1504 1466 1750 1505 munera
1766 1466 1923 1519 quae-

279 1556 386 1612 que
417 1540 792 1612 promittunt,
835 1544 891 1595 et
929 1540 1027 1610 qui
1075 1540 1304 1596 adorari
1335 1544 1623 1611 poterant,
1683 1544 1925 1594 cunctos

279 1630 531 1685 adorare
560 1633 870 1701 coguntur.
902 1631 973 1685 Et
1023 1632 1125 1702 qui
1175 1629 1437 1685 omnium
1488 1628 1733 1684 viriliter
1781 1627 1926 1682 vitia

278 1718 600 1773 declamare
630 1718 952 1775 debuerant
972 1719 1043 1774 de
1070 1719 1160 1773 sui
1184 1720 1339 1790 apud
1369 1716 1626 1789 judicem
1652 1721 1924 1788 quaerunt

276 1807 587 1863 licentiam.
624 1808 719 1864 Sic
748 1824 924 1864 sacrae
966 1808 1117 1863 aedes
1168 1807 1563 1879 publicentur,
1596 1810 1652 1862 et
1682 1824 1717 1861 a
1746 1805 1919 1877 vulgo

277 1896 640 1965 deridentur,
673 1902 731 1953 et
759 1914 974 1952 nomen
1006 1896 1239 1953 Domini
1272 1895 1736 1967 blasphematur,
1770 1895 1921 1949 sicut

280 1985 562 2057 scriptum
594 1990 729 2041 est:
774 1988 879 2042 Nos
916 1988 1045 2042 estis
1096 2003 1197 2058 per
1250 2002 1385 2057 quos
1440 2002 1638 2041 nomen
1695 1985 1922 2041 Domini

278 2072 688 2145 blasphematur
718 2076 865 2130 inter
894 2079 1076 2145 gentes
1105 2077 1284 2148 (Rom.
1319 2074 1719 2147 11,24).Solent
1741 2075 1918 2129 etiam

275 2161 370 2218 tali
398 2180 512 2234 pro
541 2163 759 2219 scelere
786 2163 1112 2219 vicinorum
1143 2164 1587 2235 vicinarumque
1609 2162 1807 2217 odium
1831 2161 1920 2215 in-

274 2253 773 2318 currere.Quoties
806 2270 1062 2324 namque
1092 2252 1503 2323 hujuscemodi
1534 2251 1811 2307 mulieres
1830 2249 1919 2306 vel

273 2356 476 2396 earum
510 2342 698 2413 spurii
729 2358 865 2397 cum
896 2341 1195 2413 aliquibus
1241 2342 1495 2413 litigant,
1524 2340 1637 2411 ipsi
1694 2341 1922 2411 abjecta

271 2430 423 2486 omni
466 2430 811 2487 sacerdotali
836 2432 1157 2488 reverentia
1185 2447 1314 2487 sese
1338 2428 1920 2503 opponunt;injurias

269 2522 320 2574 et
348 2519 745 2575 contumelias
775 2537 921 2592 quas
953 2525 1223 2593 possunt,
1256 2521 1468 2576 inferre
1512 2519 1648 2589 (64),
1680 2524 1737 2574 et
1762 2520 1918 2573 dete-

268 2606 414 2664 riora
457 2610 1038 2681 minantur.lnsuper
1062 2614 1128 2664 ut
1155 2608 1290 2665 talis
1319 2609 1513 2663 dietur
1540 2607 1783 2673 familia,
1806 2607 1918 2677 ipsi

270 2697 499 2768 cupidi,
532 2714 792 2770 repaces,
824 2699 1102 2764 usurarii,
1135 2698 1314 2754 avari.
1348 2702 1402 2753 et
1431 2697 1634 2765 invidi,
1669 2714 1735 2751 ac
1768 2698 1922 2750 frau-

264 2785 495 2842 dulenti
508 2787 1033 2844 efﬁciuntur.Unde
1048 2804 1161 2843 non
1176 2786 1473 2843 modicum
1492 2785 1707 2842 Christi
1730 2784 1918 2841 Eccle-

268 2875 350 2930 sia
370 2876 1051 2946 patiturdetrimentum.
1067 2877 1213 2931 Nam
1238 2876 1492 2948 populus
1514 2876 1622 2930 hoc
1652 2875 1917 2931 conside-

272 2964 700 3031 rans,decimas
730 2969 787 3020 et
816 2964 1108 3036 primitias
1140 2964 1666 3037 ipsisexigentibus
1680 2964 1921 3018 reddere

272 3051 387 3107 Deo
420 3053 1548 3125 contemnunt,nullumqueobsequium
1582 3057 1796 3108 sancta:
1822 3051 1918 3106 Dei

267 3142 542 3197 Ecclesiae
571 3143 897 3213 persolvere
951 3143 1175 3209 volunt,
1229 3144 1385 3197 unde
1415 3142 1531 3213 ipsi
1587 3141 1921 3196 sacerdotes

267 3228 516 3302 aliquod
541 3231 823 3302 consequi
852 3231 1081 3301 possint
1119 3230 1606 3285 emolumentum.
1665 3230 1735 3283 Et
1784 3228 1921 3283 inde

264 3317 530 3390 populus
560 3317 881 3389 sacrilegus
911 3317 1185 3372 efﬁcitur.
1219 3317 1334 3389 Ipsi
1365 3321 1559 3372 autem
1587 3317 1645 3371 in
1694 3321 1921 3371 tantam

265 3405 625 3478 plerumque
654 3405 970 3461 deveniunt
997 3410 1495 3478 paupertatem,ut
1528 3405 1619 3460 vix
1652 3406 1922 3461 sufﬁcere

265 3494 521 3566 possint.
556 3495 783 3551 Rursus
814 3495 1215 3562 inveniuntur,
1234 3495 1331 3567 qui
1363 3511 1498 3550 cum
1531 3495 1602 3550 ab
1631 3494 1921 3567 episcopis

268 3584 390 3638 suis
423 3581 530 3637 tali
562 3599 666 3653 pro
698 3583 944 3638 crimine
966 3588 1313 3655 arguantur,
1334 3588 1640 3655 paternam
1673 3583 1921 3639 charita-

269 3675 384 3727 tem
418 3675 733 3742 respuunt,
767 3676 825 3727 et
855 3672 1090 3727 obedire
1144 3676 1552 3741 contemnunt,
1611 3672 1920 3743 ipsamque

272 3760 640 3829 ﬁdelitatem,
666 3777 843 3831 quam
869 3760 1255 3832 jurejurando
1295 3760 1706 3833 promiserant,
1738 3768 1917 3816 teme-

270 3865 392 3903 rare
423 3866 547 3904 non
578 3850 979 3917 metuunt,sed
1012 3850 1313 3905 mundana
1342 3850 1623 3905 adversus
1654 3866 1788 3905 eum
1814 3865 1920 3921 ag-

272 3937 623 4007 grediuntur
651 3937 882 3993 defendi
906 3938 1253 4009 potentia,se
1276 3952 1507 4009 quoque
1530 3954 1817 4009 suamque
1840 3940 1917 3993 si-

274 4025 393 4079 mul
412 4025 701 4081 familiam
725 4027 853 4096 ejus
870 4026 1219 4082 adxersariis
1240 4026 1697 4093 committunt,et
1717 4025 1800 4081 sic
1818 4028 1917 4081 de-

277 4129 434 4170 mum
464 4114 566 4170 his
588 4114 719 4170 freti
749 4115 982 4170 auxiliis
1012 4115 1466 4172 ecclesiasticam
1488 4116 1750 4187 regulam
1782 4134 1919 4187 par-

272 4202 617 4275 vipendunt,
646 4207 821 4275 atque
853 4205 923 4259 ad
958 4204 1331 4260 dominorum
1363 4205 1677 4277 imperium
1730 4204 1917 4276 quoli-

270 4291 361 4347 bet
382 4292 632 4361 loco,vel
659 4297 920 4365 tempore
952 4293 1164 4349 missas
1196 4310 1421 4362 canere,
1443 4294 1797 4366 baptismate.
1827 4312 1916 4349 ce-

274 4380 517 4447 lebrare,
551 4380 823 4453 alligatos
849 4381 1172 4452 absolvere,
1205 4382 1426 4438 solutos
1457 4382 1697 4453 alligare
1718 4388 1918 4439 contra

267 4468 360 4539 jus
388 4486 713 4537 canonum,
746 4471 872 4526 sine
905 4470 1104 4542 aliqua
1136 4469 1485 4526 discretione
1530 4476 1914 4543 praesumunt,

1952 3210 1994 3276 C

2042 558 2943 616 oonsideramus.Persecutionis
2971 559 3149 631 igitur
3170 557 3683 631 pressurasDomi-

2043 664 2155 703 nus
2185 648 2497 703 insinuans
2530 650 2609 704 ait
2641 667 2654 705 :
2696 652 2783 707 Vae
2810 658 2992 705 autem
3019 648 3438 721 prwgnantibus
3495 656 3547 703 et
3574 663 3681 701 nu-

2042 737 2336 793 trientibus
2363 740 2422 792 in
2454 738 2571 793 illis
2601 738 2786 793 diebus
2815 740 3020 811 (Matth.
3058 755 3182 805 x111,
3217 737 3325 809 17).
3358 736 3514 799 Qood
3546 736 3677 791 ideo

2040 826 2259 881 dixisse
2288 826 2818 897 intendimus,quia
2835 828 2973 897 ipsas
2999 826 3292 898 impeditae
3309 829 3366 881 et
3388 825 3682 897 graviores

2039 932 2154 987 prae
2178 916 2401 971 caeteris
2424 916 2871 972 necessitatibus
2892 920 3016 973 suis
3039 916 3236 971 minus
3257 920 3525 987 poterant
3545 915 3684 970 sub-

2036 1005 2249 1060 venire.
2285 1006 2583 1068 Quomodo
2617 1022 2751 1078 ergo
2782 1005 2963 1061 alium
2994 1005 3205 1077 poterit
3234 1002 3678 1076 sublevare,qui

2038 1094 2421 1165 semetipsum
2446 1111 2560 1150 non
2588 1094 2739 1150 valet
2759 1094 3019 1167 erigere?
3044 1094 3204 1149 Certe
3234 1093 3453 1149 talibus
3472 1093 3584 1149 nisi
3600 1093 3672 1149 ab

2037 1182 2166 1237 aliis
2204 1183 3041 1250 ministretur,suislaboribus
3058 1199 3163 1237 nec
3178 1184 3314 1255 ipsas
3347 1182 3681 1239 subsistunt

2035 1272 2143 1327 Sed
2178 1272 2403 1327 facinus
2435 1274 2589 1345 quod
2638 1273 2936 1344 voluptate
2984 1276 3372 1343 perpetretur,
3422 1272 3673 1328 utilitate

2036 1362 2296 1416 excusari
2330 1363 2627 1433 quaeritur;
2662 1362 2875 1418 etilitas
2906 1366 3101 1417 tamen
3126 1378 3239 1417 non
3271 1362 3677 1430 estservanda,

2034 1466 2209 1521 quam
2242 1450 2391 1505 ratio
2423 1468 2537 1507 non
2562 1450 3173 1507 commendat.Verum
3207 1454 3265 1505 et
3293 1450 3344 1506 si
3372 1449 3680 1521 aliquis,ut

2033 1540 2277 1595 asseritu
2289 1539 2399 1607 r,in
2424 1540 2523 1611 huj
2534 1540 2765 1595 usmodi
2781 1540 3130 1596 commercio
3146 1539 3504 1596 inveniretur
3518 1555 3675 1611 quae-

2032 1629 2328 1699 stus,quia
2357 1633 2555 1685 nostro
2568 1629 2894 1686 ministerio
2916 1628 3275 1686 contrarium
3291 1628 3677 1695 videtur,om-

2032 1716 2285 1773 nimodis
2302 1723 2390 1773 est
2402 1718 2941 1790 aspernandus.Qui
2954 1719 3110 1775 enim
3124 1717 3439 1790 aliquando
3453 1720 3680 1790 aposto-

2030 1803 2350 1873 lorum,aut
2380 1811 2718 1864 caaterorum
2750 1807 3017 1864 Ecclesiae
3040 1808 3349 1863 doctorum
3370 1822 3506 1864 cum
3539 1824 3675 1863 mu-

2032 1892 2273 1950 lieribus
2304 1896 2375 1951 ad
2409 1897 2843 1967 praedicandum
2875 1897 3116 1968 profecti
3138 1900 3279 1952 sunt
3306 1897 3334 1950 ‘2
3363 1896 3581 1967 Nempe
3603 1896 3676 1952 ab

2030 1983 2293 2055 ipsarum
2326 1985 2639 2055 connubio,
2672 2002 2819 2057 quas
2850 1991 2986 2041 ante
3024 1985 3387 2040 vocationem
3416 1984 3677 2057 legitime

2031 2072 2629 2144 duxere,posmodum
2648 2090 2710 2128 se
2733 2074 3259 2138 subtraxere.Quod
3276 2074 3456 2128 etiam
3469 2074 3675 2130 beatus

2031 2160 2299 2216 Clemens
2328 2162 2388 2216 in
2421 2161 2757 2233 apostolicis
2786 2162 3183 2219 Decretalibus
3196 2162 3537 2234 praecipiens
3570 2162 3669 2217 ait:

2038 2269 2065 2301 (ι
2084 2249 2334 2307 Ministri
2358 2250 2561 2306 altaris
2574 2251 2646 2306 ad
2678 2250 2981 2306 Dominica
2999 2251 3147 2306 tales
3168 2250 3464 2322 eligantur
3479 2250 3674 2308 ofﬁcia

2031 2340 2131 2411 qui
2164 2342 2298 2394 ante
2327 2339 2756 2395 ordinationem
2787 2340 3065 2411 coniuges
3096 2356 3233 2395 suas
3254 2338 3671 2412 reliquerunt.»

2031 2428 2174 2483 Item
2208 2425 2437 2483 concilii
2470 2428 2693 2499 (primi)
2725 2428 2992 2499 Carthag.
3023 2444 3148 2498 cap.
3181 2430 3252 2482 25
3281 2429 3357 2499 {2,
3400 2430 3535 2498 sive,
3570 2431 3624 2500 4]
3660 2447 3673 2485 :

2037 2539 2058 2566 ι
2095 2516 2319 2571 Placuit
2339 2518 2495 2588 quod
2526 2521 2583 2573 et
2610 2517 2671 2573 in
2704 2517 2948 2572 diversis
2971 2516 3234 2572 conciliis
3265 2518 3677 2575 conﬁrmatum

2030 2610 2141 2672 est,
2176 2610 2241 2660 ut
2272 2605 2751 2677 subdiaconi,qui
2782 2623 2952 2661 sacra
2981 2605 3257 2678 mysteria
3288 2611 3677 2675 contrectant,

2029 2695 2260 2750 diaconi
2293 2699 2350 2749 et
2372 2696 2719 2767 presbyteri,
2784 2696 2974 2751 sedet
3032 2694 3293 2767 episcopi
3350 2698 3678 2753 secundum

2030 2784 2267 2855 propria
2299 2788 2517 2840 statuta
2547 2784 2723 2839 etiam
2756 2785 2829 2839 ab
2860 2784 3142 2839 uxoribus
3173 2801 3236 2840 se
3266 2784 3623 2842 contineant.
3651 2810 3673 2837 ι

2029 2874 2122 2929 Sic
2156 2874 2534 2929 Innocentius
2561 2879 2619 2929 et
2650 2874 2761 2929 Leo
2795 2873 3044 2929 Romani
3075 2874 3383 2945 pontiﬁces
3416 2875 3538 2943 ;sic
3569 2893 3676 2931 caa-

2029 2962 2137 3017 teri
2170 2979 2401 3033 quoque
2431 2966 2831 3034 protestantur
2860 2966 3145 3018 auctores.
3204 2964 3429 3027 Quanto
3486 2965 3678 3036 magis

2031 3051 2245 3106 etenim
2279 3052 2613 3107 carnalibus
2629 3050 3121 3123 concupiscentiis
3151 3058 3210 3107 et
3233 3053 3551 3107 mundanis
3575 3070 3676 3109 ne-

2032 3140 2207 3210 gotiis
2239 3140 2832 3205 subtrahimur,tanto
2863 3139 3249 3212 expeditiores
3279 3140 3459 3195 divini
3484 3142 3675 3213 operis

2032 3228 2287 3282 cultores
2316 3227 2627 3297 efﬁcimur,
2660 3227 2856 3282 Boetio
2888 3226 3103 3282 illustri
3134 3228 3257 3282 viro
3288 3232 3558 3301 testante,
3573 3231 3674 3301 qui

2033 3314 2115 3370 ait
2150 3332 2163 3369 :
2197 3316 2284 3370 Tu
2316 3317 2364 3371 si
2396 3316 2456 3371 in
2488 3316 2637 3371 hanc
2666 3315 2873 3371 mundi
2904 3332 3137 3371 scenam
3168 3316 3364 3372 nudus
3394 3317 3677 3375 intrasses

2032 3419 2273 3459 securus
2304 3420 2499 3459 coram
2531 3403 2755 3459 latrone
2786 3407 3084 3460 cantares.
3130 3406 3407 3462 Latrones
3458 3406 3677 3479 quippe

2032 3493 2237 3559 nostri,
2272 3494 2588 3561 daemones,
2649 3509 2969 3564 eorumque
3022 3492 3299 3564 ministri,
3343 3494 3443 3565 qui
3476 3499 3678 3552 nostra

2033 3598 2266 3653 semper
2294 3586 2529 3637 tentant
2559 3582 2809 3655 diripere
2842 3583 3169 3638 commoda.
3203 3584 3273 3638 Et
3329 3583 3568 3654 quidem
3627 3585 3678 3641 si

2032 3670 2196 3737 nudi,
2231 3675 2287 3726 et
2317 3670 2568 3742 expediti
2599 3671 2672 3726 ab
2702 3670 2925 3726 illicitis
2967 3671 3276 3740 fuerimus,
3331 3672 3521 3729 securi
3580 3690 3675 3730 co-

2029 3777 2155 3814 ram
2186 3760 2333 3831 ipsis
2364 3760 2759 3831 cantabimus,
2787 3760 2910 3815 sive
2958 3760 3222 3831 reprobis
3270 3777 3411 3817 suas
3443 3777 3673 3834 perver-

2028 3848 2233 3904 sitates
2263 3849 2602 3920 exponendo
2634 3854 2689 3904 et
2719 3850 2947 3905 futuras
2972 3848 3240 3904 miserias
3286 3847 3466 3906 libere
3522 3868 3673 3924 pris-

2030 3937 2298 4005 dicando,
2334 3937 2454 3991 sive
2477 3936 2842 3993 daemonibus
2872 3936 2942 3992 de
2968 3936 3272 3992 canticulis
3302 3936 3483 3993 David
3539 3956 3673 4011 pro-

2030 4025 2357 4089 clamando,
2393 4027 2607 4079 Anima
2634 4034 2823 4080 nostra
2848 4026 2988 4080 sicut
3012 4040 3206 4095 passer
3232 4034 3424 4096 erepta
3479 4031 3562 4081 est
3608 4028 3674 4083 de

2030 4114 2226 4185 laqueo
2256 4114 2597 4169 venantium.
2631 4114 2881 4184 Laqueus
2926 4112 3193 4169 contritus
3225 4120 3321 4183 est,
3382 4118 3437 4168 et
3466 4130 3569 4169 nos
3602 4116 3671 4171 li-

2030 4203 2208 4258 berati
2234 4218 2423 4258 sumus
2452 4202 2621 4274 (Psal.
2658 4219 2849 4267 cxxm,
2878 4202 2957 4271 7).

2099 4290 2398 4346 Custodite
2429 4306 2565 4361 ergo
2603 4306 2728 4355 vos,
2783 4288 2991 4344 fratres
3046 4287 3402 4359 charissimi,
3453 4305 3487 4344 a
3542 4307 3674 4347 con-

2028 4380 2296 4435 tubernio
2312 4379 2726 4447 mulierum,ne
2740 4378 2983 4434 membra
2998 4379 3209 4435 Christi
3239 4379 3486 4435 membra
3496 4380 3671 4451 facia-

2028 4471 2097 4523 tis
2126 4471 2477 4524 meretricum
2506 4468 2553 4539 (I
2586 4468 2705 4524 Cor.
2738 4468 2914 4539 v1,15)
2940 4484 2953 4524 :
2988 4468 3143 4522 unde
3174 4466 3413 4524 difﬁcile
3432 4470 3675 4524 evadere

276 4560 327 4611 et
353 4558 451 4628 qui
482 4556 763 4629 capitalia
794 4559 1062 4613 membra
1089 4561 1303 4614 sanctis
1344 4557 1610 4613 Ecclesia:
1643 4575 1770 4614 esse
1818 4560 1911 4615 de-
1948 4580 1995 4643 D
2027 4557 2289 4631 potestis,
2310 4557 2423 4613 nisi
2441 4558 2512 4613 ab
2544 4572 2788 4613 earnum
2819 4556 3112 4611 consortio
3138 4555 3462 4612 declinetis.
3488 4559 3671 4623 Quem

275 4645 540 4719 buerant,
576 4664 741 4703 arma
770 4647 1031 4703 hostium
1062 4647 1425 4713 efﬁciuntur,
1477 4664 1655 4718 seque
1703 4647 1767 4703 in
1801 4649 1917 4704 exi-

277 4734 436 4803 tium,
468 4736 762 4809 populum
794 4736 853 4792 in
886 4752 1143 4792 errorem
1174 4737 1570 4792 deducunt.Et
1598 4736 1733 4792 inde
1764 4753 1917 4810 saepe

275 4825 599 4881 maximum
626 4826 904 4882 adversus
921 4830 1184 4882 sanctam
1206 4825 1521 4881 Ecclesiam
1551 4825 1735 4881 oritur
1756 4844 1919 4883 scan-

276 4912 467 4971 dalum
495 4932 519 4979 ;
554 4914 695 4986 quia
726 4932 874 4987 quos
902 4914 1028 4971 vult
1059 4915 1277 4971 habere
1306 4914 1481 4983 ﬁlios,
1504 4915 1690 4970 cernit
1716 4916 1917 4971 inimi-

276 5016 388 5070 cos,
419 5007 477 5060 et
506 5020 661 5076 quos
685 5003 1071 5073 consiliarios,
1105 5005 1284 5061 duros
1318 5004 1700 5061 adversarios.

342 5092 563 5149 Iterum
576 5093 843 5165 sunt,qui
864 5094 936 5148 de
960 5093 1313 5150 feminarum
1338 5093 1718 5150 contubernio
1739 5111 1801 5151 se
1817 5111 1918 5150 ex-

278 5192 479 5237 cusare
501 5185 794 5254 quaerunt,
819 5182 961 5237 dum
996 5198 1164 5237 suam
1196 5183 1365 5255 quasi
1400 5182 1806 5239 necessitatem
1828 5200 1920 5239 ex-

276 5275 518 5340 ponunt.
551 5271 733 5327 Aiunt
760 5272 939 5340 enim,
968 5271 1103 5342 quia
1157 5272 1272 5327 nisi
1321 5273 1584 5345 ipsarum
1645 5272 1919 5328 manibus

278 5362 887 5433 sustentaremurjam
919 5361 1183 5427 fame,vel
1216 5362 1484 5418 nuditate
1513 5362 1915 5419 deﬁceremus.

345 5485 457 5556 (63)
488 5486 804 5542 Publicani.
846 5486 1060 5541 Vocem
1118 5485 1268 5540 hanc
1326 5486 1608 5542 Acherius
1662 5504 1777 5541 non
1809 5488 1919 5542 im-

281 5555 483 5629 merito
514 5558 743 5615 monuit
773 5574 918 5613 novo
950 5556 1249 5614 intellectu
1285 5563 1627 5629 usurpatam
1685 5575 1813 5615 esse
1846 5560 1918 5615 ab

282 5628 509 5703 Attene,
540 5645 726 5705 eaque
765 5629 1013 5703 intelligi
1070 5630 1278 5689 debere
1315 5628 1694 5701 aut’judices
1725 5631 1918 5702 publi-

2031 4647 2184 4702 enim
2213 4648 2428 4719 compti
2460 4647 2671 4717 crines,
2732 4649 2978 4701 venusta
3034 4644 3231 4713 facies,
3280 4645 3519 4702 nictatio
3549 4647 3672 4719 pal-

2027 4736 2360 4809 pebrarum,
2396 4735 2563 4791 elisio
2585 4734 2912 4801 oculorum,
2942 4734 3255 4791 affabilitas
3303 4751 3671 4806 sermonum,

2027 4825 2265 4898 garrula
2300 4823 2644 4892 modulatio,
2697 4823 2861 4879 visus
2911 4823 3120 4891 facilis,
3179 4823 3397 4880 blanda
3449 4827 3677 4900 suasio.

2026 4914 2305 4987 praeclara
2335 4912 2596 4978 monilia,
2631 4913 2931 4969 schemata
2970 4912 3246 4981 vestium,
3278 4913 3511 4970 olfactio
3560 4931 3670 4969 un-

2026 5006 2403 5076 guentorum,
2469 5001 2665 5058 mollis
2723 5002 3015 5069 incessus,
3078 5018 3143 5057 ac
3198 5003 3381 5058 totius
3411 5000 3671 5072 corporis

2028 5092 2203 5147 luxus
2236 5109 2352 5147 non
2382 5090 2697 5148 resolveret
2726 5092 2798 5147 ad
2844 5090 3131 5163 ﬂagitium
3165 5094 3188 5146 i’
3215 5091 3377 5155 Quod
3433 5090 3670 5144 intuens

2026 5182 2233 5237 beatus
2258 5180 2475 5236 Paulus
2505 5181 2792 5237 exclamat
2823 5180 3122 5252 apostolus
3156 5197 3171 5237 :
3203 5180 3395 5247 Fugite
3429 5178 3673 5247 fornica-

2028 5273 2233 5326 tionem
2263 5271 2311 5341 (I
2339 5270 2459 5341 Cor,
2496 5288 2557 5337 11,
2592 5270 2681 5339 18)
2714 5287 2726 5325 :
2762 5286 2899 5325 nam
2932 5286 3065 5325 cum
3096 5272 3304 5323 caetera
3358 5264 3498 5321 vitia
3525 5266 3670 5323 resi-

2030 5362 2236 5415 stendo
2265 5359 2448 5416 vitare
2488 5359 2807 5430 possimus,
2843 5358 2979 5414 huic
3019 5356 3265 5429 pedibus
3326 5372 3669 5414 succurren-

2030 5504 2127 5542 cos
2158 5490 2259 5540 aut
2288 5486 2482 5557 potius
2503 5501 2704 5541 eorum
2738 5484 3065 5538 ministros.

2103 5558 2217 5629 (64)
2245 5560 2473 5628 Inferre.
2507 5558 2655 5629 Lego
2690 5558 2954 5625 inferunt.
