4116 6184
275 267 285 275 ’
374 307 494 372 us
857 273 866 277 ’
1390 307 1729 372 ATTONIS
1774 305 2363 372 vaacsLLsNSIS
2408 307 2768 372 EPISGOPI
3676 311 3802 378 ise

381 443 524 500 dum
555 444 664 512 est,
695 445 752 499 et
778 457 852 500 ne
879 441 1245 512 deﬁciamus,
1279 442 1544 499 divinum
1575 442 1861 500 auxilium
1906 442 2017 498 im-
2046 442 2102 510 Α
2130 458 2473 498 enumerare
2502 442 2861 499 curavimus.
2887 442 2927 498 A
2960 441 3372 501 meretricibus
3418 459 3523 501 vos
3583 460 3800 504 cavere

385 532 702 607 ploremus.
2138 531 2474 600 docuimus,
2503 536 2562 588 et
2616 537 3026 588 eatranearum
3084 531 3323 604 penitus
3382 533 3803 593 interdiximus

458 623 805 678 Sanctarum
836 623 1268 695 Scripturarum
1301 620 1570 694 paginas,
1633 620 2028 688 dilectissimi,
2139 621 2521 677 contubernia
2549 620 2925 686 feminarum;
2956 637 3084 693 quae
3115 621 3295 676 etiam
3318 627 3662 680 sanctorum
3695 629 3800 680 Pa-

387 714 768 782 perscrutate,
798 714 855 766 et
885 710 944 764 in
977 709 1068 764 his
1092 708 1434 780 diligentius
1458 709 1840 780 meditemini,
1875 711 2030 766 unde
2139 715 2296 766 trum
2323 710 2803 766 conﬁrmavimus
2834 709 3296 776 testimoniisme
3328 711 3571 784 impune
3600 718 3802 770 trans-

385 797 508 855 haec
540 815 665 870 quea
698 816 731 854 a
760 798 929 854 nobis
958 797 1116 852 dicta
1147 802 1286 852 sunt
1317 815 1431 852 non
1463 798 1633 869 quasi
1661 803 1867 854 nostra
1901 798 2032 854 vile-
2148 799 2312 870 gredi
2371 798 2724 870 putassetis;
2760 799 2861 854 sed
2921 798 3062 870 quia
3132 797 3433 870 aliquibus
3479 802 3806 872 profecisse

386 891 550 944 scent
583 905 596 956 ;
629 888 763 959 quia
791 904 916 958 quae
939 903 973 940 a
1003 887 1222 943 sanctis
1244 887 1516 944 Patribus
1549 887 2032 959 accepimus,hac
2141 903 2205 942 co
2219 887 2705 959 gnoscimus,Deo
2727 887 2880 943 Patri
2902 888 3139 943 devotas
3158 887 3418 960 primum
3436 888 3642 946 laudes
3665 907 3800 962 pero

387 976 664 1032 fratribus
694 974 1367 1047 exposuimus.[Quorum
1399 976 1684 1048 exempla,
1717 978 1856 1049 quia
1888 994 2031 1033 cun-
2145 975 2428 1033 solvimus
2463 993 2476 1032 :
2512 976 2676 1032 vobis
2704 976 2881 1032 etiam
2913 975 3236 1031 immensas
3274 993 3378 1048 per
3425 993 3564 1032 eum
3597 986 3802 1050 grates

385 1069 478 1122 cta
508 1082 621 1120 non
653 1080 974 1136 possumus
1005 1063 1312 1135 explicare,
1336 1082 1524 1136 pauca
1553 1067 1624 1122 de
1651 1066 1853 1122 multis
1878 1083 2032 1138 quae-
2144 1065 2450 1120 referimus
2483 1081 2498 1131 ;
2531 1069 2856 1132 exorantes,
2909 1068 2976 1119 ut
3003 1065 3077 1119 de
3128 1063 3343 1119 virtute
3396 1065 3458 1120 in
3515 1065 3803 1122 virtutem

386 1154 522 1209 dam
553 1152 970 1223 proposuimus
1005 1170 1017 1208 :
1052 1154 1320 1223 quaadam
1354 1158 1551 1209 autem
1611 1154 2037 1210 subscribenda

387 1241 788 1314 praevidimus.
823 1243 884 1296 In
918 1241 1124 1312 primis
1173 1241 1404 1298 Nicena
1445 1243 1705 1314 synodus
1753 1249 2035 1300 trecento-

389 1347 520 1385 rum
554 1331 755 1385 decem
784 1335 843 1388 et
873 1336 1004 1386 octo
1036 1336 1372 1387 sanctorum
1402 1332 1668 1401 Patrum,
1701 1333 1760 1388 in
1793 1351 1911 1406 qua
1950 1332 2037 1389 di-

389 1419 524 1474 vino
555 1418 776 1490 Spiritu
806 1419 950 1475 ﬁdes
981 1420 1274 1476 crtholica
1330 1421 1628 1492 roborata,
1685 1422 2038 1478 Arianorum

392 1515 482 1564 est
511 1508 756 1580 perﬁdia
784 1509 1103 1574 destructa,
1137 1527 1265 1581 quis
1296 1510 1368 1565 ab
1391 1511 1732 1567 hominibus
1763 1511 2040 1583 quemad-

394 1598 637 1653 modum
674 1597 1013 1670 evangelica
1042 1599 1221 1656 verba
1250 1604 1532 1668 servatur,
1569 1617 1696 1672 cap.
1724 1601 1757 1654 4
1812 1601 2036 1671 (Mm.

393 1686 598 1743 cancil.
630 1703 759 1742 can.
792 1688 849 1758 2)
874 1705 886 1742 :
925 1711 945 1738 α
981 1687 1287 1743 Interdixit
1317 1704 1420 1759 per
1448 1689 1646 1745 omnia
1675 1705 1890 1761 magna
1909 1705 2042 1760 syn-

395 1777 544 1833 odus
575 1792 691 1832 non
723 1777 1018 1849 episcopo,
1073 1794 1189 1833 non
1220 1779 1612 1850 peresbytero,
1671 1796 1786 1834 non
1843 1779 2042 1834 diaco-
2069 1816 2118 1881 B

395 1881 490 1931 no,
524 1881 631 1922 nec
661 1865 835 1921 alicui
866 1867 1108 1922 omnino
1137 1868 1238 1938 qui
1267 1867 1327 1922 iu
1361 1867 1516 1923 clero
1573 1871 1663 1924 est
1690 1867 1860 1924 licere
1889 1867 2040 1924 'sub-

392 1953 788 2010 introductam
818 1954 1034 2010 habere
1067 1955 1394 2023 mulierem,
1429 1955 1544 2010 nisi
1590 1956 1738 2012 forte
1793 1959 2037 2012 matrem

394 2045 497 2098 aut
527 2057 808 2111 sororem,
839 2046 942 2098 aut
970 2042 1332 2113 amitam,vel
1366 2060 1464 2098 eas
1495 2047 1728 2100 tantum
1763 2061 2042 2115 personas

391 2145 522 2201 quae
553 2129 921 2202 suspiciones
951 2131 1260 2204 effugiunt.
1295 2155 1323 2181 ››
1359 2133 1500 2188 Item
1533 2147 1604 2188 ex
1635 2133 1888 2189 Decretis
1917 2133 2040 2189 Cle-

395 2219 609 2276 mentis
637 2235 798 2290 papaa
835 2236 848 2274 :
885 2241 913 2270 «
953 2220 1134 2276 Nemo
1181 2237 1316 2276 cum
1374 2225 1648 2277 extranea
1703 2221 1930 2278 habitet
1959 2223 2042 2278 fe-

396 2306 559 2364 mina
587 2306 704 2362 nioi
737 2324 902 2364 soror
932 2313 1033 2364 aut
1074 2309 1339 2380 proxima
1367 2309 1566 2375 fuerit,
1625 2315 1682 2366 et
1736 2310 1846 2368 hoc
1907 2328 2042 2367 cum

397 2412 614 2467 magna
643 2395 1039 2454 sollicitudine
1071 2398 1324 2469 fiat,Non
1353 2397 1512 2454 enim
1543 2398 1887 2472 ignoramus
1917 2417 2041 2456 ma-

398 2483 556 2542 litias
597 2485 843 2540 Satanae.
901 2508 929 2536 »
989 2486 1131 2543 ltem
1193 2487 1383 2543 Siricii
1444 2490 1624 2557 (epist.
1688 2487 1739 2555 1,
1797 2506 1845 2544 c.
1905 2491 2041 2560 12):

406 2595 428 2624 α
458 2573 730 2630 Feminae
759 2591 893 2632 vero
917 2592 1031 2631 non
1054 2575 1200 2632 alias
1217 2593 1378 2632 essse
1400 2576 1662 2649 patimur
1689 2577 1747 2632 in
1769 2578 2045 2634 domibus

400 2661 764 2733 clericorum,
816 2664 930 2720 nisi
979 2681 1078 2720 eas
1127 2669 1357 2720 tantum
1408 2682 1556 2736 quas
1609 2670 1844 2738 propter
1887 2666 2044 2722 solas

400 2751 900 2807 necessitudinum
935 2769 1144 2809 causas
1183 2753 1446 2810 habitare
1503 2771 1637 2809 cum
1696 2753 1917 2811 eisdem
1949 2771 2044 2827 sy-

401 2839 589 2896 nodus
622 2840 889 2904 Nicaeana
915 2841 1243 2911 permisit.»
1278 2842 1395 2899 Hoc
1428 2841 1618 2899 multa
1647 2844 1914 2915 concilia,
1935 2844 2044 2900 hoc

401 2927 721 2986 multorum
748 2930 1052 2986 doctorum
1085 2947 1200 2987 non
1233 2936 1462 2988 tacuere
1492 2933 1812 2988 sententiae.
1849 2934 1912 2988 In
1936 2933 2044 2989 hoc

398 3016 828 3075 ecclesiasticus
860 3019 1044 3075 honor
1092 3019 1150 3076 in
1213 3020 1320 3075 hoc
1379 3020 1726 3078 clericorum
1788 3022 2045 3094 dignitas

2145 1153 2553 1220 conscendere,
2585 1157 2641 1209 et
2667 1153 2852 1209 Deum
2881 1153 3127 1209 deorum
3159 1153 3219 1207 in
3249 1153 3386 1208 Siou
3443 1155 3804 1210 mereamini

2146 1243 2495 1315 prospicere.
2529 1240 3277 1315 Quapropter,charissimi,
3299 1241 3353 1296 si
3383 1241 3561 1313 aliqui
3593 1243 3802 1298 adhuc

2145 1335 2322 1386 tanta:
2353 1331 2626 1403 nequitiae
2652 1347 2817 1386 coeno
2849 1329 3105 1386 demersi
3146 1327 3544 1396 involvuntur,
3597 1329 3804 1404 lacry-

2148 1419 2330 1476 mosis
2357 1419 2673 1492 gemitibus
2709 1417 3021 1474 Dominum
3049 1425 3290 1473 exorare
3317 1431 3440 1473 non
3471 1418 3751 1475 diﬁ‘erant
3781 1437 3796 1487 ;

2151 1523 2363 1563 manus
2387 1507 2610 1565 elevare
2641 1523 2756 1562 non
2789 1505 3088 1575 omittunt,
3122 1510 3188 1561 ut
3219 1507 3290 1562 de
3317 1509 3486 1563 tanta
3523 1507 3807 1580 voragine

2147 1595 2320 1652 citius
2353 1595 2588 1652 liberari
2619 1595 2848 1651 valeant
2883 1619 2900 1662 ;
2927 1593 3216 1666 scriptum
3244 1600 3336 1649 est
3365 1595 3523 1651 enim
3557 1612 3574 1651 :
3602 1595 3802 1652 01mm

2149 1686 2245 1755 qui
2267 1687 2408 1756 petit
2436 1686 2641 1756 accipit
2671 1687 2722 1739 et
2779 1685 2876 1754 qui
2907 1684 3107 1753 quaerit
3161 1684 3373 1739 tricena
3395 1702 3418 1749 ;
3446 1687 3502 1739 et
3539 1687 3805 1756 putasti

2149 1776 2432 1845 aperietur
2460 1773 2670 1844 (Matth.
2703 1772 3084 1844 vn,2).Tanta
3107 1787 3245 1844 ergo
3281 1771 3515 1828 Domini
3546 1775 3804 1845 promis-

2149 1863 2334 1933 sione,
2367 1861 2762 1932 t‘ratres,nihil
2792 1861 3154 1930 haesitantes,
3177 1860 3466 1918 castitatis
3496 1862 3802 1919 tramitem

2149 1951 2559 2009 incunctanter
2586 1951 2844 2022 arripite.
2873 1949 3060 2008 Dabit
3089 1967 3299 2022 nempe
3355 1952 3808 2022 perseverantis

2151 2039 2600 2112 perfectum,qui
2631 2038 3002 2098 continentiae
3023 2039 3187 2096 dedit
3207 2039 3640 2096 mandatum.Si
3665 2039 3809 2112 quis

2151 2136 2348 2186 autem
2379 2129 2668 2202 superbia:
2700 2127 2958 2186 stimulis
2981 2128 3176 2186 relatus
3221 2127 3310 2184 vel
3370 2129 3811 2201 desperationis

2149 2219 2284 2274 tabe
2313 2220 2660 2291 proﬂigatae
2686 2232 2996 2289 assurgere
3025 2217 3369 2291 neglexerit,
3394 2233 3512 2273 non
3543 2217 3652 2275 hoc
3667 2219 3808 2276 abs-

2153 2324 2266 2380 que
2295 2309 2388 2363 sui
2421 2307 2678 2380 periculo
2711 2307 2930 2380 gradus
2986 2307 3228 2363 omnino
3284 2306 3586 2374 transibit,
3641 2309 3807 2380 quod

2153 2396 2448 2452 nullorum
2479 2397 2805 2463 dociorum.
2894 2437 2907 2451 .
2992 2438 3005 2452 .
3083 2438 3098 2451 .
3179 2437 3193 2450 .
3273 2436 3286 2451 .
3368 2436 3384 2450 .
3470 2437 3484 2451 .
3568 2439 3582 2452 .
3626 2395 3808 2454 malis

2152 2485 2379 2541 actibus
2410 2485 2604 2542 divino
2633 2485 2888 2541 examini
2917 2488 3248 2553 occurrant,
3281 2501 3460 2556 quem
3509 2485 3806 2542 infelicem

2152 2574 2398 2648 propriae
2431 2575 2679 2631 nimium
2711 2574 3054 2647 iniquitates
3083 2578 3349 2647 gravant,
3380 2575 3482 2630 sed
3513 2574 3706 2648 potius
3729 2577 3810 2632 de

2151 2667 2347 2719 vestra
2373 2663 2527 2720 bona
2547 2663 2983 2720 conversatione
3005 2663 3311 2720 nobiscum
3342 2662 3709 2736 gratulari,et
3729 2665 3808 2721 ab

2153 2751 2684 2808 innumerabilibus
2712 2751 2938 2809 delictis
2969 2768 3194 2808 merear
3243 2752 3534 2823 excusari,
3583 2753 3805 2810 Jacobo

2154 2839 2380 2897 dicente
2403 2842 2665 2913 apostolo
2697 2842 2835 2911 :Qui
2861 2843 3106 2898 converti
3130 2843 3325 2913 fecerit
3352 2846 3696 2914 peccatorem
3726 2844 3801 2898 ab

2152 2945 2336 2986 errore
2362 2932 2464 2986 vim
2490 2946 2622 3002 suae,
2662 2932 2892 2988 saluauit
2947 2933 3201 2987 animam
3255 2932 3375 3002 ejus
3428 2948 3467 2986 a
3521 2939 3714 2997 morte,
3745 2935 3808 2986 et

2151 3020 2354 3091 aperiet
2380 3019 2792 3077 multitudinem
2822 3024 3165 3092 peccatorum
3195 3021 3332 3092 (Jac.
3364 3037 3423 3087 v,
3452 3021 3565 3091 20).
3618 3019 3805 3076 Vobis

395 3111 726 3177 perseverat
759 3125 772 3162 :
805 3107 944 3162 hinc
973 3109 1184 3165 crescit
1215 3109 1492 3179 charitas,
1543 3111 1802 3167 avaritiae
1835 3111 2042 3183 rubigo
2091 3181 2101 3183 _
2151 3125 2283 3164 vero
2316 3110 2542 3165 fratres.
2591 3126 2741 3182 quos
2795 3108 3001 3166 oculus
3061 3108 3290 3164 Domini
3345 3108 3809 3165 misericorditer

395 3194 772 3267 abstergitur.
805 3195 898 3251 Sic
928 3202 1132 3253 sancta
1164 3198 1419 3254 Ecclesia
1468 3199 1692 3271 unitur,
1723 3181 2044 3256 dissensio-
2073 3181 2116 3250 Ε
2145 3197 2272 3268 jam
2303 3199 2574 3270 respexit,
2605 3181 2663 3255 et
2689 3215 2723 3254 a
2752 3197 2971 3255 talibus
3003 3197 3176 3269 eruit,
3236 3213 3341 3269 pro
3398 3196 3524 3253 aliis
3571 3197 3808 3269 jugiter

395 3283 508 3351 nis,
539 3287 595 3338 et
633 3284 863 3340 invidiae
913 3286 1062 3342 rima
1106 3287 1271 3344 nulla
1329 3287 1711 3360 conspicitur.
1762 3290 1930 3354 Quod
1979 3294 2045 3345 ut

393 3373 700 3429 observare
730 3373 993 3444 possitis,
1043 3377 1278 3445 adjuvet
1309 3376 1502 3432 triuus
1531 3381 1590 3433 et
1646 3393 1802 3433 unus
1862 3378 2039 3446 Deus,

393 3459 494 3532 qui
523 3460 664 3515 vivit
692 3465 749 3516 et
779 3465 984 3532 regnat
1016 3479 1117 3533 per
1147 3463 1345 3519 omnia
1402 3465 1620 3522 saecula
1669 3465 2040 3522 saeculorum.

391 3549 596 3604 Amen.

1001 3638 1342 3696 EPISTOLA
1364 3641 1430 3696 Χ.

1031 3743 1104 3782 AD
1154 3745 1398 3784 EOSDEM.

463 3813 614 3867 A'rro
643 3814 832 3885 gratia
855 3813 958 3872 Dei
985 3815 1228 3873 humilis
1275 3818 1608 3890 episcopus,
1667 3822 1898 3876 cunctis
1945 3837 2044 3877 sa-

396 3900 730 3959 cerdotibus
761 3920 1086 3977 eorumque
1115 3907 1407 3964 ministris
1454 3907 1514 3962 in
1563 3914 1766 3966 nostra
1815 3909 2040 3967 Vercel-

393 3989 543 4046 lensi
573 3992 839 4051 dioecessi
870 3997 1372 4054 commorantibus
1401 4001 1626 4055 aeterna:
1657 3998 1951 4057 felicitatis
1973 4018 2038 4057 co

394 4097 622 4138 ronam.

462 4170 600 4234 Quae
629 4172 845 4242 saepius
877 4179 1260 4246 usurpentur,
1294 4175 1648 4247 cbarissimi,
1691 4177 1906 4249 saepius
1937 4179 2038 4234 dc-

391 4257 662 4313 testando
695 4259 1068 4329 reprimenda
1099 4268 1257 4331 sunt,
1286 4264 1469 4318 donec
1526 4264 1825 4320 exinanita
1851 4271 1908 4320 et
1939 4283 2034 4338 pe-

392 4344 552 4400 nitus
610 4345 829 4402 abolita
885 4348 1206 4404 deﬁciant:
1241 4350 1289 4404 si
1341 4355 1541 4407 autem
1609 4356 1741 4422 post
1795 4353 2037 4410 interdi-

393 4436 554 4490 ctum
589 4433 854 4506 neglecta
882 4436 1121 4503 fuerint,
1179 4443 1237 4493 et
1293 4439 1525 4495 silentio
1582 4447 1845 4498 contecta
1899 4459 2034 4516 per-

2153 3285 2623 3358 Omnipotentem
2635 3287 2866 3360 expedit
2885 3303 3122 3344 exorare
3145 3287 3422 3359 ipsosque
3435 3285 3805 3342 salutaribus

2151 3375 2392 3432 monitis
2415 3378 2487 3432 ad
2510 3377 2755 3434 metiora
2784 3376 3053 3432 convenit
3079 3375 3390 3443 exhortari,
3412 3379 3479 3430 ut
3511 3391 3615 3431 eos
3643 3391 3802 3448 quo-

2151 3479 2266 3534 quo
2317 3465 2492 3520 modo
2531 3465 2830 3522 vobiscum
2885 3466 3102 3537 pariter
3153 3463 3396 3520 valeatis
3451 3463 3799 3533 sublimare,

2152 3552 2379 3609 dicente
2399 3554 2648 3611 Domino
2679 3573 2697 3610 :
2727 3555 2789 3611 Si
2815 3557 2996 3626 frater
3017 3558 3251 3627 fratrem
3275 3553 3574 3625 adjuverit.
3633 3554 3802 3610 ambo

2156 3641 2572 3699 exaltabuntur.
2606 3644 2675 3699 Et
2721 3643 2939 3700 Paulus
2995 3641 3309 3714 Apostolus
3337 3663 3357 3697 :
3386 3644 3538 3698 Alter
3564 3644 3801 3700 citerius

2152 3745 2318 3786 onera
2342 3741 2558 3802 portate
2584 3741 2635 3789 et
2659 3736 2742 3789 sic
2769 3733 3154 3805 adimplebiti:
3185 3732 3356 3803 legem
3388 3731 3594 3788 Christi
3650 3731 3797 3803 (Gal.

2150 3835 2225 3890 v1,
2256 3821 2333 3888 2).
2367 3822 2434 3876 Et
2461 3822 2714 3878 Jacobus
2743 3823 2827 3878 ait
2858 3838 2872 3879 :
2907 3822 3072 3878 Orate
3094 3837 3202 3892 pro
3239 3822 3476 3876 invicem
3526 3829 3588 3876 ut
3611 3822 3789 3877 salve-

2151 3910 2296 3964 τηἰηὶ
2323 3910 2457 3982 (Jac.
2489 3927 2543 3968 ν.
2577 3910 2687 3982 16).
2749 3915 2857 3966 Per
2907 3909 3216 3966 Dominum
3273 3913 3543 3966 nostrum
3589 3909 3798 3966 Jesum

2152 3997 2470 4069 Christum,
2502 4000 2603 4072 qui
2639 4016 2774 4056 cum
2807 4000 2971 4055 Patre
3029 4004 3352 4071 sanctoque
3408 3999 3627 4072 Spiritu
3656 3998 3802 4055 vivit

2153 4091 2210 4142 et
2239 4087 2523 4159 gloriatur
2551 4093 2703 4145 Deus
2742 4105 2845 4160 per
2897 4088 3098 4144 omnia
3153 4087 3366 4144 saecula
3423 4088 3796 4146 seculorum.

2152 4178 2362 4232 Amen.

2718 4265 3080 4322 .EPISTOLA
3109 4264 3206 4320 XI.

2593 4371 2666 4410 AD
2704 4369 3142 4411 SUFFRAGANBOS
3181 4368 3345 4409 SUOS.

2221 4443 2619 4500 Sanctissimis
2648 4448 2705 4500 et
2731 4443 3132 4499 dilectissimis
3149 4439 3537 4498 confratribus
3565 4437 3798 4496 illisve-

395 4523 744 4617 manserint,
778 4525 1214 4617 magisarmari
1247 4543 1425 4598 quam
1457 4527 1715 4617 abdicari
1745 4531 2035 4589 videntur.
2071 4551 2119 4617 Β
2151 4531 2512 4588 nerabilibus
2542 4532 2854 4606 episcOpis,
2885 4536 3021 4588 Atto
3053 4530 3244 4603 gratia
3266 4527 3368 4586 Dei
3395 4525 3645 4584 humilis
3676 4527 3800 4601 epi-

393 4608 492 4665 Vaa
524 4612 682 4666 enim
710 4613 882 4669 nobis
911 4613 1147 4685 erit,qui
1177 4615 1355 4687 hujus
1389 4615 1698 4673 ministerii
1730 4636 1878 4675 onus
1909 4637 2040 4676 sus-

397 4699 687 4770 cepimus,
708 4702 758 4756 si
787 4703 1089 4758 veritatem
1122 4704 1437 4775 prazdicare
1465 4706 1914 4779 neglexerimus,
1945 4713 2043 4766 Vas

396 4786 566 4878 nobis
596 4789 726 4857 erit,
760 4789 810 4844 si
842 4791 1075 4847 silentio
1101 4793 1591 4864 oppresserimus,
1624 4812 1752 4867 quas
1804 4813 2042 4869 erogare

395 4875 1284 4949 n'ummulariisjubemurﬂuid
1309 4882 1367 4936 in
1383 4883 1577 4939 futuro
1600 4883 1811 4940 dicturi
1833 4901 2040 4942 sumus

395 4964 684 5036 examine,
727 4965 777 5021 si
837 4967 1137 5022 veritatem
1196 4970 1614 5027 confundimur
1677 4974 2042 5044 praedicare?

388 5054 681 5127 negligere
699 5056 854 5110 enim
880 5056 978 5128 qui
1002 5061 1195 5128 potest
1227 5057 1537 5115 deturbare
1564 5063 2038 5132 perversos.nihil

395 5142 554 5200 aliud
589 5149 678 5201 est
709 5161 887 5217 quam
921 5146 1425 5203 fovere.Neccaret
1446 5149 1720 5219 scrupulo
1744 5152 2038 5209 societatis

384 5231 651 5302 occultai,
686 5234 786 5306 qui
817 5235 1128 5292 manifeste
1160 5235 1401 5292 facinori
1433 5235 1648 5293 desinit
1677 5239 1926 5297 obviare.

455 5317 535 5374 De
565 5325 852 5381 castitatis
879 5325 1095 5382 etenim
1118 5326 1508 5394 bono,fratres
1541 5327 2032 5397 meigamdudum

381 5404 546 5460 vobis
579 5407 775 5480 aliqua
822 5415 1011 5470 verbis
1071 5414 1476 5470 intimavimus
1525 5417 1839 5487 ;qua3dam
1897 5436 2032 5476 vero

383 5493 584 5565 criptis
607 5514 918 5570 suggerere
949 5521 1065 5560 non
1097 5503 1505 5560 omisimus.ln
1531 5504 2028 5577 quibusquzsdam

383 5583 673 5642 incentiva
695 5587 1138 5663 descripsimus,
1162 5594 1210 5664 ej
1222 5609 1408 5665 usque
1426 5591 1790 5651 calamitates
1813 5597 2026 5668 partim

2151 4637 2386 4694 scopus,
2416 4621 2618 4678 ﬁdeles
2647 4625 2706 4678 in
2755 4621 2984 4677 Christo
3043 4620 3338 4676 orationes
3393 4632 3528 4674 cum
3583 4617 3796 4674 devoto

2151 4707 2461 4766 famulatu.

2225 4799 2389 4856 Novit
2422 4799 2681 4856 charitas
2719 4803 2932 4865 vestra,
2983 4797 3124 4869 quia
3181 4795 3368 4853 nostri
3414 4794 3708 4867 principes
3733 4799 3800 4850 et

2149 4887 2393 4953 domini,
2426 4888 2835 4960 gloriosissimi
2867 4886 3092 4943 scilicet
3122 4901 3309 4958 reges,
3345 4885 3489 4940 dum
3519 4883 3797 4940 hostilem

2148 4991 2211 5031 se
2242 4977 2444 5032 dicunt
2474 4977 2764 5050 suspicari
2796 4977 3107 5047 impetum,
3137 4978 3364 5043 nostra,
3417 4971 3642 5029 scilicet
3669 4971 3798 5043 cpi.

2148 5081 2460 5138 scoporum
2491 5072 2696 5124 contra
2726 5065 2846 5121 haec
2903 5069 3172 5136 quaerunt
3216 5061 3520 5135 suﬁragia,
3549 5077 3658 5117 nec
3685 5075 3796 5116 no-

2147 5153 2286 5209 stris
2314 5155 2573 5210 contenti
2625 5151 3170 5226 pollicitationibus,
3227 5167 3336 5208 nec
3387 5151 3460 5206 de
3517 5147 3798 5206 ﬁdelitatn

2137 5242 2475 5312 juramento
2506 5243 2740 5299 ﬁrmata
2760 5240 3264 5309 conﬁsis,obsides
3285 5239 3530 5311 insuper
3560 5255 3595 5294 a
3622 5236 3796 5294 nobis

2143 5347 2247 5403 pro
2278 5348 2344 5387 eo
2377 5331 2639 5403 accipere
2669 5336 2736 5387 ut
2785 5347 2974 5404 nuper
3028 5328 3281 5386 audistis
3329 5326 3570 5384 omnino
3626 5325 3796 5382 labe-

2143 5423 2292 5474 rant.
2327 5420 2472 5484 Quid
2507 5424 2709 5476 vestra
2741 5419 3037 5476 sanctitati
3069 5433 3246 5490 super
3275 5417 3384 5472 hoc
3439 5415 3632 5472 visum
3662 5414 3790 5473 fue-

2142 5509 2236 5576 rit,
2263 5508 2425 5563 nobis
2458 5525 2745 5582 exponere
2791 5507 2999 5567 vestris
3055 5507 3240 5564 sacris
3297 5504 3585 5578 apicibus,
3641 5502 3785 5576 quia

2139 5596 2316 5656 simul
2347 5614 2502 5656 nunc
2532 5603 2666 5672 apte
2693 5597 2854 5670 loqui
2885 5613 3000 5656 non
3059 5611 3399 5669 possumus,
3423 5609 3543 5654 non
3569 5590 3778 5672 ,ἀθῶ-
