4116 6184
255 358 381 428 ui
874 354 877 355 ί
1776 343 2221 408 EPISTOLE.
3626 354 3740 417 η,

258 490 556 569 gnomini.
594 488 659 544 Si
688 485 920 561 priefati
950 484 1187 542 obsides
1211 502 1246 541 a
1265 481 1433 539 nobis
1462 481 1653 539 dandi
1684 478 1936 569 sunt,vel
1965 478 2021 545 Α
2048 477 2310 569 nouerit
2334 479 2489 537 ultra
2517 482 2617 539 hoc
2631 482 2986 555 proverbium
3016 484 3079 540 in
3108 483 3282 541 Israel
3311 486 3532 559 (Ezech.
3575 504 3741 556 xvm,

260 567 315 641 si
345 576 719 639 denominati
751 592 816 632 se
846 590 948 646 pro
978 572 1151 629 nobis
1178 571 1425 644 obligari
1472 571 1766 637 noverint,
1800 567 1936 639 quid
2046 568 2124 634 3);
2166 568 2327 622 Fieri
2378 570 2594 641 quippe
2643 576 2854 643 potest,
2887 576 2954 628 ut
3001 572 3079 629 sit
3123 572 3279 630 inter
3328 581 3556 648 gentes,
3590 578 3745 633 inter

264 670 567 745 agendum
600 666 701 737 sit,
734 666 841 720 aut
890 662 939 718 si
986 660 1418 728 consenserint,
1451 677 1571 731 quo
1621 662 1812 733 pacto,
1842 660 1943 713 aut
2048 656 2389 745 Egyptios,
2423 660 2526 715 sed
2554 661 2733 716 etiam
2761 661 2824 716 in
2857 661 3239 733 Babylonios,
3274 665 3373 719 sed
3429 683 3544 722 non
3575 667 3634 722 in
3667 669 3744 723 Is-

265 744 405 821 cum
436 774 556 831 qua
602 753 919 813 securitate
949 751 1063 807 hoc
1112 751 1236 807 ﬁeri
1270 753 1562 822 oporteat,
1594 750 1657 805 Si
1711 746 1943 819 scriptis
2049 744 2206 800 rael.
2239 745 2458 817 Utique
2489 749 2588 819 qui
2620 749 2771 805 hanc
2801 752 3109 822 postponit
3158 754 3539 824 sententiam,
3574 760 3631 811 et
3672 756 3740 809 ﬁ-

269 852 394 910 hec
452 844 765 904 conventio
813 840 1084 899 adnotari
1128 839 1454 907 conveniat,
1505 840 1593 896 vel
1646 839 1695 895 si
1752 835 1943 892 verbis
1988 848 1991 851 ‘
2051 832 2213 888 lium
2249 836 2459 906 patris,
2493 837 2579 892 vel
2616 855 2717 909 pro
2767 839 3019 911 alicujus
3052 842 3317 912 parentis
3369 844 3545 916 culpa
3574 845 3740 899 dam-

267 934 686 1000 tantummodo
717 932 991 989 credatur
1012 929 1456 998 communibus,
1472 928 1522 984 si
1553 927 1848 984 terminus
1871 926 1948 980 sit
2054 922 2319 994 naverit,
2357 942 2492 981 reus
2522 926 2650 993 erit,
2685 930 2741 983 et
2790 945 2904 985 non
2957 929 3280 985 Israelitico
3312 932 3529 1004 populo
3577 948 3737 988 com-

269 1026 695 1100 imponendus,
729 1022 819 1078 vel
850 1021 913 1078 in
941 1023 1262 1091 quantum,
1296 1022 1399 1074 aut
1428 1018 1479 1073 si
1514 1019 1867 1089 subreptum
1886 1014 1947 1070 in
2054 1013 2404 1084 potabitur.

271 1117 467 1188 aliquo
500 1112 873 1187 principibus
896 1111 980 1181 {de
1012 1109 1192 1165 nobis
1224 1108 1417 1175 fuerit,
1453 1110 1612 1179 quod
1642 1104 1949 1162 violaveri-
2130 1102 2211 1155 Et
2244 1101 2496 1159 fortasse
2525 1104 2669 1159 dicit
2699 1103 2914 1175 aliquis
2948 1121 2961 1159 :
2996 1106 3250 1178 Quiquid
3286 1107 3342 1163 in
3372 1108 3739 1179 {hujusmodi

273 1222 407 1265 mus
434 1201 806 1275 propositam
848 1197 1257 1270 sponsionem,
1292 1212 1395 1267 pro
1445 1212 1563 1267 qua
1592 1192 1823 1266 praefati
1856 1191 1953 1245 οὶ)-
2059 1188 2380 1247 hominem
2412 1193 2617 1258 fecero,
2652 1194 2723 1248 ad
2773 1210 2908 1249 eum
2943 1196 3211 1265 pertinet,
3247 1197 3347 1267 qui
3395 1214 3534 1252 eum
3590 1197 3738 1253 mihi

271 1295 425 1352 sides
454 1291 591 1349 dari
635 1290 931 1360 iubentur,
964 1283 1233 1357 qualiter
1280 1284 1543 1341 convinci
1591 1281 1679 1338 vel
1711 1278 1954 1337 delendi
2062 1277 2340 1335 tradidit.
2364 1285 2525 1336 Certe
2545 1298 2742 1337 revera
2764 1282 2901 1353 quia
2923 1283 2995 1337 ad
3018 1300 3153 1338 eum
3181 1285 3432 1354 pertinet
3464 1304 3477 1353 ;
3504 1287 3605 1341 sed
3629 1303 3735 1342 nec

272 1383 502 1445 debeat,
532 1384 641 1436 aut
691 1394 819 1449 quis
847 1376 940 1431 lex
983 1374 1259 1446 vigorem
1305 1373 1364 1428 in
1395 1372 1614 1428 talibus
1661 1369 1955 1435 obtineat,

275 1476 474 1531 utrum
504 1466 930 1533 ecclesiastica,
955 1480 1029 1519 an
1050 1462 1239 1518 etiam
1263 1461 1582 1528 mundana,
1612 1461 1701 1516 vel
1731 1456 1961 1529 quibus

275 1558 527 1617 testibus
572 1556 781 1612 eadem
830 1550 1140 1609 conventio
1188 1551 1567 1623 approbetur,
1602 1548 1651 1604 si
1699 1547 1872 1602 inter
1902 1562 1963 1601 se

278 1647 519 1707 diversae
542 1648 743 1717 partes
764 1640 1155 1699 dissenserint
1171 1638 1657 1695 manifestissime
1680 1634 1963 1708 propala-

286 1738 358 1805 ri,
388 1736 439 1792 si
470 1734 602 1790 ﬁeri
635 1736 844 1805 potest,
877 1729 1184 1786 humiliter
1203 1728 1595 1801 exposcimus.
1622 1724 1963 1781 Plurimum

289 1824 505 1881 etenim
536 1826 599 1878 et
628 1836 784 1877 nunc
811 1823 872 1876 et
898 1820 959 1874 in
989 1818 1189 1874 futuro
1210 1816 1444 1884 valebit,
1474 1817 1526 1872 si
1552 1820 1677 1871 tam
1712 1811 1964 1885 grandis

287 1929 392 1973 seu
431 1910 711 1967 inaudita
762 1924 941 1965 causa
981 1906 1041 1962 in
1088 1908 1216 1978 ipso
1259 1906 1497 1962 exordio
1544 1900 1967 1961 saluberrimis

288 2001 463 2057 fuerit
484 2000 843 2072 pertractata
868 1988 1412 2066 consiliis,ejusque
1433 1992 1702 2050 deﬁnitio
1726 1989 1966 2063 paginis

292 2088 728 2155 commendata,
782 2085 1008 2142 nullam
1058 2083 1305 2140 ulterius
1351 2082 1816 2155 ambiguitatem
1861 2078 1967 2133 ad-

290 2179 508 2237 mittat.
564 2176 658 2232 Me
702 2189 937 2247 quoque
987 2177 1110 2229 tam
1160 2172 1425 2229 desidem
1479 2175 1538 2227 et
1585 2167 1964 2241 imperitum,

289 2266 574 2326 conﬁteor
596 2264 888 2321 hactenus
928 2278 1042 2318 non
1093 2261 1382 2332 reperisse
1411 2260 1485 2316 ab
1537 2255 1967 2315 ecclesiasticis

290 2354 630 2412 doctoribus
661 2350 773 2408 tale
801 2348 942 2422 quid
986 2348 1331 2405 auctoritate
1378 2348 1714 2412 ﬁrmatum,
1752 2343 1845 2400 vel
1875 2361 1968 2401 ex-

292 2441 487 2515 emplo
518 2439 905 2513 propositum.
941 2437 1047 2493 Sed
1078 2436 1129 2495 si
1160 2436 1293 2509 quis
1323 2435 1826 2493 studiosissimus
1857 2433 1966 2490 hoc

178 2582 183 2584 _
295 2532 560 2589 invenire
590 2528 842 2602 potuerit
871 2529 1280 2600 perscrutator,
1313 2542 1418 2598 ego
1451 2525 1607 2596 quod
1660 2541 1701 2579 a
1736 2522 1965 2579 sanctis

295 2620 571 2679 Patribus
598 2622 885 2677 statutum
916 2620 1026 2684 est,
1055 2614 1463 2672 inviolabiliter
1512 2629 1727 2669 assero
1764 2612 1964 2668 obser-

296 2710 557 2769 vandum
568 2706 949 2765 .Fidelitatem
968 2720 1201 2777 quoque
1214 2709 1547 2760 nostrorum
1563 2702 1966 2758 dominorum

300 2802 361 2854 et
388 2814 596 2871 regum
620 2797 865 2870 pleniter
880 2796 941 2850 in
972 2794 1246 2851 omnibus
1279 2793 1477 2864 judico
1500 2792 1962 2848 observandam.

302 2886 480 2944 Nullo
503 2887 674 2944 modo
694 2886 853 2942 enim
874 2888 1008 2941 ante
1032 2882 1231 2941 oculos
1253 2881 1462 2938 divinae
1479 2881 1818 2950 majestatis
1836 2882 1966 2952 puri

306 2976 563 3032 inveniri
596 2991 937 3047 possumus,
960 2972 1010 3029 si
1040 2972 1125 3029 eis
1153 2969 1421 3028 inﬁdeles
1443 2968 1747 3025 ullatenus
1769 2970 1967 3026 existi-

304 3081 469 3125 mus.
498 3065 593 3120 Ait
620 3064 777 3120 enim
801 3061 1085 3119 Dominus
1113 3061 1175 3117 in
1205 3058 1513 3131 Evangelia
1547 3074 1560 3111 :
1594 3057 1656 3113 Si
1684 3058 1968 3114 hominem

298 3170 470 3227 quem
500 3153 643 3209 vides
687 3169 800 3209 non
849 3150 1067 3220 diligis,
1096 3151 1270 3205 Deum
1299 3163 1458 3218 quem
1503 3161 1612 3200 non
1657 3146 1807 3200 vides
1834 3162 1965 3217 quo-

2065 1371 2130 1423 tu
2162 1368 2299 1425 ideo
2340 1371 2735 1426 excusaboris.
2770 1372 2894 1426 Non
2946 1372 3103 1427 enim
3137 1389 3244 1427 suo
3291 1379 3531 1442 peccato
3562 1381 3735 1432 tuum

2069 1473 2355 1514 evacuare
2386 1459 2624 1531 poteris,
2659 1460 2758 1515 sed
2792 1462 2841 1515 si
2875 1460 2969 1515 ille
2997 1461 3149 1516 male
3182 1461 3360 1526 dedit,
3395 1467 3456 1517 et
3486 1468 3549 1518 tu
3582 1465 3738 1521 male

2071 1548 2370 1620 accepisti,
2393 1549 2598 1605 ambos
2631 1548 2852 1604 tenebit
2874 1549 3178 1620 iniquitas.
3208 1548 3307 1604 Ille
3327 1549 3733 1607 Christianum

2070 1638 2173 1691 tuo
2205 1638 2487 1709 supponit
2536 1636 2750 1708 gladio,
2782 1638 2889 1692 tibi
2919 1638 3247 1693 Christiano
3281 1655 3394 1693 non
3426 1638 3563 1694 ideo
3593 1656 3731 1695 eum

2072 1724 2240 1781 ferire
2270 1726 2485 1782 licebit.
2508 1727 2657 1790 Quid
2701 1732 2766 1781 ut
2794 1731 3197 1798 percuteretur
3234 1728 3502 1798 peccavit
3521 1727 3551 1781 ?
3580 1727 3729 1791 Quid

1992 1847 2040 1912 Β
2074 1815 2224 1912 male
2252 1815 2433 1912 fecit?
2463 1815 2683 1887 Nempe
2709 1816 2759 1871 si
2791 1815 3098 1872 charitatis
3125 1832 3305 1872 causa
3335 1831 3397 1871 se
3420 1817 3732 1888 objecit,ut

2076 1904 2326 1960 alterum
2353 1903 3034 1970 liberaret,honorandus
3054 1909 3166 1975 est,
3190 1921 3305 1961 non
3323 1905 3726 1977 perimendus.

2075 1993 2166 2051 Ait
2194 1993 2352 2048 enim
2384 1994 2589 2049 beatus
2619 1998 2827 2049 Petrus
2857 1993 3156 2066 apostolus
3190 2009 3203 2047 :
3236 1996 3371 2049 Ante
3398 1995 3589 2049 omnia
3605 2010 3729 2048 mue

2075 2090 2229 2138 tuam
2257 2084 2322 2138 in
2357 2082 2702 2153 vosmetipsos
2737 2083 3067 2137 charitatem
3096 2084 3413 2137 continuam
3443 2082 3725 2147 habentes,

2074 2172 2205 2241 quia
2225 2170 2466 2225 charitas
2489 2172 2660 2241 operit
2684 2171 3092 2227 multitudinem
3128 2180 3486 2240 peccatorum
3507 2171 3554 2241 (Ι
3570 2175 3722 2225 Petr.

2075 2276 2153 2327 ιν,
2174 2260 2249 2327 8).
2281 2260 2349 2314 Et
2369 2260 2650 2314 Dominus
2667 2260 2726 2314 in
2745 2260 3052 2332 Evangelio
3075 2276 3087 2313 :
3114 2261 3371 2331 Majorem
3399 2260 3726 2315 charilatem

2073 2364 2235 2404 nemo
2256 2348 2609 2419 habet,quam
2629 2356 2689 2403 ut
2704 2350 2954 2403 animam
2972 2352 3303 2420 suamponat
3319 2350 3441 2420 quis
3458 2363 3561 2420 pro
3581 2349 3725 2403 ami-

2073 2438 2156 2493 cis
2175 2438 2293 2492 suis
2315 2437 2491 2508 (Joan.
2508 2454 2596 2506 xv,
2618 2438 2725 2508 17).
2749 2442 2972 2507 Moyses
2992 2441 3187 2494 autem
3211 2437 3591 2509 semetipsum
3619 2452 3724 2507 pro

2077 2524 2290 2598 populo
2314 2526 2493 2581 Israel
2511 2526 2920 2598 Opponens,ait
2940 2527 3012 2582 ad
3039 2526 3349 2582 Dominum
3375 2543 3388 2581 :
3412 2526 3517 2581 Aut
3538 2524 3726 2579 dimit-

2075 2624 2126 2672 te
2154 2616 2288 2683 illis,
2312 2615 2557 2681 Domine,
2582 2616 2720 2681 hanc
2747 2629 2975 2685 noxam,
2999 2618 3094 2670 aut
3122 2616 3244 2670 dele
3268 2629 3355 2671 me
3375 2615 3439 2670 de
3465 2616 3607 2669 libro
3627 2616 3722 2670 tuo

2075 2719 2234 2776 quem
2259 2706 2527 2776 scripsisti
2556 2705 2757 2776 (Exod.
2783 2720 2960 2773 xxxn,
2994 2705 3106 2777 31).
3140 2704 3243 2759 Cui
3275 2704 3356 2759 ait
3386 2703 3669 2759 Dominus
3704 2720 3717 2758 :

2077 2795 2185 2863 Qui
2212 2795 2531 2862 'peccaverit
2584 2796 2650 2850 in
2709 2810 2818 2861 me,
2875 2792 3067 2849 delebo
3124 2809 3251 2848 eum
3305 2793 3370 2848 de
3435 2792 3574 2847 libro
3631 2800 3721 2848 tuo

2076 2882 2262 2954 (Ibid.,
2291 2884 2403 2955 33).
2436 2884 2515 2938 Ac
2545 2883 2593 2938 si
2626 2884 2845 2938 diceret
2877 2898 2892 2939 :
2924 2884 3011 2938 Tu
3046 2884 3191 2937 bene
3240 2881 3503 2954 postulas
3533 2899 3547 2947 ;
3583 2882 3722 2953 quia

2077 2972 2170 3043 pie
2202 2972 2500 3042 postulas;
2535 2988 2640 3043 ego
2667 2976 2862 3027 autem
2884 2988 2997 3027 non
3028 2972 3109 3027 ita
3135 2970 3473 3037 faciam,sed
3497 2974 3724 3025 rectum

2070 3061 2364 3132 judicium
2376 3060 2741 3131 judicabo.Si
2760 3077 2895 3116 vero
2917 3076 3020 3131 pro
3045 3060 3287 3116 alterius
3309 3059 3497 3131 gratia
3509 3058 3724 3129 aliquis

2079 3164 2141 3203 se
2169 3148 2365 3204 taliter
2393 3148 2750 3219 opposuerit,
2782 3152 2847 3202 ut
2866 3148 3014 3203 alter
3042 3149 3250 3204 exinde
3272 3147 3501 3202 lucrum
3525 3145 3727 3218 acqui-

298 3216 466 3299 inodo
493 3247 645 3313 potes
684 3216 980 3308 diligeret
1017 3239 1065 3308 (Ι
1090 3239 1250 3294 Joan.
1286 3216 1364 3299 1v,
1394 3236 1451 3299 7,
1482 3234 1561 3302 8.)
1591 3233 1661 3288 Et
1707 3216 1970 3305 ideopro
2001 3216 2043 3282 (ἶ
2081 3241 2191 3303 rat,
2224 3238 2311 3292 vel
2342 3216 2609 3308 gloriam,
2642 3236 2750 3291 hoc
2782 3236 3024 3291 minime
3052 3236 3248 3292 laudo.
3285 3235 3347 3290 In
3379 3236 3491 3291 isto
3514 3216 3644 3305 jam
3672 3233 3723 3289 si

302 3331 551 3389 illorum
575 3328 855 3385 ﬁdelitate
882 3324 1164 3395 regnique
1187 3328 1343 3380 statu
1374 3325 1431 3376 et
1462 3336 1601 3392 pace
1629 3320 1798 3376 nobis
1820 3326 1971 3378 sata-

301 3436 439 3493 gere
468 3415 761 3486 convenit,
796 3412 1301 3485 quemadmodum
1327 3408 1735 3467 sanctissimos
1756 3426 1970 3480 praesu-

303 3511 409 3576 les,
445 3509 683 3565 nostros
716 3501 1015 3575 siquidem
1037 3500 1635 3572 praedecessores,pro
1666 3496 1966 3567 religioso-

304 3614 443 3656 rum
474 3593 809 3668 prinoipum
839 3590 1114 3647 novimus
1134 3589 1435 3645 laborasse
1467 3585 1673 3642 salute.
1696 3584 1965 3658 Alioquin

308 3685 392 3745 nil
406 3682 562 3741 ultra
573 3697 789 3738 novum
803 3678 1058 3750 adjicere
1076 3693 1308 3744 censeo,
1322 3675 1438 3731 nisi
1450 3673 1703 3730 maxime
1715 3673 1967 3731 utilitate

302 3773 394 3830 vel
427 3770 775 3831 necessitate
804 3770 1071 3838 cogente,
1104 3765 1306 3822 sumni
1338 3762 1632 3835 pontiﬁcis
1654 3763 1965 3833 sententia,

303 3862 397 3918 vel
412 3857 793 3932 prudentium
814 3854 990 3911 fuerit
1003 3854 1411 3926 episcoporum
1429 3850 1815 3907 deliberatum
1828 3869 1966 3908 con-

306 3949 465 4006 silio.
497 3947 781 4006 Novimus
815 3943 977 4001 enim
1009 3943 1169 4015 quia,
1191 3946 1257 3998 ut
1282 3942 1364 3997 ait
1404 3940 1683 3996 Dominus
1704 3955 1807 4009 per
1835 3957 1966 4010 pro-

308 4039 550 4111 phetam
582 4054 594 4091 :
631 4033 775 4105 Quid
803 4040 882 4089 est
925 4032 1044 4100 hoc,
1078 4031 1220 4103 quod
1264 4030 1477 4086 vertitis
1523 4030 1589 4084 in
1617 4028 1968 4099 proverbium

302 4128 549 4185 dicentes
579 4144 597 4183 :
627 4128 828 4183 Patres
852 4121 1204 4178 comederunt
1253 4135 1387 4175 uvas
1436 4117 1676 4185 acerbas,
1703 4123 1757 4172 et
1782 4116 1966 4174 dentes

304 4216 559 4288 ﬁliorum
596 4213 997 4283 obstupescunt.
1035 4211 1161 4265 Vivo
1191 4224 1307 4279 ego,
1339 4208 1475 4264 dicit
1522 4207 1803 4273 Dominus,
1835 4208 1966 4277 quia

305 4321 423 4361 non
454 4304 560 4359 erit
587 4303 741 4357 ultra
793 4300 895 4356 hoc
930 4299 1287 4371 proverbium
1312 4297 1373 4350 in
1419 4294 1591 4350 Israel
1621 4314 1640 4351 :
1669 4300 1729 4350 ut
1776 4297 1967 4350 anima

300 4394 509 4466 patris,
533 4393 619 4447 ita
647 4393 696 4446 et
718 4391 911 4445 anima
931 4388 1043 4458 ﬁlii
1060 4402 1182 4442 mea
1200 4389 1281 4441 est
1302 4384 1515 4456 (Ezech.
1538 4400 1700 4449 xvm,
1720 4383 1796 4455 2).
1829 4385 1964 4438 Ani-

303 4499 397 4538 ma
419 4497 543 4553 quae
568 4480 903 4552 peccaverit,
936 4478 1058 4549 ipsa
1077 4476 1362 4531 morietur.
1393 4473 1566 4528 Filius
1594 4488 1704 4527 non
1729 4475 1967 4544 portabit

2077 3324 2319 3392 venerit,
2345 3341 2543 3380 revera
2566 3322 2961 3397 triplicabitur
2990 3324 3520 3395 homicidium,nec
3550 3322 3724 3379 alieni

2078 3418 2252 3468 erunt
2281 3430 2315 3469 a
2335 3412 2578 3468 crimine
2596 3418 2720 3468 tam
2748 3414 2873 3485 ipse
2894 3413 2995 3484 qui
3017 3413 3401 3469 homicidium
3428 3416 3723 3485 perpetra-

2076 3502 2241 3569 verit,
2275 3518 2452 3573 quam
2482 3501 2579 3558 ille
2609 3502 2708 3574 qui
2740 3502 3038 3558 hominem
3070 3503 3182 3558 sub
3210 3500 3312 3557 tali
3345 3501 3726 3557 conventione

2076 3589 2336 3656 tradidit,
2370 3607 2473 3646 seu
2503 3595 2562 3647 et
2590 3591 2736 3662 ipse,
2758 3591 2859 3663 qui
2891 3591 2999 3646 hoc
3032 3592 3102 3647 de
3133 3608 3195 3647 se
3225 3590 3352 3647 ﬁeri
3382 3589 3724 3663 permisit,si

2078 3680 2149 3734 ad
2178 3679 2597 3751 intelligibilem
2625 3682 2751 3751 jam
2783 3680 3043 3751 pervenit
3062 3685 3313 3737 aetatem.
3332 3680 3477 3735 Nam
3500 3680 3572 3735 de
3594 3696 3723 3751 par-

2078 3768 2227 3824 vulis
2255 3769 2395 3840 quid
2426 3768 2584 3824 aliud
2608 3768 2921 3824 dicendum
2947 3770 3177 3837 est,nisi
3208 3770 3363 3842 quod
3384 3770 3722 3824 innocentes

2074 3864 2344 3928 pereunt,
2376 3861 2434 3912 et
2471 3857 2735 3913 insontes
2783 3858 3088 3914 existunt?
3121 3859 3271 3915 Audi
3302 3858 3443 3929 quid
3492 3859 3563 3913 de
3594 3856 3720 3927 ipso

2077 3945 2323 4000 Domino
2349 3949 2542 4000 actum
2560 3945 2940 4001 sit.Vinctum
2965 3946 3133 4002 illum
3150 3947 3333 4002 Judaei
3358 3944 3538 4000 Pilato
3556 3944 3723 3999 obtu-

2075 4032 2289 4099 lerunt,
2321 4037 2390 4088 ut
2437 4033 2893 4104 cruciﬁgeretur,
2938 4035 3195 4090 dicentes
3227 4050 3241 4088 :
3277 4033 3549 4101 Cruciﬁge
3575 4048 3718 4087 eum.

2074 4125 2184 4178 Nos
2213 4122 2387 4191 legem
2414 4121 2695 4191 habemus,
2727 4125 2781 4176 et
2826 4121 3125 4177 secundum
3180 4123 3351 4192 legem
3397 4120 3551 4175 debet
3577 4122 3723 4174 mori

2074 4212 2255 4280 (Joan.
2288 4227 2403 4282 xix,
2433 4211 2510 4283 7).
2545 4211 2614 4265 Et
2640 4210 2855 4265 iterum
2892 4228 2905 4266 :
2934 4211 3179 4281 Sanguis
3205 4212 3327 4283 ejus
3354 4225 3521 4278 super
3549 4224 3646 4265 nos
3673 4215 3724 4263 et

2074 4316 2238 4371 super
2266 4300 2408 4370 ﬁlios
2450 4307 2657 4355 nostros
2694 4298 2904 4368 (Matth.
2954 4315 3128 4369 xxvn,
3169 4300 3282 4367 23).
3314 4298 3420 4354 Sed
3454 4297 3721 4369 quamvis

2073 4388 2200 4460 ipse
2222 4389 2429 4444 dixerit
2453 4405 2466 4444 :
2489 4389 2717 4443 Mundus
2728 4404 2893 4444 suma
2914 4391 3187 4459 sanguine
3206 4387 3561 4461 hujus(lbid.,
3583 4387 3673 4458 24)
3704 4411 3717 4453 ;

2075 4482 2141 4532 ut
2170 4478 2438 4550 quamvis
2461 4495 2672 4532 manus
2696 4476 2916 4544 laverit,
2940 4482 3133 4533 tamen
3166 4478 3303 4549 quia
3334 4476 3720 4531 homicidium

308 4571 669 4644 iniquitatem
694 4569 878 4640 patris
905 4574 955 4623 et
996 4572 1161 4637 pater
1190 4579 1302 4620 non
1326 4562 1571 4635 portabit
1617 4563 1965 4634 iniquitatem
1996 4581 2045 4647 D
2074 4565 2341 4638 improbe
2385 4566 2752 4639 perpetravit,
2788 4566 3122 4623 nullatenus
3152 4566 3363 4639 poterit
3413 4581 3447 4619 a
3475 4564 3719 4620 crimine

306 4662 429 4732 ﬁlii
456 4658 643 4732 (lbid.,
664 4658 779 4727 20).
805 4656 948 4724 Quis
985 4670 1121 4727 ergo
1142 4652 1454 4725 religiosus
1484 4655 1683 4707 contra
1713 4652 1969 4709 Domini-

312 4766 446 4807 cam
474 4746 833 4804 sententiam
863 4744 1053 4800 dicere
1084 4743 1316 4810 audeat,
1351 4741 1503 4813 quod
1536 4739 1749 4813 aliquis
1780 4742 1969 4800 ﬁdelis

310 4855 421 4913 pro
450 4836 643 4910 petris
673 4836 987 4892 damnetur
1031 4832 1359 4905 iniquitate,
1392 4834 1493 4887 aut
1539 4846 1643 4901 pro
1674 4829 1799 4899 ﬁlii,
1833 4848 1969 4887 cum

310 4928 522 4985 audiat
542 4926 738 4998 ipsum
767 4922 1078 4979 Dominum
1104 4923 1396 4978 dicentem
1421 4936 1434 4975 :
1455 4920 1637 4977 Filius
1664 4936 1773 4975 non
1787 4925 1969 4991 porta-

313 5020 394 5073 bit
427 5017 784 5089 iniquitatem
809 5014 1009 5084 patris,
1032 5028 1129 5067 nec
1154 5014 1312 5083 pater
1336 5008 1495 5079 ﬁlii?
1515 5008 1788 5072 Quamvis
1810 5010 1967 5066 enim

309 5106 423 5162 ﬁlii
438 5122 471 5161 a
492 5104 837 5177 parentibus
859 5116 1069 5157 noxam
1091 5100 1265 5172 primi
1285 5098 1542 5154 hominis
1554 5097 1969 5163 trahant,sacri

310 5194 498 5253 fontis
526 5194 881 5266 baptismate
902 5190 1267 5261 expiandam,
1296 5193 1491 5244 tamen
1515 5185 1736 5258 aliquid
1767 5191 1969 5258 postea

309 5283 538 5358 peccati
567 5285 840 5355 parentes
868 5279 1213 5350 admittunt,
1242 5277 1339 5332 ubi
1370 5275 1474 5332 ﬁlii
1505 5275 1819 5349 participes
1850 5293 1966 5332 non

308 5376 482 5441 sunt,
516 5372 586 5427 ad
619 5386 719 5427 eos
748 5385 864 5425 non
894 5367 1185 5440 pertinere
1206 5367 1340 5437 quis
1370 5364 1617 5436 ambigit
1637 5364 1664 5418 ‘l
1694 5364 1805 5420 Sed
1836 5368 1893 5420 et
1916 5364 1964 5420 si

310 5462 446 5519 ﬁeri
468 5461 644 5517 etiam
669 5462 885 5532 potest,
908 5461 974 5512 ut
992 5461 1185 5529 patres
1206 5455 1515 5510 comedent
1540 5470 1680 5509 uvas
1703 5454 1963 5524 acerbas,

312 5556 372 5608 et
394 5551 601 5606 dentes
623 5548 878 5604 ﬁliorum
893 5546 1497 5618 obtupescant,tamen
1522 5559 1636 5598 non
1659 5543 1813 5599 inter
1832 5558 1959 5611 nos,

311 5657 436 5700 non
480 5639 543 5697 in
591 5637 792 5699 Israel.
824 5637 919 5695 Ait
946 5634 1101 5694 enim
1149 5631 1481 5693 Dominus:
1521 5633 1647 5689 Vivo
1694 5646 1787 5703 ego
1830 5632 1964 5704 quia

2078 4655 2365 4710 excusari.
2399 4655 2545 4712 Nam
2579 4654 2865 4709 Dominici
2918 4655 3123 4711 effusio
3151 4653 3456 4726 sanguinis
3487 4656 3543 4707 et
3588 4650 3721 4707 illos

2080 4743 2414 4813 maculavit,
2448 4748 2504 4798 et
2533 4743 2689 4797 hunc
2719 4742 2777 4797 in
2810 4748 3155 4815 perpetuum
3182 4742 3497 4798 damnavit.
3523 4741 3634 4797 Sed
3665 4745 3723 4797 et

2078 4831 2187 4887 hoc
2205 4833 2276 4887 de
2293 4848 2383 4886 om
2395 4831 2988 4887 nibusinnocentibus
3001 4832 3070 4887 ad
3090 4847 3319 4904 poenam
3341 4829 3572 4885 traditis
3594 4846 3722 4885 sen-

2077 4920 2343 4975 tiendum
2374 4924 2482 4974 est.
2515 4920 2761 4983 Quidam
2796 4936 2897 4991 pro
2927 4922 3220 4991 angustia,
3244 4925 3307 4975 ut
3327 4936 3387 4975 se
3418 4919 3490 4974 ab
3522 4919 3716 4987 aliquo

2074 5006 2324 5064 liberare
2354 5007 2605 5079 possint,
2639 5007 2885 5062 alterum
2934 5014 3257 5080 opponunt,
3288 5008 3376 5064 vel
3408 5008 3582 5062 etiam
3614 5020 3717 5074 pro

2077 5097 2384 5152 commodo
2415 5101 2479 5151 ut
2504 5112 2607 5167 pro
2638 5095 2739 5152 tali
2781 5097 3113 5153 adulatione
3142 5097 3316 5153 ditari
3347 5096 3531 5150 vitant
3558 5091 3716 5147 vide-

2078 5189 2270 5241 antur.
2304 5185 2550 5251 Quidam
2593 5200 2727 5240 vero
2773 5186 3021 5241 nimium
3058 5187 3117 5241 in
3149 5202 3211 5242 se
3242 5184 3619 5249 conﬁdentes,
3651 5196 3719 5235 ea

2076 5274 2313 5346 quidem
2344 5272 2848 5345 promittuntque;
2881 5292 2998 5329 suae
3025 5292 3137 5329 non
3171 5276 3308 5328 sunt
3329 5268 3719 5342 potestatis,et

2074 5379 2178 5436 pro
2204 5362 2307 5418 tali
2330 5360 2748 5434 pollicitatione
2781 5363 3014 5419 obsides
3038 5365 3462 5433 ponunt,quam
3483 5358 3603 5414 illis
3624 5359 3717 5415 vix

2074 5451 2390 5523 adimplere
2421 5450 2800 5522 permittitur.
2826 5451 2966 5513 Quis
2995 5450 3147 5504 enim
3171 5449 3240 5503 de
3270 5464 3333 5503 se
3362 5464 3716 5520 praesumere

2073 5541 2302 5609 audeat,
2333 5538 2423 5595 vel
2452 5546 2585 5611 quis
2634 5540 2704 5594 de
2752 5554 2813 5593 se
2844 5537 3053 5607 poterit
3082 5552 3210 5592 esse
3258 5554 3497 5594 securus
3517 5537 3544 5591 ?
3574 5536 3714 5603 Quis

2072 5629 2397 5701 promptior
2416 5630 2488 5686 de
2510 5627 2760 5698 alicujus
2777 5640 3037 5696 unquam
3055 5626 3268 5698 poterit
3288 5643 3418 5685 esse
3438 5624 3714 5684 ﬁdelitate
