4096 6178
398 314 516 378 123

1414 312 1758 377 ATTONIS
1803 313 2392 379 VERCELLENSIS
2437 315 2789 380 EPISCOPI

3693 319 3817 382 εει

383 448 556 508 beato
581 451 774 518 Petro,
805 447 907 521 qui
956 447 1038 505 ait
1065 449 1137 506 ad
1165 447 1477 505 Dominum
1512 464 1526 502 :
1560 448 1625 503 Et
1654 448 1706 503 si
1733 449 2037 519 oportuerit
2065 450 2122 517 Α
2149 448 2452 512 Quomodo
2481 451 2636 506 enim
2669 467 2771 523 pro
2793 465 2856 507 se
2885 448 3032 508 alios
3062 448 3314 522 objicere
3346 449 3607 524 periculo
3637 456 3803 525 pote-

390 557 480 596 me
507 540 653 595 mori
679 546 874 606 tecum,
906 556 1018 596 non
1046 541 1098 595 te
1125 538 1328 610 negabo
1348 537 1375 591 ?
1403 537 1612 607 (Matth.
1645 555 1797 602 xxvx,
1830 537 1945 608 35.)
1977 537 2044 593 Et

389 634 591 686 tamen
616 628 861 685 Domino
882 629 1252 700 praedicente,
1277 632 1590 700 antequam
1622 626 1812 699 gallus
1836 631 2042 682 canta-

390 724 497 787 ret,
532 723 622 773 ter
651 735 786 774 eum
814 717 1064 790 negavit.
1098 717 1362 773 Christus
1381 717 1537 772 enim
1557 719 1620 771 ut
1650 717 1802 772 Deus
1834 731 2042 787 cogno-

390 809 474 864 vit
507 808 656 863 Petri
682 807 1089 880 fragilitatem;
1123 806 1331 862 Petrus
1347 810 1541 862 autem
1573 805 1902 861 considerat
1923 821 2040 860 suis

398 898 536 954 fidei
570 899 854 952 ardorem.
886 897 1045 959 Quod
1096 899 1291 951 autem
1343 895 1623 951 Dominus
1675 893 1818 950 dicit
1848 892 2042 965 praevi-

395 987 607 1052 dendo,
632 987 739 1041 iste
771 987 1016 1056 denegat
1047 985 1322 1039 amando.
1344 984 1450 1039 Ubi
1478 981 1776 1039 moraliter
1804 982 2045 1038 instrui-

391 1093 545 1142 mur,
578 1080 642 1129 ut
670 1077 956 1145 quantum
986 1074 1339 1130 conﬁdimus
1388 1073 1460 1128 de
1491 1073 1695 1128 ardore
1724 1071 1880 1139 ﬁdei,
1911 1075 2042 1126 tan-

383 1169 510 1220 tum
545 1164 854 1219 timeamus
877 1164 947 1218 de
968 1163 1163 1218 carnis
1186 1161 1743 1234 fragilitate,quia,si
1768 1165 2038 1218 nostrum

386 1253 463 1308 sit
493 1251 658 1321 velle,
692 1252 790 1308 Dei
823 1256 1018 1307 autem
1044 1257 1133 1307 est
1164 1252 1460 1323 perﬁcere.
1482 1251 1680 1322 Neque
1704 1266 1809 1305 nos
1841 1265 2043 1304 secun-

386 1342 526 1396 dum
561 1341 796 1396 beatum
832 1339 1226 1411 Augustinum
1279 1340 1358 1411 (in
1388 1343 1551 1394 Joan.
1579 1341 1747 1394 tract.
1781 1339 1872 1406 66)
1904 1353 2040 1393 cum

386 1431 501 1486 ista
530 1429 805 1501 dicimus,
839 1432 1097 1501 primum
1116 1428 1513 1500 apostolorum
1548 1443 1822 1484 accusare
1853 1427 2038 1482 delec-

385 1522 492 1587 tat,
527 1519 628 1573 sed
660 1518 816 1573 hunc
865 1518 1149 1573 intuendo
1201 1516 1501 1572 admoneri
1535 1533 1641 1572 nos
1687 1520 1936 1588 oportet,
1970 1532 2043 1570 ne

387 1607 563 1663 homo
589 1607 906 1679 quisquam
934 1608 1005 1662 de
1035 1607 1311 1663 humanis
1336 1606 1564 1662 viribus
1595 1606 1872 1661 conﬁdat.
1895 1605 2042 1660 Nam

389 1696 530 1768 quid
577 1696 737 1751 aliud
787 1696 1069 1769 pertinuit
1097 1697 1170 1752 ad
1220 1697 1517 1752 doctorem
1566 1695 2044 1766 Salvatoremque

385 1785 798 1852 nostrum,nisi
820 1789 885 1840 ut
914 1785 1082 1842 nobis
1100 1801 1477 1858 nequaquam
1493 1786 1564 1840 de
1595 1801 1658 1840 se
1684 1800 2042 1856 quemquam
2073 1821 2122 1886 B

395 1875 604 1929 debere
636 1891 986 1945 presumere
1026 1875 1087 1930 in
1134 1875 1261 1946 ipso
1292 1874 1482 1946 primo
1513 1873 1911 1946 apostolorum
1943 1874 2044 1929 de-

394 1966 748 2017 monstraret
758 1963 1020 2035 exemplo
1033 1963 1061 2018 ?
1076 1963 1138 2018 In
1161 1964 1359 2018 anima
1375 1963 1575 2034 itaque
1603 1962 1847 2034 contigit
1863 1963 2040 2030 Petri,

393 2051 549 2122 quod
571 2051 920 2107 oﬁ‘erebatin
937 2068 1196 2124 corpore.
1219 2051 1319 2108 Ille
1331 2052 1489 2107 enim
1513 2055 1759 2107 mortem
1782 2050 2043 2122 corporis

397 2138 694 2209 offerebat,
727 2140 827 2195 sed
860 2144 1108 2196 mortem
1156 2140 1366 2196 animae
1396 2139 1645 2195 incurrit
1675 2157 1689 2196 :
1723 2139 1863 2211 quia
1891 2138 2045 2194 sicut

389 2226 576 2282 vivere
605 2231 694 2283 est
738 2229 1001 2284 conﬁteri
1051 2229 1370 2297 Christum,
1406 2229 1491 2284 sic
1537 2232 1593 2284 et
1623 2229 1770 2285 mori
1822 2233 1912 2284 est
1941 2244 2041 2283 ne-

387 2331 526 2388 gare
556 2332 711 2372 eum.
731 2317 879 2382 Quid
898 2322 956 2372 et
984 2318 1192 2373 beatus
1222 2317 1482 2374 Thomas
1504 2317 1716 2373 dixerit
1739 2317 2038 2373 novimus:

389 2406 592 2461 Eamus
620 2415 675 2462 et
701 2422 798 2462 nos
825 2414 877 2462 et
921 2409 1229 2463 moriamur
1266 2423 1391 2462 cum
1419 2423 1484 2462 eo
1501 2423 1522 2469 ,'
1553 2408 1815 2462 similiter
1861 2410 2044 2462 autem

389 2500 444 2550 et
472 2497 662 2551 caeteri
689 2512 875 2552 omnes
921 2497 1186 2553 dixerunt
1232 2497 1412 2568 (Joan.
1447 2515 1522 2565 ιι,
1558 2496 1647 2568 16)
1680 2514 1692 2564 ;
1739 2499 1798 2551 et
1844 2500 2043 2552 tamen

392 2600 582 2640 omnes
608 2587 801 2643 relicto
829 2603 889 2642 eo
917 2589 1186 2660 fugerunt
1216 2586 1426 2658 (Matth.
1457 2603 1632 2652 xxvn,
1661 2586 1775 2656 59).

463 2675 533 2728 Et
563 2678 785 2730 certum
819 2679 907 2730 est
938 2675 1231 2748 apostolos
1261 2692 1326 2731 eo
1342 2676 1468 2746 jam
1499 2678 1762 2746 tempore
1792 2673 1923 2746 plus
1945 2690 2045 2730 eos

393 2762 634 2834 diligere
675 2763 1012 2831 Dominum,
1045 2781 1223 2835 quam
1271 2781 1375 2820 vos
1405 2779 1608 2820 omnes
1659 2761 2040 2835 propinquos.

390 2852 458 2907 Et
489 2852 616 2907 ideo
649 2852 750 2924 qui
786 2870 890 2924 pro
921 2853 1080 2909 illius
1110 2858 1251 2909 tunc
1282 2870 1397 2910 non
1429 2856 1567 2909 sunt
1607 2853 1814 2908 retenti
1846 2867 2044 2908 amore

390 2957 494 3013 pro
528 2941 706 2998 nullis
738 2943 939 3014 utique
968 2945 1191 2998 starent
1214 2941 1538 2998 obsidibus.
1568 2940 1780 2997 Multos
1810 2956 2043 3013 quoque

393 3030 726 3086 audivimus
754 3035 811 3086 et
830 3031 1087 3088 vidimus
1118 3035 1249 3104 post
1274 3032 1440 3087 datos
1463 3031 1696 3087 obsides
1719 3031 1942 3086 irritam
1967 3031 2046 3085 fe-

394 3119 546 3176 cisse
577 3121 976 3192 sponsionem.
1006 3121 1299 3184 Quosdam
1322 3137 1455 3176 vero
1485 3121 1660 3178 etiam
1692 3121 1915 3192 absque
1945 3120 2042 3175 da-

2154 541 2312 605 runt,
2345 539 2445 611 qui
2475 555 2537 595 se
2585 557 2688 610 pro
2733 538 2849 596 illis
2896 555 3188 612 opponere
3234 539 3496 596 debent?
3527 542 3812 614 Legimus

2153 643 2408 700 namque
2440 629 2510 684 de
2531 629 2698 684 beato
2714 628 2959 684 Paulino
2991 628 3431 700 episcopo,quia
3457 646 3593 686 cum
3615 647 3678 687 se
3702 647 3812 704 pro

2152 731 2269 770 uno
2301 720 2528 772 tantum
2557 716 2744 772 viduae
2776 717 2894 772 ﬁlio
2920 716 3262 789 captivitati,
3293 719 3414 774 imo
3446 722 3506 774 et
3535 719 3814 775 servituti

2153 805 2514 872 tradidisset,
2547 805 2764 862 multos
2794 807 2853 861 in
2883 805 2994 862 hoc
3043 805 3324 862 liberasse
3367 807 3646 878 captivos.
3681 808 3814 872 Quo

2153 892 2329 949 etiam
2362 894 2420 948 in
2471 894 2622 950 facto
2670 898 2791 950 tam
2833 912 2867 950 a
2913 895 3082 950 beato
3126 895 3423 968 Gregorio,
3458 912 3636 967 quam
3684 900 3745 953 et
3775 915 3814 954 a

2153 981 2360 1037 multis
2390 982 2521 1038 aliis
2551 983 2940 1038 sanctissimis
2971 982 3250 1040 laudatus
3281 988 3371 1040 est
3401 984 3691 1042 Patribus.

2139 1106 2146 1121 .
2224 1071 2416 1127 Unum
2432 1076 2631 1128 tamen
2653 1071 2772 1128 scio
2789 1072 2991 1144 procul
3014 1072 3214 1141 dubio,
3238 1073 3394 1144 quod
3413 1073 3630 1146 ubique
3651 1075 3814 1131 dice-

2152 1164 2270 1228 tur,
2307 1161 2444 1232 quia
2473 1161 2524 1217 si
2555 1160 2700 1216 illud
2732 1161 2866 1218 ﬁdei
2916 1161 3241 1229 vinculum,
3271 1162 3428 1234 quod
3477 1162 3618 1219 olim
3648 1164 3812 1220 inter

2152 1250 2443 1322 principes
2475 1253 2824 1322 nostrosque
2847 1250 3033 1306 valuit
3053 1252 3532 1322 praedecessor-es,
3557 1252 3810 1310 minime

2152 1339 2307 1410 apud
2341 1355 2448 1394 nos
2469 1339 2695 1395 servari
2723 1339 2998 1407 creditur,
3023 1343 3126 1394 aut
3151 1339 3445 1412 principes
3467 1341 3816 1413 deteriores,

2153 1433 2256 1484 aut
2283 1445 2390 1484 nos
2421 1427 2732 1499 nequiores
2752 1444 2882 1484 esse
2911 1428 3251 1500 probamur.
3276 1427 3424 1493 Quia
3454 1432 3556 1484 aut
3581 1428 3665 1484 illi
3699 1446 3820 1485 sua

2124 1517 2375 1598 ‘seevitia
2404 1517 2547 1572 adeo
2579 1517 2734 1572 exosi
2765 1516 3060 1583 videntur,
3092 1520 3158 1572 ut
3206 1517 3273 1571 ad
3309 1517 3649 1589 popularem
3675 1518 3816 1588 jam

2152 1623 2268 1663 non
2300 1605 2530 1678 possint
2580 1605 2769 1662 redire
2815 1621 3097 1673 amorem,
3130 1609 3226 1660 aut
3255 1621 3363 1661 nos
3413 1605 3554 1662 adeo
3599 1605 3820 1678 perﬁdi

2154 1695 2546 1768 suspicamur,
2572 1699 2638 1750 ut
2665 1693 2897 1750 nullum
2927 1693 2986 1750 in
3018 1694 3190 1751 nobis
3210 1693 3347 1750 ﬁdei
3371 1694 3552 1751 robur
3577 1694 3820 1751 consis-

2154 1788 2259 1853 tat,
2292 1787 2394 1839 aut
2440 1787 2779 1854 utrumque.
2813 1783 3065 1855 Quaque
3108 1787 3306 1839 tamen
3357 1799 3494 1855 pars
3541 1782 3650 1838 hoc
3679 1798 3810 1838 me-

2155 1873 2344 1929 ruisse
2374 1873 2760 1942 convincitur,
2795 1876 3086 1945 oporteret
3129 1871 3183 1928 ei
3235 1871 3426 1944 magis
3456 1871 3811 1940 subsistere,

2151 1978 2331 2034 quam
2363 1963 2436 2017 ad
2468 1960 2583 2017 tale
2613 1961 2712 2017 diu
2743 1960 3004 2033 protrahi
3034 1961 3306 2032 dedecus,
3335 1960 3493 2031 quod
3527 1959 3700 2015 absit.

2224 2051 2603 2122 Quapropter,
2635 2048 3024 2122 dilectissimi,
3057 2065 3293 2106 oremus
3321 2049 3639 2106 Dominum
3670 2065 3804 2104 om-

2151 2139 2534 2212 nipotentem,
2554 2143 2620 2194 ut
2649 2143 2880 2196 nostros
2908 2138 3369 2211 gloriosissimos
3398 2153 3564 2211 reges
3586 2137 3815 2210 ubique

2153 2233 2475 2299 conservet,
2500 2246 2726 2302 nosque
2755 2228 2873 2284 illis
2897 2229 3245 2285 commissos
3264 2228 3539 2301 dignetur
3557 2227 3809 2295 tueri,in

2152 2319 2427 2374 omnibus
2477 2319 2646 2374 nobis
2697 2317 3144 2374 adversitatibus
3195 2317 3524 2390 propitiari.
3559 2315 3684 2372 Illis
3735 2317 3816 2373 de

2153 2411 2357 2463 nostra
2385 2406 2664 2463 ﬁdelitate
2685 2408 2861 2463 donet
2890 2406 3188 2476 ﬁduciam,
3215 2411 3276 2462 et
3304 2406 3474 2462 nobis
3505 2406 3566 2461 in
3598 2421 3813 2462 eorum

2153 2497 2435 2568 obsequio
2457 2496 2863 2570 perseverandi
2886 2500 3120 2568 praestet
3139 2494 3816 2552 constantiam.Tribuat

2152 2585 2286 2642 illos
2315 2585 2487 2642 nobis
2509 2585 2878 2657 tranquillos,
2897 2601 3123 2658 nosque
3152 2585 3236 2642 eis
3266 2585 3441 2641 faciat
3467 2600 3596 2640 esse
3627 2585 3814 2640 devo-

2151 2678 2264 2731 tos.
2288 2676 2358 2729 Et
2373 2674 2422 2730 si
2444 2673 2776 2747 fragilitatis
2795 2690 2992 2744 causa,
3015 2679 3116 2730 aut
3143 2673 3258 2745 ipsi
3281 2673 3341 2729 in
3359 2673 3550 2741 nobis,
3576 2677 3682 2729 aut
3698 2690 3817 2730 nos

2153 2767 2354 2820 contra
2382 2763 2512 2820 illos
2545 2762 2770 2836 aliquid
2805 2763 3076 2835 iniquum
3105 2763 3536 2831 commisimus,
3559 2762 3645 2818 sic
3675 2762 3814 2832 ejus

2152 2853 2461 2909 clementia
2491 2852 2773 2918 deleatur,
2807 2857 2873 2907 ut
2893 2852 3056 2908 nulla
3075 2853 3202 2924 jam
3233 2852 3292 2907 in
3324 2856 3623 2924 posterum
3656 2850 3814 2906 ultio

2151 2942 2357 2998 exinde
2386 2947 2763 3015 praeparetur.
2779 2940 3160 2997 Dimittamus
3178 2941 3394 3012 debita,
3414 2944 3480 2996 ut
3500 2940 3814 2996 dimittan-

2149 3036 2266 3100 tur,
2301 3047 2415 3087 non
2444 3031 2811 3087 vindicamus
2844 3031 3062 3098 omnia,
3088 3047 3161 3087 ne
3190 3031 3391 3086 omnia
3410 3030 3813 3086 vindicentur.

2152 3120 2277 3177 Non
2310 3119 2677 3176 vindicentur
2705 3121 2963 3177 maxima
2992 3137 3096 3193 pro
3124 3119 3514 3187 minimis,sed
3536 3124 3821 3175 servetur

397 3207 474 3266 tis
507 3209 812 3265 obsidibus
835 3226 1022 3282 usque
1048 3210 1120 3266 ab
1153 3214 1400 3266 mortem
1423 3210 1598 3266 ﬁdem
1628 3225 1909 3265 servasse.
1932 3208 2042 3264 Ve-
2074 3195 2117 3258 C
2156 3210 2445 3266 modestia
2475 3213 2533 3266 et
2560 3210 2619 3265 in
2646 3209 2896 3282 magnis.
2928 3209 3137 3266 Nullus
3163 3211 3320 3282 quod
3348 3208 3512 3265 alteri
3534 3208 3815 3277 debetur,

397 3303 735 3354 rumtaman
766 3298 816 3354 si
833 3298 968 3355 talis
988 3299 1306 3370 expetenda
1330 3303 1419 3354 est
1447 3298 1745 3371 obligatio,
1765 3297 2044 3354 astolidis

395 3392 451 3442 et
482 3388 770 3458 perversis
795 3392 1093 3458 Deumque
1119 3404 1235 3443 non
1267 3388 1608 3443 curantibus
1634 3387 2044 3442 tantummodo

393 3475 680 3547 exigenda
708 3478 818 3530 est.
842 3475 945 3528 Vir
974 3479 1166 3530 autem
1195 3476 1450 3547 prudens
1481 3480 1538 3530 et
1565 3474 2044 3547 catholicus,quze

397 3579 502 3635 pro
529 3562 625 3617 Dei
647 3563 1066 3635 omnipotentis
1089 3563 1297 3620 timore
1309 3581 1546 3636 suaeque
1559 3564 1766 3619 animae
1788 3564 2044 3636 periculo

400 3668 518 3706 non
551 3651 825 3719 custodit,
858 3669 962 3724 pro
993 3652 1172 3708 nullis
1202 3654 1416 3725 poterit
1459 3669 1688 3710 servare
1717 3653 2042 3711 obsidibus.

401 3741 736 3796 Cavendum
769 3746 859 3796 est
889 3757 1024 3813 ergo
1055 3741 1164 3797 hoc
1218 3742 1494 3798 omnibus
1540 3741 1910 3809 Christianis,
1943 3744 2044 3799 sed

396 3829 774 3900 pontiﬁcibus
791 3829 950 3885 nullo
970 3831 1142 3886 modo
1165 3830 1389 3886 aestimo
1412 3833 1906 3902 praesumendum.
1930 3831 2046 3888 Sic-

395 3922 461 3973 ut
490 3919 646 3974 enim
699 3923 973 3990 apostataa
1021 3920 1318 3990 dicuntur,
1351 3920 1451 3991 qui
1501 3924 1634 3992 post
1682 3921 2043 3993 baptismum

393 4005 604 4062 Christi
638 4011 948 4079 suceptum
1003 4025 1212 4064 rursus
1259 4008 1329 4062 ad
1375 4024 1738 4080 paganorum
1789 4009 1958 4075 ritus,
1990 4013 2048 4065 et

398 4095 690 4152 idolorum
709 4101 1126 4153 convertuntur
1141 4096 1456 4164 culturam,
1471 4097 1556 4153 sic
1570 4097 1748 4154 etiam
1769 4102 2048 4170 apostataa

404 4186 683 4248 dicuntur
713 4190 769 4240 et
818 4188 1167 4257 sacerdotes,
1202 4186 1303 4258 qui
1352 4185 1666 4242 Ecclesiam
1715 4188 2049 4244 deserentes

403 4289 736 4342 censuram,
785 4275 856 4329 ad
906 4275 1220 4331 militarem
1271 4289 1332 4330 se
1381 4276 1689 4331 conferunt
1738 4275 2044 4332 actionem.

2152 3303 2471 3371 przssumat
2517 3299 2948 3371 concupiscere,
3008 3299 3148 3371 quia
3199 3299 3336 3354 hinc
3379 3297 3568 3355 solent
3606 3297 3820 3370 jurgia

2153 3405 2386 3462 semper
2429 3405 2706 3445 crescere.
2741 3389 3006 3445 Sufﬁciat
3053 3389 3370 3460 unicuique
3417 3388 3572 3460 quod
3626 3403 3817 3443 suum

2154 3482 2265 3546 est,
2297 3493 2402 3532 nec
2449 3478 2722 3534 invadere
2754 3478 3010 3548 aliquem
3042 3477 3288 3535 delectet
3334 3479 3489 3550 quod
3539 3493 3658 3532 non
3689 3481 3814 3534 est.

2154 3566 2262 3631 Qui
2285 3566 2441 3622 enim
2459 3566 2677 3638 injuste
2695 3568 2912 3638 gaudet
2939 3568 3260 3639 acquirere,
3279 3567 3427 3624 solet
3445 3565 3620 3623 etiam
3643 3568 3814 3638 quod

2146 3655 2308 3726 juste
2321 3659 2480 3711 tenet
2507 3655 2946 3713 amittere.Nam
2969 3657 3101 3712 licet
3112 3657 3381 3729 judicum
3408 3656 3818 3729 poteritvoces

2152 3743 2408 3811 inﬁcere,
2458 3744 2720 3800 divinum
2769 3762 2883 3802 non
2928 3745 3143 3802 valebit
3179 3746 3471 3818 judicium
3521 3745 3813 3818 effugere.

2157 3834 2261 3889 Det
2291 3833 2459 3889 nobis
2487 3831 2774 3890 Dominus
2804 3835 2876 3890 ab
2909 3836 3122 3892 exteris
3172 3851 3396 3908 pacem,
3431 3838 3488 3891 et
3511 3835 3664 3890 inter
3694 3850 3818 3890 nos

2156 3939 2327 3978 suam
2358 3923 2617 3979 conferat
2648 3923 3011 3980 charitatem.
3043 3923 3128 3979 Sit
3170 3941 3357 3980 unum
3389 3940 3488 3980 cor
3512 3921 3815 3991 omnium,

2156 4016 2222 4066 ut
2255 4011 2572 4084 diligamus
2625 4014 2804 4069 Deum
2854 4019 2910 4070 et
2954 4013 3307 4087 proximum.
3362 4013 3542 4085 Digne
3571 4027 3824 4084 semper

2154 4100 2466 4157 laudemus
2507 4101 2844 4170 Dominum,
2878 4108 2937 4160 et
2965 4103 3382 4161 benedicamue
3430 4117 3642 4160 nomen
3675 4101 3819 4172 ejus

2156 4189 2217 4245 in
2248 4189 2551 4246 saeculum.
2584 4192 2790 4248 Amen.
