4114 6172
276 297 384 363 125

863 300 1279 366 EXPOSITIO
1319 301 1402 364 IN
1443 302 1874 366 EPISTOLAS
1918 303 2175 368 PAULI.
2210 337 2287 349 —
2314 304 2395 367 IN
2438 304 2689 369 EPIST.
2721 306 2826 368 AD
2872 306 3065 368 ROM.

3551 303 3667 366 126

1588 625 2346 728 Αττοπιε

1045 868 2117 959 VERCELLENSIS
2236 871 2906 958 EPISCOPI

1517 1087 2418 1225 EXPOSITIO

468 1354 2239 1526 EPISTOLARUM
2361 1362 2563 1525 S.
2679 1362 3501 1528 PAULI.

918 1790 1095 1851 ISTE
1138 1793 1373 1853 LIBER
1413 1794 1652 1855 PAULI
1698 1794 2046 1854 RETINET
2089 1795 2430 1855 DICTATA
2472 1797 2703 1857 BEATI

921 1872 1554 1947 TRAGTATUSQUE
1600 1873 1837 1935 SIMUL
1882 1874 2225 1936 DlSERTO
2271 1875 2620 1938 SIRMATE
2665 1876 3051 1939 COMPTOS.

1294 2204 1837 2294 EPISTOLA
1898 2207 2042 2290 AD
2106 2205 2679 2294 ROMANOS.

1786 2417 2181 2434 ψ

834 2567 1365 2627 ARGUMENTUM.

343 2710 545 2766 Primo
580 2710 1015 2767 discutiendum
1038 2717 1127 2769 est
1149 2731 1328 2786 quare
1350 2715 1609 2787 Epistola
1629 2718 1699 2771 ad
1726 2718 1932 2773 Roma-

275 2816 379 2856 nos
409 2800 475 2855 in
510 2800 794 2873 principio
828 2807 1099 2873 ponatur,
1132 2820 1265 2859 cum
1296 2805 1612 2878 Apostolus
1654 2824 1768 2862 non
1801 2823 1929 2861 eam

274 2889 563 2961 primum,
595 2891 698 2945 sed
728 2894 861 2963 post
890 2893 1178 2962 quasdam
1211 2893 1355 2949 alias
1399 2895 1718 2967 scripserit.
1752 2896 1934 2952 Aiunt

273 2980 433 3035 enim
488 2980 644 3051 quod
694 2980 946 3052 primam
1000 2982 1299 3055 scripserit
1331 2985 1401 3039 ad
1434 2985 1723 3042 Hebrwos.
1772 2985 1932 3043 Hanc

272 3068 666 3141 quaestionem
689 3069 956 3126 nonnulli
979 3070 1087 3127 hoc
1110 3072 1281 3127 modo
1305 3072 1563 3129 solvunt:
1588 3075 1771 3129 Roma
1788 3091 1935 3146 pene

265 3158 459 3214 totius
492 3163 670 3230 caput
698 3164 822 3215 erat
854 3159 1123 3231 imperii;
1167 3161 1443 3232 quoniam
1495 3164 1744 3218 Romani
1792 3168 1934 3219 tunc

267 3264 420 3319 pene
436 3246 720 3302 omnibus
732 3248 1006 3317 gentibus
1025 3248 1416 3318 imperabant;
1433 3251 1676 3323 ideoque
1689 3252 1935 3324 dignum

263 3336 408 3402 fuit,
465 3339 552 3402 ut,
599 3335 671 3390 ob
719 3352 919 3390 eorum
983 3338 1359 3394 reverentiam
1412 3340 1669 3410 Epistola
1716 3343 1786 3397 ad
1836 3360 1935 3398 eos

266 3424 505 3495 scripta
534 3424 727 3495 prima
755 3429 1089 3495 poneretur.
1121 3426 1234 3480 Alii
1261 3444 1414 3497 vero,
1436 3434 1500 3483 ut
1528 3429 1804 3502 Origenes
1841 3449 1934 3487 as-

268 3512 435 3581 serit,
473 3516 897 3582 pertractantes
939 3514 1136 3584 fidem,
1196 3520 1253 3571 et
1296 3518 1507 3573 merita
1565 3520 1935 3591 singularum

270 3601 572 3675 gentium,
603 3618 729 3673 quas
761 3603 1154 3675 crediderunt,
1202 3609 1256 3660 et
1306 3607 1376 3661 ad
1431 3624 1578 3679 quas
1624 3610 1936 3679 Apostolus

272 3690 491 3746 direxit
531 3691 831 3762 epistolas,
864 3694 1188 3749 secundum
1238 3697 1576 3752 earumdem
1628 3698 1825 3767 fidem,
1880 3703 1937 3754 et

272 3780 491 3836 merita
521 3797 623 3836 eas
651 3782 922 3837 ordinare
953 3784 1350 3840 decreverunt.

342 3887 602 3943 Romani
650 3892 846 3943 autem
896 3889 1142 3944 minoris
1192 3896 1359 3945 erant
1406 3891 1542 3945 ﬁdei
1591 3896 1647 3947 et
1694 3894 1933 3949 meriti:

274 3975 552 4032 nonnulli
587 3975 744 4031 enim
776 3993 977 4032 eorum
1011 3978 1152 4034 adeo
1202 3979 1379 4035 rudes
1407 3984 1592 4050 erant,
1626 3985 1691 4035 ut
1722 3998 1783 4036 se
1815 3998 1934 4038 cre-

270 4066 479 4122 derent
512 4081 636 4121 non
667 4064 769 4120 Dei
800 4067 1006 4139 gratia,
1040 4068 1142 4123 sed
1174 4068 1298 4124 suis
1329 4068 1555 4125 meritis
1584 4087 1713 4126 esse
1750 4070 1935 4127 salva-

270 4158 389 4223 tos;
424 4156 687 4225 ideoque
717 4155 1053 4225 Epistolam,
1078 4174 1204 4228 quae
1227 4158 1295 4213 ad
1326 4175 1424 4214 eos
1447 4159 1665 4230 scripta
1694 4165 1800 4232 est,
1826 4161 1937 4232 pri-

268 4260 427 4300 mam
462 4248 817 4317 posuerunt.
863 4245 1081 4302 Deinde
1111 4248 1400 4318 gradatim
1432 4250 1814 4305 ascendentes
1845 4266 1934 4306 se-

270 4335 541 4390 cundum
579 4333 777 4401 ﬁdem,
810 4338 868 4389 et
896 4335 1104 4391 merita
1132 4337 1541 4409 gentilium,ut
1572 4338 1796 4394 dictum
1826 4344 1935 4409 est,

270 4424 703 4481 ordinaverunt
731 4421 1046 4495 Epistolas.

337 4530 491 4587 Hinc
524 4534 643 4601 est,
671 4531 826 4602 quod
859 4529 1177 4602 Epistolam
1220 4532 1293 4588 ad
1341 4531 1612 4588 Hebreos
1657 4532 1934 4605 scriptam

271 4618 555 4676 ultimam
576 4620 1209 4691 posuerunt,quoniam
1229 4620 1314 4676 illi
1331 4622 1570 4692 majoris
1590 4626 1757 4677 erant
1775 4621 1933 4691 ﬁdei,

270 4709 467 4765 meriti
496 4712 568 4764 et
597 4706 872 4777 scientiae,
902 4710 1058 4765 unde
1086 4713 1144 4765 et
1174 4709 1247 4766 ab
1276 4709 1550 4781 Apostolo
1582 4711 1743 4766 omni
1763 4710 1936 4767 laude

269 4799 698 4870 pmferuntur.
712 4798 842 4869 Sed,
864 4798 1003 4871 quia
1023 4816 1156 4855 cum
1179 4798 1438 4870 Epistola
1458 4798 1778 4871 legitur,ita
1806 4818 1937 4871 pro-

271 4889 540 4944 nuntiari
556 4886 997 4959 solet:Epistola
1014 4889 1169 4944 beati
1190 4888 1354 4945 Pauli
1378 4889 1778 4959 apostoli:ipsa
1799 4907 1939 4961 quo-

274 4992 384 5048 que
416 4977 829 5050 pronuntiatio
860 4976 1127 5045 sollicite,
1179 4982 1235 5034 et
1285 4977 1528 5035 solerter
1572 4978 1940 5035 discutienda

272 5071 377 5121 est.
410 5066 672 5139 Epistola
701 5065 915 5121 Graece.
948 5065 1145 5122 Latine
1166 5066 1380 5123 dicitur
1406 5070 1762 5139 supermissa.
1792 5068 1936 5123 Nam

271 5156 373 5228 Epi
400 5159 607 5213 Graece
638 5155 839 5212 Latine
869 5154 1084 5210 dicitur
1112 5172 1296 5226 super,
1325 5158 1464 5213 stola
1495 5161 1689 5213 autem
1714 5158 1888 5212 missa
1919 5174 1938 5211 :

272 5245 357 5301 sic
386 5245 555 5302 enim
582 5243 830 5316 epistola
852 5243 1086 5309 dicitur,
1118 5244 1271 5299 sicut
1299 5245 1683 5317 epitaphium,
1716 5250 1773 5301 et
1811 5244 1935 5315 epi—

270 5333 637 5391 thalamium
689 5349 703 5388 :

272 5439 453 5494 super
482 5420 752 5478 tumulos
770 5425 1135 5477 mortuorum
1154 5421 1457 5490 scribitur;
1490 5422 1936 5495 epithalamium

273 5530 434 5583 vero,
466 5513 635 5585 quod
673 5528 850 5585 super
875 5512 1109 5583 nuptias
1155 5512 1227 5567 ad
1278 5510 1606 5568 thalamum
1656 5514 1888 5571 canitur
1919 5529 1933 5569 :

1954 2576 2011 2642 Α
2041 2575 2173 2630 dem
2206 2575 2401 2645 sponsi
2435 2578 2492 2630 et
2522 2592 2771 2647 sponsae,
2805 2574 2862 2629 id
2894 2577 3007 2645 est,
3033 2572 3248 2630 Christi
3293 2576 3350 2627 et
3395 2570 3683 2627 Ecclesiae.

2041 2665 2151 2719 Sed
2185 2665 2564 2735 quaarendum
2596 2670 2685 2719 est
2715 2681 2895 2735 quare
2924 2670 3040 2717 tam
3075 2663 3273 2732 hujus,
3311 2678 3487 2733 quam
3520 2664 3687 2716 cmte-

2043 2771 2241 2809 rorum
2259 2752 2655 2823 apostolorum
2680 2754 2896 2824 scripta
2916 2752 3152 2825 speciali
3177 2752 3433 2824 quodam
3455 2750 3690 2805 nomine

2043 2843 2299 2915 epistolas
2329 2847 2630 2899 vocantur.
2658 2844 2723 2897 Et
2748 2848 2881 2915 apte
2911 2842 3147 2913 quidem
3173 2841 3481 2912 :quoniam
3517 2858 3691 2911 super

2042 2932 2251 3005 legem,
2284 2938 2341 2987 et
2372 2932 2705 3004 prophetas,
2748 2948 2852 2987 nec
2894 2948 3009 2986 non
3060 2947 3235 3002 super
3281 2930 3531 3002 gratiam
3565 2930 3692 2999 ejus

2044 3023 2261 3089 addita,
2294 3026 2350 3076 et
2381 3023 2563 3077 missa
2610 3025 2749 3076 sunt
2795 3021 2866 3075 ad
2918 3021 3235 3075 resecanda
3274 3019 3434 3085 vitia,
3466 3036 3593 3089 qua:
3626 3036 3694 3073 ex

2044 3110 2509 3182 transgressione
2541 3108 2833 3181 Evangelii
2886 3109 3107 3164 noviter
3154 3108 3510 3163 oriebantur.
3544 3107 3691 3163 Nam

2045 3216 2162 3271 qua
2191 3198 2511 3254 intentione
2535 3204 2667 3270 post
2694 3202 2991 3269 acceptam
3015 3198 3201 3269 legem
3225 3196 3517 3267 prOphetae
3542 3196 3690 3249 dire-

2046 3288 2118 3343 cti
2162 3292 2327 3354 sunt;
2361 3287 2585 3343 scilicet
2616 3292 2679 3341 ut
2707 3303 2908 3342 eorum
2956 3285 3247 3341 vaticiniis
3299 3287 3694 3339 resecarentur

2044 3376 2184 3432 vitia
2236 3394 2303 3431 ex
2355 3376 2500 3448 legis
2552 3376 3017 3447 transgressione
3064 3379 3189 3430 orta
3235 3374 3507 3440 :eadem,
3560 3377 3694 3443 post

2046 3470 2339 3537 acceptam
2374 3465 2677 3537 Evangelii
2698 3465 2945 3537 gratiam
2977 3464 3203 3518 directa:
3236 3466 3375 3517 sunt
3411 3460 3688 3532 epistolas,

2046 3560 2110 3609 ut
2140 3572 2340 3610 earum
2379 3554 2709 3620 sententiis,
2757 3559 2932 3625 atque
2979 3554 3280 3624 praaceptis
3323 3551 3695 3621 expiarentur

2043 3644 2202 3713 vitia,
2235 3662 2363 3715 qua:
2389 3661 2457 3700 ex
2486 3642 2631 3716 legis
2660 3642 3127 3714 transgressione
3156 3639 3687 3695 nascebantur.No-

2046 3734 2289 3788 tandum
2326 3738 2540 3799 autem,
2561 3732 2699 3803 quia
2730 3731 2970 3804 pulchre
2998 3730 3310 3802 Apostolus
3340 3729 3538 3783 decem
3561 3732 3690 3783 tan-

2044 3826 2171 3876 tum
2203 3821 2475 3876 Ecclesiis
2506 3821 2714 3875 direxit
2744 3820 3039 3891 epistolas.
3073 3820 3219 3874 Nam
3242 3822 3493 3889 quatuor
3514 3817 3689 3871 disci-

2046 3910 2203 3981 pulis
2226 3910 2415 3966 misit:
2440 3914 2501 3964 ut
2523 3910 2672 3964 sicut
2692 3909 2795 3963 filii
2813 3908 2988 3964 Israel
3013 3908 3237 3963 liberati
3263 3908 3335 3961 ab
3356 3905 3690 3978 Egyptiaca

2046 3998 2325 4055 servitute
2356 4002 2725 4053 transeuntes
2760 4014 2918 4053 mare
2950 3998 3307 4062 Rubrum,et
3336 3995 3585 4065 suscepti
3615 3994 3688 4046 ab

2046 4103 2240 4143 eremo
2270 4088 2466 4141 decem
2498 4088 2671 4142 verba
2699 4087 2843 4158 legis
2876 4088 3241 4156 acceperunt,
3268 4083 3481 4155 quibus
3507 4083 3579 4136 ad
3603 4100 3691 4137 sa-

2045 4176 2229 4231 lutem
2252 4175 2708 4243 instruerentur;
2742 4176 2821 4230 ita
2843 4175 2957 4230 veri
2984 4172 3343 4239 Israelitzeﬁd
3374 4171 3691 4243 est,ﬁdeles

2043 4264 2271 4321 liberati
2305 4266 2378 4319 ab
2407 4263 2759 4338 Egyptiaca,
2791 4265 2846 4319 id
2879 4268 2968 4320 est
3016 4264 3346 4318 daemonum
3389 4261 3688 4332 servitute,

2046 4359 2103 4410 et
2131 4358 2505 4410 transeuntes
2537 4370 2697 4409 mare
2726 4353 3024 4424 baptismi,
3053 4353 3208 4425 quod
3244 4352 3372 4408 ideo
3422 4352 3687 4406 Rubrum

2046 4442 2280 4508 dicitur,
2313 4443 2451 4514 quia
2479 4443 2765 4515 sanguine
2792 4442 3023 4498 Domini
3054 4446 3142 4497 est
3170 4440 3552 4507 rubricatum,
3589 4456 3687 4494 su-

2044 4532 2347 4604 sceptique
2377 4532 2448 4587 ab
2478 4547 2673 4587 eremo
2704 4531 3007 4603 praesentis
3026 4530 3287 4586 Ecclesiae
3306 4530 3505 4583 decem
3528 4528 3691 4598 Epis-

2044 4620 2297 4677 tolarum
2314 4621 2622 4677 sententiis
2634 4620 3090 4675 inlormarentur
3105 4619 3176 4675 ad
3189 4618 3369 4674 vitam
3388 4621 3687 4683 aeternam,

2045 4718 2102 4766 et
2132 4710 2381 4766 salutem
2412 4714 2773 4782 perpetuam.
2827 4713 2973 4780 Apte
3020 4710 3197 4764 etiam
3246 4707 3689 4780 quatuordecim

2047 4800 2283 4872 scripsit
2316 4817 2329 4855 :
2365 4816 2500 4855 nam
2528 4798 2682 4854 sicut
2710 4798 2946 4854 denario
2977 4797 3318 4871 Decalogus,
3345 4796 3429 4852 ita
3457 4799 3692 4867 quater-

2047 4888 2210 4944 nario
2240 4889 2503 4944 doctrina
2531 4887 2826 4961 Evangelii
2857 4887 3215 4961 designatur.
3240 4884 3689 4951 Quatuordecim

2046 4993 2181 5049 ergo
2212 4977 2503 5049 Epistolas
2534 4978 2771 5050 scripsit
2819 4977 3154 5049 Apostolus,
3188 4980 3254 5032 ut
3288 4976 3415 5048 ipso
3446 4986 3688 5029 numero

2047 5066 2417 5121 concordiam
2447 5067 2677 5139 legis,et
2701 5067 2901 5139 gratia:
2920 5068 3365 5131 demonstraret,
3390 5075 3568 5131 seque
3599 5059 3689 5113 ni-

2046 5153 2368 5210 hilominus
2396 5155 2659 5225 ejusdem
2691 5157 2857 5228 legis,
2886 5160 2942 5210 et
2970 5156 3169 5228 gratiae
3202 5148 3692 5223 impletorem,do-

2049 5247 2289 5312 ctorem,
2318 5248 2375 5299 et
2404 5245 2810 5316 expositorem.
2844 5246 3056 5301 Beatus
3087 5243 3319 5307 dicitur,
3345 5236 3514 5309 quasi
3544 5238 3689 5293 bene

754 5332 1113 5405 epitaphium
1162 5348 1417 5405 namque
1464 5351 1721 5403 carmen,
1777 5334 1930 5407 quod
1963 5319 2006 5387 C
2044 5337 2239 5406 aptus,
2269 5332 2356 5389 vel
2386 5334 2533 5389 bene
2581 5339 2817 5403 auctus;
2851 5338 2909 5390 et
2938 5348 3135 5389 revera
3177 5328 3273 5383 ille
3322 5328 3528 5383 beatus
3580 5332 3687 5395 est,

2047 5422 2147 5493 qui
2179 5426 2335 5478 caret
2356 5423 2631 5479 omnibus
2648 5424 2901 5486 malis.et
2917 5418 3176 5475 abundat
3196 5416 3472 5473 omnibus
3495 5417 3687 5473 bonis.

2044 5510 2359 5581 Apostolus
2392 5511 2589 5585 itaque
2633 5528 2765 5567 vere
2814 5511 3019 5563 beatus
3065 5511 3207 5573 erat,
3241 5505 3519 5578 quoniam
3551 5510 3609 5561 et
3641 5503 3689 5561 si

273 5606 433 5678 quod
466 5602 705 5676 primus
749 5601 961 5661 cecinit
1004 5601 1273 5664 Salomon
1324 5618 1425 5660 rex
1476 5603 1651 5662 Israel
1700 5604 1759 5661 in
1804 5603 1937 5661 lau-
2044 5602 2464 5672 temporalibus
2494 5600 2857 5660 afﬁciebatur
2886 5596 3165 5670 adversis,
3192 5600 3389 5657 tamen
3410 5595 3686 5669 spiritua-
