  <div class='ocr_page' id='page_1' title='image "/cluster/home/n/w/nwhite01/storage/ocr_20150623/134/hvd.32044023361702/069.png"; bbox 0 0 4116 6184; ppageno 0'>
   <div class='ocr_carea' id='block_1_1' title="bbox 286 335 489 407">
    <p class='ocr_par' dir='ltr' id='par_1_1' title="bbox 286 335 489 407">
     <span class='ocr_line' id='line_1_1' title="bbox 286 335 489 407; baseline -0.03 -7"><span class='ocrx_word' id='word_1_1' title='bbox 286 394 296 407; x_wconf 72' lang='grc'><em>,</em></span> <span class='ocrx_word' id='word_1_2' title='bbox 365 335 489 399; x_wconf 71' lang='grc'>127</span> 
     </span>
    </p>
   </div>
   <div class='ocr_carea' id='block_1_2' title="bbox 1380 339 2756 405">
    <p class='ocr_par' dir='ltr' id='par_1_2' title="bbox 1380 339 2756 405">
     <span class='ocr_line' id='line_1_2' title="bbox 1380 339 2756 405; baseline 0 -2"><span class='ocrx_word' id='word_1_3' title='bbox 1380 340 1718 405; x_wconf 77' lang='lat' dir='ltr'>ATTONIS</span> <span class='ocrx_word' id='word_1_4' title='bbox 1763 339 2354 404; x_wconf 75' lang='lat' dir='ltr'>VERCELLENSIS</span> <span class='ocrx_word' id='word_1_5' title='bbox 2397 340 2756 404; x_wconf 84' lang='lat' dir='ltr'>EPISGOPI</span> 
     </span>
    </p>
   </div>
   <div class='ocr_carea' id='block_1_3' title="bbox 3655 343 3782 406">
    <p class='ocr_par' dir='ltr' id='par_1_3' title="bbox 3655 343 3782 406">
     <span class='ocr_line' id='line_1_3' title="bbox 3655 343 3782 406; baseline 0.016 -2"><span class='ocrx_word' id='word_1_6' title='bbox 3655 343 3782 406; x_wconf 72' lang='lat'>128</span> 
     </span>
    </p>
   </div>
   <div class='ocr_carea' id='block_1_4' title="bbox 361 467 3784 548">
    <p class='ocr_par' dir='ltr' id='par_1_4' title="bbox 361 467 3784 548">
     <span class='ocr_line' id='line_1_4' title="bbox 361 467 3784 548; baseline 0.003 -23"><span class='ocrx_word' id='word_1_7' title='bbox 361 467 520 527; x_wconf 89' lang='lat' dir='ltr'>libus</span> <span class='ocrx_word' id='word_1_8' title='bbox 534 470 864 542; x_wconf 90' lang='lat' dir='ltr'>replebatur</span> <span class='ocrx_word' id='word_1_9' title='bbox 880 473 1438 547; x_wconf 71' lang='lat' dir='ltr'>bonis(64‘).Paulus</span> <span class='ocrx_word' id='word_1_10' title='bbox 1459 474 1694 533; x_wconf 65' lang='lat' dir='ltr'>Hebraeo</span> <span class='ocrx_word' id='word_1_11' title='bbox 1717 492 2008 544; x_wconf 85' lang='lat' dir='ltr'>sermone,</span> <span class='ocrx_word' id='word_1_12' title='bbox 2038 476 2094 543; x_wconf 84' lang='grc' dir='ltr'><strong>Α</strong></span> <span class='ocrx_word' id='word_1_13' title='bbox 2196 475 2265 531; x_wconf 85' lang='lat' dir='ltr'>Et</span> <span class='ocrx_word' id='word_1_14' title='bbox 2294 475 2433 548; x_wconf 84' lang='lat' dir='ltr'>quia</span> <span class='ocrx_word' id='word_1_15' title='bbox 2454 476 2753 546; x_wconf 66' lang='lat' dir='ltr'>praefatam</span> <span class='ocrx_word' id='word_1_16' title='bbox 2776 475 2990 532; x_wconf 83' lang='lat' dir='ltr'>Urbem</span> <span class='ocrx_word' id='word_1_17' title='bbox 3006 478 3253 548; x_wconf 89' lang='lat' dir='ltr'>uterque</span> <span class='ocrx_word' id='word_1_18' title='bbox 3275 473 3528 548; x_wconf 92' lang='lat' dir='ltr'>populus</span> <span class='ocrx_word' id='word_1_19' title='bbox 3547 474 3784 534; x_wconf 90' lang='lat' dir='ltr'>habita-</span> 
     </span>
    </p>
   </div>
   <div class='ocr_carea' id='block_1_5' title="bbox 369 559 2012 638">
    <p class='ocr_par' dir='ltr' id='par_1_5' title="bbox 369 559 2012 638">
     <span class='ocr_line' id='line_1_5' title="bbox 369 559 2012 638; baseline 0.004 -22"><span class='ocrx_word' id='word_1_20' title='bbox 369 559 569 616; x_wconf 90' lang='lat' dir='ltr'>Latine</span> <span class='ocrx_word' id='word_1_21' title='bbox 595 560 812 618; x_wconf 89' lang='lat' dir='ltr'>dicitur</span> <span class='ocrx_word' id='word_1_22' title='bbox 836 563 1212 632; x_wconf 77' lang='lat' dir='ltr'>admirabilis,</span> <span class='ocrx_word' id='word_1_23' title='bbox 1234 564 1353 619; x_wconf 87' lang='lat' dir='ltr'>sive</span> <span class='ocrx_word' id='word_1_24' title='bbox 1374 566 1676 622; x_wconf 81' lang='lat' dir='ltr'>electus.Et</span> <span class='ocrx_word' id='word_1_25' title='bbox 1705 571 1835 637; x_wconf 91' lang='lat' dir='ltr'>apte</span> <span class='ocrx_word' id='word_1_26' title='bbox 1867 583 2012 638; x_wconf 85' lang='lat' dir='ltr'>quo-</span> 
     </span>
    </p>
   </div>
   <div class='ocr_carea' id='block_1_6' title="bbox 369 649 2014 726">
    <p class='ocr_par' dir='ltr' id='par_1_6' title="bbox 369 649 2014 726">
     <span class='ocr_line' id='line_1_6' title="bbox 369 649 2014 726; baseline 0.004 -23"><span class='ocrx_word' id='word_1_27' title='bbox 369 649 503 704; x_wconf 85' lang='lat' dir='ltr'>dam</span> <span class='ocrx_word' id='word_1_28' title='bbox 537 651 815 723; x_wconf 71' lang='lat' dir='ltr'>praesagio</span> <span class='ocrx_word' id='word_1_29' title='bbox 846 651 1210 708; x_wconf 84' lang='lat' dir='ltr'>admirabilis</span> <span class='ocrx_word' id='word_1_30' title='bbox 1240 651 1430 709; x_wconf 91' lang='lat' dir='ltr'>dictus</span> <span class='ocrx_word' id='word_1_31' title='bbox 1459 659 1566 722; x_wconf 87' lang='lat' dir='ltr'>est,</span> <span class='ocrx_word' id='word_1_32' title='bbox 1600 655 1878 726; x_wconf 90' lang='lat' dir='ltr'>quoniam</span> <span class='ocrx_word' id='word_1_33' title='bbox 1924 655 2014 710; x_wconf 92' lang='lat' dir='ltr'>in-</span> 
     </span>
    </p>
   </div>
   <div class='ocr_carea' id='block_1_7' title="bbox 371 737 2016 815">
    <p class='ocr_par' dir='ltr' id='par_1_7' title="bbox 371 737 2016 815">
     <span class='ocr_line' id='line_1_7' title="bbox 371 737 2016 815; baseline 0.004 -22"><span class='ocrx_word' id='word_1_34' title='bbox 371 737 590 806; x_wconf 91' lang='lat' dir='ltr'>cipiens</span> <span class='ocrx_word' id='word_1_35' title='bbox 620 741 692 795; x_wconf 92' lang='lat' dir='ltr'>ab</span> <span class='ocrx_word' id='word_1_36' title='bbox 722 740 1100 812; x_wconf 85' lang='lat' dir='ltr'>Jerosolymis</span> <span class='ocrx_word' id='word_1_37' title='bbox 1129 756 1230 811; x_wconf 88' lang='lat' dir='ltr'>per</span> <span class='ocrx_word' id='word_1_38' title='bbox 1260 741 1524 814; x_wconf 89' lang='lat' dir='ltr'>singulas</span> <span class='ocrx_word' id='word_1_39' title='bbox 1556 744 2016 815; x_wconf 79' lang='lat' dir='ltr'>circumquaque</span> 
     </span>
    </p>
   </div>
   <div class='ocr_carea' id='block_1_8' title="bbox 370 827 2017 903">
    <p class='ocr_par' dir='ltr' id='par_1_8' title="bbox 370 827 2017 903">
     <span class='ocr_line' id='line_1_8' title="bbox 370 827 2017 903; baseline 0.004 -22"><span class='ocrx_word' id='word_1_40' title='bbox 370 827 635 899; x_wconf 80' lang='lat' dir='ltr'>regiones</span> <span class='ocrx_word' id='word_1_41' title='bbox 665 846 850 899; x_wconf 88' lang='lat' dir='ltr'>usque</span> <span class='ocrx_word' id='word_1_42' title='bbox 880 829 951 884; x_wconf 88' lang='lat' dir='ltr'>ad</span> <span class='ocrx_word' id='word_1_43' title='bbox 986 828 1278 898; x_wconf 85' lang='lat' dir='ltr'>Illyricum</span> <span class='ocrx_word' id='word_1_44' title='bbox 1309 831 1655 887; x_wconf 84' lang='lat' dir='ltr'>mirabiliter</span> <span class='ocrx_word' id='word_1_45' title='bbox 1683 832 2017 903; x_wconf 66' lang='lat' dir='ltr'>praedicavit</span> 
     </span>
    </p>
   </div>
   <div class='ocr_carea' id='block_1_9' title="bbox 372 917 2011 993">
    <p class='ocr_par' dir='ltr' id='par_1_9' title="bbox 372 917 2011 993">
     <span class='ocr_line' id='line_1_9' title="bbox 372 917 2011 993; baseline 0.005 -24"><span class='ocrx_word' id='word_1_46' title='bbox 372 917 747 988; x_wconf 89' lang='lat' dir='ltr'>Evangelium</span> <span class='ocrx_word' id='word_1_47' title='bbox 774 935 786 972; x_wconf 91' lang='lat'><strong>:</strong></span> <span class='ocrx_word' id='word_1_48' title='bbox 813 918 931 972; x_wconf 88' lang='lat' dir='ltr'>sive</span> <span class='ocrx_word' id='word_1_49' title='bbox 961 918 1095 988; x_wconf 85' lang='lat' dir='ltr'>quia</span> <span class='ocrx_word' id='word_1_50' title='bbox 1121 918 1304 974; x_wconf 90' lang='lat' dir='ltr'>multa</span> <span class='ocrx_word' id='word_1_51' title='bbox 1336 921 1686 986; x_wconf 76' lang='lat' dir='ltr'>miranda,id</span> <span class='ocrx_word' id='word_1_52' title='bbox 1721 926 1809 977; x_wconf 91' lang='lat' dir='ltr'>est</span> <span class='ocrx_word' id='word_1_53' title='bbox 1825 922 2011 993; x_wconf 89' lang='lat' dir='ltr'>signa,</span> 
     </span>
    </p>
   </div>
   <div class='ocr_carea' id='block_1_10' title="bbox 372 1005 2017 1082">
    <p class='ocr_par' dir='ltr' id='par_1_10' title="bbox 372 1005 2017 1082">
     <span class='ocr_line' id='line_1_10' title="bbox 372 1005 2017 1082; baseline 0.004 -23"><span class='ocrx_word' id='word_1_54' title='bbox 372 1008 423 1059; x_wconf 84' lang='lat' dir='ltr'>et</span> <span class='ocrx_word' id='word_1_55' title='bbox 459 1005 720 1077; x_wconf 90' lang='lat' dir='ltr'>prodigia</span> <span class='ocrx_word' id='word_1_56' title='bbox 751 1005 1138 1063; x_wconf 82' lang='lat' dir='ltr'>fecit.Electus</span> <span class='ocrx_word' id='word_1_57' title='bbox 1160 1013 1355 1064; x_wconf 89' lang='lat' dir='ltr'>autem</span> <span class='ocrx_word' id='word_1_58' title='bbox 1379 1009 1505 1065; x_wconf 90' lang='lat' dir='ltr'>ideo</span> <span class='ocrx_word' id='word_1_59' title='bbox 1533 1009 1724 1064; x_wconf 88' lang='lat' dir='ltr'>dictus</span> <span class='ocrx_word' id='word_1_60' title='bbox 1745 1015 1851 1077; x_wconf 87' lang='lat' dir='ltr'>est,</span> <span class='ocrx_word' id='word_1_61' title='bbox 1877 1027 2017 1082; x_wconf 91' lang='lat' dir='ltr'>quo-</span> 
     </span>
    </p>
   </div>
   <div class='ocr_carea' id='block_1_11' title="bbox 373 1094 2014 1170">
    <p class='ocr_par' dir='ltr' id='par_1_11' title="bbox 373 1094 2014 1170">
     <span class='ocr_line' id='line_1_11' title="bbox 373 1094 2014 1170; baseline 0.004 -23"><span class='ocrx_word' id='word_1_62' title='bbox 373 1094 531 1148; x_wconf 89' lang='lat' dir='ltr'>niam</span> <span class='ocrx_word' id='word_1_63' title='bbox 556 1094 776 1149; x_wconf 88' lang='lat' dir='ltr'>electus</span> <span class='ocrx_word' id='word_1_64' title='bbox 789 1098 921 1151; x_wconf 89' lang='lat' dir='ltr'>esta</span> <span class='ocrx_word' id='word_1_65' title='bbox 938 1097 1176 1152; x_wconf 91' lang='lat' dir='ltr'>Domino</span> <span class='ocrx_word' id='word_1_66' title='bbox 1195 1099 1264 1153; x_wconf 90' lang='lat' dir='ltr'>ad</span> <span class='ocrx_word' id='word_1_67' title='bbox 1285 1099 1714 1170; x_wconf 70' lang='lat' dir='ltr'>praedicationis</span> <span class='ocrx_word' id='word_1_68' title='bbox 1735 1100 2014 1156; x_wconf 80' lang='lat' dir='ltr'>officium.</span> 
     </span>
    </p>
   </div>
   <div class='ocr_carea' id='block_1_12' title="bbox 373 1182 2020 1260">
    <p class='ocr_par' dir='ltr' id='par_1_12' title="bbox 373 1182 2020 1260">
     <span class='ocr_line' id='line_1_12' title="bbox 373 1182 2020 1260; baseline 0.004 -22"><span class='ocrx_word' id='word_1_69' title='bbox 373 1182 535 1238; x_wconf 91' lang='lat' dir='ltr'>Unde</span> <span class='ocrx_word' id='word_1_70' title='bbox 565 1183 687 1252; x_wconf 90' lang='lat' dir='ltr'>ipse</span> <span class='ocrx_word' id='word_1_71' title='bbox 716 1183 853 1237; x_wconf 81' lang='lat' dir='ltr'>alibi</span> <span class='ocrx_word' id='word_1_72' title='bbox 885 1184 1024 1239; x_wconf 89' lang='lat' dir='ltr'>dicit</span> <span class='ocrx_word' id='word_1_73' title='bbox 1053 1203 1066 1240; x_wconf 90' lang='lat'><strong>:</strong></span> <span class='ocrx_word' id='word_1_74' title='bbox 1098 1185 1250 1241; x_wconf 85' lang='lat' dir='ltr'>Sicut</span> <span class='ocrx_word' id='word_1_75' title='bbox 1279 1189 1444 1256; x_wconf 80' lang='lat' dir='ltr'>elegit</span> <span class='ocrx_word' id='word_1_76' title='bbox 1487 1205 1583 1244; x_wconf 84' lang='lat' dir='ltr'>nos</span> <span class='ocrx_word' id='word_1_77' title='bbox 1630 1191 1693 1244; x_wconf 89' lang='lat' dir='ltr'>in</span> <span class='ocrx_word' id='word_1_78' title='bbox 1739 1191 1854 1260; x_wconf 87' lang='lat' dir='ltr'>ipso</span> <span class='ocrx_word' id='word_1_79' title='bbox 1893 1197 2020 1244; x_wconf 87' lang='lat' dir='ltr'>ante</span> 
     </span>
    </p>
   </div>
   <div class='ocr_carea' id='block_1_13' title="bbox 371 1272 2018 1347">
    <p class='ocr_par' dir='ltr' id='par_1_13' title="bbox 371 1272 2018 1347">
     <span class='ocr_line' id='line_1_13' title="bbox 371 1272 2018 1347; baseline 0.005 -22"><span class='ocrx_word' id='word_1_80' title='bbox 371 1272 572 1327; x_wconf 84' lang='lat' dir='ltr'>mundi</span> <span class='ocrx_word' id='word_1_81' title='bbox 596 1275 1036 1328; x_wconf 76' lang='lat' dir='ltr'>constitutionem</span> <span class='ocrx_word' id='word_1_82' title='bbox 1067 1275 1324 1346; x_wconf 67' lang='lat' dir='ltr'>(Ephesi,</span> <span class='ocrx_word' id='word_1_83' title='bbox 1349 1277 1423 1347; x_wconf 84' lang='grc'>4).</span> <span class='ocrx_word' id='word_1_84' title='bbox 1453 1277 1597 1333; x_wconf 86' lang='lat' dir='ltr'>Hinc</span> <span class='ocrx_word' id='word_1_85' title='bbox 1617 1281 1672 1333; x_wconf 90' lang='lat' dir='ltr'>et</span> <span class='ocrx_word' id='word_1_86' title='bbox 1693 1278 1749 1332; x_wconf 91' lang='lat' dir='ltr'>in</span> <span class='ocrx_word' id='word_1_87' title='bbox 1773 1277 2018 1333; x_wconf 78' lang='lat' dir='ltr'>Actibus</span> 
     </span>
    </p>
   </div>
   <div class='ocr_carea' id='block_1_14' title="bbox 374 1359 2021 1438">
    <p class='ocr_par' dir='ltr' id='par_1_14' title="bbox 374 1359 2021 1438">
     <span class='ocr_line' id='line_1_14' title="bbox 374 1359 2021 1438; baseline 0.004 -23"><span class='ocrx_word' id='word_1_88' title='bbox 374 1359 773 1430; x_wconf 87' lang='lat' dir='ltr'>apostolorum</span> <span class='ocrx_word' id='word_1_89' title='bbox 806 1362 1058 1432; x_wconf 88' lang='lat' dir='ltr'>Spiritus</span> <span class='ocrx_word' id='word_1_90' title='bbox 1092 1371 1336 1420; x_wconf 89' lang='lat' dir='ltr'>sanctus</span> <span class='ocrx_word' id='word_1_91' title='bbox 1366 1365 1645 1438; x_wconf 87' lang='lat' dir='ltr'>loquitur,</span> <span class='ocrx_word' id='word_1_92' title='bbox 1670 1367 1904 1423; x_wconf 89' lang='lat' dir='ltr'>dicens:</span> <span class='ocrx_word' id='word_1_93' title='bbox 1930 1367 2021 1422; x_wconf 90' lang='lat' dir='ltr'>Se-</span> 
     </span>
    </p>
   </div>
   <div class='ocr_carea' id='block_1_15' title="bbox 372 1452 2022 1527">
    <p class='ocr_par' dir='ltr' id='par_1_15' title="bbox 372 1452 2022 1527">
     <span class='ocr_line' id='line_1_15' title="bbox 372 1452 2022 1527; baseline 0.005 -24"><span class='ocrx_word' id='word_1_94' title='bbox 372 1455 595 1519; x_wconf 85' lang='lat' dir='ltr'>gregate</span> <span class='ocrx_word' id='word_1_95' title='bbox 621 1452 764 1506; x_wconf 87' lang='lat' dir='ltr'>mihi</span> <span class='ocrx_word' id='word_1_96' title='bbox 791 1452 1108 1508; x_wconf 83' lang='lat' dir='ltr'>Barnabam</span> <span class='ocrx_word' id='word_1_97' title='bbox 1136 1463 1189 1509; x_wconf 91' lang='lat' dir='ltr'>et</span> <span class='ocrx_word' id='word_1_98' title='bbox 1227 1456 1485 1525; x_wconf 85' lang='lat' dir='ltr'>Paulum,</span> <span class='ocrx_word' id='word_1_99' title='bbox 1521 1456 1575 1510; x_wconf 87' lang='lat' dir='ltr'>in</span> <span class='ocrx_word' id='word_1_100' title='bbox 1608 1472 1740 1527; x_wconf 91' lang='lat' dir='ltr'>opus</span> <span class='ocrx_word' id='word_1_101' title='bbox 1783 1456 1851 1511; x_wconf 89' lang='lat' dir='ltr'>ad</span> <span class='ocrx_word' id='word_1_102' title='bbox 1880 1456 2022 1527; x_wconf 82' lang='lat' dir='ltr'>quod</span> 
     </span>
    </p>
   </div>
   <div class='ocr_carea' id='block_1_16' title="bbox 373 1538 2024 1612">
    <p class='ocr_par' dir='ltr' id='par_1_16' title="bbox 373 1538 2024 1612">
     <span class='ocr_line' id='line_1_16' title="bbox 373 1538 2024 1612; baseline 0.004 -19"><span class='ocrx_word' id='word_1_103' title='bbox 373 1538 516 1607; x_wconf 88' lang='lat' dir='ltr'>elegi</span> <span class='ocrx_word' id='word_1_104' title='bbox 542 1555 630 1593; x_wconf 89' lang='lat' dir='ltr'>eos</span> <span class='ocrx_word' id='word_1_105' title='bbox 659 1540 791 1607; x_wconf 78' lang='lat' dir='ltr'>(Act.</span> <span class='ocrx_word' id='word_1_106' title='bbox 824 1557 948 1610; x_wconf 84' lang='lat' dir='ltr'>xm,</span> <span class='ocrx_word' id='word_1_107' title='bbox 973 1541 1050 1612; x_wconf 85' lang='lat'>2).</span> <span class='ocrx_word' id='word_1_108' title='bbox 1085 1541 1298 1599; x_wconf 85' lang='lat' dir='ltr'>Paulus</span> <span class='ocrx_word' id='word_1_109' title='bbox 1326 1561 1458 1599; x_wconf 91' lang='lat' dir='ltr'>vero</span> <span class='ocrx_word' id='word_1_110' title='bbox 1492 1543 1549 1598; x_wconf 91' lang='lat' dir='ltr'>in</span> <span class='ocrx_word' id='word_1_111' title='bbox 1586 1544 1789 1600; x_wconf 91' lang='lat' dir='ltr'>Latino</span> <span class='ocrx_word' id='word_1_112' title='bbox 1807 1561 2024 1600; x_wconf 90' lang='lat' dir='ltr'>sermo-</span> 
     </span>
    </p>
   </div>
   <div class='ocr_carea' id='block_1_17' title="bbox 375 1628 2021 1701">
    <p class='ocr_par' dir='ltr' id='par_1_17' title="bbox 375 1628 2021 1701">
     <span class='ocr_line' id='line_1_17' title="bbox 375 1628 2021 1701; baseline 0.005 -20"><span class='ocrx_word' id='word_1_113' title='bbox 375 1644 448 1682; x_wconf 88' lang='lat' dir='ltr'>ne</span> <span class='ocrx_word' id='word_1_114' title='bbox 479 1645 512 1682; x_wconf 91' lang='lat' dir='ltr'>a</span> <span class='ocrx_word' id='word_1_115' title='bbox 541 1628 771 1683; x_wconf 91' lang='lat' dir='ltr'>modico</span> <span class='ocrx_word' id='word_1_116' title='bbox 795 1628 988 1684; x_wconf 87' lang='lat' dir='ltr'>dictus</span> <span class='ocrx_word' id='word_1_117' title='bbox 1008 1634 1124 1686; x_wconf 91' lang='lat' dir='ltr'>est:</span> <span class='ocrx_word' id='word_1_118' title='bbox 1146 1636 1234 1687; x_wconf 91' lang='lat' dir='ltr'>est</span> <span class='ocrx_word' id='word_1_119' title='bbox 1253 1632 1408 1686; x_wconf 91' lang='lat' dir='ltr'>enim</span> <span class='ocrx_word' id='word_1_120' title='bbox 1432 1648 1624 1688; x_wconf 91' lang='lat' dir='ltr'>sermo</span> <span class='ocrx_word' id='word_1_121' title='bbox 1646 1633 2021 1701; x_wconf 86' lang='lat' dir='ltr'>humilitatis;</span> 
     </span>
    </p>
   </div>
   <div class='ocr_carea' id='block_1_18' title="bbox 375 1717 2024 1790">
    <p class='ocr_par' dir='ltr' id='par_1_18' title="bbox 375 1717 2024 1790">
     <span class='ocr_line' id='line_1_18' title="bbox 375 1717 2024 1790; baseline 0.004 -19"><span class='ocrx_word' id='word_1_122' title='bbox 375 1717 531 1772; x_wconf 91' lang='lat' dir='ltr'>unde</span> <span class='ocrx_word' id='word_1_123' title='bbox 563 1717 769 1772; x_wconf 89' lang='lat' dir='ltr'>beatus</span> <span class='ocrx_word' id='word_1_124' title='bbox 798 1719 1163 1790; x_wconf 86' lang='lat' dir='ltr'>Augustinus</span> <span class='ocrx_word' id='word_1_125' title='bbox 1189 1719 1330 1775; x_wconf 90' lang='lat' dir='ltr'>dicit</span> <span class='ocrx_word' id='word_1_126' title='bbox 1362 1737 1374 1774; x_wconf 90' lang='lat'><strong>:</strong></span> <span class='ocrx_word' id='word_1_127' title='bbox 1410 1721 1593 1777; x_wconf 91' lang='lat' dir='ltr'>Usum</span> <span class='ocrx_word' id='word_1_128' title='bbox 1625 1723 1834 1778; x_wconf 64' lang='lat' dir='ltr'>Latine</span> <span class='ocrx_word' id='word_1_129' title='bbox 1859 1721 2024 1778; x_wconf 93' lang='lat' dir='ltr'>locu-</span> 
     </span>
    </p>
   </div>
   <div class='ocr_carea' id='block_1_19' title="bbox 374 1804 2102 1910">
    <p class='ocr_par' dir='ltr' id='par_1_19' title="bbox 374 1804 2102 1910">
     <span class='ocr_line' id='line_1_19' title="bbox 374 1804 2102 1910; baseline 0.005 -50"><span class='ocrx_word' id='word_1_130' title='bbox 374 1804 553 1861; x_wconf 88' lang='lat' dir='ltr'>tionis</span> <span class='ocrx_word' id='word_1_131' title='bbox 585 1806 890 1875; x_wconf 83' lang='lat' dir='ltr'>advertite;</span> <span class='ocrx_word' id='word_1_132' title='bbox 925 1824 1060 1862; x_wconf 90' lang='lat' dir='ltr'>nam</span> <span class='ocrx_word' id='word_1_133' title='bbox 1091 1808 1309 1864; x_wconf 91' lang='lat' dir='ltr'>Paulus</span> <span class='ocrx_word' id='word_1_134' title='bbox 1335 1810 1604 1866; x_wconf 91' lang='lat' dir='ltr'>modicus</span> <span class='ocrx_word' id='word_1_135' title='bbox 1634 1811 1850 1872; x_wconf 86' lang='lat' dir='ltr'>dicitur</span> <span class='ocrx_word' id='word_1_136' title='bbox 1881 1826 1895 1867; x_wconf 90' lang='lat'>:</span> <span class='ocrx_word' id='word_1_137' title='bbox 1936 1810 2022 1867; x_wconf 90' lang='lat' dir='ltr'>sic</span> <span class='ocrx_word' id='word_1_138' title='bbox 2053 1844 2102 1910; x_wconf 83' lang='lat' dir='ltr'><strong>B</strong></span> 
     </span>
    </p>
   </div>
   <div class='ocr_carea' id='block_1_20' title="bbox 376 1893 2024 1971">
    <p class='ocr_par' dir='ltr' id='par_1_20' title="bbox 376 1893 2024 1971">
     <span class='ocr_line' id='line_1_20' title="bbox 376 1893 2024 1971; baseline 0.002 -21"><span class='ocrx_word' id='word_1_139' title='bbox 376 1893 533 1950; x_wconf 92' lang='lat' dir='ltr'>enim</span> <span class='ocrx_word' id='word_1_140' title='bbox 565 1893 820 1949; x_wconf 91' lang='lat' dir='ltr'>solemus</span> <span class='ocrx_word' id='word_1_141' title='bbox 851 1896 1075 1951; x_wconf 90' lang='lat' dir='ltr'>dicere:</span> <span class='ocrx_word' id='word_1_142' title='bbox 1101 1897 1274 1953; x_wconf 86' lang='lat' dir='ltr'>Paulo</span> <span class='ocrx_word' id='word_1_143' title='bbox 1297 1902 1427 1968; x_wconf 92' lang='lat' dir='ltr'>post</span> <span class='ocrx_word' id='word_1_144' title='bbox 1455 1898 1662 1954; x_wconf 87' lang='lat' dir='ltr'>videbo</span> <span class='ocrx_word' id='word_1_145' title='bbox 1695 1902 1768 1970; x_wconf 91' lang='lat' dir='ltr'>te,</span> <span class='ocrx_word' id='word_1_146' title='bbox 1793 1903 1850 1954; x_wconf 90' lang='lat' dir='ltr'>et</span> <span class='ocrx_word' id='word_1_147' title='bbox 1879 1916 2024 1971; x_wconf 82' lang='lat' dir='ltr'>pau-</span> 
     </span>
    </p>
   </div>
   <div class='ocr_carea' id='block_1_21' title="bbox 375 1981 2024 2056">
    <p class='ocr_par' dir='ltr' id='par_1_21' title="bbox 375 1981 2024 2056">
     <span class='ocr_line' id='line_1_21' title="bbox 375 1981 2024 2056; baseline 0.005 -20"><span class='ocrx_word' id='word_1_148' title='bbox 375 1981 500 2036; x_wconf 93' lang='lat' dir='ltr'>lum</span> <span class='ocrx_word' id='word_1_149' title='bbox 534 1981 628 2037; x_wconf 91' lang='lat' dir='ltr'>hic</span> <span class='ocrx_word' id='word_1_150' title='bbox 671 1988 962 2055; x_wconf 89' lang='lat' dir='ltr'>exspecta,</span> <span class='ocrx_word' id='word_1_151' title='bbox 1011 1984 1068 2039; x_wconf 92' lang='lat' dir='ltr'>id</span> <span class='ocrx_word' id='word_1_152' title='bbox 1118 1991 1228 2052; x_wconf 89' lang='lat' dir='ltr'>est,</span> <span class='ocrx_word' id='word_1_153' title='bbox 1287 1991 1420 2056; x_wconf 89' lang='lat' dir='ltr'>post</span> <span class='ocrx_word' id='word_1_154' title='bbox 1476 1987 1773 2043; x_wconf 89' lang='lat' dir='ltr'>modicum</span> <span class='ocrx_word' id='word_1_155' title='bbox 1819 1988 2024 2044; x_wconf 90' lang='lat' dir='ltr'>videbo</span> 
     </span>
    </p>
   </div>
   <div class='ocr_carea' id='block_1_22' title="bbox 371 2071 2023 2148">
    <p class='ocr_par' dir='ltr' id='par_1_22' title="bbox 371 2071 2023 2148">
     <span class='ocr_line' id='line_1_22' title="bbox 371 2071 2023 2148; baseline 0.005 -24"><span class='ocrx_word' id='word_1_156' title='bbox 371 2074 451 2137; x_wconf 90' lang='lat' dir='ltr'>te,</span> <span class='ocrx_word' id='word_1_157' title='bbox 483 2076 540 2126; x_wconf 90' lang='lat' dir='ltr'>et</span> <span class='ocrx_word' id='word_1_158' title='bbox 571 2071 864 2127; x_wconf 88' lang='lat' dir='ltr'>modicum</span> <span class='ocrx_word' id='word_1_159' title='bbox 893 2072 987 2128; x_wconf 91' lang='lat' dir='ltr'>hic</span> <span class='ocrx_word' id='word_1_160' title='bbox 1017 2075 1558 2144; x_wconf 87' lang='lat' dir='ltr'>exspecta.Pulchre</span> <span class='ocrx_word' id='word_1_161' title='bbox 1587 2075 1787 2148; x_wconf 87' lang='lat' dir='ltr'>itaque</span> <span class='ocrx_word' id='word_1_162' title='bbox 1836 2094 1869 2132; x_wconf 92' lang='lat' dir='ltr'>a</span> <span class='ocrx_word' id='word_1_163' title='bbox 1900 2093 2023 2132; x_wconf 93' lang='lat' dir='ltr'>mo-</span> 
     </span>
    </p>
   </div>
   <div class='ocr_carea' id='block_1_23' title="bbox 373 2159 2021 2236">
    <p class='ocr_par' dir='ltr' id='par_1_23' title="bbox 373 2159 2021 2236">
     <span class='ocr_line' id='line_1_23' title="bbox 373 2159 2021 2236; baseline 0.005 -23"><span class='ocrx_word' id='word_1_164' title='bbox 373 2160 504 2214; x_wconf 92' lang='lat' dir='ltr'>dico</span> <span class='ocrx_word' id='word_1_165' title='bbox 533 2159 724 2215; x_wconf 90' lang='lat' dir='ltr'>dictus</span> <span class='ocrx_word' id='word_1_166' title='bbox 749 2167 857 2228; x_wconf 90' lang='lat' dir='ltr'>est,</span> <span class='ocrx_word' id='word_1_167' title='bbox 890 2163 1166 2232; x_wconf 88' lang='lat' dir='ltr'>quoniam</span> <span class='ocrx_word' id='word_1_168' title='bbox 1218 2180 1445 2236; x_wconf 65' lang='lat' dir='ltr'>magna</span> <span class='ocrx_word' id='word_1_169' title='bbox 1489 2164 1602 2220; x_wconf 84' lang='lat' dir='ltr'>fuit</span> <span class='ocrx_word' id='word_1_170' title='bbox 1647 2165 2021 2221; x_wconf 88' lang='lat' dir='ltr'>humilitatis.</span> 
     </span>
    </p>
   </div>
   <div class='ocr_carea' id='block_1_24' title="bbox 375 2247 2026 2321">
    <p class='ocr_par' dir='ltr' id='par_1_24' title="bbox 375 2247 2026 2321">
     <span class='ocr_line' id='line_1_24' title="bbox 375 2247 2026 2321; baseline 0.005 -19"><span class='ocrx_word' id='word_1_171' title='bbox 375 2247 541 2302; x_wconf 90' lang='lat' dir='ltr'>Unde</span> <span class='ocrx_word' id='word_1_172' title='bbox 570 2253 628 2302; x_wconf 91' lang='lat' dir='ltr'>et</span> <span class='ocrx_word' id='word_1_173' title='bbox 657 2248 783 2320; x_wconf 91' lang='lat' dir='ltr'>ipse</span> <span class='ocrx_word' id='word_1_174' title='bbox 815 2249 953 2305; x_wconf 90' lang='lat' dir='ltr'>alibi</span> <span class='ocrx_word' id='word_1_175' title='bbox 989 2250 1130 2305; x_wconf 90' lang='lat' dir='ltr'>dicit</span> <span class='ocrx_word' id='word_1_176' title='bbox 1181 2267 1194 2304; x_wconf 88' lang='lat'><strong>:</strong></span> <span class='ocrx_word' id='word_1_177' title='bbox 1244 2253 1354 2321; x_wconf 85' lang='lat' dir='ltr'>Ego</span> <span class='ocrx_word' id='word_1_178' title='bbox 1397 2255 1549 2309; x_wconf 86' lang='lat' dir='ltr'>enim</span> <span class='ocrx_word' id='word_1_179' title='bbox 1593 2270 1714 2309; x_wconf 87' lang='lat' dir='ltr'>sum</span> <span class='ocrx_word' id='word_1_180' title='bbox 1757 2256 2026 2310; x_wconf 85' lang='lat' dir='ltr'>minimus</span> 
     </span>
    </p>
   </div>
   <div class='ocr_carea' id='block_1_25' title="bbox 372 2335 2027 2415">
    <p class='ocr_par' dir='ltr' id='par_1_25' title="bbox 372 2335 2027 2415">
     <span class='ocr_line' id='line_1_25' title="bbox 372 2335 2027 2415; baseline 0.006 -26"><span class='ocrx_word' id='word_1_181' title='bbox 372 2335 774 2408; x_wconf 82' lang='lat' dir='ltr'>apostolorum,</span> <span class='ocrx_word' id='word_1_182' title='bbox 814 2341 913 2410; x_wconf 88' lang='lat' dir='ltr'>qui</span> <span class='ocrx_word' id='word_1_183' title='bbox 954 2355 1063 2395; x_wconf 87' lang='lat' dir='ltr'>non</span> <span class='ocrx_word' id='word_1_184' title='bbox 1109 2357 1231 2395; x_wconf 89' lang='lat' dir='ltr'>sum</span> <span class='ocrx_word' id='word_1_185' title='bbox 1274 2341 1472 2412; x_wconf 84' lang='lat' dir='ltr'>dignus</span> <span class='ocrx_word' id='word_1_186' title='bbox 1519 2343 1706 2399; x_wconf 82' lang='lat' dir='ltr'>vocari</span> <span class='ocrx_word' id='word_1_187' title='bbox 1752 2345 2027 2415; x_wconf 73' lang='lat' dir='ltr'>apostolus</span> 
     </span>
    </p>
   </div>
   <div class='ocr_carea' id='block_1_26' title="bbox 375 2417 2028 2498">
    <p class='ocr_par' dir='ltr' id='par_1_26' title="bbox 375 2417 2028 2498">
     <span class='ocr_line' id='line_1_26' title="bbox 375 2417 2028 2498; baseline 0.005 -20"><span class='ocrx_word' id='word_1_188' title='bbox 375 2423 423 2495; x_wconf 87' lang='grc' dir='ltr'>(Ι</span> <span class='ocrx_word' id='word_1_189' title='bbox 480 2417 601 2479; x_wconf 79' lang='lat' dir='ltr'>Cor.</span> <span class='ocrx_word' id='word_1_190' title='bbox 649 2443 740 2495; x_wconf 87' lang='lat' dir='ltr'>xv,</span> <span class='ocrx_word' id='word_1_191' title='bbox 791 2426 869 2497; x_wconf 89' lang='lat'>9).</span> <span class='ocrx_word' id='word_1_192' title='bbox 933 2427 1207 2498; x_wconf 81' lang='lat' dir='ltr'>Apostolus</span> <span class='ocrx_word' id='word_1_193' title='bbox 1265 2429 1477 2485; x_wconf 82' lang='lat' dir='ltr'>Graece.</span> <span class='ocrx_word' id='word_1_194' title='bbox 1547 2430 1745 2486; x_wconf 84' lang='lat' dir='ltr'>Latine</span> <span class='ocrx_word' id='word_1_195' title='bbox 1811 2431 2028 2486; x_wconf 91' lang='lat' dir='ltr'>dicitur</span> 
     </span>
    </p>
   </div>
   <div class='ocr_carea' id='block_1_27' title="bbox 375 2514 2024 2591">
    <p class='ocr_par' dir='ltr' id='par_1_27' title="bbox 375 2514 2024 2591">
     <span class='ocr_line' id='line_1_27' title="bbox 375 2514 2024 2591; baseline 0.005 -24"><span class='ocrx_word' id='word_1_196' title='bbox 375 2515 596 2583; x_wconf 85' lang='lat' dir='ltr'>missus,</span> <span class='ocrx_word' id='word_1_197' title='bbox 630 2515 702 2569; x_wconf 88' lang='lat' dir='ltr'>Et</span> <span class='ocrx_word' id='word_1_198' title='bbox 730 2514 970 2585; x_wconf 87' lang='lat' dir='ltr'>pulchre</span> <span class='ocrx_word' id='word_1_199' title='bbox 998 2517 1216 2572; x_wconf 90' lang='lat' dir='ltr'>missus</span> <span class='ocrx_word' id='word_1_200' title='bbox 1247 2518 1440 2573; x_wconf 89' lang='lat' dir='ltr'>dictus</span> <span class='ocrx_word' id='word_1_201' title='bbox 1465 2522 1572 2587; x_wconf 91' lang='lat' dir='ltr'>est,</span> <span class='ocrx_word' id='word_1_202' title='bbox 1598 2519 1737 2591; x_wconf 85' lang='lat' dir='ltr'>quia</span> <span class='ocrx_word' id='word_1_203' title='bbox 1767 2537 1884 2575; x_wconf 90' lang='lat' dir='ltr'>non</span> <span class='ocrx_word' id='word_1_204' title='bbox 1905 2536 2024 2575; x_wconf 78' lang='lat' dir='ltr'>suae</span> 
     </span>
    </p>
   </div>
   <div class='ocr_carea' id='block_1_28' title="bbox 378 2601 2026 2678">
    <p class='ocr_par' dir='ltr' id='par_1_28' title="bbox 378 2601 2026 2678">
     <span class='ocr_line' id='line_1_28' title="bbox 378 2601 2026 2678; baseline 0.004 -21"><span class='ocrx_word' id='word_1_205' title='bbox 378 2602 572 2658; x_wconf 89' lang='lat' dir='ltr'>carnis</span> <span class='ocrx_word' id='word_1_206' title='bbox 603 2601 887 2659; x_wconf 88' lang='lat' dir='ltr'>instinctu</span> <span class='ocrx_word' id='word_1_207' title='bbox 917 2606 1168 2676; x_wconf 89' lang='lat' dir='ltr'>venit,ut</span> <span class='ocrx_word' id='word_1_208' title='bbox 1191 2607 1686 2678; x_wconf 85' lang='lat' dir='ltr'>pseudoapostoli,</span> <span class='ocrx_word' id='word_1_209' title='bbox 1721 2625 1825 2664; x_wconf 88' lang='lat' dir='ltr'>nec</span> <span class='ocrx_word' id='word_1_210' title='bbox 1847 2626 1881 2664; x_wconf 89' lang='lat' dir='ltr'>a</span> <span class='ocrx_word' id='word_1_211' title='bbox 1900 2609 2026 2663; x_wconf 89' lang='lat' dir='ltr'>dia-</span> 
     </span>
    </p>
   </div>
   <div class='ocr_carea' id='block_1_29' title="bbox 378 2690 2024 2769">
    <p class='ocr_par' dir='ltr' id='par_1_29' title="bbox 378 2690 2024 2769">
     <span class='ocr_line' id='line_1_29' title="bbox 378 2690 2024 2769; baseline 0.004 -21"><span class='ocrx_word' id='word_1_212' title='bbox 378 2690 532 2761; x_wconf 89' lang='lat' dir='ltr'>bolo,</span> <span class='ocrx_word' id='word_1_213' title='bbox 558 2691 648 2747; x_wconf 87' lang='lat' dir='ltr'>vel</span> <span class='ocrx_word' id='word_1_214' title='bbox 679 2693 750 2748; x_wconf 91' lang='lat' dir='ltr'>ab</span> <span class='ocrx_word' id='word_1_215' title='bbox 781 2692 1040 2762; x_wconf 92' lang='lat' dir='ltr'>homine,</span> <span class='ocrx_word' id='word_1_216' title='bbox 1073 2695 1173 2750; x_wconf 89' lang='lat' dir='ltr'>sed</span> <span class='ocrx_word' id='word_1_217' title='bbox 1201 2713 1235 2751; x_wconf 91' lang='lat' dir='ltr'>a</span> <span class='ocrx_word' id='word_1_218' title='bbox 1264 2695 1380 2752; x_wconf 92' lang='lat' dir='ltr'>Deo</span> <span class='ocrx_word' id='word_1_219' title='bbox 1411 2697 1632 2754; x_wconf 90' lang='lat' dir='ltr'>missus</span> <span class='ocrx_word' id='word_1_220' title='bbox 1661 2703 1770 2769; x_wconf 89' lang='lat' dir='ltr'>est,</span> <span class='ocrx_word' id='word_1_221' title='bbox 1793 2703 1860 2754; x_wconf 90' lang='lat' dir='ltr'>ut</span> <span class='ocrx_word' id='word_1_222' title='bbox 1890 2715 2024 2754; x_wconf 91' lang='lat' dir='ltr'>eum</span> 
     </span>
    </p>
   </div>
   <div class='ocr_carea' id='block_1_30' title="bbox 378 2780 2025 2853">
    <p class='ocr_par' dir='ltr' id='par_1_30' title="bbox 378 2780 2025 2853">
     <span class='ocr_line' id='line_1_30' title="bbox 378 2780 2025 2853; baseline 0.004 -18"><span class='ocrx_word' id='word_1_223' title='bbox 378 2780 653 2852; x_wconf 85' lang='lat' dir='ltr'>gentibus</span> <span class='ocrx_word' id='word_1_224' title='bbox 704 2782 1060 2853; x_wconf 66' lang='lat' dir='ltr'>praedicaret.</span> <span class='ocrx_word' id='word_1_225' title='bbox 1125 2783 1286 2841; x_wconf 87' lang='lat' dir='ltr'>Unde</span> <span class='ocrx_word' id='word_1_226' title='bbox 1342 2785 1622 2842; x_wconf 88' lang='lat' dir='ltr'>Dominus</span> <span class='ocrx_word' id='word_1_227' title='bbox 1669 2787 1730 2842; x_wconf 91' lang='lat' dir='ltr'>in</span> <span class='ocrx_word' id='word_1_228' title='bbox 1779 2786 2025 2843; x_wconf 79' lang='lat' dir='ltr'>Actibus</span> 
     </span>
    </p>
   </div>
   <div class='ocr_carea' id='block_1_31' title="bbox 377 2869 2026 2947">
    <p class='ocr_par' dir='ltr' id='par_1_31' title="bbox 377 2869 2026 2947">
     <span class='ocr_line' id='line_1_31' title="bbox 377 2869 2026 2947; baseline 0.004 -23"><span class='ocrx_word' id='word_1_229' title='bbox 377 2869 781 2941; x_wconf 88' lang='lat' dir='ltr'>apostolorum</span> <span class='ocrx_word' id='word_1_230' title='bbox 812 2871 955 2927; x_wconf 91' lang='lat' dir='ltr'>dicit</span> <span class='ocrx_word' id='word_1_231' title='bbox 986 2888 999 2926; x_wconf 91' lang='lat'>:</span> <span class='ocrx_word' id='word_1_232' title='bbox 1031 2873 1162 2930; x_wconf 85' lang='lat' dir='ltr'>Ecce</span> <span class='ocrx_word' id='word_1_233' title='bbox 1189 2889 1286 2943; x_wconf 86' lang='lat' dir='ltr'>ego</span> <span class='ocrx_word' id='word_1_234' title='bbox 1317 2874 1388 2929; x_wconf 83' lang='lat' dir='ltr'>ad</span> <span class='ocrx_word' id='word_1_235' title='bbox 1410 2883 1592 2947; x_wconf 84' lang='lat' dir='ltr'>gentes</span> <span class='ocrx_word' id='word_1_236' title='bbox 1633 2877 1792 2947; x_wconf 82' lang='lat' dir='ltr'>longe</span> <span class='ocrx_word' id='word_1_237' title='bbox 1819 2878 2026 2947; x_wconf 79' lang='lat' dir='ltr'>positas</span> 
     </span>
    </p>
   </div>
   <div class='ocr_carea' id='block_1_32' title="bbox 373 2961 2028 3037">
    <p class='ocr_par' dir='ltr' id='par_1_32' title="bbox 373 2961 2028 3037">
     <span class='ocr_line' id='line_1_32' title="bbox 373 2961 2028 3037; baseline 0.002 -22"><span class='ocrx_word' id='word_1_238' title='bbox 373 2961 595 3032; x_wconf 79' lang='lat' dir='ltr'>mittam</span> <span class='ocrx_word' id='word_1_239' title='bbox 622 2967 674 3015; x_wconf 90' lang='lat' dir='ltr'>te</span> <span class='ocrx_word' id='word_1_240' title='bbox 703 2961 1014 3031; x_wconf 84' lang='lat' dir='ltr'>(65).Quod</span> <span class='ocrx_word' id='word_1_241' title='bbox 1046 2979 1257 3018; x_wconf 91' lang='lat' dir='ltr'>nomen</span> <span class='ocrx_word' id='word_1_242' title='bbox 1289 2979 1394 3036; x_wconf 89' lang='lat' dir='ltr'>per</span> <span class='ocrx_word' id='word_1_243' title='bbox 1423 2981 1485 3020; x_wconf 88' lang='lat' dir='ltr'>se</span> <span class='ocrx_word' id='word_1_244' title='bbox 1515 2968 1772 3037; x_wconf 88' lang='lat' dir='ltr'>positum</span> <span class='ocrx_word' id='word_1_245' title='bbox 1795 2979 2028 3037; x_wconf 89' lang='lat' dir='ltr'>semper</span> 
     </span>
    </p>
   </div>
   <div class='ocr_carea' id='block_1_33' title="bbox 374 3047 2023 3126">
    <p class='ocr_par' dir='ltr' id='par_1_33' title="bbox 374 3047 2023 3126">
     <span class='ocr_line' id='line_1_33' title="bbox 374 3047 2023 3126; baseline 0.004 -22"><span class='ocrx_word' id='word_1_246' title='bbox 374 3047 435 3104; x_wconf 90' lang='lat' dir='ltr'>in</span> <span class='ocrx_word' id='word_1_247' title='bbox 484 3048 637 3105; x_wconf 92' lang='lat' dir='ltr'>bono</span> <span class='ocrx_word' id='word_1_248' title='bbox 685 3049 986 3122; x_wconf 88' lang='lat' dir='ltr'>accipitur.</span> <span class='ocrx_word' id='word_1_249' title='bbox 1033 3052 1328 3110; x_wconf 84' lang='lat' dir='ltr'>Romanos</span> <span class='ocrx_word' id='word_1_250' title='bbox 1375 3053 1551 3110; x_wconf 89' lang='lat' dir='ltr'>Italos</span> <span class='ocrx_word' id='word_1_251' title='bbox 1598 3071 1727 3112; x_wconf 88' lang='lat' dir='ltr'>esse</span> <span class='ocrx_word' id='word_1_252' title='bbox 1775 3058 2023 3126; x_wconf 87' lang='lat' dir='ltr'>constat,</span> 
     </span>
    </p>
   </div>
   <div class='ocr_carea' id='block_1_34' title="bbox 375 3139 2026 3215">
    <p class='ocr_par' dir='ltr' id='par_1_34' title="bbox 375 3139 2026 3215">
     <span class='ocr_line' id='line_1_34' title="bbox 375 3139 2026 3215; baseline 0.004 -22"><span class='ocrx_word' id='word_1_253' title='bbox 375 3139 655 3209; x_wconf 86' lang='lat' dir='ltr'>quoniam</span> <span class='ocrx_word' id='word_1_254' title='bbox 678 3139 861 3195; x_wconf 84' lang='lat' dir='ltr'>Roma</span> <span class='ocrx_word' id='word_1_255' title='bbox 884 3140 944 3195; x_wconf 92' lang='lat' dir='ltr'>in</span> <span class='ocrx_word' id='word_1_256' title='bbox 968 3142 1222 3213; x_wconf 91' lang='lat' dir='ltr'>quadam</span> <span class='ocrx_word' id='word_1_257' title='bbox 1247 3142 1422 3198; x_wconf 71' lang='lat' dir='ltr'>Italia:</span> <span class='ocrx_word' id='word_1_258' title='bbox 1455 3148 1617 3215; x_wconf 90' lang='lat' dir='ltr'>parte</span> <span class='ocrx_word' id='word_1_259' title='bbox 1639 3143 1752 3200; x_wconf 89' lang='lat' dir='ltr'>sita</span> <span class='ocrx_word' id='word_1_260' title='bbox 1771 3149 2026 3215; x_wconf 88' lang='lat' dir='ltr'>est,quo-</span> 
     </span>
    </p>
   </div>
   <div class='ocr_carea' id='block_1_35' title="bbox 2123 563 3785 637">
    <p class='ocr_par' dir='ltr' id='par_1_35' title="bbox 2123 563 3785 637">
     <span class='ocr_line' id='line_1_35' title="bbox 2123 563 3785 637; baseline 0.001 -17"><span class='ocrx_word' id='word_1_261' title='bbox 2123 565 2242 631; x_wconf 89' lang='lat' dir='ltr'>bat,</span> <span class='ocrx_word' id='word_1_262' title='bbox 2273 564 2458 620; x_wconf 82' lang='lat' dir='ltr'>Judaei</span> <span class='ocrx_word' id='word_1_263' title='bbox 2493 569 2666 636; x_wconf 91' lang='lat' dir='ltr'>atque</span> <span class='ocrx_word' id='word_1_264' title='bbox 2696 563 2943 637; x_wconf 89' lang='lat' dir='ltr'>gentiles</span> <span class='ocrx_word' id='word_1_265' title='bbox 2973 564 3296 637; x_wconf 92' lang='lat' dir='ltr'>plurimum</span> <span class='ocrx_word' id='word_1_266' title='bbox 3329 565 3482 619; x_wconf 90' lang='lat' dir='ltr'>inter</span> <span class='ocrx_word' id='word_1_267' title='bbox 3511 582 3572 622; x_wconf 90' lang='lat' dir='ltr'>se</span> <span class='ocrx_word' id='word_1_268' title='bbox 3601 565 3785 622; x_wconf 90' lang='lat' dir='ltr'>dissi-</span> 
     </span>
    </p>
   </div>
   <div class='ocr_carea' id='block_1_36' title="bbox 2125 653 3784 726">
    <p class='ocr_par' dir='ltr' id='par_1_36' title="bbox 2125 653 3784 726">
     <span class='ocr_line' id='line_1_36' title="bbox 2125 653 3784 726; baseline -0.001 -15"><span class='ocrx_word' id='word_1_269' title='bbox 2125 655 2349 724; x_wconf 79' lang='lat' dir='ltr'>dentes,</span> <span class='ocrx_word' id='word_1_270' title='bbox 2397 659 2453 710; x_wconf 90' lang='lat' dir='ltr'>et</span> <span class='ocrx_word' id='word_1_271' title='bbox 2501 653 2669 724; x_wconf 87' lang='lat' dir='ltr'>quasi</span> <span class='ocrx_word' id='word_1_272' title='bbox 2718 658 3047 726; x_wconf 88' lang='lat' dir='ltr'>pugnanter</span> <span class='ocrx_word' id='word_1_273' title='bbox 3095 653 3462 724; x_wconf 87' lang='lat' dir='ltr'>dimicantes,</span> <span class='ocrx_word' id='word_1_274' title='bbox 3496 653 3618 710; x_wconf 73' lang='lat' dir='ltr'>haec</span> <span class='ocrx_word' id='word_1_275' title='bbox 3662 654 3784 711; x_wconf 89' lang='lat' dir='ltr'>sibi</span> 
     </span>
    </p>
   </div>
   <div class='ocr_carea' id='block_1_37' title="bbox 2124 741 3788 814">
    <p class='ocr_par' dir='ltr' id='par_1_37' title="bbox 2124 741 3788 814">
     <span class='ocr_line' id='line_1_37' title="bbox 2124 741 3788 814; baseline 0 -16"><span class='ocrx_word' id='word_1_276' title='bbox 2124 743 2460 798; x_wconf 88' lang='lat' dir='ltr'>insultando</span> <span class='ocrx_word' id='word_1_277' title='bbox 2491 747 2550 798; x_wconf 91' lang='lat' dir='ltr'>et</span> <span class='ocrx_word' id='word_1_278' title='bbox 2579 741 2909 798; x_wconf 89' lang='lat' dir='ltr'>altercando</span> <span class='ocrx_word' id='word_1_279' title='bbox 2929 743 3177 814; x_wconf 88' lang='lat' dir='ltr'>objicere</span> <span class='ocrx_word' id='word_1_280' title='bbox 3207 742 3788 798; x_wconf 87' lang='lat' dir='ltr'>solebant.Dicebant</span> 
     </span>
    </p>
   </div>
   <div class='ocr_carea' id='block_1_38' title="bbox 2126 830 3785 903">
    <p class='ocr_par' dir='ltr' id='par_1_38' title="bbox 2126 830 3785 903">
     <span class='ocr_line' id='line_1_38' title="bbox 2126 830 3785 903; baseline -0.001 -16"><span class='ocrx_word' id='word_1_281' title='bbox 2126 831 2282 887; x_wconf 92' lang='lat' dir='ltr'>enim</span> <span class='ocrx_word' id='word_1_282' title='bbox 2309 831 2494 887; x_wconf 82' lang='lat' dir='ltr'>Judaei</span> <span class='ocrx_word' id='word_1_283' title='bbox 2527 847 2540 884; x_wconf 88' lang='lat'><strong>:</strong></span> <span class='ocrx_word' id='word_1_284' title='bbox 2575 831 2692 886; x_wconf 91' lang='lat' dir='ltr'>Nos</span> <span class='ocrx_word' id='word_1_285' title='bbox 2723 847 2909 902; x_wconf 89' lang='lat' dir='ltr'>genus</span> <span class='ocrx_word' id='word_1_286' title='bbox 2939 830 3212 901; x_wconf 87' lang='lat' dir='ltr'>electum,</span> <span class='ocrx_word' id='word_1_287' title='bbox 3244 830 3497 902; x_wconf 90' lang='lat' dir='ltr'>populus</span> <span class='ocrx_word' id='word_1_288' title='bbox 3522 832 3785 903; x_wconf 81' lang='lat' dir='ltr'>acquisi-</span> 
     </span>
    </p>
   </div>
   <div class='ocr_carea' id='block_1_39' title="bbox 2123 919 3782 992">
    <p class='ocr_par' dir='ltr' id='par_1_39' title="bbox 2123 919 3782 992">
     <span class='ocr_line' id='line_1_39' title="bbox 2123 919 3782 992; baseline 0.001 -17"><span class='ocrx_word' id='word_1_289' title='bbox 2123 920 2324 990; x_wconf 88' lang='lat' dir='ltr'>tionis,</span> <span class='ocrx_word' id='word_1_290' title='bbox 2357 920 2522 991; x_wconf 92' lang='lat' dir='ltr'>plebs</span> <span class='ocrx_word' id='word_1_291' title='bbox 2555 924 2758 975; x_wconf 86' lang='lat' dir='ltr'>saneta</span> <span class='ocrx_word' id='word_1_292' title='bbox 2803 935 2884 974; x_wconf 77' lang='lat' dir='ltr'>ex</span> <span class='ocrx_word' id='word_1_293' title='bbox 2920 920 3100 992; x_wconf 87' lang='lat' dir='ltr'>stirpe</span> <span class='ocrx_word' id='word_1_294' title='bbox 3131 919 3595 991; x_wconf 86' lang='lat' dir='ltr'>patriarcharum</span> <span class='ocrx_word' id='word_1_295' title='bbox 3626 925 3782 989; x_wconf 90' lang='lat' dir='ltr'>orta,</span> 
     </span>
    </p>
   </div>
   <div class='ocr_carea' id='block_1_40' title="bbox 2127 1007 3787 1082">
    <p class='ocr_par' dir='ltr' id='par_1_40' title="bbox 2127 1007 3787 1082">
     <span class='ocr_line' id='line_1_40' title="bbox 2127 1007 3787 1082; baseline -0.002 -18"><span class='ocrx_word' id='word_1_296' title='bbox 2127 1025 2274 1080; x_wconf 89' lang='lat' dir='ltr'>quos</span> <span class='ocrx_word' id='word_1_297' title='bbox 2305 1008 2590 1064; x_wconf 89' lang='lat' dir='ltr'>Dominus</span> <span class='ocrx_word' id='word_1_298' title='bbox 2631 1007 2834 1062; x_wconf 90' lang='lat' dir='ltr'>multis</span> <span class='ocrx_word' id='word_1_299' title='bbox 2884 1008 3068 1080; x_wconf 89' lang='lat' dir='ltr'>signis</span> <span class='ocrx_word' id='word_1_300' title='bbox 3099 1013 3156 1063; x_wconf 90' lang='lat' dir='ltr'>et</span> <span class='ocrx_word' id='word_1_301' title='bbox 3184 1007 3466 1080; x_wconf 90' lang='lat' dir='ltr'>prodigiis</span> <span class='ocrx_word' id='word_1_302' title='bbox 3497 1009 3570 1064; x_wconf 86' lang='lat' dir='ltr'>ab</span> <span class='ocrx_word' id='word_1_303' title='bbox 3600 1013 3787 1082; x_wconf 71' lang='lat' dir='ltr'>ZEgy-</span> 
     </span>
    </p>
   </div>
   <div class='ocr_carea' id='block_1_41' title="bbox 2126 1096 3791 1171">
    <p class='ocr_par' dir='ltr' id='par_1_41' title="bbox 2126 1096 3791 1171">
     <span class='ocr_line' id='line_1_41' title="bbox 2126 1096 3791 1171; baseline 0 -18"><span class='ocrx_word' id='word_1_304' title='bbox 2126 1098 2317 1171; x_wconf 89' lang='lat' dir='ltr'>ptiaca</span> <span class='ocrx_word' id='word_1_305' title='bbox 2347 1097 2626 1153; x_wconf 89' lang='lat' dir='ltr'>servitute</span> <span class='ocrx_word' id='word_1_306' title='bbox 2652 1096 2951 1164; x_wconf 88' lang='lat' dir='ltr'>liberavit;</span> <span class='ocrx_word' id='word_1_307' title='bbox 2987 1113 3094 1152; x_wconf 92' lang='lat' dir='ltr'>nos</span> <span class='ocrx_word' id='word_1_308' title='bbox 3118 1096 3289 1153; x_wconf 89' lang='lat' dir='ltr'>siccis</span> <span class='ocrx_word' id='word_1_309' title='bbox 3320 1097 3567 1167; x_wconf 90' lang='lat' dir='ltr'>pedibus</span> <span class='ocrx_word' id='word_1_310' title='bbox 3619 1114 3791 1154; x_wconf 84' lang='lat' dir='ltr'>mare</span> 
     </span>
    </p>
   </div>
   <div class='ocr_carea' id='block_1_42' title="bbox 2126 1185 3792 1257">
    <p class='ocr_par' dir='ltr' id='par_1_42' title="bbox 2126 1185 3792 1257">
     <span class='ocr_line' id='line_1_42' title="bbox 2126 1185 3792 1257; baseline -0.001 -14"><span class='ocrx_word' id='word_1_311' title='bbox 2126 1186 2671 1253; x_wconf 88' lang='lat' dir='ltr'>transivimus;cum</span> <span class='ocrx_word' id='word_1_312' title='bbox 2687 1185 2958 1241; x_wconf 91' lang='lat' dir='ltr'>inimicos</span> <span class='ocrx_word' id='word_1_313' title='bbox 2972 1189 3203 1241; x_wconf 92' lang='lat' dir='ltr'>nostros</span> <span class='ocrx_word' id='word_1_314' title='bbox 3222 1185 3553 1257; x_wconf 82' lang='lat' dir='ltr'>gravissimi</span> <span class='ocrx_word' id='word_1_315' title='bbox 3565 1187 3792 1242; x_wconf 86' lang='lat' dir='ltr'>ﬂuctus</span> 
     </span>
    </p>
   </div>
   <div class='ocr_carea' id='block_1_43' title="bbox 2127 1274 3792 1346">
    <p class='ocr_par' dir='ltr' id='par_1_43' title="bbox 2127 1274 3792 1346">
     <span class='ocr_line' id='line_1_43' title="bbox 2127 1274 3792 1346; baseline 0.001 -16"><span class='ocrx_word' id='word_1_316' title='bbox 2127 1275 2514 1343; x_wconf 85' lang='lat' dir='ltr'>involverent;</span> <span class='ocrx_word' id='word_1_317' title='bbox 2539 1275 2710 1330; x_wconf 88' lang='lat' dir='ltr'>nobis</span> <span class='ocrx_word' id='word_1_318' title='bbox 2729 1274 2789 1329; x_wconf 92' lang='lat' dir='ltr'>in</span> <span class='ocrx_word' id='word_1_319' title='bbox 2813 1274 3040 1330; x_wconf 90' lang='lat' dir='ltr'>deserto</span> <span class='ocrx_word' id='word_1_320' title='bbox 3063 1274 3250 1346; x_wconf 88' lang='lat' dir='ltr'>legem</span> <span class='ocrx_word' id='word_1_321' title='bbox 3273 1274 3455 1343; x_wconf 89' lang='lat' dir='ltr'>dedit,</span> <span class='ocrx_word' id='word_1_322' title='bbox 3487 1278 3543 1330; x_wconf 91' lang='lat' dir='ltr'>et</span> <span class='ocrx_word' id='word_1_323' title='bbox 3564 1292 3792 1331; x_wconf 85' lang='lat' dir='ltr'>manna.</span> 
     </span>
    </p>
   </div>
   <div class='ocr_carea' id='block_1_44' title="bbox 2129 1363 3794 1436">
    <p class='ocr_par' dir='ltr' id='par_1_44' title="bbox 2129 1363 3794 1436">
     <span class='ocr_line' id='line_1_44' title="bbox 2129 1363 3794 1436; baseline 0 -16"><span class='ocrx_word' id='word_1_324' title='bbox 2129 1365 2202 1420; x_wconf 92' lang='lat' dir='ltr'>de</span> <span class='ocrx_word' id='word_1_325' title='bbox 2231 1364 2373 1420; x_wconf 85' lang='lat' dir='ltr'>coelo</span> <span class='ocrx_word' id='word_1_326' title='bbox 2399 1363 2581 1435; x_wconf 89' lang='lat' dir='ltr'>pluit;</span> <span class='ocrx_word' id='word_1_327' title='bbox 2615 1380 2829 1436; x_wconf 81' lang='lat' dir='ltr'>aquam</span> <span class='ocrx_word' id='word_1_328' title='bbox 2855 1364 2925 1420; x_wconf 87' lang='lat' dir='ltr'>de</span> <span class='ocrx_word' id='word_1_329' title='bbox 2947 1367 3113 1433; x_wconf 89' lang='lat' dir='ltr'>petra</span> <span class='ocrx_word' id='word_1_330' title='bbox 3132 1379 3406 1420; x_wconf 88' lang='lat' dir='ltr'>emanare</span> <span class='ocrx_word' id='word_1_331' title='bbox 3433 1363 3588 1432; x_wconf 82' lang='lat' dir='ltr'>fecit;</span> <span class='ocrx_word' id='word_1_332' title='bbox 3613 1363 3794 1420; x_wconf 88' lang='lat' dir='ltr'>nobis</span> 
     </span>
    </p>
   </div>
   <div class='ocr_carea' id='block_1_45' title="bbox 2128 1451 3794 1524">
    <p class='ocr_par' dir='ltr' id='par_1_45' title="bbox 2128 1451 3794 1524">
     <span class='ocr_line' id='line_1_45' title="bbox 2128 1451 3794 1524; baseline -0.001 -16"><span class='ocrx_word' id='word_1_333' title='bbox 2128 1457 2346 1509; x_wconf 89' lang='lat' dir='ltr'>terram</span> <span class='ocrx_word' id='word_1_334' title='bbox 2375 1452 2543 1520; x_wconf 91' lang='lat' dir='ltr'>lacte,</span> <span class='ocrx_word' id='word_1_335' title='bbox 2580 1456 2638 1508; x_wconf 91' lang='lat' dir='ltr'>et</span> <span class='ocrx_word' id='word_1_336' title='bbox 2668 1451 2838 1507; x_wconf 90' lang='lat' dir='ltr'>melle</span> <span class='ocrx_word' id='word_1_337' title='bbox 2891 1456 3226 1508; x_wconf 88' lang='lat' dir='ltr'>manantem</span> <span class='ocrx_word' id='word_1_338' title='bbox 3276 1451 3568 1524; x_wconf 87' lang='lat' dir='ltr'>promisit,</span> <span class='ocrx_word' id='word_1_339' title='bbox 3617 1457 3676 1508; x_wconf 90' lang='lat' dir='ltr'>et</span> <span class='ocrx_word' id='word_1_340' title='bbox 3721 1453 3794 1508; x_wconf 87' lang='lat' dir='ltr'>in</span> 
     </span>
    </p>
   </div>
   <div class='ocr_carea' id='block_1_46' title="bbox 2131 1539 3795 1612">
    <p class='ocr_par' dir='ltr' id='par_1_46' title="bbox 2131 1539 3795 1612">
     <span class='ocr_line' id='line_1_46' title="bbox 2131 1539 3795 1612; baseline 0 -15"><span class='ocrx_word' id='word_1_341' title='bbox 2131 1541 2423 1608; x_wconf 85' lang='lat' dir='ltr'>eamdem,</span> <span class='ocrx_word' id='word_1_342' title='bbox 2472 1539 2625 1596; x_wconf 89' lang='lat' dir='ltr'>sicut</span> <span class='ocrx_word' id='word_1_343' title='bbox 2672 1541 3040 1612; x_wconf 85' lang='lat' dir='ltr'>promiserat,</span> <span class='ocrx_word' id='word_1_344' title='bbox 3081 1539 3423 1596; x_wconf 82' lang='lat' dir='ltr'>introduxit.</span> <span class='ocrx_word' id='word_1_345' title='bbox 3477 1541 3559 1596; x_wconf 87' lang='lat' dir='ltr'>Ex</span> <span class='ocrx_word' id='word_1_346' title='bbox 3612 1541 3795 1598; x_wconf 86' lang='lat' dir='ltr'>nobis</span> 
     </span>
    </p>
   </div>
   <div class='ocr_carea' id='block_1_47' title="bbox 2132 1627 3796 1702">
    <p class='ocr_par' dir='ltr' id='par_1_47' title="bbox 2132 1627 3796 1702">
     <span class='ocr_line' id='line_1_47' title="bbox 2132 1627 3796 1702; baseline 0 -18"><span class='ocrx_word' id='word_1_347' title='bbox 2132 1629 2524 1701; x_wconf 72' lang='lat' dir='ltr'>prophette,ex</span> <span class='ocrx_word' id='word_1_348' title='bbox 2548 1627 2717 1684; x_wconf 92' lang='lat' dir='ltr'>nobis</span> <span class='ocrx_word' id='word_1_349' title='bbox 2747 1645 2810 1683; x_wconf 90' lang='lat' dir='ltr'>se</span> <span class='ocrx_word' id='word_1_350' title='bbox 2835 1628 3032 1699; x_wconf 90' lang='lat' dir='ltr'>ipsum</span> <span class='ocrx_word' id='word_1_351' title='bbox 3053 1627 3110 1682; x_wconf 90' lang='lat' dir='ltr'>in</span> <span class='ocrx_word' id='word_1_352' title='bbox 3130 1643 3302 1684; x_wconf 90' lang='lat' dir='ltr'>carne</span> <span class='ocrx_word' id='word_1_353' title='bbox 3323 1633 3632 1684; x_wconf 90' lang='lat' dir='ltr'>venturum</span> <span class='ocrx_word' id='word_1_354' title='bbox 3657 1646 3796 1702; x_wconf 84' lang='lat' dir='ltr'>pro-</span> 
     </span>
    </p>
   </div>
   <div class='ocr_carea' id='block_1_48' title="bbox 2135 1716 3794 1790">
    <p class='ocr_par' dir='ltr' id='par_1_48' title="bbox 2135 1716 3794 1790">
     <span class='ocr_line' id='line_1_48' title="bbox 2135 1716 3794 1790; baseline 0.001 -17"><span class='ocrx_word' id='word_1_355' title='bbox 2135 1717 2314 1785; x_wconf 90' lang='lat' dir='ltr'>misit,</span> <span class='ocrx_word' id='word_1_356' title='bbox 2346 1721 2402 1772; x_wconf 91' lang='lat' dir='ltr'>et</span> <span class='ocrx_word' id='word_1_357' title='bbox 2429 1716 2667 1773; x_wconf 89' lang='lat' dir='ltr'>veniens</span> <span class='ocrx_word' id='word_1_358' title='bbox 2713 1732 2783 1772; x_wconf 86' lang='lat' dir='ltr'>ex</span> <span class='ocrx_word' id='word_1_359' title='bbox 2831 1716 3000 1772; x_wconf 92' lang='lat' dir='ltr'>nobis</span> <span class='ocrx_word' id='word_1_360' title='bbox 3032 1731 3268 1772; x_wconf 90' lang='lat' dir='ltr'>carnem</span> <span class='ocrx_word' id='word_1_361' title='bbox 3299 1717 3575 1790; x_wconf 90' lang='lat' dir='ltr'>sumpsit,</span> <span class='ocrx_word' id='word_1_362' title='bbox 3607 1723 3794 1790; x_wconf 83' lang='lat' dir='ltr'>atque</span> 
     </span>
    </p>
   </div>
   <div class='ocr_carea' id='block_1_49' title="bbox 2131 1804 3790 1878">
    <p class='ocr_par' dir='ltr' id='par_1_49' title="bbox 2131 1804 3790 1878">
     <span class='ocr_line' id='line_1_49' title="bbox 2131 1804 3790 1878; baseline 0 -16"><span class='ocrx_word' id='word_1_363' title='bbox 2131 1806 2285 1863; x_wconf 90' lang='lat' dir='ltr'>inter</span> <span class='ocrx_word' id='word_1_364' title='bbox 2303 1823 2411 1864; x_wconf 90' lang='lat' dir='ltr'>nos</span> <span class='ocrx_word' id='word_1_365' title='bbox 2431 1810 2827 1862; x_wconf 88' lang='lat' dir='ltr'>commoratus</span> <span class='ocrx_word' id='word_1_366' title='bbox 2845 1804 3034 1861; x_wconf 90' lang='lat' dir='ltr'>multa</span> <span class='ocrx_word' id='word_1_367' title='bbox 3049 1804 3218 1878; x_wconf 87' lang='lat' dir='ltr'>signa</span> <span class='ocrx_word' id='word_1_368' title='bbox 3233 1809 3290 1862; x_wconf 89' lang='lat' dir='ltr'>et</span> <span class='ocrx_word' id='word_1_369' title='bbox 3306 1806 3603 1862; x_wconf 90' lang='lat' dir='ltr'>mirabilia</span> <span class='ocrx_word' id='word_1_370' title='bbox 3623 1807 3790 1875; x_wconf 75' lang='lat' dir='ltr'>fecit,</span> 
     </span>
    </p>
   </div>
   <div class='ocr_carea' id='block_1_50' title="bbox 2134 1893 3796 1968">
    <p class='ocr_par' dir='ltr' id='par_1_50' title="bbox 2134 1893 3796 1968">
     <span class='ocr_line' id='line_1_50' title="bbox 2134 1893 3796 1968; baseline -0.001 -16"><span class='ocrx_word' id='word_1_371' title='bbox 2134 1912 2360 1967; x_wconf 90' lang='lat' dir='ltr'>nosque</span> <span class='ocrx_word' id='word_1_372' title='bbox 2387 1895 2446 1951; x_wconf 92' lang='lat' dir='ltr'>in</span> <span class='ocrx_word' id='word_1_373' title='bbox 2477 1894 2787 1966; x_wconf 79' lang='lat' dir='ltr'>Evangelio</span> <span class='ocrx_word' id='word_1_374' title='bbox 2817 1893 2989 1965; x_wconf 88' lang='lat' dir='ltr'>ﬁlios,</span> <span class='ocrx_word' id='word_1_375' title='bbox 3021 1909 3123 1951; x_wconf 88' lang='lat' dir='ltr'>vos</span> <span class='ocrx_word' id='word_1_376' title='bbox 3152 1895 3348 1966; x_wconf 90' lang='lat' dir='ltr'>potius</span> <span class='ocrx_word' id='word_1_377' title='bbox 3368 1910 3544 1951; x_wconf 91' lang='lat' dir='ltr'>canes</span> <span class='ocrx_word' id='word_1_378' title='bbox 3579 1895 3796 1968; x_wconf 74' lang='lat' dir='ltr'>appel-</span> 
     </span>
    </p>
   </div>
   <div class='ocr_carea' id='block_1_51' title="bbox 2133 1982 3799 2055">
    <p class='ocr_par' dir='ltr' id='par_1_51' title="bbox 2133 1982 3799 2055">
     <span class='ocr_line' id='line_1_51' title="bbox 2133 1982 3799 2055; baseline 0.001 -17"><span class='ocrx_word' id='word_1_379' title='bbox 2133 1983 2296 2051; x_wconf 88' lang='lat' dir='ltr'>lavit,</span> <span class='ocrx_word' id='word_1_380' title='bbox 2329 1988 2385 2039; x_wconf 87' lang='lat' dir='ltr'>et</span> <span class='ocrx_word' id='word_1_381' title='bbox 2413 1983 2539 2038; x_wconf 91' lang='lat' dir='ltr'>ideo</span> <span class='ocrx_word' id='word_1_382' title='bbox 2573 1983 2864 2039; x_wconf 90' lang='lat' dir='ltr'>consortio</span> <span class='ocrx_word' id='word_1_383' title='bbox 2896 1987 3095 2038; x_wconf 88' lang='lat' dir='ltr'>nostro</span> <span class='ocrx_word' id='word_1_384' title='bbox 3126 1982 3289 2054; x_wconf 88' lang='lat' dir='ltr'>digni</span> <span class='ocrx_word' id='word_1_385' title='bbox 3321 1999 3438 2040; x_wconf 91' lang='lat' dir='ltr'>non</span> <span class='ocrx_word' id='word_1_386' title='bbox 3469 1984 3631 2055; x_wconf 89' lang='lat' dir='ltr'>estis,</span> <span class='ocrx_word' id='word_1_387' title='bbox 3647 1983 3799 2055; x_wconf 84' lang='lat' dir='ltr'>quia</span> 
     </span>
    </p>
   </div>
   <div class='ocr_carea' id='block_1_52' title="bbox 2134 2071 3800 2146">
    <p class='ocr_par' dir='ltr' id='par_1_52' title="bbox 2134 2071 3800 2146">
     <span class='ocr_line' id='line_1_52' title="bbox 2134 2071 3800 2146; baseline -0.001 -17"><span class='ocrx_word' id='word_1_388' title='bbox 2134 2088 2366 2142; x_wconf 87' lang='lat' dir='ltr'>semper</span> <span class='ocrx_word' id='word_1_389' title='bbox 2393 2072 2551 2128; x_wconf 90' lang='lat' dir='ltr'>idola</span> <span class='ocrx_word' id='word_1_390' title='bbox 2577 2088 2727 2128; x_wconf 90' lang='lat' dir='ltr'>vana</span> <span class='ocrx_word' id='word_1_391' title='bbox 2755 2076 2812 2126; x_wconf 90' lang='lat' dir='ltr'>et</span> <span class='ocrx_word' id='word_1_392' title='bbox 2841 2076 3006 2126; x_wconf 91' lang='lat' dir='ltr'>muta</span> <span class='ocrx_word' id='word_1_393' title='bbox 3036 2071 3323 2127; x_wconf 90' lang='lat' dir='ltr'>coluistis.</span> <span class='ocrx_word' id='word_1_394' title='bbox 3355 2072 3441 2127; x_wconf 86' lang='lat' dir='ltr'>Ad</span> <span class='ocrx_word' id='word_1_395' title='bbox 3484 2071 3604 2128; x_wconf 64' lang='lat' dir='ltr'>haec</span> <span class='ocrx_word' id='word_1_396' title='bbox 3646 2089 3800 2146; x_wconf 89' lang='lat' dir='ltr'>gen-</span> 
     </span>
    </p>
   </div>
   <div class='ocr_carea' id='block_1_53' title="bbox 2131 2160 3790 2233">
    <p class='ocr_par' dir='ltr' id='par_1_53' title="bbox 2131 2160 3790 2233">
     <span class='ocr_line' id='line_1_53' title="bbox 2131 2160 3790 2233; baseline 0 -17"><span class='ocrx_word' id='word_1_397' title='bbox 2131 2160 2266 2217; x_wconf 87' lang='lat' dir='ltr'>tiles</span> <span class='ocrx_word' id='word_1_398' title='bbox 2296 2161 2729 2233; x_wconf 90' lang='lat' dir='ltr'>respondebant</span> <span class='ocrx_word' id='word_1_399' title='bbox 2747 2179 2760 2216; x_wconf 93' lang='lat'>:</span> <span class='ocrx_word' id='word_1_400' title='bbox 2778 2161 2929 2216; x_wconf 90' lang='lat' dir='ltr'>Vera</span> <span class='ocrx_word' id='word_1_401' title='bbox 2949 2176 3078 2216; x_wconf 89' lang='lat' dir='ltr'>esse</span> <span class='ocrx_word' id='word_1_402' title='bbox 3099 2161 3394 2216; x_wconf 90' lang='lat' dir='ltr'>credimus</span> <span class='ocrx_word' id='word_1_403' title='bbox 3415 2177 3544 2232; x_wconf 61' lang='lat' dir='ltr'>qua</span> <span class='ocrx_word' id='word_1_404' title='bbox 3566 2161 3790 2228; x_wconf 90' lang='lat' dir='ltr'>dicitis;</span> 
     </span>
    </p>
   </div>
   <div class='ocr_carea' id='block_1_54' title="bbox 2133 2249 3798 2321">
    <p class='ocr_par' dir='ltr' id='par_1_54' title="bbox 2133 2249 3798 2321">
     <span class='ocr_line' id='line_1_54' title="bbox 2133 2249 3798 2321; baseline -0.001 -16"><span class='ocrx_word' id='word_1_405' title='bbox 2133 2253 2398 2306; x_wconf 88' lang='lat' dir='ltr'>attamen</span> <span class='ocrx_word' id='word_1_406' title='bbox 2431 2254 2652 2321; x_wconf 88' lang='lat' dir='ltr'>quanto</span> <span class='ocrx_word' id='word_1_407' title='bbox 2685 2251 2908 2320; x_wconf 90' lang='lat' dir='ltr'>majora</span> <span class='ocrx_word' id='word_1_408' title='bbox 2927 2265 3066 2320; x_wconf 91' lang='lat' dir='ltr'>erga</span> <span class='ocrx_word' id='word_1_409' title='bbox 3086 2266 3187 2304; x_wconf 85' lang='lat' dir='ltr'>vos</span> <span class='ocrx_word' id='word_1_410' title='bbox 3220 2249 3320 2305; x_wconf 90' lang='lat' dir='ltr'>Dei</span> <span class='ocrx_word' id='word_1_411' title='bbox 3348 2249 3631 2306; x_wconf 85' lang='lat' dir='ltr'>beneficia</span> <span class='ocrx_word' id='word_1_412' title='bbox 3651 2267 3798 2305; x_wconf 88' lang='lat' dir='ltr'>nar-</span> 
     </span>
    </p>
   </div>
   <div class='ocr_carea' id='block_1_55' title="bbox 2135 2337 3798 2410">
    <p class='ocr_par' dir='ltr' id='par_1_55' title="bbox 2135 2337 3798 2410">
     <span class='ocr_line' id='line_1_55' title="bbox 2135 2337 3798 2410; baseline 0.001 -18"><span class='ocrx_word' id='word_1_413' title='bbox 2135 2337 2592 2406; x_wconf 89' lang='lat' dir='ltr'>raveritis,tanto</span> <span class='ocrx_word' id='word_1_414' title='bbox 2613 2354 2714 2392; x_wconf 91' lang='lat' dir='ltr'>vos</span> <span class='ocrx_word' id='word_1_415' title='bbox 2737 2338 3056 2410; x_wconf 88' lang='lat' dir='ltr'>deteriores</span> <span class='ocrx_word' id='word_1_416' title='bbox 3089 2338 3413 2394; x_wconf 78' lang='lat' dir='ltr'>ostendatis</span> <span class='ocrx_word' id='word_1_417' title='bbox 3434 2354 3446 2393; x_wconf 92' lang='lat'><strong>:</strong></span> <span class='ocrx_word' id='word_1_418' title='bbox 3466 2338 3609 2410; x_wconf 90' lang='lat' dir='ltr'>ipsis</span> <span class='ocrx_word' id='word_1_419' title='bbox 3629 2339 3798 2394; x_wconf 87' lang='lat' dir='ltr'>enim</span> 
     </span>
    </p>
   </div>
   <div class='ocr_carea' id='block_1_56' title="bbox 2133 2427 3803 2499">
    <p class='ocr_par' dir='ltr' id='par_1_56' title="bbox 2133 2427 3803 2499">
     <span class='ocr_line' id='line_1_56' title="bbox 2133 2427 3803 2499; baseline 0.001 -16"><span class='ocrx_word' id='word_1_420' title='bbox 2133 2427 2404 2498; x_wconf 90' lang='lat' dir='ltr'>pedibus,</span> <span class='ocrx_word' id='word_1_421' title='bbox 2438 2427 2657 2499; x_wconf 91' lang='lat' dir='ltr'>quibus</span> <span class='ocrx_word' id='word_1_422' title='bbox 2686 2443 2849 2482; x_wconf 91' lang='lat' dir='ltr'>mare</span> <span class='ocrx_word' id='word_1_423' title='bbox 2893 2443 2995 2497; x_wconf 90' lang='lat' dir='ltr'>per</span> <span class='ocrx_word' id='word_1_424' title='bbox 3041 2427 3263 2482; x_wconf 91' lang='lat' dir='ltr'>siccum</span> <span class='ocrx_word' id='word_1_425' title='bbox 3294 2427 3615 2496; x_wconf 90' lang='lat' dir='ltr'>transistis,</span> <span class='ocrx_word' id='word_1_426' title='bbox 3655 2433 3803 2484; x_wconf 86' lang='lat' dir='ltr'>ante</span> 
     </span>
    </p>
   </div>
   <div class='ocr_carea' id='block_1_57' title="bbox 2136 2515 3798 2588">
    <p class='ocr_par' dir='ltr' id='par_1_57' title="bbox 2136 2515 3798 2588">
     <span class='ocr_line' id='line_1_57' title="bbox 2136 2515 3798 2588; baseline 0.001 -18"><span class='ocrx_word' id='word_1_427' title='bbox 2136 2515 2295 2571; x_wconf 90' lang='lat' dir='ltr'>idola</span> <span class='ocrx_word' id='word_1_428' title='bbox 2323 2515 2592 2571; x_wconf 89' lang='lat' dir='ltr'>saltando</span> <span class='ocrx_word' id='word_1_429' title='bbox 2623 2515 2883 2584; x_wconf 88' lang='lat' dir='ltr'>lusistis;</span> <span class='ocrx_word' id='word_1_430' title='bbox 2915 2515 3044 2588; x_wconf 91' lang='lat' dir='ltr'>ipso</span> <span class='ocrx_word' id='word_1_431' title='bbox 3076 2532 3314 2588; x_wconf 89' lang='lat' dir='ltr'>ore,quo</span> <span class='ocrx_word' id='word_1_432' title='bbox 3347 2533 3564 2572; x_wconf 89' lang='lat' dir='ltr'>manna</span> <span class='ocrx_word' id='word_1_433' title='bbox 3595 2533 3798 2572; x_wconf 83' lang='lat' dir='ltr'>come-</span> 
     </span>
    </p>
   </div>
   <div class='ocr_carea' id='block_1_58' title="bbox 2136 2603 3802 2672">
    <p class='ocr_par' dir='ltr' id='par_1_58' title="bbox 2136 2603 3802 2672">
     <span class='ocr_line' id='line_1_58' title="bbox 2136 2603 3802 2672; baseline 0.001 -13"><span class='ocrx_word' id='word_1_434' title='bbox 2136 2603 2651 2672; x_wconf 90' lang='lat' dir='ltr'>distia,laudantes</span> <span class='ocrx_word' id='word_1_435' title='bbox 2681 2605 2820 2660; x_wconf 89' lang='lat' dir='ltr'>deos</span> <span class='ocrx_word' id='word_1_436' title='bbox 2851 2620 3059 2660; x_wconf 88' lang='lat' dir='ltr'>aureos</span> <span class='ocrx_word' id='word_1_437' title='bbox 3088 2603 3370 2660; x_wconf 90' lang='lat' dir='ltr'>dicebatis</span> <span class='ocrx_word' id='word_1_438' title='bbox 3404 2620 3417 2658; x_wconf 90' lang='lat'><strong>:</strong></span> <span class='ocrx_word' id='word_1_439' title='bbox 3447 2603 3516 2660; x_wconf 88' lang='lat' dir='ltr'>Hi</span> <span class='ocrx_word' id='word_1_440' title='bbox 3545 2609 3684 2660; x_wconf 92' lang='lat' dir='ltr'>sunt</span> <span class='ocrx_word' id='word_1_441' title='bbox 3708 2605 3802 2660; x_wconf 90' lang='lat' dir='ltr'>dii</span> 
     </span>
    </p>
   </div>
   <div class='ocr_carea' id='block_1_59' title="bbox 2135 2692 3798 2766">
    <p class='ocr_par' dir='ltr' id='par_1_59' title="bbox 2135 2692 3798 2766">
     <span class='ocr_line' id='line_1_59' title="bbox 2135 2692 3798 2766; baseline 0 -18"><span class='ocrx_word' id='word_1_442' title='bbox 2135 2693 2244 2761; x_wconf 89' lang='lat' dir='ltr'>tui,</span> <span class='ocrx_word' id='word_1_443' title='bbox 2278 2692 2480 2764; x_wconf 87' lang='lat' dir='ltr'>Israel,</span> <span class='ocrx_word' id='word_1_444' title='bbox 2512 2693 2612 2765; x_wconf 92' lang='lat' dir='ltr'>qui</span> <span class='ocrx_word' id='word_1_445' title='bbox 2644 2693 2974 2749; x_wconf 84' lang='lat' dir='ltr'>eduxerunt</span> <span class='ocrx_word' id='word_1_446' title='bbox 3016 2697 3072 2750; x_wconf 89' lang='lat' dir='ltr'>te</span> <span class='ocrx_word' id='word_1_447' title='bbox 3112 2694 3182 2749; x_wconf 89' lang='lat' dir='ltr'>de</span> <span class='ocrx_word' id='word_1_448' title='bbox 3227 2697 3386 2749; x_wconf 90' lang='lat' dir='ltr'>terra</span> <span class='ocrx_word' id='word_1_449' title='bbox 3419 2692 3680 2766; x_wconf 70' lang='lat' dir='ltr'>Egypti;</span> <span class='ocrx_word' id='word_1_450' title='bbox 3709 2698 3798 2763; x_wconf 85' lang='lat' dir='ltr'>et,</span> 
     </span>
    </p>
   </div>
   <div class='ocr_carea' id='block_1_60' title="bbox 2135 2781 3798 2855">
    <p class='ocr_par' dir='ltr' id='par_1_60' title="bbox 2135 2781 3798 2855">
     <span class='ocr_line' id='line_1_60' title="bbox 2135 2781 3798 2855; baseline -0.001 -17"><span class='ocrx_word' id='word_1_451' title='bbox 2135 2787 2201 2838; x_wconf 91' lang='lat' dir='ltr'>ut</span> <span class='ocrx_word' id='word_1_452' title='bbox 2231 2787 2438 2839; x_wconf 61' lang='lat' dir='ltr'>caetera</span> <span class='ocrx_word' id='word_1_453' title='bbox 2467 2781 3000 2854; x_wconf 69' lang='lat' dir='ltr'>praetermittamus,</span> <span class='ocrx_word' id='word_1_454' title='bbox 3037 2782 3163 2853; x_wconf 91' lang='lat' dir='ltr'>ipso</span> <span class='ocrx_word' id='word_1_455' title='bbox 3189 2799 3293 2855; x_wconf 89' lang='lat' dir='ltr'>per</span> <span class='ocrx_word' id='word_1_456' title='bbox 3317 2782 3664 2854; x_wconf 86' lang='lat' dir='ltr'>mysterium</span> <span class='ocrx_word' id='word_1_457' title='bbox 3693 2781 3798 2838; x_wconf 88' lang='lat' dir='ltr'>in-</span> 
     </span>
    </p>
   </div>
   <div class='ocr_carea' id='block_1_61' title="bbox 2135 2869 3799 2944">
    <p class='ocr_par' dir='ltr' id='par_1_61' title="bbox 2135 2869 3799 2944">
     <span class='ocr_line' id='line_1_61' title="bbox 2135 2869 3799 2944; baseline -0.001 -16"><span class='ocrx_word' id='word_1_458' title='bbox 2135 2870 2491 2928; x_wconf 87' lang='lat' dir='ltr'>carnationis</span> <span class='ocrx_word' id='word_1_459' title='bbox 2520 2875 2861 2944; x_wconf 89' lang='lat' dir='ltr'>apparente,</span> <span class='ocrx_word' id='word_1_460' title='bbox 2895 2887 3012 2926; x_wconf 91' lang='lat' dir='ltr'>non</span> <span class='ocrx_word' id='word_1_461' title='bbox 3060 2869 3253 2928; x_wconf 91' lang='lat' dir='ltr'>solum</span> <span class='ocrx_word' id='word_1_462' title='bbox 3303 2869 3602 2943; x_wconf 87' lang='lat' dir='ltr'>suscipere</span> <span class='ocrx_word' id='word_1_463' title='bbox 3649 2887 3799 2927; x_wconf 87' lang='lat' dir='ltr'>eum</span> 
     </span>
    </p>
   </div>
   <div class='ocr_carea' id='block_1_62' title="bbox 2135 2959 3803 3034">
    <p class='ocr_par' dir='ltr' id='par_1_62' title="bbox 2135 2959 3803 3034">
     <span class='ocr_line' id='line_1_62' title="bbox 2135 2959 3803 3034; baseline 0.002 -18"><span class='ocrx_word' id='word_1_464' title='bbox 2135 2961 2432 3030; x_wconf 90' lang='lat' dir='ltr'>noluistis,</span> <span class='ocrx_word' id='word_1_465' title='bbox 2467 2961 2592 3030; x_wconf 90' lang='lat' dir='ltr'>sed,</span> <span class='ocrx_word' id='word_1_466' title='bbox 2622 2961 2776 3032; x_wconf 91' lang='lat' dir='ltr'>quod</span> <span class='ocrx_word' id='word_1_467' title='bbox 2809 2964 2898 3015; x_wconf 90' lang='lat' dir='ltr'>est</span> <span class='ocrx_word' id='word_1_468' title='bbox 2921 2959 3202 3027; x_wconf 89' lang='lat' dir='ltr'>deterius,</span> <span class='ocrx_word' id='word_1_469' title='bbox 3226 2963 3415 3016; x_wconf 88' lang='lat' dir='ltr'>morte</span> <span class='ocrx_word' id='word_1_470' title='bbox 3443 2959 3803 3034; x_wconf 77' lang='lat' dir='ltr'>turpissima</span> 
     </span>
    </p>
   </div>
   <div class='ocr_carea' id='block_1_63' title="bbox 2135 3048 3797 3122">
    <p class='ocr_par' dir='ltr' id='par_1_63' title="bbox 2135 3048 3797 3122">
     <span class='ocr_line' id='line_1_63' title="bbox 2135 3048 3797 3122; baseline 0 -16"><span class='ocrx_word' id='word_1_471' title='bbox 2135 3049 2724 3106; x_wconf 86' lang='lat' dir='ltr'>condemnastis.Nos</span> <span class='ocrx_word' id='word_1_472' title='bbox 2753 3065 2888 3106; x_wconf 92' lang='lat' dir='ltr'>vero</span> <span class='ocrx_word' id='word_1_473' title='bbox 2917 3048 3080 3106; x_wconf 89' lang='lat' dir='ltr'>nulla</span> <span class='ocrx_word' id='word_1_474' title='bbox 3101 3049 3229 3120; x_wconf 89' lang='lat' dir='ltr'>ejus</span> <span class='ocrx_word' id='word_1_475' title='bbox 3259 3048 3430 3122; x_wconf 88' lang='lat' dir='ltr'>signa</span> <span class='ocrx_word' id='word_1_476' title='bbox 3458 3053 3797 3120; x_wconf 83' lang='lat' dir='ltr'>cernentes,</span> 
     </span>
    </p>
   </div>
   <div class='ocr_carea' id='block_1_64' title="bbox 2135 3137 3796 3209">
    <p class='ocr_par' dir='ltr' id='par_1_64' title="bbox 2135 3137 3796 3209">
     <span class='ocr_line' id='line_1_64' title="bbox 2135 3137 3796 3209; baseline -0.001 -15"><span class='ocrx_word' id='word_1_477' title='bbox 2135 3139 2261 3195; x_wconf 89' lang='lat' dir='ltr'>sola</span> <span class='ocrx_word' id='word_1_478' title='bbox 2289 3138 2448 3194; x_wconf 87' lang='lat' dir='ltr'>fama</span> <span class='ocrx_word' id='word_1_479' title='bbox 2479 3138 2740 3194; x_wconf 90' lang='lat' dir='ltr'>nominis</span> <span class='ocrx_word' id='word_1_480' title='bbox 2771 3138 2899 3208; x_wconf 89' lang='lat' dir='ltr'>ejus</span> <span class='ocrx_word' id='word_1_481' title='bbox 2930 3138 3150 3209; x_wconf 83' lang='lat' dir='ltr'>audita,</span> <span class='ocrx_word' id='word_1_482' title='bbox 3165 3137 3368 3194; x_wconf 90' lang='lat' dir='ltr'>statim</span> <span class='ocrx_word' id='word_1_483' title='bbox 3396 3137 3796 3194; x_wconf 79' lang='lat' dir='ltr'>credidimus:</span> 
     </span>
    </p>
   </div>
   <div class='ocr_carea' id='block_1_65' title="bbox 373 3211 3799 3306">
    <p class='ocr_par' dir='ltr' id='par_1_65' title="bbox 373 3211 3799 3306">
     <span class='ocr_line' id='line_1_65' title="bbox 373 3211 3799 3306; baseline 0 -24"><span class='ocrx_word' id='word_1_484' title='bbox 373 3243 505 3283; x_wconf 89' lang='lat' dir='ltr'>rum</span> <span class='ocrx_word' id='word_1_485' title='bbox 538 3227 874 3300; x_wconf 87' lang='lat' dir='ltr'>imperium,</span> <span class='ocrx_word' id='word_1_486' title='bbox 910 3234 974 3285; x_wconf 92' lang='lat' dir='ltr'>ut</span> <span class='ocrx_word' id='word_1_487' title='bbox 987 3211 1142 3286; x_wconf 26' lang='lat' dir='ltr'>&quot;dicit</span> <span class='ocrx_word' id='word_1_488' title='bbox 1170 3231 1376 3288; x_wconf 89' lang='lat' dir='ltr'>beatus</span> <span class='ocrx_word' id='word_1_489' title='bbox 1401 3211 2022 3306; x_wconf 77' lang='lat' dir='ltr'>Augustinus,quanto</span> <span class='ocrx_word' id='word_1_490' title='bbox 2053 3211 2097 3278; x_wconf 63' lang='grc' dir='ltr'><strong>(ἶ</strong></span> <span class='ocrx_word' id='word_1_491' title='bbox 2135 3228 2291 3284; x_wconf 90' lang='lat' dir='ltr'>unde</span> <span class='ocrx_word' id='word_1_492' title='bbox 2322 3231 2521 3283; x_wconf 90' lang='lat' dir='ltr'>nostro</span> <span class='ocrx_word' id='word_1_493' title='bbox 2552 3225 2844 3282; x_wconf 86' lang='lat' dir='ltr'>consortio</span> <span class='ocrx_word' id='word_1_494' title='bbox 2897 3225 3060 3299; x_wconf 90' lang='lat' dir='ltr'>digni</span> <span class='ocrx_word' id='word_1_495' title='bbox 3104 3243 3221 3283; x_wconf 91' lang='lat' dir='ltr'>non</span> <span class='ocrx_word' id='word_1_496' title='bbox 3267 3225 3432 3296; x_wconf 87' lang='lat' dir='ltr'>estis,</span> <span class='ocrx_word' id='word_1_497' title='bbox 3465 3241 3568 3282; x_wconf 89' lang='lat' dir='ltr'>nec</span> <span class='ocrx_word' id='word_1_498' title='bbox 3613 3225 3799 3283; x_wconf 89' lang='lat' dir='ltr'>nobis</span> 
     </span>
    </p>
   </div>
   <div class='ocr_carea' id='block_1_66' title="bbox 373 3316 2023 3394">
    <p class='ocr_par' dir='ltr' id='par_1_66' title="bbox 373 3316 2023 3394">
     <span class='ocr_line' id='line_1_66' title="bbox 373 3316 2023 3394; baseline 0.002 -20"><span class='ocrx_word' id='word_1_499' title='bbox 373 3317 432 3374; x_wconf 86' lang='lat' dir='ltr'>in</span> <span class='ocrx_word' id='word_1_500' title='bbox 465 3316 784 3388; x_wconf 87' lang='lat' dir='ltr'>primordio</span> <span class='ocrx_word' id='word_1_501' title='bbox 816 3319 1050 3375; x_wconf 87' lang='lat' dir='ltr'>brevius</span> <span class='ocrx_word' id='word_1_502' title='bbox 1078 3320 1208 3391; x_wconf 82' lang='lat' dir='ltr'>luit,</span> <span class='ocrx_word' id='word_1_503' title='bbox 1233 3326 1292 3377; x_wconf 89' lang='lat' dir='ltr'>et</span> <span class='ocrx_word' id='word_1_504' title='bbox 1321 3323 1651 3394; x_wconf 90' lang='lat' dir='ltr'>angustius,</span> <span class='ocrx_word' id='word_1_505' title='bbox 1683 3325 1846 3378; x_wconf 88' lang='lat' dir='ltr'>tanto</span> <span class='ocrx_word' id='word_1_506' title='bbox 1867 3326 2023 3393; x_wconf 88' lang='lat' dir='ltr'>post-</span> 
     </span>
    </p>
   </div>
   <div class='ocr_carea' id='block_1_67' title="bbox 375 3406 2026 3478">
    <p class='ocr_par' dir='ltr' id='par_1_67' title="bbox 375 3406 2026 3478">
     <span class='ocr_line' id='line_1_67' title="bbox 375 3406 2026 3478; baseline 0.002 -17"><span class='ocrx_word' id='word_1_507' title='bbox 375 3407 618 3462; x_wconf 89' lang='lat' dir='ltr'>modum</span> <span class='ocrx_word' id='word_1_508' title='bbox 653 3407 846 3478; x_wconf 82' lang='lat' dir='ltr'>majus</span> <span class='ocrx_word' id='word_1_509' title='bbox 874 3411 932 3462; x_wconf 91' lang='lat' dir='ltr'>et</span> <span class='ocrx_word' id='word_1_510' title='bbox 954 3406 1318 3466; x_wconf 85' lang='lat' dir='ltr'>latius.Adeo</span> <span class='ocrx_word' id='word_1_511' title='bbox 1343 3411 1499 3466; x_wconf 91' lang='lat' dir='ltr'>enim</span> <span class='ocrx_word' id='word_1_512' title='bbox 1531 3414 1926 3477; x_wconf 85' lang='lat' dir='ltr'>excreverunt,</span> <span class='ocrx_word' id='word_1_513' title='bbox 1959 3413 2026 3466; x_wconf 90' lang='lat' dir='ltr'>ut</span> 
     </span>
    </p>
   </div>
   <div class='ocr_carea' id='block_1_68' title="bbox 376 3494 2024 3572">
    <p class='ocr_par' dir='ltr' id='par_1_68' title="bbox 376 3494 2024 3572">
     <span class='ocr_line' id='line_1_68' title="bbox 376 3494 2024 3572; baseline 0.002 -23"><span class='ocrx_word' id='word_1_514' title='bbox 376 3510 524 3566; x_wconf 89' lang='lat' dir='ltr'>pene</span> <span class='ocrx_word' id='word_1_515' title='bbox 552 3497 743 3549; x_wconf 87' lang='lat' dir='ltr'>totum</span> <span class='ocrx_word' id='word_1_516' title='bbox 774 3494 889 3550; x_wconf 91' lang='lat' dir='ltr'>sibi</span> <span class='ocrx_word' id='word_1_517' title='bbox 919 3496 1239 3552; x_wconf 90' lang='lat' dir='ltr'>subderent</span> <span class='ocrx_word' id='word_1_518' title='bbox 1274 3499 1497 3567; x_wconf 89' lang='lat' dir='ltr'>orbem,</span> <span class='ocrx_word' id='word_1_519' title='bbox 1548 3500 1762 3570; x_wconf 90' lang='lat' dir='ltr'>partim</span> <span class='ocrx_word' id='word_1_520' title='bbox 1810 3498 2024 3572; x_wconf 88' lang='lat' dir='ltr'>gladiis</span> 
     </span>
    </p>
   </div>
   <div class='ocr_carea' id='block_1_69' title="bbox 376 3581 2025 3660">
    <p class='ocr_par' dir='ltr' id='par_1_69' title="bbox 376 3581 2025 3660">
     <span class='ocr_line' id='line_1_69' title="bbox 376 3581 2025 3660; baseline 0.002 -21"><span class='ocrx_word' id='word_1_521' title='bbox 376 3581 786 3650; x_wconf 88' lang='lat' dir='ltr'>interimendo,</span> <span class='ocrx_word' id='word_1_522' title='bbox 822 3585 1035 3654; x_wconf 90' lang='lat' dir='ltr'>partim</span> <span class='ocrx_word' id='word_1_523' title='bbox 1059 3587 1169 3641; x_wconf 91' lang='lat' dir='ltr'>sub</span> <span class='ocrx_word' id='word_1_524' title='bbox 1199 3586 1485 3642; x_wconf 90' lang='lat' dir='ltr'>tributum</span> <span class='ocrx_word' id='word_1_525' title='bbox 1518 3587 2025 3660; x_wconf 89' lang='lat' dir='ltr'>redigendo.Unde</span> 
     </span>
    </p>
   </div>
   <div class='ocr_carea' id='block_1_70' title="bbox 372 3672 2025 3748">
    <p class='ocr_par' dir='ltr' id='par_1_70' title="bbox 372 3672 2025 3748">
     <span class='ocr_line' id='line_1_70' title="bbox 372 3672 2025 3748; baseline 0.004 -22"><span class='ocrx_word' id='word_1_526' title='bbox 372 3675 434 3726; x_wconf 88' lang='lat' dir='ltr'>et</span> <span class='ocrx_word' id='word_1_527' title='bbox 464 3675 596 3743; x_wconf 88' lang='lat' dir='ltr'>apte</span> <span class='ocrx_word' id='word_1_528' title='bbox 622 3672 869 3728; x_wconf 84' lang='lat' dir='ltr'>Romani</span> <span class='ocrx_word' id='word_1_529' title='bbox 901 3673 1041 3729; x_wconf 91' lang='lat' dir='ltr'>dicti</span> <span class='ocrx_word' id='word_1_530' title='bbox 1075 3679 1231 3744; x_wconf 89' lang='lat' dir='ltr'>sunt,</span> <span class='ocrx_word' id='word_1_531' title='bbox 1265 3677 1422 3747; x_wconf 92' lang='lat' dir='ltr'>quod</span> <span class='ocrx_word' id='word_1_532' title='bbox 1453 3676 1910 3748; x_wconf 89' lang='lat' dir='ltr'>interpretantur</span> <span class='ocrx_word' id='word_1_533' title='bbox 1929 3693 2025 3732; x_wconf 89' lang='lat' dir='ltr'>su-</span> 
     </span>
    </p>
   </div>
   <div class='ocr_carea' id='block_1_71' title="bbox 377 3758 2022 3835">
    <p class='ocr_par' dir='ltr' id='par_1_71' title="bbox 377 3758 2022 3835">
     <span class='ocr_line' id='line_1_71' title="bbox 377 3758 2022 3835; baseline 0.002 -20"><span class='ocrx_word' id='word_1_534' title='bbox 377 3758 613 3828; x_wconf 90' lang='lat' dir='ltr'>blimes,</span> <span class='ocrx_word' id='word_1_535' title='bbox 652 3759 774 3816; x_wconf 88' lang='lat' dir='ltr'>sive</span> <span class='ocrx_word' id='word_1_536' title='bbox 802 3766 1094 3831; x_wconf 81' lang='lat' dir='ltr'>tenentes,</span> <span class='ocrx_word' id='word_1_537' title='bbox 1126 3764 1405 3835; x_wconf 84' lang='lat' dir='ltr'>quoniam</span> <span class='ocrx_word' id='word_1_538' title='bbox 1425 3764 1576 3820; x_wconf 88' lang='lat' dir='ltr'>sicut</span> <span class='ocrx_word' id='word_1_539' title='bbox 1594 3765 1812 3820; x_wconf 88' lang='lat' dir='ltr'>tonitru</span> <span class='ocrx_word' id='word_1_540' title='bbox 1834 3763 2022 3820; x_wconf 89' lang='lat' dir='ltr'>homi-</span> 
     </span>
    </p>
   </div>
   <div class='ocr_carea' id='block_1_72' title="bbox 380 3849 2020 3920">
    <p class='ocr_par' dir='ltr' id='par_1_72' title="bbox 380 3849 2020 3920">
     <span class='ocr_line' id='line_1_72' title="bbox 380 3849 2020 3920; baseline 0.002 -17"><span class='ocrx_word' id='word_1_541' title='bbox 380 3863 484 3904; x_wconf 85' lang='lat' dir='ltr'>nes</span> <span class='ocrx_word' id='word_1_542' title='bbox 513 3852 711 3920; x_wconf 89' lang='lat' dir='ltr'>terret,</span> <span class='ocrx_word' id='word_1_543' title='bbox 744 3849 826 3905; x_wconf 89' lang='lat' dir='ltr'>ita</span> <span class='ocrx_word' id='word_1_544' title='bbox 853 3867 1054 3906; x_wconf 90' lang='lat' dir='ltr'>eorum</span> <span class='ocrx_word' id='word_1_545' title='bbox 1085 3851 1264 3909; x_wconf 87' lang='lat' dir='ltr'>timor</span> <span class='ocrx_word' id='word_1_546' title='bbox 1288 3857 1478 3908; x_wconf 90' lang='lat' dir='ltr'>totum</span> <span class='ocrx_word' id='word_1_547' title='bbox 1500 3853 1778 3910; x_wconf 91' lang='lat' dir='ltr'>invaserit</span> <span class='ocrx_word' id='word_1_548' title='bbox 1798 3853 2020 3909; x_wconf 91' lang='lat' dir='ltr'>orbem.</span> 
     </span>
    </p>
   </div>
   <div class='ocr_carea' id='block_1_73' title="bbox 377 3937 2020 4014">
    <p class='ocr_par' dir='ltr' id='par_1_73' title="bbox 377 3937 2020 4014">
     <span class='ocr_line' id='line_1_73' title="bbox 377 3937 2020 4014; baseline 0.003 -21"><span class='ocrx_word' id='word_1_549' title='bbox 377 3937 662 3994; x_wconf 68' lang='lat' dir='ltr'>Praeterea</span> <span class='ocrx_word' id='word_1_550' title='bbox 707 3938 1033 4012; x_wconf 90' lang='lat' dir='ltr'>sciendum,</span> <span class='ocrx_word' id='word_1_551' title='bbox 1085 3941 1224 4014; x_wconf 83' lang='lat' dir='ltr'>quia</span> <span class='ocrx_word' id='word_1_552' title='bbox 1271 3941 1550 3999; x_wconf 84' lang='lat' dir='ltr'>Romanis</span> <span class='ocrx_word' id='word_1_553' title='bbox 1598 3959 1714 3998; x_wconf 92' lang='lat' dir='ltr'>non</span> <span class='ocrx_word' id='word_1_554' title='bbox 1767 3943 2020 4014; x_wconf 90' lang='lat' dir='ltr'>primum</span> 
     </span>
    </p>
   </div>
   <div class='ocr_carea' id='block_1_74' title="bbox 376 4027 2024 4104">
    <p class='ocr_par' dir='ltr' id='par_1_74' title="bbox 376 4027 2024 4104">
     <span class='ocr_line' id='line_1_74' title="bbox 376 4027 2024 4104; baseline 0.002 -22"><span class='ocrx_word' id='word_1_555' title='bbox 376 4027 690 4099; x_wconf 82' lang='lat' dir='ltr'>Apostolus</span> <span class='ocrx_word' id='word_1_556' title='bbox 719 4029 1100 4103; x_wconf 84' lang='lat' dir='ltr'>Evangelium</span> <span class='ocrx_word' id='word_1_557' title='bbox 1132 4031 1624 4104; x_wconf 85' lang='lat' dir='ltr'>annuntiavit,aut</span> <span class='ocrx_word' id='word_1_558' title='bbox 1651 4033 1785 4087; x_wconf 85' lang='lat' dir='ltr'>ﬁdei</span> <span class='ocrx_word' id='word_1_559' title='bbox 1807 4031 2024 4086; x_wconf 89' lang='lat' dir='ltr'>funda-</span> 
     </span>
    </p>
   </div>
   <div class='ocr_carea' id='block_1_75' title="bbox 381 4117 2024 4192">
    <p class='ocr_par' dir='ltr' id='par_1_75' title="bbox 381 4117 2024 4192">
     <span class='ocr_line' id='line_1_75' title="bbox 381 4117 2024 4192; baseline 0.001 -21"><span class='ocrx_word' id='word_1_560' title='bbox 381 4119 646 4172; x_wconf 90' lang='lat' dir='ltr'>mentum</span> <span class='ocrx_word' id='word_1_561' title='bbox 674 4117 886 4187; x_wconf 86' lang='lat' dir='ltr'>posuit,</span> <span class='ocrx_word' id='word_1_562' title='bbox 919 4120 1042 4186; x_wconf 90' lang='lat' dir='ltr'>sed,</span> <span class='ocrx_word' id='word_1_563' title='bbox 1077 4123 1142 4175; x_wconf 91' lang='lat' dir='ltr'>ut</span> <span class='ocrx_word' id='word_1_564' title='bbox 1169 4120 1409 4191; x_wconf 90' lang='lat' dir='ltr'>quidam</span> <span class='ocrx_word' id='word_1_565' title='bbox 1441 4121 1664 4192; x_wconf 89' lang='lat' dir='ltr'>dicunt,</span> <span class='ocrx_word' id='word_1_566' title='bbox 1700 4118 2024 4192; x_wconf 88' lang='lat' dir='ltr'>Petrus,alii</span> 
     </span>
    </p>
   </div>
   <div class='ocr_carea' id='block_1_76' title="bbox 379 4207 2022 4283">
    <p class='ocr_par' dir='ltr' id='par_1_76' title="bbox 379 4207 2022 4283">
     <span class='ocr_line' id='line_1_76' title="bbox 379 4207 2022 4283; baseline 0.002 -23"><span class='ocrx_word' id='word_1_567' title='bbox 379 4221 516 4260; x_wconf 88' lang='lat' dir='ltr'>vero</span> <span class='ocrx_word' id='word_1_568' title='bbox 531 4207 951 4274; x_wconf 85' lang='lat' dir='ltr'>Barnabas,aut</span> <span class='ocrx_word' id='word_1_569' title='bbox 962 4208 1176 4281; x_wconf 88' lang='lat' dir='ltr'>aliquis</span> <span class='ocrx_word' id='word_1_570' title='bbox 1190 4210 1560 4283; x_wconf 87' lang='lat' dir='ltr'>septuaginta</span> <span class='ocrx_word' id='word_1_571' title='bbox 1575 4209 2022 4281; x_wconf 88' lang='lat' dir='ltr'>discipulorum.</span> 
     </span>
    </p>
   </div>
   <div class='ocr_carea' id='block_1_77' title="bbox 382 4294 2022 4370">
    <p class='ocr_par' dir='ltr' id='par_1_77' title="bbox 382 4294 2022 4370">
     <span class='ocr_line' id='line_1_77' title="bbox 382 4294 2022 4370; baseline 0.001 -20"><span class='ocrx_word' id='word_1_572' title='bbox 382 4294 455 4350; x_wconf 90' lang='lat' dir='ltr'>Et</span> <span class='ocrx_word' id='word_1_573' title='bbox 500 4294 626 4349; x_wconf 86' lang='lat' dir='ltr'>ﬁeri</span> <span class='ocrx_word' id='word_1_574' title='bbox 673 4296 912 4366; x_wconf 88' lang='lat' dir='ltr'>quidem</span> <span class='ocrx_word' id='word_1_575' title='bbox 965 4298 1174 4370; x_wconf 90' lang='lat' dir='ltr'>potuit,</span> <span class='ocrx_word' id='word_1_576' title='bbox 1225 4304 1309 4366; x_wconf 87' lang='lat' dir='ltr'>ut,</span> <span class='ocrx_word' id='word_1_577' title='bbox 1343 4300 1691 4370; x_wconf 64' lang='lat' dir='ltr'>praedicante</span> <span class='ocrx_word' id='word_1_578' title='bbox 1735 4297 2022 4364; x_wconf 89' lang='lat' dir='ltr'>Barnaba,</span> 
     </span>
    </p>
   </div>
   <div class='ocr_carea' id='block_1_78' title="bbox 383 4381 2024 4456">
    <p class='ocr_par' dir='ltr' id='par_1_78' title="bbox 383 4381 2024 4456">
     <span class='ocr_line' id='line_1_78' title="bbox 383 4381 2024 4456; baseline 0.002 -19"><span class='ocrx_word' id='word_1_579' title='bbox 383 4386 490 4438; x_wconf 86' lang='lat' dir='ltr'>aut</span> <span class='ocrx_word' id='word_1_580' title='bbox 518 4381 718 4454; x_wconf 88' lang='lat' dir='ltr'>aliquo</span> <span class='ocrx_word' id='word_1_581' title='bbox 748 4384 1169 4456; x_wconf 87' lang='lat' dir='ltr'>discipulorum</span> <span class='ocrx_word' id='word_1_582' title='bbox 1201 4388 1454 4456; x_wconf 91' lang='lat' dir='ltr'>Domini,</span> <span class='ocrx_word' id='word_1_583' title='bbox 1475 4389 1653 4443; x_wconf 84' lang='lat' dir='ltr'>ﬁdem</span> <span class='ocrx_word' id='word_1_584' title='bbox 1683 4385 1893 4441; x_wconf 89' lang='lat' dir='ltr'>Christi</span> <span class='ocrx_word' id='word_1_585' title='bbox 1919 4403 2024 4440; x_wconf 85' lang='lat' dir='ltr'>su-</span> 
     </span>
    </p>
   </div>
   <div class='ocr_carea' id='block_1_79' title="bbox 380 4471 2025 4543">
    <p class='ocr_par' dir='ltr' id='par_1_79' title="bbox 380 4471 2025 4543">
     <span class='ocr_line' id='line_1_79' title="bbox 380 4471 2025 4543; baseline 0.001 -17"><span class='ocrx_word' id='word_1_586' title='bbox 380 4471 698 4543; x_wconf 82' lang='lat' dir='ltr'>sceperint,</span> <span class='ocrx_word' id='word_1_587' title='bbox 723 4477 781 4528; x_wconf 89' lang='lat' dir='ltr'>et</span> <span class='ocrx_word' id='word_1_588' title='bbox 811 4491 846 4529; x_wconf 90' lang='lat' dir='ltr'>a</span> <span class='ocrx_word' id='word_1_589' title='bbox 876 4478 1038 4530; x_wconf 89' lang='lat' dir='ltr'>Petro</span> <span class='ocrx_word' id='word_1_590' title='bbox 1068 4475 1128 4531; x_wconf 90' lang='lat' dir='ltr'>in</span> <span class='ocrx_word' id='word_1_591' title='bbox 1158 4477 1361 4532; x_wconf 89' lang='lat' dir='ltr'>eadem</span> <span class='ocrx_word' id='word_1_592' title='bbox 1393 4477 1508 4532; x_wconf 83' lang='lat' dir='ltr'>ﬁde</span> <span class='ocrx_word' id='word_1_593' title='bbox 1527 4475 1646 4530; x_wconf 88' lang='lat' dir='ltr'>sint</span> <span class='ocrx_word' id='word_1_594' title='bbox 1674 4473 2025 4542; x_wconf 78' lang='lat' dir='ltr'>conﬁrmati,</span> 
     </span>
    </p>
   </div>
   <div class='ocr_carea' id='block_1_80' title="bbox 2133 3313 3802 3390">
    <p class='ocr_par' dir='ltr' id='par_1_80' title="bbox 2133 3313 3802 3390">
     <span class='ocr_line' id='line_1_80' title="bbox 2133 3313 3802 3390; baseline -0.001 -17"><span class='ocrx_word' id='word_1_595' title='bbox 2133 3315 2480 3390; x_wconf 69' lang='lat' dir='ltr'>aaquiparari</span> <span class='ocrx_word' id='word_1_596' title='bbox 2512 3315 3041 3388; x_wconf 88' lang='lat' dir='ltr'>potestis.Audiens</span> <span class='ocrx_word' id='word_1_597' title='bbox 3067 3315 3249 3388; x_wconf 90' lang='lat' dir='ltr'>igitur</span> <span class='ocrx_word' id='word_1_598' title='bbox 3276 3313 3594 3390; x_wconf 81' lang='lat' dir='ltr'>Apostolus</span> <span class='ocrx_word' id='word_1_599' title='bbox 3631 3314 3802 3374; x_wconf 82' lang='lat' dir='ltr'>inter</span> 
     </span>
    </p>
   </div>
   <div class='ocr_carea' id='block_1_81' title="bbox 2134 3403 3798 3477">
    <p class='ocr_par' dir='ltr' id='par_1_81' title="bbox 2134 3403 3798 3477">
     <span class='ocr_line' id='line_1_81' title="bbox 2134 3403 3798 3477; baseline -0.001 -16"><span class='ocrx_word' id='word_1_600' title='bbox 2134 3421 2235 3462; x_wconf 90' lang='lat' dir='ltr'>eos</span> <span class='ocrx_word' id='word_1_601' title='bbox 2258 3405 2409 3460; x_wconf 89' lang='lat' dir='ltr'>hanc</span> <span class='ocrx_word' id='word_1_602' title='bbox 2439 3403 2892 3471; x_wconf 89' lang='lat' dir='ltr'>dissensionem,</span> <span class='ocrx_word' id='word_1_603' title='bbox 2928 3404 3100 3476; x_wconf 89' lang='lat' dir='ltr'>quasi</span> <span class='ocrx_word' id='word_1_604' title='bbox 3141 3421 3246 3476; x_wconf 88' lang='lat' dir='ltr'>pro</span> <span class='ocrx_word' id='word_1_605' title='bbox 3293 3403 3488 3477; x_wconf 89' lang='lat' dir='ltr'>lapide</span> <span class='ocrx_word' id='word_1_606' title='bbox 3519 3403 3798 3476; x_wconf 85' lang='lat' dir='ltr'>angulari</span> 
     </span>
    </p>
   </div>
   <div class='ocr_carea' id='block_1_82' title="bbox 2135 3493 3796 3568">
    <p class='ocr_par' dir='ltr' id='par_1_82' title="bbox 2135 3493 3796 3568">
     <span class='ocr_line' id='line_1_82' title="bbox 2135 3493 3796 3568; baseline 0 -16"><span class='ocrx_word' id='word_1_607' title='bbox 2135 3495 2380 3552; x_wconf 89' lang='lat' dir='ltr'>Domino</span> <span class='ocrx_word' id='word_1_608' title='bbox 2424 3494 2694 3550; x_wconf 88' lang='lat' dir='ltr'>videlicet</span> <span class='ocrx_word' id='word_1_609' title='bbox 2718 3494 2860 3551; x_wconf 89' lang='lat' dir='ltr'>Jesu</span> <span class='ocrx_word' id='word_1_610' title='bbox 2892 3495 3123 3552; x_wconf 87' lang='lat' dir='ltr'>Christo</span> <span class='ocrx_word' id='word_1_611' title='bbox 3171 3493 3464 3568; x_wconf 88' lang='lat' dir='ltr'>legatione</span> <span class='ocrx_word' id='word_1_612' title='bbox 3513 3495 3796 3568; x_wconf 85' lang='lat' dir='ltr'>fungens,</span> 
     </span>
    </p>
   </div>
   <div class='ocr_carea' id='block_1_83' title="bbox 2136 3582 3802 3656">
    <p class='ocr_par' dir='ltr' id='par_1_83' title="bbox 2136 3582 3802 3656">
     <span class='ocr_line' id='line_1_83' title="bbox 2136 3582 3802 3656; baseline 0 -16"><span class='ocrx_word' id='word_1_613' title='bbox 2136 3585 2291 3640; x_wconf 90' lang='lat' dir='ltr'>sicut</span> <span class='ocrx_word' id='word_1_614' title='bbox 2320 3585 2446 3656; x_wconf 89' lang='lat' dir='ltr'>ipse</span> <span class='ocrx_word' id='word_1_615' title='bbox 2475 3583 2774 3639; x_wconf 86' lang='lat' dir='ltr'>dicit:Pro</span> <span class='ocrx_word' id='word_1_616' title='bbox 2806 3582 3014 3640; x_wconf 81' lang='lat' dir='ltr'>Christo</span> <span class='ocrx_word' id='word_1_617' title='bbox 3043 3585 3190 3640; x_wconf 85' lang='lat' dir='ltr'>enim</span> <span class='ocrx_word' id='word_1_618' title='bbox 3213 3585 3484 3656; x_wconf 72' lang='lat' dir='ltr'>legatione</span> <span class='ocrx_word' id='word_1_619' title='bbox 3501 3584 3802 3656; x_wconf 76' lang='lat' dir='ltr'>fungimur</span> 
     </span>
    </p>
   </div>
   <div class='ocr_carea' id='block_1_84' title="bbox 2135 3672 3791 3746">
    <p class='ocr_par' dir='ltr' id='par_1_84' title="bbox 2135 3672 3791 3746">
     <span class='ocr_line' id='line_1_84' title="bbox 2135 3672 3791 3746; baseline -0.001 -16"><span class='ocrx_word' id='word_1_620' title='bbox 2135 3676 2210 3743; x_wconf 91' lang='lat' dir='ltr'>(II</span> <span class='ocrx_word' id='word_1_621' title='bbox 2236 3675 2357 3730; x_wconf 86' lang='lat' dir='ltr'>Cor.</span> <span class='ocrx_word' id='word_1_622' title='bbox 2389 3691 2445 3740; x_wconf 93' lang='lat' dir='ltr'>v,</span> <span class='ocrx_word' id='word_1_623' title='bbox 2476 3675 2598 3743; x_wconf 91' lang='lat'>20);</span> <span class='ocrx_word' id='word_1_624' title='bbox 2633 3673 2852 3746; x_wconf 84' lang='lat' dir='ltr'>(Ephes,</span> <span class='ocrx_word' id='word_1_625' title='bbox 2875 3690 2952 3741; x_wconf 82' lang='lat' dir='ltr'>v1,</span> <span class='ocrx_word' id='word_1_626' title='bbox 2997 3674 3089 3745; x_wconf 86' lang='lat'>20)</span> <span class='ocrx_word' id='word_1_627' title='bbox 3125 3689 3138 3730; x_wconf 91' lang='lat'>:</span> <span class='ocrx_word' id='word_1_628' title='bbox 3172 3690 3235 3731; x_wconf 90' lang='lat' dir='ltr'>se</span> <span class='ocrx_word' id='word_1_629' title='bbox 3270 3672 3534 3729; x_wconf 90' lang='lat' dir='ltr'>medium</span> <span class='ocrx_word' id='word_1_630' title='bbox 3566 3672 3791 3746; x_wconf 84' lang='lat' dir='ltr'>posuit,</span> 
     </span>
    </p>
   </div>
   <div class='ocr_carea' id='block_1_85' title="bbox 2135 3761 3799 3834">
    <p class='ocr_par' dir='ltr' id='par_1_85' title="bbox 2135 3761 3799 3834">
     <span class='ocr_line' id='line_1_85' title="bbox 2135 3761 3799 3834; baseline 0.001 -17"><span class='ocrx_word' id='word_1_631' title='bbox 2135 3766 2406 3834; x_wconf 88' lang='lat' dir='ltr'>atque,ut</span> <span class='ocrx_word' id='word_1_632' title='bbox 2425 3779 2524 3819; x_wconf 90' lang='lat' dir='ltr'>eos</span> <span class='ocrx_word' id='word_1_633' title='bbox 2555 3763 2626 3818; x_wconf 91' lang='lat' dir='ltr'>ad</span> <span class='ocrx_word' id='word_1_634' title='bbox 2659 3762 2820 3834; x_wconf 91' lang='lat' dir='ltr'>pacis</span> <span class='ocrx_word' id='word_1_635' title='bbox 2843 3761 3215 3819; x_wconf 89' lang='lat' dir='ltr'>concordiam</span> <span class='ocrx_word' id='word_1_636' title='bbox 3246 3766 3304 3820; x_wconf 91' lang='lat' dir='ltr'>et</span> <span class='ocrx_word' id='word_1_637' title='bbox 3331 3762 3469 3818; x_wconf 82' lang='lat' dir='ltr'>ﬁdei</span> <span class='ocrx_word' id='word_1_638' title='bbox 3500 3761 3799 3818; x_wconf 85' lang='lat' dir='ltr'>unitatem</span> 
     </span>
    </p>
   </div>
   <div class='ocr_carea' id='block_1_86' title="bbox 2135 3850 3799 3924">
    <p class='ocr_par' dir='ltr' id='par_1_86' title="bbox 2135 3850 3799 3924">
     <span class='ocr_line' id='line_1_86' title="bbox 2135 3850 3799 3924; baseline -0.001 -18"><span class='ocrx_word' id='word_1_639' title='bbox 2135 3855 2451 3920; x_wconf 88' lang='lat' dir='ltr'>revocaret,</span> <span class='ocrx_word' id='word_1_640' title='bbox 2484 3852 2634 3908; x_wconf 89' lang='lat' dir='ltr'>hanc</span> <span class='ocrx_word' id='word_1_641' title='bbox 2661 3852 2745 3908; x_wconf 92' lang='lat' dir='ltr'>eis</span> <span class='ocrx_word' id='word_1_642' title='bbox 2776 3850 2983 3907; x_wconf 84' lang='lat' dir='ltr'>direxit</span> <span class='ocrx_word' id='word_1_643' title='bbox 3011 3851 3343 3924; x_wconf 90' lang='lat' dir='ltr'>epistolam,</span> <span class='ocrx_word' id='word_1_644' title='bbox 3367 3851 3427 3906; x_wconf 93' lang='lat' dir='ltr'>in</span> <span class='ocrx_word' id='word_1_645' title='bbox 3451 3867 3569 3922; x_wconf 90' lang='lat' dir='ltr'>qua</span> <span class='ocrx_word' id='word_1_646' title='bbox 3591 3855 3799 3910; x_wconf 85' lang='lat' dir='ltr'>osten-</span> 
     </span>
    </p>
   </div>
   <div class='ocr_carea' id='block_1_87' title="bbox 2139 3936 3803 4013">
    <p class='ocr_par' dir='ltr' id='par_1_87' title="bbox 2139 3936 3803 4013">
     <span class='ocr_line' id='line_1_87' title="bbox 2139 3936 3803 4013; baseline -0.001 -18"><span class='ocrx_word' id='word_1_647' title='bbox 2139 3939 2226 3995; x_wconf 90' lang='lat' dir='ltr'>dit</span> <span class='ocrx_word' id='word_1_648' title='bbox 2253 3957 2352 3997; x_wconf 91' lang='lat' dir='ltr'>eos</span> <span class='ocrx_word' id='word_1_649' title='bbox 2381 3957 2587 3996; x_wconf 90' lang='lat' dir='ltr'>omnes</span> <span class='ocrx_word' id='word_1_650' title='bbox 2617 3957 2746 3997; x_wconf 90' lang='lat' dir='ltr'>esse</span> <span class='ocrx_word' id='word_1_651' title='bbox 2775 3943 3127 4012; x_wconf 88' lang='lat' dir='ltr'>peccatores,</span> <span class='ocrx_word' id='word_1_652' title='bbox 3159 3943 3217 3996; x_wconf 90' lang='lat' dir='ltr'>et</span> <span class='ocrx_word' id='word_1_653' title='bbox 3244 3955 3412 4013; x_wconf 90' lang='lat' dir='ltr'>egere</span> <span class='ocrx_word' id='word_1_654' title='bbox 3443 3936 3634 4012; x_wconf 89' lang='lat' dir='ltr'>gratia</span> <span class='ocrx_word' id='word_1_655' title='bbox 3666 3939 3803 3994; x_wconf 87' lang='lat' dir='ltr'>Dei.</span> 
     </span>
    </p>
   </div>
   <div class='ocr_carea' id='block_1_88' title="bbox 2135 4026 3804 4102">
    <p class='ocr_par' dir='ltr' id='par_1_88' title="bbox 2135 4026 3804 4102">
     <span class='ocr_line' id='line_1_88' title="bbox 2135 4026 3804 4102; baseline -0.001 -16"><span class='ocrx_word' id='word_1_656' title='bbox 2135 4029 2301 4086; x_wconf 93' lang='lat' dir='ltr'>Unde</span> <span class='ocrx_word' id='word_1_657' title='bbox 2332 4029 2504 4102; x_wconf 92' lang='lat' dir='ltr'>paulo</span> <span class='ocrx_word' id='word_1_658' title='bbox 2535 4029 2781 4085; x_wconf 82' lang='lat' dir='ltr'>inferius</span> <span class='ocrx_word' id='word_1_659' title='bbox 2811 4029 2955 4085; x_wconf 90' lang='lat' dir='ltr'>dicit</span> <span class='ocrx_word' id='word_1_660' title='bbox 2987 4048 3000 4093; x_wconf 93' lang='lat'>;</span> <span class='ocrx_word' id='word_1_661' title='bbox 3035 4031 3158 4086; x_wconf 85' lang='lat' dir='ltr'>Non</span> <span class='ocrx_word' id='word_1_662' title='bbox 3180 4033 3262 4085; x_wconf 88' lang='lat' dir='ltr'>est</span> <span class='ocrx_word' id='word_1_663' title='bbox 3290 4029 3574 4086; x_wconf 76' lang='lat' dir='ltr'>distinctio</span> <span class='ocrx_word' id='word_1_664' title='bbox 3610 4026 3804 4088; x_wconf 69' lang='lat' dir='ltr'>Judaei</span> 
     </span>
    </p>
   </div>
   <div class='ocr_carea' id='block_1_89' title="bbox 2134 4119 3805 4191">
    <p class='ocr_par' dir='ltr' id='par_1_89' title="bbox 2134 4119 3805 4191">
     <span class='ocr_line' id='line_1_89' title="bbox 2134 4119 3805 4191; baseline 0 -17"><span class='ocrx_word' id='word_1_665' title='bbox 2134 4121 2185 4174; x_wconf 84' lang='lat' dir='ltr'>et</span> <span class='ocrx_word' id='word_1_666' title='bbox 2218 4120 2406 4175; x_wconf 74' lang='lat' dir='ltr'>Graeci</span> <span class='ocrx_word' id='word_1_667' title='bbox 2435 4119 2610 4190; x_wconf 85' lang='lat' dir='ltr'>(Rom.</span> <span class='ocrx_word' id='word_1_668' title='bbox 2653 4136 2710 4185; x_wconf 75' lang='grc' dir='ltr'><strong>κ,</strong></span> <span class='ocrx_word' id='word_1_669' title='bbox 2743 4119 2851 4191; x_wconf 81' lang='grc'>12).</span> <span class='ocrx_word' id='word_1_670' title='bbox 2887 4119 3082 4176; x_wconf 85' lang='lat' dir='ltr'>Omnes</span> <span class='ocrx_word' id='word_1_671' title='bbox 3121 4119 3271 4175; x_wconf 85' lang='lat' dir='ltr'>enim</span> <span class='ocrx_word' id='word_1_672' title='bbox 3313 4121 3691 4191; x_wconf 77' lang='lat' dir='ltr'>peccaverunt,</span> <span class='ocrx_word' id='word_1_673' title='bbox 3747 4122 3805 4174; x_wconf 80' lang='lat' dir='ltr'>et</span> 
     </span>
    </p>
   </div>
   <div class='ocr_carea' id='block_1_90' title="bbox 2134 4206 3800 4279">
    <p class='ocr_par' dir='ltr' id='par_1_90' title="bbox 2134 4206 3800 4279">
     <span class='ocr_line' id='line_1_90' title="bbox 2134 4206 3800 4279; baseline 0 -17"><span class='ocrx_word' id='word_1_674' title='bbox 2134 4209 2294 4279; x_wconf 84' lang='lat' dir='ltr'>egent</span> <span class='ocrx_word' id='word_1_675' title='bbox 2332 4209 2515 4278; x_wconf 85' lang='lat' dir='ltr'>gratia</span> <span class='ocrx_word' id='word_1_676' title='bbox 2542 4207 2642 4263; x_wconf 87' lang='lat' dir='ltr'>Dei</span> <span class='ocrx_word' id='word_1_677' title='bbox 2671 4207 2802 4279; x_wconf 87' lang='lat'>(66).</span> <span class='ocrx_word' id='word_1_678' title='bbox 2837 4206 3105 4264; x_wconf 88' lang='lat' dir='ltr'>Ostendit</span> <span class='ocrx_word' id='word_1_679' title='bbox 3134 4206 3520 4263; x_wconf 90' lang='lat' dir='ltr'>nihilominus</span> <span class='ocrx_word' id='word_1_680' title='bbox 3550 4222 3650 4262; x_wconf 91' lang='lat' dir='ltr'>eos</span> <span class='ocrx_word' id='word_1_681' title='bbox 3674 4223 3800 4262; x_wconf 90' lang='lat' dir='ltr'>non</span> 
     </span>
    </p>
   </div>
   <div class='ocr_carea' id='block_1_91' title="bbox 2138 4293 3800 4368">
    <p class='ocr_par' dir='ltr' id='par_1_91' title="bbox 2138 4293 3800 4368">
     <span class='ocr_line' id='line_1_91' title="bbox 2138 4293 3800 4368; baseline -0.002 -15"><span class='ocrx_word' id='word_1_682' title='bbox 2138 4296 2262 4353; x_wconf 89' lang='lat' dir='ltr'>suis</span> <span class='ocrx_word' id='word_1_683' title='bbox 2294 4295 2545 4366; x_wconf 89' lang='lat' dir='ltr'>meritis,</span> <span class='ocrx_word' id='word_1_684' title='bbox 2577 4295 2679 4352; x_wconf 91' lang='lat' dir='ltr'>sed</span> <span class='ocrx_word' id='word_1_685' title='bbox 2707 4294 2807 4351; x_wconf 92' lang='lat' dir='ltr'>Dei</span> <span class='ocrx_word' id='word_1_686' title='bbox 2842 4296 3029 4368; x_wconf 88' lang='lat' dir='ltr'>gratia</span> <span class='ocrx_word' id='word_1_687' title='bbox 3057 4295 3343 4364; x_wconf 88' lang='lat' dir='ltr'>salvatos;</span> <span class='ocrx_word' id='word_1_688' title='bbox 3376 4295 3623 4368; x_wconf 89' lang='lat' dir='ltr'>ideoque</span> <span class='ocrx_word' id='word_1_689' title='bbox 3655 4293 3800 4350; x_wconf 91' lang='lat' dir='ltr'>nul-</span> 
     </span>
    </p>
   </div>
   <div class='ocr_carea' id='block_1_92' title="bbox 2137 4382 3803 4442">
    <p class='ocr_par' dir='ltr' id='par_1_92' title="bbox 2137 4382 3803 4442">
     <span class='ocr_line' id='line_1_92' title="bbox 2137 4382 3803 4442; baseline 0 -2"><span class='ocrx_word' id='word_1_690' title='bbox 2137 4384 2256 4442; x_wconf 90' lang='lat' dir='ltr'>lam</span> <span class='ocrx_word' id='word_1_691' title='bbox 2307 4385 2515 4440; x_wconf 89' lang='lat' dir='ltr'>debere</span> <span class='ocrx_word' id='word_1_692' title='bbox 2565 4400 2696 4440; x_wconf 90' lang='lat' dir='ltr'>esse</span> <span class='ocrx_word' id='word_1_693' title='bbox 2741 4383 3191 4442; x_wconf 88' lang='lat' dir='ltr'>dissensionem.</span> <span class='ocrx_word' id='word_1_694' title='bbox 3225 4383 3388 4442; x_wconf 90' lang='lat' dir='ltr'>Unde</span> <span class='ocrx_word' id='word_1_695' title='bbox 3425 4382 3576 4438; x_wconf 89' lang='lat' dir='ltr'>circa</span> <span class='ocrx_word' id='word_1_696' title='bbox 3604 4383 3803 4440; x_wconf 81' lang='lat' dir='ltr'>ﬁnem</span> 
     </span>
    </p>
   </div>
   <div class='ocr_carea' id='block_1_93' title="bbox 2137 4470 3797 4545">
    <p class='ocr_par' dir='ltr' id='par_1_93' title="bbox 2137 4470 3797 4545">
     <span class='ocr_line' id='line_1_93' title="bbox 2137 4470 3797 4545; baseline -0.001 -16"><span class='ocrx_word' id='word_1_697' title='bbox 2137 4473 2316 4545; x_wconf 89' lang='lat' dir='ltr'>hujus</span> <span class='ocrx_word' id='word_1_698' title='bbox 2365 4474 2634 4545; x_wconf 64' lang='lat' dir='ltr'>Epistolas</span> <span class='ocrx_word' id='word_1_699' title='bbox 2694 4473 2753 4528; x_wconf 94' lang='lat' dir='ltr'>in</span> <span class='ocrx_word' id='word_1_700' title='bbox 2802 4473 3136 4530; x_wconf 91' lang='lat' dir='ltr'>civitatibus</span> <span class='ocrx_word' id='word_1_701' title='bbox 3186 4471 3538 4530; x_wconf 88' lang='lat' dir='ltr'>exhortando</span> <span class='ocrx_word' id='word_1_702' title='bbox 3588 4470 3797 4528; x_wconf 86' lang='lat' dir='ltr'>dicit:</span> 
     </span>
    </p>
   </div>
   <div class='ocr_carea' id='block_1_94' title="bbox 379 4560 3801 4646">
    <p class='ocr_par' dir='ltr' id='par_1_94' title="bbox 379 4560 3801 4646">
     <span class='ocr_line' id='line_1_94' title="bbox 379 4560 3801 4646; baseline 0.001 -30"><span class='ocrx_word' id='word_1_703' title='bbox 379 4560 482 4616; x_wconf 83' lang='lat' dir='ltr'>sed</span> <span class='ocrx_word' id='word_1_704' title='bbox 535 4561 721 4634; x_wconf 90' lang='lat' dir='ltr'>magis</span> <span class='ocrx_word' id='word_1_705' title='bbox 763 4565 822 4616; x_wconf 87' lang='lat' dir='ltr'>a’</span> <span class='ocrx_word' id='word_1_706' title='bbox 844 4563 1024 4619; x_wconf 82' lang='lat' dir='ltr'>Paulo</span> <span class='ocrx_word' id='word_1_707' title='bbox 1072 4564 1444 4622; x_wconf 87' lang='lat' dir='ltr'>corroborati.</span> <span class='ocrx_word' id='word_1_708' title='bbox 1485 4565 1749 4619; x_wconf 81' lang='lat' dir='ltr'>Attamen</span> <span class='ocrx_word' id='word_1_709' title='bbox 1793 4578 2026 4635; x_wconf 89' lang='lat' dir='ltr'>quoquo</span> <span class='ocrx_word' id='word_1_710' title='bbox 2057 4581 2104 4646; x_wconf 72' lang='grc' dir='ltr'><strong>Β</strong></span> <span class='ocrx_word' id='word_1_711' title='bbox 2136 4563 2368 4635; x_wconf 79' lang='lat' dir='ltr'>Pr0pter</span> <span class='ocrx_word' id='word_1_712' title='bbox 2394 4563 2536 4634; x_wconf 89' lang='lat' dir='ltr'>quod</span> <span class='ocrx_word' id='word_1_713' title='bbox 2564 4562 2824 4632; x_wconf 84' lang='lat' dir='ltr'>suscipite</span> <span class='ocrx_word' id='word_1_714' title='bbox 2851 4563 3107 4630; x_wconf 83' lang='lat' dir='ltr'>invicem,</span> <span class='ocrx_word' id='word_1_715' title='bbox 3139 4563 3281 4618; x_wconf 80' lang='lat' dir='ltr'>sicut</span> <span class='ocrx_word' id='word_1_716' title='bbox 3308 4565 3358 4618; x_wconf 82' lang='lat' dir='ltr'>et</span> <span class='ocrx_word' id='word_1_717' title='bbox 3383 4560 3633 4616; x_wconf 79' lang='lat' dir='ltr'>Christus</span> <span class='ocrx_word' id='word_1_718' title='bbox 3661 4575 3801 4618; x_wconf 73' lang='lat' dir='ltr'>sus-</span> 
     </span>
    </p>
   </div>
   <div class='ocr_carea' id='block_1_95' title="bbox 381 4650 2024 4727">
    <p class='ocr_par' dir='ltr' id='par_1_95' title="bbox 381 4650 2024 4727">
     <span class='ocr_line' id='line_1_95' title="bbox 381 4650 2024 4727; baseline 0.001 -23"><span class='ocrx_word' id='word_1_719' title='bbox 381 4650 558 4705; x_wconf 90' lang='lat' dir='ltr'>modo</span> <span class='ocrx_word' id='word_1_720' title='bbox 587 4652 832 4708; x_wconf 89' lang='lat' dir='ltr'>verbum</span> <span class='ocrx_word' id='word_1_721' title='bbox 865 4653 1162 4727; x_wconf 85' lang='lat' dir='ltr'>Evangelii</span> <span class='ocrx_word' id='word_1_722' title='bbox 1209 4657 1280 4710; x_wconf 89' lang='lat' dir='ltr'>ad</span> <span class='ocrx_word' id='word_1_723' title='bbox 1332 4670 1431 4709; x_wconf 90' lang='lat' dir='ltr'>eos</span> <span class='ocrx_word' id='word_1_724' title='bbox 1481 4653 1761 4723; x_wconf 90' lang='lat' dir='ltr'>pervenit,</span> <span class='ocrx_word' id='word_1_725' title='bbox 1809 4656 1866 4706; x_wconf 88' lang='lat' dir='ltr'>et</span> <span class='ocrx_word' id='word_1_726' title='bbox 1911 4652 2024 4723; x_wconf 88' lang='lat' dir='ltr'>ipsi</span> 
     </span>
    </p>
   </div>
   <div class='ocr_carea' id='block_1_96' title="bbox 381 4738 2030 4814">
    <p class='ocr_par' dir='ltr' id='par_1_96' title="bbox 381 4738 2030 4814">
     <span class='ocr_line' id='line_1_96' title="bbox 381 4738 2030 4814; baseline 0.002 -21"><span class='ocrx_word' id='word_1_727' title='bbox 381 4738 624 4810; x_wconf 87' lang='lat' dir='ltr'>quidem</span> <span class='ocrx_word' id='word_1_728' title='bbox 655 4749 1069 4814; x_wconf 87' lang='lat' dir='ltr'>susceperunt;</span> <span class='ocrx_word' id='word_1_729' title='bbox 1123 4744 1224 4798; x_wconf 89' lang='lat' dir='ltr'>sed</span> <span class='ocrx_word' id='word_1_730' title='bbox 1275 4747 1476 4813; x_wconf 88' lang='lat' dir='ltr'>postea</span> <span class='ocrx_word' id='word_1_731' title='bbox 1504 4742 1759 4813; x_wconf 89' lang='lat' dir='ltr'>corrupti</span> <span class='ocrx_word' id='word_1_732' title='bbox 1801 4745 1942 4797; x_wconf 91' lang='lat' dir='ltr'>sunt</span> <span class='ocrx_word' id='word_1_733' title='bbox 1995 4758 2030 4797; x_wconf 87' lang='lat' dir='ltr'>a</span> 
     </span>
    </p>
   </div>
   <div class='ocr_carea' id='block_1_97' title="bbox 383 4829 2028 4903">
    <p class='ocr_par' dir='ltr' id='par_1_97' title="bbox 383 4829 2028 4903">
     <span class='ocr_line' id='line_1_97' title="bbox 383 4829 2028 4903; baseline 0.002 -21"><span class='ocrx_word' id='word_1_734' title='bbox 383 4829 908 4902; x_wconf 85' lang='lat' dir='ltr'>pseudoapostolis,</span> <span class='ocrx_word' id='word_1_735' title='bbox 943 4837 1000 4888; x_wconf 90' lang='lat' dir='ltr'>et</span> <span class='ocrx_word' id='word_1_736' title='bbox 1037 4831 1285 4896; x_wconf 89' lang='lat' dir='ltr'>inducti,</span> <span class='ocrx_word' id='word_1_737' title='bbox 1318 4835 1382 4886; x_wconf 89' lang='lat' dir='ltr'>ut</span> <span class='ocrx_word' id='word_1_738' title='bbox 1410 4829 1596 4902; x_wconf 89' lang='lat' dir='ltr'>legem</span> <span class='ocrx_word' id='word_1_739' title='bbox 1627 4835 1683 4886; x_wconf 90' lang='lat' dir='ltr'>et</span> <span class='ocrx_word' id='word_1_740' title='bbox 1714 4831 2028 4903; x_wconf 88' lang='lat' dir='ltr'>prophetas</span> 
     </span>
    </p>
   </div>
   <div class='ocr_carea' id='block_1_98' title="bbox 381 4918 2027 4994">
    <p class='ocr_par' dir='ltr' id='par_1_98' title="bbox 381 4918 2027 4994">
     <span class='ocr_line' id='line_1_98' title="bbox 381 4918 2027 4994; baseline 0.001 -22"><span class='ocrx_word' id='word_1_741' title='bbox 381 4918 694 4975; x_wconf 82' lang='lat' dir='ltr'>carnaliter</span> <span class='ocrx_word' id='word_1_742' title='bbox 708 4919 1368 4994; x_wconf 88' lang='lat' dir='ltr'>intelligerent.Plurimi</span> <span class='ocrx_word' id='word_1_743' title='bbox 1388 4936 1643 4992; x_wconf 89' lang='lat' dir='ltr'>namque</span> <span class='ocrx_word' id='word_1_744' title='bbox 1671 4921 2027 4985; x_wconf 77' lang='lat' dir='ltr'>Judzeorum,</span> 
     </span>
    </p>
   </div>
   <div class='ocr_carea' id='block_1_99' title="bbox 379 5007 2030 5080">
    <p class='ocr_par' dir='ltr' id='par_1_99' title="bbox 379 5007 2030 5080">
     <span class='ocr_line' id='line_1_99' title="bbox 379 5007 2030 5080; baseline 0.001 -18"><span class='ocrx_word' id='word_1_745' title='bbox 379 5007 483 5080; x_wconf 86' lang='lat' dir='ltr'>qui</span> <span class='ocrx_word' id='word_1_746' title='bbox 515 5009 1187 5080; x_wconf 86' lang='lat' dir='ltr'>crediderunt,gentibus</span> <span class='ocrx_word' id='word_1_747' title='bbox 1216 5026 1378 5080; x_wconf 74' lang='lat' dir='ltr'>eaque</span> <span class='ocrx_word' id='word_1_748' title='bbox 1405 5010 1658 5066; x_wconf 87' lang='lat' dir='ltr'>credulis</span> <span class='ocrx_word' id='word_1_749' title='bbox 1691 5009 2030 5066; x_wconf 86' lang='lat' dir='ltr'>asserebant</span> 
     </span>
    </p>
   </div>
   <div class='ocr_carea' id='block_1_100' title="bbox 383 5096 2025 5172">
    <p class='ocr_par' dir='ltr' id='par_1_100' title="bbox 383 5096 2025 5172">
     <span class='ocr_line' id='line_1_100' title="bbox 383 5096 2025 5172; baseline 0 -20"><span class='ocrx_word' id='word_1_750' title='bbox 383 5096 530 5152; x_wconf 88' lang='lat' dir='ltr'>nihil</span> <span class='ocrx_word' id='word_1_751' title='bbox 559 5098 837 5170; x_wconf 87' lang='lat' dir='ltr'>prodesse</span> <span class='ocrx_word' id='word_1_752' title='bbox 879 5098 1056 5152; x_wconf 77' lang='lat' dir='ltr'>fidem</span> <span class='ocrx_word' id='word_1_753' title='bbox 1102 5097 1313 5154; x_wconf 88' lang='lat' dir='ltr'>Christi</span> <span class='ocrx_word' id='word_1_754' title='bbox 1361 5099 1678 5172; x_wconf 89' lang='lat' dir='ltr'>suscipere,</span> <span class='ocrx_word' id='word_1_755' title='bbox 1728 5103 1902 5166; x_wconf 87' lang='lat' dir='ltr'>atque</span> <span class='ocrx_word' id='word_1_756' title='bbox 1955 5097 2025 5152; x_wconf 88' lang='lat' dir='ltr'>ad</span> 
     </span>
    </p>
   </div>
   <div class='ocr_carea' id='block_1_101' title="bbox 377 5185 2028 5259">
    <p class='ocr_par' dir='ltr' id='par_1_101' title="bbox 377 5185 2028 5259">
     <span class='ocr_line' id='line_1_101' title="bbox 377 5185 2028 5259; baseline 0 -18"><span class='ocrx_word' id='word_1_757' title='bbox 377 5185 677 5258; x_wconf 82' lang='lat' dir='ltr'>Evangelii</span> <span class='ocrx_word' id='word_1_758' title='bbox 709 5186 960 5257; x_wconf 80' lang='lat' dir='ltr'>gratiam</span> <span class='ocrx_word' id='word_1_759' title='bbox 992 5186 1243 5243; x_wconf 86' lang='lat' dir='ltr'>transire</span> <span class='ocrx_word' id='word_1_760' title='bbox 1271 5189 1495 5259; x_wconf 86' lang='lat' dir='ltr'>absque</span> <span class='ocrx_word' id='word_1_761' title='bbox 1527 5187 1747 5246; x_wconf 87' lang='lat' dir='ltr'>carnali</span> <span class='ocrx_word' id='word_1_762' title='bbox 1777 5188 2028 5243; x_wconf 83' lang='lat' dir='ltr'>circum-</span> 
     </span>
    </p>
   </div>
   <div class='ocr_carea' id='block_1_102' title="bbox 377 5274 2025 5350">
    <p class='ocr_par' dir='ltr' id='par_1_102' title="bbox 377 5274 2025 5350">
     <span class='ocr_line' id='line_1_102' title="bbox 377 5274 2025 5350; baseline -0.001 -18"><span class='ocrx_word' id='word_1_763' title='bbox 377 5274 619 5332; x_wconf 83' lang='lat' dir='ltr'>cisione.</span> <span class='ocrx_word' id='word_1_764' title='bbox 655 5274 817 5331; x_wconf 86' lang='lat' dir='ltr'>Unde</span> <span class='ocrx_word' id='word_1_765' title='bbox 869 5281 926 5330; x_wconf 91' lang='lat' dir='ltr'>et</span> <span class='ocrx_word' id='word_1_766' title='bbox 962 5275 1250 5333; x_wconf 88' lang='lat' dir='ltr'>instanter</span> <span class='ocrx_word' id='word_1_767' title='bbox 1300 5277 1574 5350; x_wconf 87' lang='lat' dir='ltr'>Apostolo</span> <span class='ocrx_word' id='word_1_768' title='bbox 1623 5275 2025 5344; x_wconf 88' lang='lat' dir='ltr'>detrahebant,</span> 
     </span>
    </p>
   </div>
   <div class='ocr_carea' id='block_1_103' title="bbox 380 5363 2029 5438">
    <p class='ocr_par' dir='ltr' id='par_1_103' title="bbox 380 5363 2029 5438">
     <span class='ocr_line' id='line_1_103' title="bbox 380 5363 2029 5438; baseline 0.002 -21"><span class='ocrx_word' id='word_1_769' title='bbox 380 5363 538 5434; x_wconf 86' lang='lat' dir='ltr'>quod</span> <span class='ocrx_word' id='word_1_770' title='bbox 569 5368 772 5434; x_wconf 88' lang='lat' dir='ltr'>gentes</span> <span class='ocrx_word' id='word_1_771' title='bbox 803 5366 871 5421; x_wconf 89' lang='lat' dir='ltr'>ad</span> <span class='ocrx_word' id='word_1_772' title='bbox 920 5366 1095 5422; x_wconf 83' lang='lat' dir='ltr'>ﬁdem</span> <span class='ocrx_word' id='word_1_773' title='bbox 1146 5367 1359 5424; x_wconf 88' lang='lat' dir='ltr'>Christi</span> <span class='ocrx_word' id='word_1_774' title='bbox 1410 5365 1755 5438; x_wconf 89' lang='lat' dir='ltr'>susceperit,</span> <span class='ocrx_word' id='word_1_775' title='bbox 1807 5366 2029 5437; x_wconf 83' lang='lat' dir='ltr'>absque</span> 
     </span>
    </p>
   </div>
   <div class='ocr_carea' id='block_1_104' title="bbox 382 5451 1263 5526">
    <p class='ocr_par' dir='ltr' id='par_1_104' title="bbox 382 5451 1263 5526">
     <span class='ocr_line' id='line_1_104' title="bbox 382 5451 1263 5526; baseline 0.005 -18"><span class='ocrx_word' id='word_1_776' title='bbox 382 5452 636 5508; x_wconf 85' lang='lat' dir='ltr'>carnalis</span> <span class='ocrx_word' id='word_1_777' title='bbox 669 5451 813 5526; x_wconf 81' lang='lat' dir='ltr'>legis</span> <span class='ocrx_word' id='word_1_778' title='bbox 842 5456 1263 5513; x_wconf 86' lang='lat' dir='ltr'>observatione.</span> 
     </span>
    </p>
   </div>
   <div class='ocr_carea' id='block_1_105' title="bbox 453 5560 1944 5703">
    <p class='ocr_par' dir='ltr' id='par_1_105' title="bbox 453 5560 1944 5703">
     <span class='ocr_line' id='line_1_105' title="bbox 453 5560 1944 5703; baseline 0.001 -89"><span class='ocrx_word' id='word_1_779' title='bbox 453 5560 595 5703; x_wconf 44' lang='grc' dir='ltr'>ἔδω)</span> <span class='ocrx_word' id='word_1_780' title='bbox 628 5561 692 5616; x_wconf 92' lang='lat' dir='ltr'>In</span> <span class='ocrx_word' id='word_1_781' title='bbox 724 5563 985 5635; x_wconf 80' lang='lat' dir='ltr'>margine</span> <span class='ocrx_word' id='word_1_782' title='bbox 1015 5563 1361 5636; x_wconf 85' lang='lat' dir='ltr'>autograpbi</span> <span class='ocrx_word' id='word_1_783' title='bbox 1392 5561 1473 5617; x_wconf 91' lang='lat' dir='ltr'>ibi</span> <span class='ocrx_word' id='word_1_784' title='bbox 1505 5560 1717 5633; x_wconf 83' lang='lat' dir='ltr'>legitur</span> <span class='ocrx_word' id='word_1_785' title='bbox 1742 5577 1870 5634; x_wconf 89' lang='lat' dir='ltr'>cap.</span> <span class='ocrx_word' id='word_1_786' title='bbox 1902 5562 1944 5617; x_wconf 92' lang='grc' dir='ltr'><strong>Ι.</strong></span> 
     </span>
     <span class='ocr_line' id='line_1_106' title="bbox 473 5633 1944 5703; baseline -0.001 -14"><span class='ocrx_word' id='word_1_787' title='bbox 473 5633 566 5703; x_wconf 79' lang='lat'>65)</span> <span class='ocrx_word' id='word_1_788' title='bbox 597 5637 724 5692; x_wconf 75' lang='lat' dir='ltr'>Act.</span> <span class='ocrx_word' id='word_1_789' title='bbox 754 5651 892 5703; x_wconf 79' lang='lat' dir='ltr'>xm,</span> <span class='ocrx_word' id='word_1_790' title='bbox 925 5637 994 5692; x_wconf 84' lang='grc'>24</span> <span class='ocrx_word' id='word_1_791' title='bbox 1025 5651 1040 5692; x_wconf 91' lang='lat'><strong>:</strong></span> <span class='ocrx_word' id='word_1_792' title='bbox 1075 5637 1349 5703; x_wconf 75' lang='lat' dir='ltr'>Quoniam</span> <span class='ocrx_word' id='word_1_793' title='bbox 1374 5650 1476 5703; x_wconf 89' lang='lat' dir='ltr'>ego</span> <span class='ocrx_word' id='word_1_794' title='bbox 1504 5635 1567 5690; x_wconf 81' lang='lat' dir='ltr'>in</span> <span class='ocrx_word' id='word_1_795' title='bbox 1592 5634 1840 5691; x_wconf 76' lang='lat' dir='ltr'>nationes</span> <span class='ocrx_word' id='word_1_796' title='bbox 1873 5634 1944 5692; x_wconf 66' lang='grc' dir='ltr'>ιον</span> 
     </span>
    </p>
   </div>
   <div class='ocr_carea' id='block_1_106' title="bbox 473 5633 2030 5706">
    <p class='ocr_par' dir='ltr' id='par_1_106' title="bbox 473 5633 2030 5706">
     <span class='ocr_line' id='line_1_107' title="bbox 473 5633 2030 5706; baseline 0.001 -17"><span class='ocrx_word' id='word_1_797' title='bbox 473 5633 566 5706; x_wconf 78' lang='lat'>65)</span> <span class='ocrx_word' id='word_1_798' title='bbox 597 5637 724 5692; x_wconf 76' lang='lat' dir='ltr'>Act.</span> <span class='ocrx_word' id='word_1_799' title='bbox 754 5633 892 5704; x_wconf 77' lang='lat' dir='ltr'>xxii,</span> <span class='ocrx_word' id='word_1_800' title='bbox 925 5637 994 5692; x_wconf 84' lang='grc'>24</span> <span class='ocrx_word' id='word_1_801' title='bbox 1025 5651 1040 5692; x_wconf 91' lang='lat'><strong>:</strong></span> <span class='ocrx_word' id='word_1_802' title='bbox 1075 5633 1349 5705; x_wconf 65' lang='lat' dir='ltr'>Quoniam</span> <span class='ocrx_word' id='word_1_803' title='bbox 1374 5650 1476 5705; x_wconf 88' lang='lat' dir='ltr'>ego</span> <span class='ocrx_word' id='word_1_804' title='bbox 1504 5635 1567 5690; x_wconf 81' lang='lat' dir='ltr'>in</span> <span class='ocrx_word' id='word_1_805' title='bbox 1592 5633 1840 5691; x_wconf 76' lang='lat' dir='ltr'>nationes</span> <span class='ocrx_word' id='word_1_806' title='bbox 1873 5634 2030 5705; x_wconf 81' lang='lat' dir='ltr'>longe</span> 
     </span>
    </p>
   </div>
   <div class='ocr_carea' id='block_1_107' title="bbox 2133 4649 3344 4724">
    <p class='ocr_par' dir='ltr' id='par_1_107' title="bbox 2133 4649 3344 4724">
     <span class='ocr_line' id='line_1_108' title="bbox 2133 4649 3344 4724; baseline -0.002 -16"><span class='ocrx_word' id='word_1_807' title='bbox 2133 4654 2278 4724; x_wconf 83' lang='lat' dir='ltr'>cepit</span> <span class='ocrx_word' id='word_1_808' title='bbox 2307 4667 2400 4706; x_wconf 82' lang='lat' dir='ltr'>vos</span> <span class='ocrx_word' id='word_1_809' title='bbox 2428 4653 2494 4706; x_wconf 82' lang='lat' dir='ltr'>in</span> <span class='ocrx_word' id='word_1_810' title='bbox 2523 4649 2782 4706; x_wconf 81' lang='lat' dir='ltr'>honorem</span> <span class='ocrx_word' id='word_1_811' title='bbox 2811 4651 2911 4706; x_wconf 88' lang='lat' dir='ltr'>Dei</span> <span class='ocrx_word' id='word_1_812' title='bbox 2935 4653 3112 4720; x_wconf 79' lang='lat' dir='ltr'>(Rom.</span> <span class='ocrx_word' id='word_1_813' title='bbox 3143 4667 3238 4716; x_wconf 85' lang='lat' dir='ltr'>xv,</span> <span class='ocrx_word' id='word_1_814' title='bbox 3263 4650 3344 4723; x_wconf 90' lang='lat'>7).</span> 
     </span>
    </p>
   </div>
   <div class='ocr_carea' id='block_1_108' title="bbox 2208 4739 3796 4812">
    <p class='ocr_par' dir='ltr' id='par_1_108' title="bbox 2208 4739 3796 4812">
     <span class='ocr_line' id='line_1_109' title="bbox 2208 4739 3796 4812; baseline -0.001 -18"><span class='ocrx_word' id='word_1_815' title='bbox 2208 4740 2366 4810; x_wconf 78' lang='lat' dir='ltr'>(CAP.</span> <span class='ocrx_word' id='word_1_816' title='bbox 2401 4739 2468 4812; x_wconf 91' lang='grc' dir='ltr'>Ι.)</span> <span class='ocrx_word' id='word_1_817' title='bbox 2500 4741 2707 4795; x_wconf 84' lang='lat' dir='ltr'>Paulus</span> <span class='ocrx_word' id='word_1_818' title='bbox 2732 4755 2921 4797; x_wconf 79' lang='lat' dir='ltr'>servus</span> <span class='ocrx_word' id='word_1_819' title='bbox 2952 4740 3160 4796; x_wconf 76' lang='lat' dir='ltr'>Christi</span> <span class='ocrx_word' id='word_1_820' title='bbox 3210 4741 3336 4797; x_wconf 71' lang='lat' dir='ltr'>Jesu</span> <span class='ocrx_word' id='word_1_821' title='bbox 3383 4741 3603 4794; x_wconf 84' lang='lat' dir='ltr'>vocatus</span> <span class='ocrx_word' id='word_1_822' title='bbox 3629 4753 3796 4810; x_wconf 86' lang='lat' dir='ltr'>apos-</span> 
     </span>
    </p>
   </div>
   <div class='ocr_carea' id='block_1_109' title="bbox 2137 4827 3796 4902">
    <p class='ocr_par' dir='ltr' id='par_1_109' title="bbox 2137 4827 3796 4902">
     <span class='ocr_line' id='line_1_110' title="bbox 2137 4827 3796 4902; baseline -0.001 -16"><span class='ocrx_word' id='word_1_823' title='bbox 2137 4829 2296 4886; x_wconf 79' lang='lat' dir='ltr'>tolus.</span> <span class='ocrx_word' id='word_1_824' title='bbox 2329 4833 2641 4902; x_wconf 84' lang='lat' dir='ltr'>segregatus</span> <span class='ocrx_word' id='word_1_825' title='bbox 2670 4831 2732 4884; x_wconf 73' lang='lat' dir='ltr'>in</span> <span class='ocrx_word' id='word_1_826' title='bbox 2757 4831 3120 4901; x_wconf 77' lang='lat' dir='ltr'>Buangelium</span> <span class='ocrx_word' id='word_1_827' title='bbox 3149 4830 3265 4885; x_wconf 82' lang='lat' dir='ltr'>Dei.</span> <span class='ocrx_word' id='word_1_828' title='bbox 3301 4828 3377 4884; x_wconf 88' lang='lat' dir='ltr'>ln-</span> <span class='ocrx_word' id='word_1_829' title='bbox 3398 4828 3587 4884; x_wconf 83' lang='lat' dir='ltr'>fronte</span> <span class='ocrx_word' id='word_1_830' title='bbox 3608 4827 3796 4898; x_wconf 78' lang='lat' dir='ltr'>hujus</span> 
     </span>
    </p>
   </div>
   <div class='ocr_carea' id='block_1_110' title="bbox 2137 4916 3800 4991">
    <p class='ocr_par' dir='ltr' id='par_1_110' title="bbox 2137 4916 3800 4991">
     <span class='ocr_line' id='line_1_111' title="bbox 2137 4916 3800 4991; baseline -0.002 -17"><span class='ocrx_word' id='word_1_831' title='bbox 2137 4916 2407 4991; x_wconf 68' lang='lat' dir='ltr'>Epistolas</span> <span class='ocrx_word' id='word_1_832' title='bbox 2423 4918 2610 4974; x_wconf 89' lang='lat' dir='ltr'>oritur</span> <span class='ocrx_word' id='word_1_833' title='bbox 2627 4918 3084 4991; x_wconf 61' lang='lat' dir='ltr'>questio,quare</span> <span class='ocrx_word' id='word_1_834' title='bbox 3107 4917 3208 4991; x_wconf 90' lang='lat' dir='ltr'>qui</span> <span class='ocrx_word' id='word_1_835' title='bbox 3227 4917 3393 4990; x_wconf 89' lang='lat' dir='ltr'>prius</span> <span class='ocrx_word' id='word_1_836' title='bbox 3417 4916 3800 4988; x_wconf 82' lang='lat' dir='ltr'>Saulus,post</span> 
     </span>
    </p>
   </div>
   <div class='ocr_carea' id='block_1_111' title="bbox 2135 5005 3798 5078">
    <p class='ocr_par' dir='ltr' id='par_1_111' title="bbox 2135 5005 3798 5078">
     <span class='ocr_line' id='line_1_112' title="bbox 2135 5005 3798 5078; baseline -0.001 -15"><span class='ocrx_word' id='word_1_837' title='bbox 2135 5007 2573 5064; x_wconf 86' lang='lat' dir='ltr'>conversionem</span> <span class='ocrx_word' id='word_1_838' title='bbox 2607 5008 2800 5064; x_wconf 86' lang='lat' dir='ltr'>dictus</span> <span class='ocrx_word' id='word_1_839' title='bbox 2831 5007 2908 5062; x_wconf 83' lang='lat' dir='ltr'>sit</span> <span class='ocrx_word' id='word_1_840' title='bbox 2937 5007 3171 5064; x_wconf 87' lang='lat' dir='ltr'>Paulus.</span> <span class='ocrx_word' id='word_1_841' title='bbox 3195 5005 3431 5077; x_wconf 67' lang='lat' dir='ltr'>Legitur</span> <span class='ocrx_word' id='word_1_842' title='bbox 3461 5005 3701 5078; x_wconf 88' lang='lat' dir='ltr'>quidem</span> <span class='ocrx_word' id='word_1_843' title='bbox 3731 5005 3798 5061; x_wconf 89' lang='lat' dir='ltr'>in</span> 
     </span>
    </p>
   </div>
   <div class='ocr_carea' id='block_1_112' title="bbox 2136 5094 3800 5168">
    <p class='ocr_par' dir='ltr' id='par_1_112' title="bbox 2136 5094 3800 5168">
     <span class='ocr_line' id='line_1_113' title="bbox 2136 5094 3800 5168; baseline -0.001 -17"><span class='ocrx_word' id='word_1_844' title='bbox 2136 5097 2332 5153; x_wconf 87' lang='lat' dir='ltr'>Veteri</span> <span class='ocrx_word' id='word_1_845' title='bbox 2359 5098 2734 5154; x_wconf 87' lang='lat' dir='ltr'>Testamento</span> <span class='ocrx_word' id='word_1_846' title='bbox 2747 5097 3143 5168; x_wconf 86' lang='lat' dir='ltr'>quorumdam</span> <span class='ocrx_word' id='word_1_847' title='bbox 3166 5095 3477 5152; x_wconf 89' lang='lat' dir='ltr'>nominum</span> <span class='ocrx_word' id='word_1_848' title='bbox 3493 5094 3648 5151; x_wconf 72' lang='lat' dir='ltr'>facta</span> <span class='ocrx_word' id='word_1_849' title='bbox 3665 5110 3800 5150; x_wconf 87' lang='lat' dir='ltr'>mu-</span> 
     </span>
    </p>
   </div>
   <div class='ocr_carea' id='block_1_113' title="bbox 2133 5182 3798 5258">
    <p class='ocr_par' dir='ltr' id='par_1_113' title="bbox 2133 5182 3798 5258">
     <span class='ocr_line' id='line_1_114' title="bbox 2133 5182 3798 5258; baseline -0.001 -17"><span class='ocrx_word' id='word_1_850' title='bbox 2133 5186 2371 5256; x_wconf 90' lang='lat' dir='ltr'>tatio,ut</span> <span class='ocrx_word' id='word_1_851' title='bbox 2399 5187 2614 5242; x_wconf 88' lang='lat' dir='ltr'>Abram</span> <span class='ocrx_word' id='word_1_852' title='bbox 2645 5190 2847 5258; x_wconf 88' lang='lat' dir='ltr'>postea</span> <span class='ocrx_word' id='word_1_853' title='bbox 2875 5186 3068 5242; x_wconf 88' lang='lat' dir='ltr'>dictus</span> <span class='ocrx_word' id='word_1_854' title='bbox 3094 5189 3188 5242; x_wconf 87' lang='lat' dir='ltr'>est</span> <span class='ocrx_word' id='word_1_855' title='bbox 3217 5185 3594 5256; x_wconf 80' lang='lat' dir='ltr'>Abraham,et</span> <span class='ocrx_word' id='word_1_856' title='bbox 3623 5182 3798 5239; x_wconf 77' lang='lat' dir='ltr'>Sarni</span> 
     </span>
    </p>
   </div>
   <div class='ocr_carea' id='block_1_114' title="bbox 2136 5275 3797 5346">
    <p class='ocr_par' dir='ltr' id='par_1_114' title="bbox 2136 5275 3797 5346">
     <span class='ocr_line' id='line_1_115' title="bbox 2136 5275 3797 5346; baseline -0.002 -15"><span class='ocrx_word' id='word_1_857' title='bbox 2136 5275 2482 5341; x_wconf 88' lang='lat' dir='ltr'>Sara,Jacob</span> <span class='ocrx_word' id='word_1_858' title='bbox 2497 5290 2732 5346; x_wconf 89' lang='lat' dir='ltr'>quoque</span> <span class='ocrx_word' id='word_1_859' title='bbox 2750 5275 3018 5332; x_wconf 79' lang='lat' dir='ltr'>lsraelJn</span> <span class='ocrx_word' id='word_1_860' title='bbox 3037 5279 3194 5332; x_wconf 90' lang='lat' dir='ltr'>Novo</span> <span class='ocrx_word' id='word_1_861' title='bbox 3213 5277 3389 5332; x_wconf 80' lang='lat' dir='ltr'>etiam</span> <span class='ocrx_word' id='word_1_862' title='bbox 3412 5275 3797 5330; x_wconf 85' lang='lat' dir='ltr'>Testamento</span> 
     </span>
    </p>
   </div>
   <div class='ocr_carea' id='block_1_115' title="bbox 2136 5361 3796 5438">
    <p class='ocr_par' dir='ltr' id='par_1_115' title="bbox 2136 5361 3796 5438">
     <span class='ocr_line' id='line_1_116' title="bbox 2136 5361 3796 5438; baseline -0.001 -18"><span class='ocrx_word' id='word_1_863' title='bbox 2136 5365 2246 5420; x_wconf 91' lang='lat' dir='ltr'>hoc</span> <span class='ocrx_word' id='word_1_864' title='bbox 2276 5363 2736 5431; x_wconf 90' lang='lat' dir='ltr'>invenitur,nam</span> <span class='ocrx_word' id='word_1_865' title='bbox 2757 5364 2858 5437; x_wconf 90' lang='lat' dir='ltr'>qui</span> <span class='ocrx_word' id='word_1_866' title='bbox 2890 5365 3054 5438; x_wconf 88' lang='lat' dir='ltr'>prius</span> <span class='ocrx_word' id='word_1_867' title='bbox 3085 5365 3311 5431; x_wconf 85' lang='lat' dir='ltr'>Simon,</span> <span class='ocrx_word' id='word_1_868' title='bbox 3334 5367 3541 5437; x_wconf 83' lang='lat' dir='ltr'>postea</span> <span class='ocrx_word' id='word_1_869' title='bbox 3589 5361 3796 5418; x_wconf 83' lang='lat' dir='ltr'>dictus</span> 
     </span>
    </p>
   </div>
   <div class='ocr_carea' id='block_1_116' title="bbox 2136 5451 3792 5521">
    <p class='ocr_par' dir='ltr' id='par_1_116' title="bbox 2136 5451 3792 5521">
     <span class='ocr_line' id='line_1_117' title="bbox 2136 5451 3792 5521; baseline -0.002 -11"><span class='ocrx_word' id='word_1_870' title='bbox 2136 5457 2227 5510; x_wconf 89' lang='lat' dir='ltr'>est</span> <span class='ocrx_word' id='word_1_871' title='bbox 2255 5452 2487 5521; x_wconf 87' lang='lat' dir='ltr'>Petrus;</span> <span class='ocrx_word' id='word_1_872' title='bbox 2521 5452 2625 5510; x_wconf 84' lang='lat' dir='ltr'>filii</span> <span class='ocrx_word' id='word_1_873' title='bbox 2653 5455 2930 5511; x_wconf 73' lang='lat' dir='ltr'>Zebedaai.</span> <span class='ocrx_word' id='word_1_874' title='bbox 2965 5456 3222 5512; x_wconf 86' lang='lat' dir='ltr'>Joannes</span> <span class='ocrx_word' id='word_1_875' title='bbox 3249 5458 3308 5510; x_wconf 88' lang='lat' dir='ltr'>et</span> <span class='ocrx_word' id='word_1_876' title='bbox 3334 5453 3589 5510; x_wconf 83' lang='lat' dir='ltr'>Jacobus</span> <span class='ocrx_word' id='word_1_877' title='bbox 3641 5451 3792 5508; x_wconf 85' lang='lat' dir='ltr'>Boa-</span> 
     </span>
    </p>
   </div>
   <div class='ocr_carea' id='block_1_117' title="bbox 2134 5559 2868 5618">
    <p class='ocr_par' dir='ltr' id='par_1_117' title="bbox 2134 5559 2868 5618">
     <span class='ocr_line' id='line_1_118' title="bbox 2134 5559 2868 5618; baseline -0.001 -1"><span class='ocrx_word' id='word_1_878' title='bbox 2134 5559 2353 5616; x_wconf 83' lang='lat' dir='ltr'>mittam</span> <span class='ocrx_word' id='word_1_879' title='bbox 2383 5567 2452 5615; x_wconf 84' lang='lat' dir='ltr'>te.</span> <span class='ocrx_word' id='word_1_880' title='bbox 2485 5562 2570 5616; x_wconf 90' lang='lat' dir='ltr'>Ita</span> <span class='ocrx_word' id='word_1_881' title='bbox 2597 5559 2868 5618; x_wconf 74' lang='lat' dir='ltr'>Vulgata.</span> 
     </span>
    </p>
   </div>
   <div class='ocr_carea' id='block_1_118' title="bbox 2197 5629 3790 5707">
    <p class='ocr_par' dir='ltr' id='par_1_118' title="bbox 2197 5629 3790 5707">
     <span class='ocr_line' id='line_1_119' title="bbox 2197 5629 3790 5707; baseline -0.013 -2"><span class='ocrx_word' id='word_1_882' title='bbox 2197 5631 2322 5705; x_wconf 70' lang='lat'>(66)</span> <span class='ocrx_word' id='word_1_883' title='bbox 2351 5631 2505 5690; x_wconf 78' lang='lat' dir='ltr'>Rom.</span> <span class='ocrx_word' id='word_1_884' title='bbox 2553 5649 2640 5702; x_wconf 77' lang='grc' dir='ltr'>ιιι,</span> <span class='ocrx_word' id='word_1_885' title='bbox 2682 5629 2774 5706; x_wconf 69' lang='lat'>22,</span> <span class='ocrx_word' id='word_1_886' title='bbox 2815 5635 2906 5707; x_wconf 83' lang='lat'>23,</span> <span class='ocrx_word' id='word_1_887' title='bbox 2951 5641 3006 5691; x_wconf 82' lang='lat' dir='ltr'>et</span> <span class='ocrx_word' id='word_1_888' title='bbox 3053 5640 3212 5705; x_wconf 73' lang='lat' dir='ltr'>egent</span> <span class='ocrx_word' id='word_1_889' title='bbox 3236 5633 3418 5707; x_wconf 78' lang='lat' dir='ltr'>gloria</span> <span class='ocrx_word' id='word_1_890' title='bbox 3451 5629 3573 5691; x_wconf 72' lang='lat' dir='ltr'>Dei.</span> <span class='ocrx_word' id='word_1_891' title='bbox 3603 5629 3790 5704; x_wconf 76' lang='lat' dir='ltr'>Vulg.</span> 
     </span>
    </p>
   </div>
  </div>
