4116 6184
272 322 391 383 133

886 320 1307 383 EXPOSITIO
1350 320 1428 382 IN
1473 320 1915 383 EPISTOLAS
1964 323 2444 388 PAULL—IN
2495 331 2751 397 EPIST.
2784 337 2889 396 AD
2937 338 3132 401 ROM.

3630 354 3748 412 134

275 454 435 511 ﬁdei.
470 453 583 509 Sed
616 468 724 524 pro
769 468 887 525 quo
911 457 935 509 Ρ
963 459 1079 509 Pro
1105 456 1346 525 nomine,
1378 453 1601 526 inquit,
1637 457 1780 526 ejus,
1810 458 1943 510 tan-
1974 458 2027 524 Α
2056 459 2402 553 praefertur.
2429 463 2540 520 Sed
2572 468 2719 525 dicit
2740 473 2990 531 fortasse
3013 476 3228 549 aliquis
3254 494 3267 531 :
3296 479 3414 534 Cur
3434 484 3748 553 Apostolus

273 561 458 616 quam
490 542 716 598 diceret
749 559 765 597 :
799 542 1021 598 Idcirco
1052 544 1301 615 gratiam
1332 546 1388 598 et
1418 545 1820 615 apostolatum
1852 562 1946 601 ac-

278 633 426 706 cepi,
458 636 526 687 ut
556 648 766 688 omnes
798 631 1078 687 obediant
1109 634 1263 701 ﬁdei,
1296 636 1354 688 et
1384 634 1630 690 credant
1662 635 1721 689 in
1765 651 1896 689 eum
1932 652 1945 690 :

280 729 336 780 et
365 723 708 795 quicunque
739 720 1141 793 praedestinati
1190 727 1246 777 et
1289 722 1554 778 salvandi
1587 729 1749 795 sunt,
1784 724 1947 796 signo

282 811 542 869 nominis
566 812 696 882 ejus
720 810 1050 882 signentur.
1080 814 1151 865 Et
1182 828 1252 866 ne
1281 812 1427 867 forte
1449 812 1576 869 haec
1597 814 1786 886 gratia
1812 812 1951 867 solis

280 900 501 957 Judaais
553 915 835 955 concessa
877 899 1196 971 videretur,
1238 902 1300 954 in
1348 903 1605 958 omnibus
1654 903 1950 973 gentibus:

281 1007 487 1048 rursus
511 1006 584 1045 ne
599 989 843 1045 Romani
868 988 1214 1043 viderentur
1234 990 1476 1062 excepti,
1492 992 1802 1063 subjunxit
1818 992 1949 1063 (75):

282 1083 345 1137 In
374 1079 578 1151 quibus
615 1080 747 1135 estis
794 1085 844 1134 et
894 1095 983 1133 vos
1020 1080 1214 1135 vocati
1249 1081 1376 1135 Iesu
1405 1081 1640 1147 Christi,
1674 1082 1833 1153 quod
1866 1084 1954 1135 est

283 1172 479 1241 aperte
509 1167 705 1223 dicere
730 1185 743 1223 :
776 1167 883 1231 Qui
913 1167 1192 1222 omnium
1223 1170 1485 1240 gentium
1512 1170 1803 1236 Salvator,
1827 1171 1957 1240 ejus

288 1262 340 1313 et
364 1273 469 1312 vos
499 1256 647 1311 estis
677 1256 883 1324 vocati,
908 1256 1191 1327 quamvis
1223 1274 1338 1312 non
1372 1258 1429 1313 in
1452 1260 1824 1326 Judaeorum,
1858 1260 1957 1314 sed

286 1346 343 1400 in
366 1346 638 1417 gentium
664 1361 904 1400 numero
927 1345 1176 1400 inventi.
1193 1346 1396 1417 Igitur,
1413 1348 1553 1419 quia
1570 1349 1807 1404 dixerat
1828 1350 1962 1419 quis

288 1434 567 1489 scriberet
594 1450 606 1488 :
643 1434 873 1503 Paulus,
903 1433 1206 1504 inquiens,
1229 1450 1387 1490 serus
1414 1436 1615 1492 Christi
1635 1440 1797 1501 Iesu,
1825 1440 1962 1508 etc.,

291 1528 352 1576 ut
401 1522 745 1577 ostenderet
792 1522 1005 1593 quibus
1054 1523 1364 1589 scriberet,
1398 1525 1607 1580 addit:
1665 1526 1964 1597 Omnibus,

289 1612 382 1681 qui
424 1612 557 1665 sunt
605 1613 798 1666 Romae
841 1611 1060 1666 dilectis
1107 1611 1209 1665 Dei
1244 1613 1447 1667 vocatis
1475 1615 1681 1669 sanctis
1716 1611 1878 1684 (76);
1912 1618 1969 1669 et

290 1698 540 1770 reliqua.
568 1697 672 1753 His
702 1697 895 1754 verbis
926 1698 1187 1753 divinam
1222 1701 1596 1756 commendat
1627 1700 1967 1756 misericor-

290 1787 466 1854 diam,
500 1790 561 1841 et
593 1785 870 1841 meritum
903 1786 1235 1842 humanum
1267 1794 1529 1845 evacuat.
1563 1790 1714 1845 Nam
1753 1793 1964 1845 notan-

289 1876 448 1940 dum,
478 1874 626 1945 quia
656 1891 772 1929 non
805 1875 907 1945 ait,
942 1874 1323 1948 diligentibus
1354 1878 1563 1949 Deum,
1590 1879 1691 1934 sed
1730 1877 1967 1936 dilectis

288 1964 386 2019 Dei
418 1981 431 2018 ε
487 1980 609 2019 non
654 1962 811 2019 enim
843 1963 969 2019 ideo
1000 1964 1197 2019 dilecti
1228 1971 1390 2033 sunt,
1425 1967 1567 2039 quia
1599 1966 1964 2039 dilexerunt,

294 2053 391 2109 sed
446 2051 594 2123 quia
644 2050 840 2106 dilecti
889 2055 1047 2122 sunt,
1100 2052 1316 2109 idcirco
1376 2055 1757 2121 dilexerunt;
1816 2057 1968 2111 unde

291 2141 585 2196 Joannes:
608 2140 925 2212 Diligamus
944 2141 1411 2212 Deum,quoniam
1439 2147 1555 2215 ipse
1576 2146 1752 2215 prior
1774 2143 1969 2199 dilesz

294 2246 389 2285 nos
436 2230 487 2299 (Ι
513 2230 673 2285 Ioan.
712 2246 784 2296 1v,
821 2228 927 2299 10).
963 2230 1072 2284 Sed
1121 2231 1262 2301 quid
1310 2235 1419 2300 est,
1454 2233 1612 2304 quod
1646 2232 1736 2287 ait
1771 2236 1969 2288 vocatis

295 2321 498 2374 sanctis
520 2321 548 2371 .9
589 2315 861 2388 Nunquid
897 2318 1083 2373 sancti
1112 2319 1297 2374 vocati
1329 2321 1521 2375 sunt?
1549 2322 1678 2376 Non
1719 2321 1965 2393 utique;

298 2407 397 2464 sed
418 2406 611 2463 vocati
641 2409 778 2461 sunt
807 2405 1011 2461 sancti.
1038 2406 1256 2463 Similis
1279 2409 1433 2463 enim
1458 2414 1545 2464 est
1578 2409 1711 2464 hzec
1749 2409 1967 2466 locutio

299 2495 383 2550 illi
408 2494 719 2565 Zachariae,
744 2494 843 2564 qui
870 2494 987 2551 ait:
1024 2496 1271 2552 Visitavit
1291 2500 1340 2551 et
1367 2499 1497 2567 fecit
1518 2499 1971 2570 redemptionem

297 2584 476 2656 plebis
525 2598 645 2640 sua."
692 2584 842 2655 (Luc.
892 2600 931 2654 1,
980 2584 1092 2656 48),
1143 2602 1255 2641 non
1295 2602 1421 2657 qua:
1462 2604 1569 2642 sua
1600 2588 1834 2657 fuerat,
1867 2591 1964 2645 sed

305 2689 485 2745 quam
504 2672 791 2728 visitando
823 2674 1034 2728 fecerat
1062 2690 1248 2729 suam.
1272 2675 1524 2730 Joannes
1551 2676 1749 2731 etiam
1787 2678 1925 2733 dicit
1953 2696 1967 2734 :

311 2764 374 2819 Ut
403 2763 547 2832 ﬁlios
576 2763 694 2828 Dei,
724 2764 817 2833 qui
848 2769 1006 2817 erant
1024 2762 1276 2835 dispersi,
1298 2774 1656 2835 congregaret
1686 2767 1759 2820 in
1793 2783 1970 2822 unum

308 2852 492 2923 (Ioan.
524 2868 601 2920 x1,
632 2851 722 2922 52)
757 2869 769 2907 :
804 2867 994 2922 neque
1024 2852 1180 2908 enim
1211 2852 1460 2924 dispersi
1495 2853 1692 2908 adhuc
1730 2854 1838 2909 filii
1871 2856 1968 2912 Dei

307 2944 500 3009 erant,
535 2940 631 2995 sed
664 2942 1072 3013 congregando
1120 2941 1178 2996 in
1220 2958 1405 2996 unum
1438 2942 1653 2996 fecerat
1682 2960 1787 2999 eos
1820 2945 1969 3001 ﬁlios

308 3029 439 3084 Dei.
472 3029 541 3083 Et
592 3029 867 3085 Salomon
904 3044 915 3083 :
967 3030 1260 3085 Mulierem
1288 3034 1490 3101 fortem
1519 3032 1641 3099 quis
1684 3034 1974 3089 inveniet?

309 3118 500 3188 (Prov.
549 3134 704 3185 XXXI,
758 3117 871 3187 10.)
905 3117 1053 3172 ‘Non
1102 3118 1259 3173 enim
1316 3118 1530 3173 mulier
1576 3118 1722 3187 hinc,
1772 3122 1828 3175 id
1886 3127 1975 3177 est

2056 546 2264 601 Patris
2292 553 2551 620 tantum,
2580 562 2636 611 et
2668 559 2794 614 Filii
2819 546 3182 622 mentionem
3210 569 3363 640 fecit,
3389 577 3451 626 et
3482 546 3594 629 non
3618 575 3746 645 Spi-

2057 635 2224 691 ritus
2248 641 2485 694 sancti?
2504 644 2607 698 Cui
2633 652 3144 721 respondendum:
3168 658 3313 721 Quia
3336 635 3531 730 gratia
3552 669 3608 719 et
3632 635 3742 735 p‘ax

2057 725 2228 779 dona
2252 728 2357 781 Dei
2390 736 2566 800 sunt;
2601 736 2821 793 donum
2855 746 3173 813 autemqDei
3206 753 3293 801 est
3315 725 3573 821 Supiritus
3605 725 3739 807 san-

2059 816 2227 879 ctus,
2259 818 2419 886 quod
2456 823 2735 879 Dominus
2767 829 3128 901 manifestat,
3162 852 3296 889 cum
3330 816 3475 893 dicit
3506 842 3576 895 ad
3608 857 3740 894 mu-

2061 900 2284 957 lierem
2311 908 2741 967 Samaritanam
2773 931 2785 970 :
2818 916 2878 970 Si
2905 921 3073 975 scires
3093 922 3295 979 donum
3318 930 3424 981 Dei
3450 929 3634 997 (Ioan.
3662 945 3737 995 1v,

2066 991 2187 1061 10),
2243 997 2356 1049 etc.
2408 998 2489 1065 Si,
2534 1016 2675 1085 ergo
2728 1005 2917 1074 gratia
2970 1012 3026 1062 et
3074 1028 3185 1081 pax
3237 1014 3389 1069 dona
3440 991 3579 1071 sunt
3615 991 3737 1085 Dei,

2066 1082 2318 1135 constat
2349 1084 2547 1153 procul
2577 1087 2752 1143 dubio
2786 1092 2923 1161 quia
2954 1098 3267 1165 Apostolus
3315 1104 3497 1158 totius
3546 1082 3740 1159 Trini;

2066 1166 2219 1221 tatis
2256 1170 2392 1227 fecit
2432 1176 2808 1232 mentionem.

2146 1302 2341 1373 Igitur
2363 1306 2526 1362 ﬁnita
2547 1308 2895 1368 salutatione
2922 1316 3162 1385 pulchre
3187 1324 3510 1391 Apostolus
3543 1345 3741 1386 narra-

2072 1391 2258 1447 tionis
2308 1411 2425 1449 sua
2474 1399 2776 1453 exordium
2827 1418 2860 1456 a
2904 1404 3228 1474 gratiarum
3271 1413 3444 1481 coepit
3486 1418 3737 1486 actione,

2076 1480 2281 1537 dicens
2317 1500 2328 1537 :
2380 1485 2633 1539 Primum
2675 1489 2893 1559 quidem
2934 1495 3152 1563 gratias
3182 1512 3280 1564 ago
3312 1500 3415 1554 Deo
3450 1519 3589 1571 meo,
3623 1512 3735 1562 etc.

2076 1570 2286 1625 Gratia:
2337 1578 2476 1627 sunt
2523 1573 2748 1647 laudes,
2812 1596 2956 1649 quas
3019 1584 3129 1637 Dco
3192 1586 3517 1646 otferimus.
3553 1598 3615 1647 1n
3667 1612 3735 1649 eo

2077 1658 2294 1730 itaque,
2330 1662 2483 1731 quod
2515 1666 2829 1733 Apostolus
2862 1672 3081 1740 gratias
3131 1674 3251 1744 agit
3298 1676 3415 1732 Deo
3468 1697 3573 1751 pro
3620 1683 3734 1738 ﬁde

2079 1747 2498 1820 Romanorum,
2533 1769 2638 1807 nos
2671 1771 2979 1812 monemur
3010 1764 3075 1814 ut
3104 1762 3173 1816 de
3204 1764 3483 1823 omnibus
3517 1772 3733 1826 nostris

1997 1828 2043 1892 Β
2073 1839 2192 1891 tam
2229 1840 2524 1910 prosperis
2558 1858 2733 1912 quam
2782 1846 3059 1919 adversis,
3093 1856 3150 1905 et
3199 1852 3269 1906 de
3317 1855 3593 1924 aliorum,
3628 1862 3730 1915 sed

2076 1929 2309 1980 tantum
2341 1930 2655 1999 prosperis,
2690 1932 2806 1987 Deo
2854 1936 3071 2006 gratias
3114 1940 3325 1995 refcrre
3358 1947 3726 2004 studeamus.

2076 2014 2188 2067 Sed
2219 2030 2399 2083 quare
2429 2016 2743 2086 Apostolus
2776 2038 2889 2075 non
2924 2024 3207 2093 absolute,
3243 2030 3344 2083 sed
3381 2048 3516 2086 cum
3567 2036 3727 2105 adje-

2078 2101 2266 2156 ctione
2290 2104 2371 2157 ait
2392 2105 2498 2158 Deo
2521 2112 2676 2160 meo?
2694 2109 2941 2179 Scilicet,
2960 2118 3022 2167 ut
3043 2118 3396 2187 ostenderet,
3415 2121 3551 2191 quia
3573 2101 3728 2180 Deus

2077 2196 2287 2245 natura
2318 2193 2583 2249 omnium
2617 2201 2725 2263 est,
2751 2200 3050 2257 voluntate
3079 2220 3212 2259 vero
3245 2211 3301 2260 et
3333 2211 3563 2277 merito,
3588 2229 3728 2282 pau-

2078 2295 2303 2349 corum,
2327 2279 2385 2333 id
2420 2286 2508 2335 est
2536 2284 2901 2341 solummodo
2928 2288 3270 2347 electorum.
3294 2295 3426 2350 Haec
3453 2314 3587 2368 ergo
3620 2317 3729 2357 vox

2078 2366 2312 2421 illorum
2347 2373 2577 2425 tantum
2609 2378 2717 2438 est,
2745 2375 2814 2430 de
2847 2378 3063 2446 quibus
3094 2380 3380 2438 Dominus
3412 2366 3552 2440 dicit
3579 2406 3591 2442 :
3619 2390 3727 2459 Ego

2074 2472 2196 2510 sum
2227 2457 2369 2511 Deus
2397 2460 2688 2528 Abraham,
2725 2468 2865 2519 Deus
2896 2468 3065 2537 Isaac,
3098 2478 3149 2524 et
3176 2472 3316 2527 Deus
3345 2475 3508 2529 Iacob
3534 2494 3553 2530 ,ο
3588 2494 3725 2534 nam

2076 2543 2138 2598 in
2183 2544 2276 2599 his
2326 2546 2512 2603 tribus
2554 2567 2757 2607 omnes
2788 2557 3369 2625 comprehenduntur
3398 2563 3583 2618 electi.
3620 2566 3726 2622 Per

2078 2649 2253 2704 quem
2284 2635 2501 2705 gratias
2534 2644 2685 2709 agat,
2719 2644 2975 2698 ostendit
3007 2661 3019 2700 :
3063 2651 3173 2701 Per
3198 2652 3389 2704 Iesum
3421 2652 3720 2711 Christum.

2077 2720 2269 2776 laudis
2330 2741 2583 2796 namque
2639 2746 2757 2783 suae
2815 2733 3169 2790 sacriﬁcium
3229 2737 3344 2793 Deo
3405 2742 3721 2813 offerebat;

2078 2810 2346 2881 ideoque,
2372 2818 2435 2867 ut
2464 2821 2694 2885 gratum
2719 2818 2900 2891 ﬁeret,
2926 2838 3029 2892 per
3057 2840 3301 2881 manum
3335 2832 3551 2884 summi
3586 2850 3723 2903 pon-

2078 2899 2253 2954 tiﬁcis
2284 2902 2487 2957 offerre
2517 2905 2777 2977 cupiens,
2812 2908 3003 2965 aiebat
3030 2929 3040 2965 :
3077 2918 3185 2968 Per
3211 2917 3391 2971 Iesum
3426 2899 3719 2977 Christum.

2085 2986 2243 3042 Unde
2275 3007 2380 3044 nos
2404 3008 2710 3048 monemur
2740 3000 2806 3049 ut
2828 2999 3055 3067 quoties
3078 3003 3357 3059 orationis
3380 3012 3612 3073 nostra},
3636 3010 3725 3063 vel

2082 3077 2327 3132 actionis
2358 3078 2606 3149 alicujus
2639 3083 2991 3141 sacriﬁcium
3024 3087 3139 3143 Deo
3180 3092 3386 3147 offerre
3428 3094 3723 3163 volumus,

311 3172 522 3261 sancta
550 3172 829 3273 Ecclesia,
855 3172 1035 3260 [fortis
1084 3223 1117 3260 a
1162 3206 1413 3261 Domino
1450 3206 1687 3261 inventa
1725 3214 1832 3275 est,
1867 3211 1969 3265 sed
2002 3192 2043 3257 C
2086 3180 2185 3234 per
2214 3182 2340 3235 ejus
2371 3184 2609 3223 manum
2655 3172 2987 3228 Offeramus'

312 3295 445 3367 ipse
476 3294 828 3349 inveniendo
861 3292 997 3346 fecit
1026 3308 1150 3347 eam
1206 3294 1436 3348 fortem.

384 3381 660 3439 Ostensis
678 3381 932 3451 denique
948 3380 1165 3451 quibus
1183 3382 1633 3452 scriberet,nihil
1653 3391 1973 3455 supererat,

318 3472 433 3527 nisi
469 3474 535 3525 ut
556 3468 806 3525 salutem
836 3474 1095 3540 poneret,
1121 3470 1291 3541 cujus
1322 3470 1448 3526 loco
1470 3471 1666 3541 posuit
1695 3489 1896 3543 pacem
1920 3479 1977 3529 et

314 3560 593 3633 gratiam,
627 3558 911 3625 subdens,
940 3561 1124 3628 gratia
1152 3560 1319 3629 vobis,
1351 3568 1403 3614 et
1446 3575 1560 3630 pax
1601 3576 1635 3614 a
1680 3562 1784 3616 Deo
1812 3564 1976 3618 Patre

318 3657 529 3717 nostro,
562 3655 612 3703 et
639 3648 872 3703 Domino
899 3651 1031 3703 Iesu
1065 3647 1299 3704 Christo.
1334 3649 1495 3711 Quod
1528 3647 1669 3703 dicit
1698 3666 1732 3704 τι
1759 3651 1872 3707 Deo
1902 3654 1973 3709 ad

320 3737 573 3811 gratiam
606 3740 664 3792 et
706 3752 913 3807 pacem
947 3736 1272 3807 respondet.
1307 3738 1378 3791 Et
1409 3741 1540 3807 apte
1570 3737 1806 3809 quidem
1838 3756 1972 3812 gra-

321 3827 471 3882 tiam
503 3842 536 3879 a
556 3830 667 3880 Deo
698 3824 861 3893 dicit,
886 3824 1164 3895 quoniam
1198 3827 1435 3879 noverat
1463 3841 1590 3880 esse
1621 3825 1692 3879 ab
1725 3825 1974 3883 homini-

320 3916 456 3981 bus;
472 3913 1216 3986 quemadmodumJudices
1230 3928 1503 3983 personas
1518 3912 1971 3985 considerantes,

320 4002 411 4059 vel
443 4003 763 4075 cupiditate
795 4000 1041 4070 astricti,
1076 4000 1274 4067 illecti,
1305 4001 1393 4055 vel
1445 4002 1654 4056 timore
1686 4005 1973 4071 perterriti

318 4093 545 4165 gratias
575 4090 922 4147 hominibus
948 4093 1223 4161 praestare
1244 4088 1452 4145 solent.
1477 4088 1758 4145 Similiter
1785 4097 1843 4147 et
1873 4110 1973 4165 pa-

319 4197 449 4237 cem
483 4197 516 4235 a
545 4180 661 4235 Deo
692 4182 876 4251 optat,
912 4180 1188 4249 quoniam
1223 4183 1459 4234 noverat
1489 4195 1616 4235 esse
1649 4196 1848 4251 pacem
1901 4182 1972 4237 ab

316 4269 686 4339 hominibus,
710 4269 782 4323 de
809 4284 926 4339 qua
946 4267 1229 4322 Dominus
1257 4267 1317 4321 in
1340 4267 1680 4339 Evangelio:
1708 4270 1823 4325 Non
1847 4289 1974 4342 qua-

317 4361 433 4415 lem
460 4374 651 4430 pacem
681 4358 930 4412 mundus
959 4356 1071 4423 dat,
1105 4372 1200 4424 ego
1246 4355 1311 4411 do
1358 4358 1508 4411 vobis
1537 4359 1718 4425 (Joan.
1752 4375 1826 4429 ιν,
1862 4362 1970 4429 10).

317 4450 390 4505 Et
410 4447 756 4517 notandum,
773 4445 914 4518 quia
933 4443 1237 4517 principali
1257 4444 1487 4516 egregio
1505 4445 1707 4501 ordine
1724 4447 1973 4518 gratiam

319 4537 452 4611 paci
487 4534 803 4607 praeposuit
837 4551 849 4589 :
901 4533 1091 4605 gratia
1121 4533 1277 4588 enim
1310 4537 1565 4623 est,iqua
1595 4534 1707 4605 (77)
1740 4540 1975 4606 peccata
2004 4558 2050 4623 D

314 4626 635 4693 laxantur;
667 4642 779 4696 pax
810 4628 1030 4691 autem,
1058 4640 1175 4694 qua
1199 4622 1644 4678 reconciliamur
1664 4624 1800 4679 Deo.
1833 4630 1971 4682 Pec-

316 4719 452 4772 cata
471 4713 627 4770 enim
652 4718 855 4769 nostra
880 4712 1207 4768 diviserunt
1228 4728 1334 4767 nos
1362 4729 1395 4767 a
1420 4713 1528 4767 Deo
1550 4714 1684 4785 (78),
1709 4718 1765 4769 et
1792 4715 1975 4771 aversi

318 4820 563 4860 eramus
614 4803 684 4859 ab
728 4819 815 4858 eo.
850 4802 996 4866 Quia
1037 4819 1173 4875 ergo
1207 4802 1347 4855 dum
1381 4818 1482 4872 per
1511 4803 1759 4873 gratiam
1793 4805 1857 4858 ﬁt
1890 4822 1974 4859 re-

318 4893 530 4950 missio
561 4896 959 4965 peccatorum,
984 4890 1434 4947 reconciliamur
1458 4890 1594 4959 Deo,
1620 4892 1748 4964 ipsa
1777 4910 1976 4948 recon-

320 4982 547 5039 ciliatio
600 4998 712 5055 pax
759 4980 1016 5036 dicitur:
1068 4981 1311 5051 ideoque
1361 4978 1601 5051 pulchre
1630 4982 1818 5052 gratia
1848 4983 1975 5054 paci

399 5108 515 5177 (75)
546 5103 1005 5187 Inautographo
1048 5110 1178 5175 post
1208 5104 1789 5187 verbumhsubjunmit,
1822 5108 1975 5187 quod

322 5176 745 5249 compendiose
791 5176 1089 5261 Isc‘riptum
1148 5180 1271 5241 est,
1301 5176 1590 5257 .additur,
1651 5176 1972 5261 ait,‘_q‘uod

322 5266 434 5322 per
474 5265 727 5305 errorem
778 5249 923 5304 forte
972 5249 1347 5302 amanuensis
1378 5263 1681 5318 perperam
1714 5249 1974 5304 additum

321 5326 518 5461 esE6)
548 5391 933 5463 Conferantur
951 5406 1079 5463 quas
1102 5393 1438 5463 sequuntur
1469 5406 1600 5444 cum
1633 5391 1977 5463 interpreta~

318 5463 509 5529 tione,
544 5480 672 5534 quae
724 5462 971 5518 inferius
1020 5462 1290 5529 habetur,
1323 5462 1677 5518 verborum:
1732 5462 1837 5533 his,
1882 5466 1978 5534 qui

319 5536 634 5592 secundum
647 5537 984 5619 propositum
1001 5535 1173 5618 vagati
1186 5540 1316 5588 sunt
1331 5535 1510 5619 sancti
1512 5538 1587 5599 ,et
1602 5535 1975 5619 sequentium

323 5553 634 5592 secundum
647 5553 747 5606 pro
788 5553 984 5589 032mm
1001 5553 1170 5589 vocati
1186 5553 1315 5588 sum
1331 5553 1587 5615 sanctum
1602 5553 1975 5619 sequentium

323 5608 406 5671 ad
440 5623 567 5689 cap.
599 5624 721 5667 VIII.
744 5553 963 5664 Exinde
992 5604 1146 5664 enim
1179 5619 1381 5664 eruere
1409 5608 1538 5675 erit,
1563 5622 1829 5681 quasnam
1856 5607 1975 5668 illis

2156 3297 2269 3367 (79)
2302 3297 2443 3352 Hinc
2474 3300 2738 3356 Ecclesiae
2772 3309 3131 3363 consuetudo
3164 3313 3482 3386 descendit,
3519 3322 3582 3371 ut
3632 3336 3725 3374 sa-

2085 3385 2346 3441 cerdotes
2371 3387 2618 3459 singulis
2640 3391 2909 3460 precibus
2931 3396 3285 3470 adjungant:
3309 3404 3417 3458 Per
3436 3406 3727 3463 Dominum

2084 3481 2329 3529 nostrum
2356 3476 2536 3531 Iesum
2567 3478 2868 3537 Christum.
2894 3486 3002 3539 Pro
3033 3488 3250 3556 quibus
3282 3496 3478 3548 autem
3507 3496 3726 3567 gratias

2085 3568 2240 3633 agat,
2264 3565 2630 3622 manifestat:
2657 3571 2762 3624 Pro
2782 3574 3034 3629 omnibus
3054 3578 3222 3633 vobis.
3244 3579 3350 3634 Ubi
3376 3565 3590 3639 notand
3601 3603 3721 3652 um,

2084 3652 2223 3724 quia
2245 3669 2358 3707 non
2390 3654 2490 3719 ait,
2513 3673 2615 3726 pro
2647 3660 3031 3732 sapientibus,
3057 3682 3159 3736 pro
3190 3669 3467 3728 divitibus
3495 3691 3507 3729 :
3542 3692 3613 3730 ne
3642 3676 3725 3729 vi-

2086 3741 2318 3796 deretur
2348 3760 2729 3813 personarum
2764 3755 3031 3821 acceptor
3073 3757 3173 3811 sed
3220 3761 3589 3829 generaliter,
3621 3781 3724 3835 pro

2082 3829 2279 3897 vobis;
2308 3847 2372 3885 ac
2400 3831 2448 3886 si
2471 3832 2703 3903 diceret,
2732 3835 2789 3890 in
2824 3838 3048 3895 unitate
3072 3844 3205 3898 ﬁdei
3234 3849 3590 3905 constitutis.
3615 3856 3728 3907 Cur

2085 3922 2278 3972 autem
2312 3920 2531 3989 gratias
2562 3926 2713 3993 agat,
2749 3926 3008 3995 aperitur
3045 3946 3178 3985 cum
3226 3935 3535 4004 subditur;
3588 3939 3728 4005 Quia

2083 4003 2213 4071 ﬁdes
2232 4009 2411 4058 vestra
2438 4011 2810 4063 annuntiatur
2836 4013 2895 4065 in
2917 4016 3174 4070 universo
3203 4020 3424 4075 mundo.
3451 4023 3618 4079 Fides
3641 4032 3729 4081 est

2086 4091 2391 4147 Trinitatis
2423 4095 2733 4163 confessio,
2764 4104 2820 4151 et
2850 4100 3029 4156 totius
3060 4104 3291 4173 pietatis
3337 4125 3402 4161 ac
3453 4110 3727 4169 bonitatis

2086 4179 2556 4250 fundamentum,
2590 4189 2764 4255 atque
2806 4187 3023 4260 religio.
3067 4193 3231 4250 Fides
3262 4195 3496 4253 illarum
3530 4217 3727 4257 rerum

2084 4272 2190 4334 est,
2216 4287 2341 4341 quae
2375 4287 2487 4326 non
2518 4271 2804 4329 videntur.
2833 4276 2992 4333 Unde
3022 4281 3332 4352 Apostolus
3365 4303 3377 4340 :
3420 4291 3513 4343 Est
3544 4294 3728 4345 autem

2084 4357 2218 4426 ﬁdes
2264 4362 2597 4430 sperandum
2649 4364 2957 4422 substantia
2978 4385 3182 4442 rerum,
3207 4382 3593 4445 argumentum
3622 4398 3732 4437 non

2082 4450 2468 4518 apparentium
2523 4451 2703 4522 (Hebr.
2754 4472 2830 4522 x1,
2883 4457 2955 4527 1).
3009 4459 3175 4515 Fides
3208 4463 3441 4529 dicitur,
3474 4483 3541 4522 eo
3571 4470 3727 4539 quod

2084 4535 2149 4589 ﬁt
2164 4536 2221 4590 id
2241 4539 2393 4607 quod
2412 4539 2625 4595 dicitur
2641 4546 2741 4596 aut
2757 4546 3136 4613 promittitur.
3156 4552 3317 4615 Quod
3340 4558 3534 4610 autem
3554 4535 3725 4614 dicit:

2083 4626 2145 4678 In
2178 4628 2429 4682 universo
2458 4630 2688 4697 mundo,
2713 4631 2761 4685 si
2794 4632 3139 4704 simpliciter
3168 4641 3403 4709 quidem
3438 4642 3727 4719 intelliga-

2089 4729 2241 4781 mus,
2276 4716 2577 4772 universas
2628 4720 2833 4774 mundi
2880 4722 3063 4779 voluit
3116 4726 3360 4800 intelligi
3414 4716 3731 4802 partesiEt

2088 4807 2239 4857 certe
2270 4804 2457 4875 potuit
2488 4806 2633 4873 ﬁeri,
2668 4809 2945 4877 quoniam
2980 4816 3222 4869 Romani
3256 4822 3393 4873 tunc
3426 4837 3571 4891 pene
3602 4839 3724 4877 om-

2086 4890 2260 4946 nibus
2282 4894 2553 4963 gentibus
2587 4894 2969 4966 imperabant,
2997 4906 3060 4956 ut
3089 4903 3245 4959 fama
3270 4907 3403 4962 ﬁdei
3430 4890 3633 4964 eorum
3655 4913 3725 4966 ad

2088 4980 2389 5036 universas
2421 4983 2625 5037 mundi
2665 4987 3044 5056 pervolaverit
3073 4998 3285 5063 partes.
3322 4997 3640 5052 Possumus
3672 5003 3729 5053 et

2086 5105 2987 5196 tjem'poribus‘fueiit‘doctorum
3039 5120 3095 5170 et
3147 5118 3407 5196 Ecclesiae
3439 5120 3727 5178 sententia

2086 5176 2157 5231 de
2190 5176 2261 5231 iis
2293 5194 2418 5247 quae
2452 5178 2623 5233 hodie
2654 5184 2876 5238 tantam
2912 5185 3070 5240 litem
3104 5194 3352 5243 movent.

2158 5248 2268 5318 (77)
2302 5249 2362 5302 In
2396 5253 2754 5329 autographo
2786 5254 2909 5310 loco
2935 5274 3038 5328 qua
3060 5257 3271 5329 legitur
3291 5261 3436 5329 quia.
3463 5259 3603 5315 Mihi
3636 5268 3728 5319 ta-

2087 5335 2219 5373 men
2246 5322 2456 5394 menda
2480 5322 2604 5376 visa
2623 5322 2710 5377 est
2736 5322 3211 5394 amanu‘ensisIet
3243 5322 3452 5385 melius
3476 5336 3729 5392 auctoris

2086 5407 2324 5445 sensum
2358 5393 2436 5446 ita
2478 5395 2699 5450 referri.

2156 5463 2269 5588 (7t8)
2301 5463 2488 5519 Verba
2509 5471 2805 5536 peccata...
2827 5472 2940 5524 Deo
2963 5470 3021 5524 in
3045 5470 3308 5543 margine
3331 5472 3590 5532 inferiori
3613 5476 3727 5537 sita

2160 5550 2195 5588 n
2230 5575 2242 5587 .

2084 5550 2242 5589 sunt.

2157 5605 2267 5683 (79)
2297 5606 2363 5665 In
2395 5624 2580 5683 marg.
2614 5624 2739 5682 cap.
2774 5608 2843 5667 II.
