4114 6172
397 239 512 297 135

1407 233 1745 296 ATTONIS
1795 232 2381 296 VERCELLENSIS
2425 230 2780 294 EPISCOPI

3686 229 3804 292 I36

402 385 505 442 per
533 367 936 440 synecdochen
971 365 1192 423 dictum
1223 365 1566 439 intelligere,
1598 370 1665 421 ut
1693 384 1727 422 a
1756 370 1875 422 toto
1907 383 2035 438 par-
2068 367 2120 433 Α
2151 366 2438 422 funderet.
2472 365 2590 421 Hoc
2619 365 2820 436 itaque
2847 365 3000 420 dicto
3031 378 3094 420 se
3141 363 3396 419 ostendit
3426 342 3794 436 impletorem

397 464 513 515 tem
557 457 937 530 accipiamus.

465 547 743 618 Sequitur
774 565 788 602 :
844 548 1004 602 Testis
1032 546 1174 601 mihi
1208 553 1285 601 est
1314 545 1478 611 Deus,
1508 546 1600 600 cui
1626 547 1803 601 servio
1835 547 1894 600 in
1921 546 2038 615 spi-

396 638 510 692 ritu
533 653 651 692 meo
682 638 739 692 in
761 636 1052 707 Evangelia
1071 636 1210 691 Filii
1236 635 1372 706 ejus,
1398 639 1509 689 etc.
1538 634 1637 689 llic
1660 635 2038 706 quaerendum

394 730 503 793 est,
519 742 698 796 quare
717 721 1291 796 juravitApostolus,
1317 739 1450 778 cum
1472 722 1758 778 Dominus
1780 723 1838 778 in
1861 724 2040 778 Evan-

394 814 543 886 gelio
575 813 915 886 praecipiat:
967 813 1144 867 Nolite
1191 814 1387 880 iurare
1436 813 1659 867 omnino
1711 814 1886 879 (Joan.
1920 830 2035 881 xxv,

396 902 795 976 17).Nunquid
820 905 1020 956 contra
1040 901 1272 957 Domini
1296 904 1648 972 praeceptum
1673 901 2039 974 egitAposto-

393 993 526 1048 lus?
551 993 808 1057 Minime,
833 990 939 1045 Sed
966 991 1026 1045 in
1048 1007 1114 1045 eo
1141 991 1294 1061 quod
1323 990 1607 1045 Dominus
1629 990 1900 1061 praecepit
1920 1007 2034 1045 non

393 1099 520 1138 esse
543 1081 889 1152 jurandum,
912 1085 969 1134 et
989 1077 1306 1150 Apostolus
1328 1079 1559 1149 iuravit,
1585 1080 1759 1134 datur
1790 1079 2034 1151 intelligi

391 1171 530 1242 quia
543 1170 823 1226 Dominus
840 1185 955 1224 non
976 1168 1248 1240 precepit
1264 1168 1823 1240 nequisjuramento
1837 1172 2038 1224 utatur

389 1261 448 1315 in
483 1259 848 1324 necessariis,
881 1257 982 1313 sed
1031 1261 1098 1312 ut
1143 1273 1315 1312 nemo
1337 1259 1744 1328 juramentum
1778 1260 2034 1330 appetat,

391 1349 563 1422 quasi
593 1363 895 1404 summum
925 1347 1169 1402 bonum.
1201 1350 1349 1401 Sunt
1400 1347 1556 1401 enim
1601 1346 1868 1418 quaedam
1919 1362 2032 1414 res,

388 1456 516 1511 quas
550 1442 607 1492 et
633 1437 692 1491 in
725 1454 787 1492 se
818 1440 875 1491 et
907 1452 1008 1507 per
1037 1451 1099 1490 se
1129 1436 1292 1490 bona:
1322 1439 1478 1502 sunt,
1513 1439 1570 1491 et
1599 1435 1726 1490 ideo
1758 1440 2033 1508 appeten-

389 1528 497 1598 dze,
530 1531 595 1581 ut
623 1525 906 1595 virtutes;
942 1527 1082 1580 sunt
1112 1523 1257 1594 aliis,
1293 1539 1396 1579 nec
1440 1524 1501 1578 in
1552 1540 1633 1595 se,
1667 1541 1771 1579 nec
1822 1541 1926 1596 per
1971 1540 2033 1579 se

389 1616 573 1682 bonae,
605 1615 706 1670 sed
745 1629 849 1684 pro
880 1611 1010 1668 aliis
1040 1612 1402 1680 necessariis,
1433 1612 1586 1668 sicut
1614 1611 1800 1680 cibus,
1837 1617 2030 1684 potus,

385 1709 443 1760 et
471 1705 909 1759 vestimentum.
933 1700 1063 1756 Haec
1085 1702 1238 1756 enim
1273 1701 1602 1757 necessaria
1627 1705 1764 1757 sunt
1795 1702 1867 1757 ad
1902 1718 2032 1757 sus-
2065 1740 2112 1804 B

387 1792 768 1847 tentationem
799 1789 927 1846 vita:
960 1790 1283 1862 praesentis,
1317 1791 1418 1846 sed
1450 1807 1586 1855 non,
1621 1794 1688 1846 ut
1731 1807 2033 1846 summum

387 1881 629 1946 bonum,
653 1879 995 1951 appetenda.
1019 1877 1298 1932 Similiter
1317 1883 1373 1933 et
1385 1880 1817 1950 juramentum,
1847 1895 1952 1934 nec
1975 1878 2034 1934 in

390 1985 470 2035 se,
497 1984 600 2023 nec
631 1983 734 2038 per
764 1983 825 2022 se
856 1967 1071 2022 bonum
1093 1971 1218 2035 est;
1254 1967 1354 2021 sed
1379 1967 1514 2038 quis
1547 1971 1736 2039 potest
1761 1984 1826 2023 eo
1860 1966 1943 2022 uti
1975 1967 2034 2022 in

389 2055 784 2113 necessariis?
814 2055 971 2113 verbi
1006 2054 1211 2128 gratia,
1245 2055 1333 2111 vis
1373 2055 1628 2126 aliquem
1685 2057 1914 2112 trahere
1961 2055 2036 2111 ad

389 2146 586 2212 ﬁdem,
620 2149 676 2198 et
705 2143 803 2198 ille
835 2144 939 2197 tibi
971 2145 1202 2199 credere
1246 2161 1360 2199 non
1400 2144 1546 2210 vult,
1580 2146 1693 2200 nisi
1733 2146 1936 2216 jures;
1971 2149 2035 2200 tu

389 2250 548 2306 ergo,
583 2233 632 2288 si
683 2249 750 2288 ea
794 2231 1134 2299 intentione,
1169 2249 1286 2303 qua
1334 2233 1671 2303 Apostolus,
1718 2235 2032 2304 juraveris,

393 2339 508 2378 non
538 2337 717 2377 erras.
751 2320 894 2376 Hinc
925 2319 1206 2376 Dominus
1238 2322 1298 2374 in
1330 2321 1634 2393 Evangelia
1666 2322 1841 2378 dicit:
1874 2324 2037 2392 Quod

394 2411 480 2466 his
507 2411 750 2482 amplius
777 2414 880 2478 est,
902 2427 934 2464 a
964 2410 1116 2465 malo
1147 2418 1223 2464 est
1246 2410 1453 2482 (Matth.
1482 2427 1534 2476 v,
1559 2411 1668 2480 37).
1694 2411 1801 2466 Ubi
1835 2416 2037 2468 notan-

394 2501 561 2566 dum,
594 2500 730 2572 quia
761 2516 875 2554 non
907 2499 1009 2569 ait,
1044 2499 1253 2554 malum
1283 2502 1382 2565 est,
1415 2500 1537 2567 sed,
1571 2517 1606 2554 a
1646 2502 1791 2555 malo
1820 2509 1938 2562 est;
1970 2519 2035 2557 ac

394 2589 444 2644 si
477 2591 729 2645 diceret:
765 2589 926 2654 Quod
949 2592 1011 2642 tu
1038 2590 1228 2658 juras,
1256 2589 1327 2643 ab
1357 2587 1517 2643 illius
1539 2587 1693 2644 malo
1715 2590 2034 2657 descendit,

393 2677 490 2748 qui
517 2679 785 2748 tejurare
805 2678 1011 2748 coegit.
1030 2677 1313 2732 Dominus
1335 2676 1512 2749 igitur
1533 2675 1746 2732 idcirco
1769 2679 2038 2750 praecepit

397 2784 511 2822 non
531 2765 1094 2837 essejurandum,ne
1111 2765 1243 2836 quis
1262 2781 1363 2837 per
1378 2766 2036 2838 assiduitatemjurandi

394 2857 453 2912 in
487 2855 810 2927 perjurium
843 2853 1084 2908 incidat.
1108 2853 1276 2920 Nam,
1301 2854 1451 2910 sicut
1477 2854 1576 2926 qui
1608 2873 1721 2910 non
1752 2855 2034 2928 loquitur,

394 2962 509 3000 non
542 2943 844 3009 mentitur,
879 2942 960 2998 ita
989 2942 1090 3014 qui
1121 2959 1236 2998 non
1259 2942 1441 3012 jurat,
1476 2960 1591 2998 non
1624 2943 1901 3015 perjurat.
1925 2945 2037 3000 Sed

393 3035 533 3106 quid
565 3037 672 3099 est,
707 3032 860 3104 quod
892 3048 954 3088 se
983 3032 1300 3104 Apostolus
1331 3031 1389 3087 in
1433 3031 1642 3104 spiritu
1676 3033 1889 3088 servire
1918 3033 2035 3090 Deo

2150 455 2308 511 illius
2339 455 2631 527 praecepti,
2666 455 2819 526 quod
2853 453 2992 508 alibi
3023 452 3238 521 docuit,
3271 451 3467 508 dicens
3501 470 3516 508 :
3555 452 3690 508 Sine
3714 456 3800 510 in-

2149 545 2490 600 termissione
2520 549 2675 600 orate
2703 543 2749 614 (ι
2783 543 2959 598 Thess.
2989 559 3048 610 ν,
3082 542 3189 613 17).
3231 543 3340 600 Sed
3374 558 3554 614 quare
3583 542 3796 599 Roma-

2148 633 2240 688 nis
2269 632 2530 688 indicare
2558 631 2762 701 voluit,
2795 632 2951 703 quod
2993 647 3224 704 semper
3270 648 3374 704 pro
3424 631 3508 687 eis
3555 632 3798 688 oraret?

2148 721 2255 785 Qui
2278 721 2435 777 enim
2462 737 2698 777 necesse
2722 724 2812 778 est
2831 720 3037 776 amicis
3059 720 3275 776 nostris
3304 719 3584 787 indicare,
3607 721 3656 775 si
3688 737 3794 793 pro

2146 811 2231 865 eis
2261 826 2499 866 oramus
2519 811 2546 864 ‘I
2578 810 2690 865 Hoc
2737 809 2868 865 ideo
2896 808 3208 881 Apostolus
3256 808 3393 881 egit,
3426 813 3492 864 ut
3543 809 3794 866 Romani

2147 900 2335 971 magis
2364 916 2500 955 eum
2531 897 2858 970 diligerent,
2891 903 2948 954 et
2977 899 3106 970 ejus
3138 898 3441 970 praeceptis
3469 898 3794 956 obedirent.

2144 988 2329 1060 Magis
2359 987 2575 1060 quippe
2607 1005 2712 1044 nos
2742 987 3012 1054 audiunt,
3044 988 3143 1058 qui
3175 985 3449 1059 diligunt,
3476 1003 3654 1059 quam
3687 987 3793 1060 qui

2144 1077 2276 1133 odio
2308 1077 2542 1132 habent.
2575 1079 2842 1132 Attamen
2870 1076 3184 1148 Apostolus
3215 1076 3597 1132 intentionem
3629 1081 3690 1132 et
3715 1079 3792 1132 ﬂ-

2143 1181 2279 1222 nem
2306 1167 2396 1222 sui
2421 1165 2643 1237 placiti,
2670 1183 2784 1221 non
2811 1167 2869 1221 in
2891 1183 2974 1232 se,
2997 1167 3098 1222 sed
3120 1165 3180 1220 in
3203 1165 3447 1222 Domino
3468 1166 3793 1238 constituit,

2145 1259 2211 1310 ut
2239 1271 2342 1327 per
2370 1254 2740 1312 dilectionem
2771 1272 2940 1312 suam
2975 1255 3320 1327 perduceret
3348 1270 3452 1312 eos
3496 1255 3568 1311 ad
3616 1255 3792 1313 dilec-

2143 1342 2366 1400 tionem
2399 1344 2520 1400 Dei.

2214 1432 2491 1505 Sequitur
2522 1450 2534 1488 :
2589 1433 2903 1501 Obsecrans,
2937 1436 2998 1488 ut
3038 1435 3089 1488 si
3131 1432 3397 1504 quomodo
3427 1432 3652 1489 tandem
3679 1435 3794 1490 alio

2143 1522 2361 1594 quando
2389 1538 2712 1594 prosperum
2740 1525 2846 1578 iter
2869 1522 3102 1578 habeam
3140 1523 3202 1577 in
3248 1523 3526 1578 voluntate
3554 1523 3655 1578 Dei
3698 1537 3794 1579 ve-

2141 1610 2336 1666 niendi
2355 1611 2425 1666 ad
2456 1627 2562 1667 vos.
2586 1611 2969 1668 Proﬁciseens
2991 1610 3308 1682 Apostolus
3331 1611 3403 1668 ad
3425 1609 3789 1684 praedicatio-

2148 1699 2241 1756 nis
2271 1700 2552 1767 ofﬁcium,
2584 1701 2824 1773 optabat
2860 1700 3132 1773 precibus
3177 1705 3235 1756 et
3286 1700 3792 1758 obsecrationibus

2145 1787 2424 1856 obtinere,
2459 1793 2525 1844 ut
2567 1806 2914 1862 prosperum
2962 1789 3072 1846 iter
3119 1789 3360 1846 haberet
3404 1789 3674 1845 veniendi
3713 1790 3789 1846 ad

2147 1877 2458 1933 Romanos.
2501 1879 2611 1934 Sed
2643 1895 2823 1950 quare
2853 1879 3098 1950 addidit,
3131 1881 3192 1934 in
3222 1880 3499 1936 voluntate
3525 1880 3664 1935 Dei!
3692 1877 3791 1936 Vl-

2145 1965 2373 2038 delicet,
2408 1967 2548 2039 quia
2576 1973 2814 2024 noverat
2853 1985 2981 2024 esse
3018 1969 3463 2040 prosperitatem
3512 1968 3637 2024 sine
3687 1985 3792 2024 vo-

2145 2058 2369 2119 luntate
2399 2056 2547 2112 Dei:
2600 2073 2732 2113 ecce
2778 2056 2933 2112 enim
2986 2056 3126 2112 mali
3171 2055 3594 2128 temporalibus
3623 2058 3795 2115 bonis

2147 2151 2565 2218 prosperantur
2593 2147 2706 2218 (80)
2733 2164 2748 2214 ;
2780 2147 2882 2202 sed
2915 2147 3036 2202 haec
3068 2145 3425 2218 prosperitas
3458 2159 3575 2201 non
3609 2151 3698 2203 est
3724 2159 3794 2204 ex

2143 2236 2440 2292 voluntate
2468 2235 2590 2291 Dei.
2623 2235 2900 2308 Sequitur
2931 2253 2943 2292 :
3001 2236 3255 2291 Desidero
3285 2237 3438 2292 enim
3465 2234 3651 2292 videre
3676 2251 3790 2309 vos,

2144 2333 2206 2380 ut
2241 2325 2456 2395 aliquid
2497 2326 2806 2396 impertiar,
2836 2328 2944 2380 etc.
2980 2323 3093 2380 Cur
3140 2325 3511 2380 desiderabat
3557 2341 3658 2382 eos
3706 2325 3791 2382 vi-

2145 2414 2280 2468 dere
2299 2413 2328 2467 ‘l
2356 2412 2652 2484 Numquid
2688 2412 2937 2468 levitatis
2966 2413 3186 2482 studio,
3214 2412 3370 2469 sicut
3397 2413 3669 2471 homines
3697 2429 3796 2486 pa-

2145 2505 2339 2558 rentes
2372 2519 2530 2569 suos,
2555 2501 2748 2558 studio
2779 2500 3103 2574 epulandi?
3133 2502 3279 2557 Non.
3302 2502 3414 2558 Sed
3446 2502 3571 2575 ipse
3600 2503 3794 2560 reddit

2144 2607 2406 2657 causam,
2441 2591 2660 2658 dicens,
2691 2594 2752 2645 ut
2795 2591 3007 2662 atiquid
3049 2592 3343 2662 impertiar
3383 2591 3538 2648 vobis
3561 2595 3790 2662 ,θνατῶν

2143 2681 2456 2751 spiritalis:
2490 2680 2547 2734 id
2577 2683 2684 2744 est,
2709 2685 2774 2734 ut
2802 2680 3127 2735 doctrinam
3154 2684 3211 2735 et
3240 2679 3593 2736 miraculum
3622 2682 3790 2738 vobis

2144 2768 2400 2824 tribuam
2431 2769 2825 2840 patrationum
2849 2768 2980 2840 (81).
3008 2770 3091 2823 Ad
3125 2769 3264 2841 quid
3297 2773 3491 2825 autem
3524 2770 3646 2828 haec
3674 2771 3789 2826 im-

2145 2856 2344 2928 pertiri
2372 2856 2529 2925 velit,
2553 2857 2830 2928 aperitur,
2851 2873 2983 2912 cum
3015 2857 3324 2912 subditur:
3359 2859 3438 2913 Ad
3465 2860 3798 2930 conﬁrman-

2145 2945 2238 3000 dos
2284 2961 2393 3013 vos,
2425 2944 2641 3017 quibus
2691 2945 2880 3001 verbis
2933 2945 3188 3001 ostendit
3233 2962 3333 3003 eos
3382 2947 3575 3003 adhuc
3627 2961 3794 3020 egere

2146 3032 2281 3089 ﬁdei
2304 3033 2764 3102 conﬁrmatione,
2788 3034 3060 3105 quamvis
3090 3050 3188 3091 eos
3213 3035 3486 3107 superius
3515 3035 3794 3093 laudibus

393 3124 621 3189 asserit,
655 3138 789 3178 cum
822 3121 1093 3188 servitus,
1127 3121 1387 3193 corporis
1418 3121 1496 3177 sit
1537 3121 1818 3186 ofﬁcium,
1852 3122 2034 3178 oratio
2065 3107 2108 3174 C
2147 3121 2488 3194 praetulerit,
2513 3137 2581 3177 ea
2609 3122 2832 3178 scilicet
2861 3123 3200 3188 intentione,
3224 3128 3399 3194 utea,
3423 3141 3551 3196 qua)
3583 3124 3640 3179 in
3674 3124 3794 3182 illis

391 3229 547 3281 vero,
579 3211 794 3266 mentis
817 3209 845 3264 ‘l
873 3211 1146 3266 Attamen
1176 3210 1483 3265 sciendum
1514 3210 1653 3281 quia
1699 3211 1893 3282 majus
1923 3210 2032 3266 ali-

393 3301 531 3373 quid
555 3300 738 3355 voluit
758 3300 1178 3366 demonstrare,
1194 3298 1415 3354 scilicet
1433 3298 1548 3352 vim
1571 3316 1690 3354 suae
1714 3300 2034 3355 devotionis

391 3394 447 3445 et
485 3388 826 3444 affectionis.
861 3387 1053 3442 Potest
1099 3387 1255 3442 enim
1303 3387 1514 3457 aliquis
1561 3387 1687 3443 sine
1733 3389 2033 3444 devotione

392 3477 482 3532 vel
503 3476 804 3532 affectione
830 3491 994 3531 orare
1018 3491 1031 3529 :
1055 3478 1455 3530 verumtamen
1479 3475 1605 3530 sine
1625 3475 1717 3530 his
1738 3475 1797 3529 in
1825 3475 2032 3546 spiritu

393 3565 511 3621 Deo
541 3565 753 3621 servire
794 3580 964 3619 nemo
1013 3567 1222 3635 potest.
1258 3563 1329 3618 Ut
1372 3580 1508 3634 ergo
1559 3563 1870 3634 Apostolus
1917 3582 2034 3620 suae

394 3655 610 3710 mentis
641 3654 1027 3723 devotionem,
1050 3653 1532 3730 atl‘ectionemque
1560 3654 1908 3724 ostenderet,
1932 3655 2034 3709 ad-

385 3744 528 3815 jecit
555 3760 568 3798 :
598 3744 661 3798 In
681 3743 974 3812 Evangelia
993 3742 1100 3811 ﬁlii
1121 3743 1257 3812 ejus.
1281 3741 1417 3796 Sine
1439 3741 1748 3813 Evangelio
1780 3759 2034 3814 namque

392 3837 508 3888 Deo
538 3832 753 3887 servire
783 3830 982 3886 nullus
1013 3835 1223 3902 potest.
1245 3831 1359 3886 Cur
1388 3836 1584 3885 autem
1611 3831 1794 3886 Deum
1825 3836 2034 3888 testem

391 3921 698 3988 vocaverit,
730 3920 1008 3991 ostendit,
1040 3919 1404 3992 subjungens
1438 3937 1450 3976 :
1503 3920 1656 3988 Quod
1693 3923 1814 3976 sine
1859 3923 2033 3977 inter-

393 4012 653 4067 missione
668 4010 996 4065 memoriam
1017 4011 1179 4086 vestri
1196 4009 1342 4079 facio
1365 4025 1576 4081 semper
1604 4011 1664 4065 in
1693 4011 2034 4066 orationibus

391 4102 550 4169 meis,
581 4104 638 4154 et
667 4098 912 4170 reliqua.
938 4098 1085 4162 Quid
1117 4103 1226 4166 est,
1250 4099 1405 4169 quod
1436 4115 1498 4154 se
1529 4099 1670 4154 dicit
1698 4116 1948 4171 semper,
1980 4104 2036 4155 et

394 4187 521 4243 sine
551 4186 1006 4252 intermissione,
1036 4187 1378 4241 memoriam
1419 4187 1606 4242 facere
1637 4187 2033 4256 Romanorum

397 4279 454 4332 in
486 4275 847 4330 orationibus
869 4273 1035 4330 suis?
1063 4274 1341 4345 Nunquid
1364 4291 1477 4330 non
1501 4276 1913 4347 manducabat,
1936 4281 2037 4332 aut

399 4364 684 4420 bibebat?
714 4363 797 4421 Ne
835 4379 971 4436 ergo
1002 4363 1359 4419 contrarium
1394 4363 1677 4436 videatur,
1709 4364 2035 4438 intelligen-

2143 3209 2487 3282 corrigenda
2534 3215 2720 3277 erant,
2754 3209 2986 3268 facilius
3031 3211 3240 3285 corrigi
3290 3223 3546 3284 possent.
3580 3214 3643 3268 In
3675 3230 3792 3286 quo

2143 3299 2292 3353 facto
2341 3315 2448 3354 nos
2497 3315 2826 3370 monemur,
2859 3305 2925 3354 ut
2973 3301 3201 3372 quoties
3230 3301 3289 3356 in
3323 3302 3589 3374 personis
3620 3302 3793 3359 nobi-

2142 3387 2286 3442 lium
2301 3386 2499 3459 aliqua
2511 3388 2988 3458 reprehensibilia
3001 3389 3288 3462 corrigere
3300 3390 3788 3464 volumus,prins,

2143 3476 2194 3531 si
2225 3471 2342 3547 qua
2364 3481 2504 3532 sunt
2533 3476 2591 3531 in
2621 3475 2735 3532 illis
2768 3477 2940 3547 bona,
2963 3477 3239 3534 laudibus
3270 3480 3668 3551 praeferamus.
3690 3482 3787 3538 Se-

2144 3565 2345 3636 quitur
2370 3581 2383 3620 :
2415 3564 2474 3620 Id
2500 3573 2600 3630 est,
2629 3565 2800 3620 simul
2828 3567 3103 3622 consolari
3131 3569 3191 3622 in
3220 3570 3388 3625 vobis.
3414 3569 3792 3626 Desiderabat

2145 3653 2347 3725 utique
2365 3653 2682 3725 Apostolus
2703 3669 2765 3710 se
2787 3655 3074 3710 consolari
3096 3655 3156 3711 in
3180 3657 3482 3724 Romanis,
3502 3662 3563 3714 et
3583 3659 3790 3715 Roma-

2144 3759 2252 3798 nos
2302 3741 2362 3797 in
2411 3758 2494 3807 se,
2525 3747 2582 3798 et
2630 3757 2746 3799 non
2796 3760 2864 3799 ex
2913 3761 3033 3799 una
3073 3748 3302 3800 tantum
3345 3751 3526 3818 parte,
3561 3747 3660 3803 sed
3695 3762 3801 3820 per

2143 3846 2518 3886 communem
2552 3830 2750 3903 ﬁdem,
2783 3835 2840 3886 et
2887 3832 3074 3888 sancti
3113 3831 3366 3904 Spiritus
3405 3833 3788 3892 illuminatio-

2143 3935 2276 3974 nem
2309 3934 2322 3974 :
2370 3919 2526 3975 unde
2555 3935 2690 3976 mox
2726 3919 3002 3976 subditur
3034 3939 3047 3978 :
3098 3927 3207 3977 Per
3231 3938 3372 3994 eam,
3407 3939 3525 3996 quae
3558 3925 3793 3980 invicem

2141 4010 2242 4077 est,
2271 4007 2402 4078 ﬁdes
2431 4016 2626 4078 vestra,
2659 4013 2825 4081 atque
2851 4025 2971 4065 mea
2996 4010 3130 4082 (82).
3163 4011 3327 4066 Tunc
3356 4011 3513 4068 enim
3543 4015 3789 4085 Aposto-

2143 4095 2237 4152 lus
2278 4096 2339 4150 in
2369 4096 2648 4152 Romanis
2679 4097 3094 4167 consolaretur,
3128 4099 3179 4154 si
3209 4099 3638 4172 praedicationis
3668 4116 3788 4158 sua

2143 4185 2403 4242 ofﬁcium
2432 4185 2492 4242 in
2524 4185 2609 4243 eis
2638 4191 2898 4244 cerneret
2925 4187 3262 4255 solidatum,
3295 4194 3353 4245 et
3389 4190 3503 4262 ipsi
3547 4190 3607 4246 in
3637 4192 3791 4264 Apo-

2145 4274 2316 4343 stolo,
2341 4275 2391 4332 si
2413 4292 2475 4332 se
2494 4276 2757 4347 ejusdem
2779 4277 3162 4350 apostolatus,
3182 4283 3240 4334 et
3257 4278 3563 4350 dignitatis
3583 4275 3795 4335 intelli-

2143 4368 2345 4437 gerent
2396 4366 2514 4420 fore
2562 4365 2874 4437 participes
2923 4367 3058 4439 (83).
3117 4367 3229 4438 (84)
3283 4366 3606 4436 Sequitur:
3658 4367 3798 4424 Nolo

397 4455 538 4510 dum
571 4457 678 4519 est,
713 4453 852 4524 quia
882 4453 1006 4508 sine
1037 4452 1470 4508 intermissione
1501 4453 1662 4520 dicit,
1685 4453 1742 4508 id
1774 4458 1882 4525 est,
1911 4455 2036 4511 sine
2069 4477 2114 4541 Β
2145 4458 2330 4510 autem
2369 4471 2460 4511 vos
2504 4455 2780 4523 ignorare,
2810 4457 3030 4524 fratres,
3063 4456 3197 4526 quia
3223 4469 3360 4525 saepe
3402 4454 3666 4525 proposui
3694 4471 3798 4511 ve-

398 4543 574 4598 ullius
595 4543 709 4598 diei
733 4541 1033 4598 intervallo
1054 4558 1067 4596 :
1093 4541 1292 4597 nullus
1313 4541 1530 4614 quippe
1547 4541 1671 4598 dies
1692 4543 2037 4614 praeteribat,

399 4648 514 4703 quo
529 4631 843 4703 Apostolus
864 4647 966 4703 pro
981 4630 1262 4686 Romanis
1275 4631 1391 4688 Deo
1407 4630 1688 4704 speciales
1705 4648 1907 4704 preces
1928 4650 2045 4689 non

469 4809 582 4882 (80)
617 4812 1202 4882 Prosperitatemhesse
1245 4811 1366 4882 sine
1412 4812 1695 4866 voluntate
1731 4812 1827 4866 Dei
1860 4828 1873 4866 :
1928 4828 2045 4868 non

397 4880 485 4937 ibi
528 4880 970 4956 intelligendum
1023 4880 1279 4956 aliquam
1336 4881 1675 4939 hominibus
1713 4885 2047 4956 contingere

398 4951 844 5036 prosperita‘tem
878 4951 1255 5036 nolente’Deo
1287 4970 1299 5006 :
1337 4970 1524 5036 neque
1554 4951 2046 5036 enimnita‘eloqui

438 5024 588 5083 otuit
617 5031 822 5081 auctor
851 5030 1068 5096 noster,
1102 5025 1200 5096 qui
1233 5024 1342 5079 hac
1373 5026 1620 5096 epistola
1648 5027 1800 5081 infra
1831 5024 1985 5082 bona
2013 5044 2047 5083 a

438 5044 588 5083 οιυιι
617 5044 822 5081 aucwr
851 5044 1068 5090 noster,
1102 5044 1200 5096 qu1
1233 5044 1342 5079 nac
1373 5044 1620 5096 episcom
1648 5044 1800 5081 intra
1831 5044 1985 5082 Dona
2013 5044 2044 5083 a

397 5044 513 5152 Beo
541 5097 714 5153 malis
746 5095 1088 5152 hominibus
1114 5096 1262 5161 dari,
1285 5096 1466 5151 cibum
1498 5095 1740 5162 scilicet,
1766 5099 2044 5166 laetitiam,

397 5172 664 5241 tempora
685 5185 912 5236 serena,
935 5172 991 5222 et
1019 5166 1317 5222 fructifera
1346 5167 1554 5241 asserit
1577 5184 1596 5241 :_
1623 5169 1721 5241 sed
1754 5174 2046 5241 tempora-

403 5238 1149 5312 lem—prosperitatemxam
1172 5255 1286 5294 non
1300 5255 1437 5312 esse
1461 5238 1905 5310 intelligendum
1936 5246 2045 5309 est,

399 5325 576 5381 quam
599 5311 752 5391 Deus
780 5311 904 5391 vul_t
933 5327 1040 5391 nos
1066 5311 1494 5391 concupiscere,
1517 5315 1574 5391 et
1597 5315 1837 5391 propter
1865 5329 2046 5391 quam

396 5380 505 5454 nos
535 5383 766 5454 creavit,
793 5383 892 5440 sed
924 5385 1120 5454 potius
1151 5380 1428 5438 teternam
1461 5380 1792 5438 felicitatem
1824 5380 2045 5440 et'san-

395 5453 807 5510 ctiﬁcationem
842 5453 1104 5510 nostram
1139 5470 1152 5508 :
1208 5455 1326 5510 haec
1357 5460 1440 5508 est
1465 5454 1612 5507 enim
1638 5453 1898 5510 voluntas
1926 5457 2046 5524 Dei,

393 5523 752 5600 sanctiﬁcatio
780 5533 963 5584 vestra
989 5543 1008 5584 :
1038 5526 1112 5584 ad
1144 5524 1167 5584 Ι
1197 5524 1411 5596 Thess,
1444 5540 1520 5598 1v,
1553 5525 1607 5601 3,
1638 5540 1818 5599 quam
1849 5543 1984 5586 eum
2015 5523 2050 5587 ο.

2147 4545 2275 4599 nire
2303 4545 2378 4600 ad
2404 4559 2516 4614 vos,
2539 4550 2592 4598 et
2612 4543 2920 4614 prohibitus
2945 4558 3067 4597 sum
3094 4558 3264 4614 usque
3291 4541 3488 4598 adhuc.
3515 4544 3596 4598 Ac
3625 4543 3675 4599 si
3707 4545 3795 4600 di-

2155 4635 2355 4688 ceret:
2406 4629 2547 4685 Nolo
2599 4646 2701 4686 vos
2747 4645 2876 4686 esse
2924 4631 3184 4703 ignaros,
3210 4632 3487 4704 quoniam
3517 4631 3796 4688 intentio-

2155 4807 2324 4864 nobis
2355 4806 2691 4880 desiderari
2738 4807 2880 4880 velit
2922 4808 3097 4876 Deus,
3131 4809 3309 4880 hujus
3339 4807 3793 4880 comparatione,

2156 4885 2306 4936 recte
2337 4879 2960 4951 dicituritemporalem
3010 4879 3343 4938 felicitatem
3391 4879 3506 4937 non
3556 4896 3684 4936 esse
3730 4896 3800 4936 ex

2155 4951 2452 5008 voluntate
2482 4950 2604 5005 Dei.

2228 5024 2338 5094 (81)
2372 5023 2639 5078 Fortasse
2687 5021 3023 5095 legendum,
3061 5025 3459 5080 miraculorum
3503 5022 3651 5078 vobis
3698 5023 3801 5077 tri-

2158 5095 2318 5150 buam
2346 5095 2742 5165 palrationem.

2229 5163 2455 5236 (82)]ὺὶ
2486 5169 2678 5237 textus
2707 5163 2966 5237 Vulgatae
2997 5165 3173 5222 habet
3204 5181 3218 5220 :
3260 5180 3355 5233 per
3382 5181 3524 5231 eam,
3555 5179 3681 5236 quae
3709 5166 3797 5220 in-

2156 5241 2331 5294 vicem
2359 5240 2456 5306 est,
2485 5236 2648 5304 ﬁdem
2674 5236 2935 5308 vestram,
2966 5242 3128 5308 atque
3154 5252 3353 5292 meam.

2229 5310 2341 5378 (83)
2374 5309 2436 5380 in
2467 5307 2829 5380 autographo
2858 5308 2940 5364 ita
2968 5307 3274 5380 intelligere
3308 5309 3451 5380 forte
3479 5307 3799 5380 participes,

2159 5378 2603 5453 quodalienum
2649 5395 2683 5433 a
2717 5378 2998 5453 genuina
3013 5379 3260 5437 lectione
3289 5378 3433 5438 mihi
3463 5378 3656 5436 visum
3686 5380 3800 5435 est.

2230 5451 2342 5527 (84)
2374 5450 2439 5508 In
2469 5453 2588 5508 aut.
2623 5450 2810 5525 marg.
2843 5468 2893 5508 o.
2926 5451 3021 5508 ΙΙΙ.
