  <div class='ocr_page' id='page_1' title='image "/cluster/home/n/w/nwhite01/storage/ocr_20150623/134/hvd.32044023361702/074.png"; bbox 0 0 4116 6184; ppageno 0'>
   <div class='ocr_carea' id='block_1_1' title="bbox 249 281 351 367">
    <p class='ocr_par' dir='ltr' id='par_1_1' title="bbox 249 281 351 367">
     <span class='ocr_line' id='line_1_1' title="bbox 249 281 351 367; baseline -0.01 -28"><span class='ocrx_word' id='word_1_1' title='bbox 249 281 351 367; x_wconf 26' lang='lat'>13.7</span> 
     </span>
    </p>
   </div>
   <div class='ocr_carea' id='block_1_2' title="bbox 832 275 3084 375">
    <p class='ocr_par' dir='ltr' id='par_1_2' title="bbox 832 275 3084 375">
     <span class='ocr_line' id='line_1_2' title="bbox 832 275 3084 375; baseline 0 -36"><span class='ocrx_word' id='word_1_2' title='bbox 832 279 1251 341; x_wconf 86' lang='lat' dir='ltr'>EXPOSITIO</span> <span class='ocrx_word' id='word_1_3' title='bbox 1298 277 1374 337; x_wconf 84' lang='lat' dir='ltr'>IN</span> <span class='ocrx_word' id='word_1_4' title='bbox 1419 275 1870 375; x_wconf 61' lang='lat' dir='ltr'>EPISTULAS</span> <span class='ocrx_word' id='word_1_5' title='bbox 1921 278 2177 339; x_wconf 83' lang='lat' dir='ltr'>PAULI.</span> <span class='ocrx_word' id='word_1_6' title='bbox 2214 281 2390 338; x_wconf 87' lang='grc' dir='ltr'>-ΙΝ</span> <span class='ocrx_word' id='word_1_7' title='bbox 2440 278 2692 340; x_wconf 86' lang='lat' dir='ltr'>EPlST.</span> <span class='ocrx_word' id='word_1_8' title='bbox 2741 281 2842 340; x_wconf 82' lang='lat' dir='ltr'>AD</span> <span class='ocrx_word' id='word_1_9' title='bbox 2893 282 3084 341; x_wconf 79' lang='lat' dir='ltr'>ROM.</span> 
     </span>
    </p>
   </div>
   <div class='ocr_carea' id='block_1_3' title="bbox 3572 293 3687 356">
    <p class='ocr_par' dir='ltr' id='par_1_3' title="bbox 3572 293 3687 356">
     <span class='ocr_line' id='line_1_3' title="bbox 3572 293 3687 356; baseline 0.052 -6"><span class='ocrx_word' id='word_1_10' title='bbox 3572 293 3687 356; x_wconf 79' lang='grc'>138</span> 
     </span>
    </p>
   </div>
   <div class='ocr_carea' id='block_1_4' title="bbox 251 407 3685 486">
    <p class='ocr_par' dir='ltr' id='par_1_4' title="bbox 251 407 3685 486">
     <span class='ocr_line' id='line_1_4' title="bbox 251 407 3685 486; baseline 0.004 -21"><span class='ocrx_word' id='word_1_11' title='bbox 251 426 401 477; x_wconf 84' lang='lat' dir='ltr'>nem,</span> <span class='ocrx_word' id='word_1_12' title='bbox 437 414 497 465; x_wconf 90' lang='lat' dir='ltr'>et</span> <span class='ocrx_word' id='word_1_13' title='bbox 525 413 730 465; x_wconf 86' lang='lat' dir='ltr'>votum</span> <span class='ocrx_word' id='word_1_14' title='bbox 763 409 943 465; x_wconf 83' lang='lat' dir='ltr'>habui</span> <span class='ocrx_word' id='word_1_15' title='bbox 975 409 1239 465; x_wconf 85' lang='lat' dir='ltr'>veniendi</span> <span class='ocrx_word' id='word_1_16' title='bbox 1274 408 1344 463; x_wconf 86' lang='lat' dir='ltr'>ad</span> <span class='ocrx_word' id='word_1_17' title='bbox 1378 424 1505 474; x_wconf 88' lang='lat' dir='ltr'>vos,</span> <span class='ocrx_word' id='word_1_18' title='bbox 1528 410 1634 464; x_wconf 86' lang='lat' dir='ltr'>sed</span> <span class='ocrx_word' id='word_1_19' title='bbox 1656 407 1917 480; x_wconf 90' lang='lat' dir='ltr'>prohibi-</span> <span class='ocrx_word' id='word_1_20' title='bbox 1949 410 2005 474; x_wconf 88' lang='grc' dir='ltr'><strong>Α</strong></span> <span class='ocrx_word' id='word_1_21' title='bbox 2037 425 2172 479; x_wconf 83' lang='lat' dir='ltr'>ergo</span> <span class='ocrx_word' id='word_1_22' title='bbox 2203 420 2311 476; x_wconf 84' lang='lat' dir='ltr'>est,</span> <span class='ocrx_word' id='word_1_23' title='bbox 2338 425 2474 464; x_wconf 90' lang='lat' dir='ltr'>cum</span> <span class='ocrx_word' id='word_1_24' title='bbox 2512 410 2835 481; x_wconf 82' lang='lat' dir='ltr'>unicuique</span> <span class='ocrx_word' id='word_1_25' title='bbox 2865 413 3175 484; x_wconf 89' lang='lat' dir='ltr'>proprium</span> <span class='ocrx_word' id='word_1_26' title='bbox 3207 416 3338 486; x_wconf 86' lang='lat' dir='ltr'>ejus</span> <span class='ocrx_word' id='word_1_27' title='bbox 3371 418 3685 480; x_wconf 80' lang='lat' dir='ltr'>tribuitur:</span> 
     </span>
    </p>
   </div>
   <div class='ocr_carea' id='block_1_5' title="bbox 246 496 1914 571">
    <p class='ocr_par' dir='ltr' id='par_1_5' title="bbox 246 496 1914 571">
     <span class='ocr_line' id='line_1_5' title="bbox 246 496 1914 571; baseline -0.002 -16"><span class='ocrx_word' id='word_1_28' title='bbox 246 510 334 555; x_wconf 84' lang='lat' dir='ltr'>tus</span> <span class='ocrx_word' id='word_1_29' title='bbox 396 515 533 555; x_wconf 88' lang='lat' dir='ltr'>sum</span> <span class='ocrx_word' id='word_1_30' title='bbox 595 515 787 571; x_wconf 92' lang='lat' dir='ltr'>usque</span> <span class='ocrx_word' id='word_1_31' title='bbox 844 500 1033 554; x_wconf 88' lang='lat' dir='ltr'>adhuc</span> <span class='ocrx_word' id='word_1_32' title='bbox 1084 496 1498 570; x_wconf 65' lang='lat' dir='ltr'>praedicatione</span> <span class='ocrx_word' id='word_1_33' title='bbox 1566 503 1914 553; x_wconf 68' lang='lat' dir='ltr'>creterarum</span> 
     </span>
    </p>
   </div>
   <div class='ocr_carea' id='block_1_6' title="bbox 244 586 1915 661">
    <p class='ocr_par' dir='ltr' id='par_1_6' title="bbox 244 586 1915 661">
     <span class='ocr_line' id='line_1_6' title="bbox 244 586 1915 661; baseline -0.002 -17"><span class='ocrx_word' id='word_1_34' title='bbox 244 588 535 661; x_wconf 82' lang='lat' dir='ltr'>gentium,</span> <span class='ocrx_word' id='word_1_35' title='bbox 570 603 702 658; x_wconf 68' lang='lat' dir='ltr'>quae</span> <span class='ocrx_word' id='word_1_36' title='bbox 736 605 871 643; x_wconf 87' lang='lat' dir='ltr'>cum</span> <span class='ocrx_word' id='word_1_37' title='bbox 905 588 1282 654; x_wconf 80' lang='lat' dir='ltr'>crediderint,</span> <span class='ocrx_word' id='word_1_38' title='bbox 1315 590 1371 641; x_wconf 89' lang='lat' dir='ltr'>et</span> <span class='ocrx_word' id='word_1_39' title='bbox 1407 604 1543 641; x_wconf 88' lang='lat' dir='ltr'>mea</span> <span class='ocrx_word' id='word_1_40' title='bbox 1576 586 1915 659; x_wconf 73' lang='lat' dir='ltr'>praedicatio</span> 
     </span>
    </p>
   </div>
   <div class='ocr_carea' id='block_1_7' title="bbox 245 675 1915 743">
    <p class='ocr_par' dir='ltr' id='par_1_7' title="bbox 245 675 1915 743">
     <span class='ocr_line' id='line_1_7' title="bbox 245 675 1915 743; baseline -0.001 -12"><span class='ocrx_word' id='word_1_41' title='bbox 245 678 298 733; x_wconf 90' lang='lat' dir='ltr'>in</span> <span class='ocrx_word' id='word_1_42' title='bbox 328 676 415 732; x_wconf 90' lang='lat' dir='ltr'>eis</span> <span class='ocrx_word' id='word_1_43' title='bbox 444 675 801 731; x_wconf 89' lang='lat' dir='ltr'>conﬁrmata</span> <span class='ocrx_word' id='word_1_44' title='bbox 832 676 1026 743; x_wconf 84' lang='lat' dir='ltr'>fuerit,</span> <span class='ocrx_word' id='word_1_45' title='bbox 1056 677 1283 732; x_wconf 84' lang='lat' dir='ltr'>veniam</span> <span class='ocrx_word' id='word_1_46' title='bbox 1319 675 1389 731; x_wconf 92' lang='lat' dir='ltr'>ad</span> <span class='ocrx_word' id='word_1_47' title='bbox 1422 692 1554 731; x_wconf 88' lang='lat' dir='ltr'>vos.</span> <span class='ocrx_word' id='word_1_48' title='bbox 1606 676 1679 732; x_wconf 91' lang='lat' dir='ltr'>Ut</span> <span class='ocrx_word' id='word_1_49' title='bbox 1719 679 1915 731; x_wconf 87' lang='lat' dir='ltr'>autem</span> 
     </span>
    </p>
   </div>
   <div class='ocr_carea' id='block_1_8' title="bbox 247 762 1917 835">
    <p class='ocr_par' dir='ltr' id='par_1_8' title="bbox 247 762 1917 835">
     <span class='ocr_line' id='line_1_8' title="bbox 247 762 1917 835; baseline -0.001 -15"><span class='ocrx_word' id='word_1_50' title='bbox 247 765 607 833; x_wconf 80' lang='lat' dir='ltr'>ostenderet,</span> <span class='ocrx_word' id='word_1_51' title='bbox 641 764 783 835; x_wconf 83' lang='lat' dir='ltr'>quia</span> <span class='ocrx_word' id='word_1_52' title='bbox 812 781 925 819; x_wconf 93' lang='lat' dir='ltr'>non</span> <span class='ocrx_word' id='word_1_53' title='bbox 959 766 1155 820; x_wconf 89' lang='lat' dir='ltr'>studio</span> <span class='ocrx_word' id='word_1_54' title='bbox 1188 762 1442 820; x_wconf 78' lang='lat' dir='ltr'>levitatis</span> <span class='ocrx_word' id='word_1_55' title='bbox 1476 765 1730 834; x_wconf 85' lang='lat' dir='ltr'>veniret,</span> <span class='ocrx_word' id='word_1_56' title='bbox 1763 765 1917 834; x_wconf 77' lang='lat' dir='ltr'>adje-</span> 
     </span>
    </p>
   </div>
   <div class='ocr_carea' id='block_1_9' title="bbox 249 853 1918 923">
    <p class='ocr_par' dir='ltr' id='par_1_9' title="bbox 249 853 1918 923">
     <span class='ocr_line' id='line_1_9' title="bbox 249 853 1918 923; baseline -0.001 -14"><span class='ocrx_word' id='word_1_57' title='bbox 249 855 354 910; x_wconf 89' lang='lat' dir='ltr'>cit:</span> <span class='ocrx_word' id='word_1_58' title='bbox 384 856 449 911; x_wconf 85' lang='lat' dir='ltr'>Ut</span> <span class='ocrx_word' id='word_1_59' title='bbox 478 854 729 923; x_wconf 77' lang='lat' dir='ltr'>aliquem</span> <span class='ocrx_word' id='word_1_60' title='bbox 757 853 1008 923; x_wconf 81' lang='lat' dir='ltr'>fructum</span> <span class='ocrx_word' id='word_1_61' title='bbox 1040 853 1272 908; x_wconf 77' lang='lat' dir='ltr'>habeam</span> <span class='ocrx_word' id='word_1_62' title='bbox 1300 860 1352 907; x_wconf 90' lang='lat' dir='ltr'>et</span> <span class='ocrx_word' id='word_1_63' title='bbox 1382 854 1445 906; x_wconf 87' lang='lat' dir='ltr'>in</span> <span class='ocrx_word' id='word_1_64' title='bbox 1476 853 1654 922; x_wconf 83' lang='lat' dir='ltr'>vobis,</span> <span class='ocrx_word' id='word_1_65' title='bbox 1687 854 1829 907; x_wconf 86' lang='lat' dir='ltr'>sicut</span> <span class='ocrx_word' id='word_1_66' title='bbox 1867 856 1918 907; x_wconf 87' lang='lat' dir='ltr'>et</span> 
     </span>
    </p>
   </div>
   <div class='ocr_carea' id='block_1_10' title="bbox 250 940 1919 1014">
    <p class='ocr_par' dir='ltr' id='par_1_10' title="bbox 250 940 1919 1014">
     <span class='ocr_line' id='line_1_10' title="bbox 250 940 1919 1014; baseline -0.003 -15"><span class='ocrx_word' id='word_1_67' title='bbox 250 944 305 999; x_wconf 87' lang='lat' dir='ltr'>in</span> <span class='ocrx_word' id='word_1_68' title='bbox 336 944 561 1000; x_wconf 53' lang='lat' dir='ltr'>caeteris</span> <span class='ocrx_word' id='word_1_69' title='bbox 598 942 895 1013; x_wconf 77' lang='lat' dir='ltr'>gentibus;</span> <span class='ocrx_word' id='word_1_70' title='bbox 949 947 1229 1014; x_wconf 88' lang='lat' dir='ltr'>tanquam</span> <span class='ocrx_word' id='word_1_71' title='bbox 1282 942 1550 997; x_wconf 87' lang='lat' dir='ltr'>diceret:</span> <span class='ocrx_word' id='word_1_72' title='bbox 1609 942 1754 996; x_wconf 90' lang='lat' dir='ltr'>Eum</span> <span class='ocrx_word' id='word_1_73' title='bbox 1803 940 1919 995; x_wconf 84' lang='lat' dir='ltr'>fru-</span> 
     </span>
    </p>
   </div>
   <div class='ocr_carea' id='block_1_11' title="bbox 251 1029 1917 1103">
    <p class='ocr_par' dir='ltr' id='par_1_11' title="bbox 251 1029 1917 1103">
     <span class='ocr_line' id='line_1_11' title="bbox 251 1029 1917 1103; baseline -0.002 -16"><span class='ocrx_word' id='word_1_74' title='bbox 251 1036 427 1103; x_wconf 86' lang='lat' dir='ltr'>ctum,</span> <span class='ocrx_word' id='word_1_75' title='bbox 479 1046 662 1102; x_wconf 86' lang='lat' dir='ltr'>quem</span> <span class='ocrx_word' id='word_1_76' title='bbox 714 1046 810 1085; x_wconf 89' lang='lat' dir='ltr'>me</span> <span class='ocrx_word' id='word_1_77' title='bbox 849 1030 918 1084; x_wconf 92' lang='lat' dir='ltr'>de</span> <span class='ocrx_word' id='word_1_78' title='bbox 953 1030 1172 1085; x_wconf 73' lang='lat' dir='ltr'>cmteris</span> <span class='ocrx_word' id='word_1_79' title='bbox 1212 1029 1490 1101; x_wconf 82' lang='lat' dir='ltr'>gentibus</span> <span class='ocrx_word' id='word_1_80' title='bbox 1533 1033 1917 1100; x_wconf 86' lang='lat' dir='ltr'>accepturum</span> 
     </span>
    </p>
   </div>
   <div class='ocr_carea' id='block_1_12' title="bbox 252 1116 1915 1191">
    <p class='ocr_par' dir='ltr' id='par_1_12' title="bbox 252 1116 1915 1191">
     <span class='ocr_line' id='line_1_12' title="bbox 252 1116 1915 1191; baseline -0.003 -15"><span class='ocrx_word' id='word_1_81' title='bbox 252 1121 437 1186; x_wconf 79' lang='lat' dir='ltr'>credo,</span> <span class='ocrx_word' id='word_1_82' title='bbox 475 1135 629 1191; x_wconf 91' lang='lat' dir='ltr'>quas</span> <span class='ocrx_word' id='word_1_83' title='bbox 665 1119 740 1174; x_wconf 88' lang='lat' dir='ltr'>ab</span> <span class='ocrx_word' id='word_1_84' title='bbox 780 1118 1195 1189; x_wconf 82' lang='lat' dir='ltr'>Hierosolymis</span> <span class='ocrx_word' id='word_1_85' title='bbox 1225 1134 1415 1188; x_wconf 90' lang='lat' dir='ltr'>usque</span> <span class='ocrx_word' id='word_1_86' title='bbox 1468 1118 1543 1172; x_wconf 90' lang='lat' dir='ltr'>ad</span> <span class='ocrx_word' id='word_1_87' title='bbox 1599 1116 1915 1187; x_wconf 85' lang='lat' dir='ltr'>Illyricum,</span> 
     </span>
    </p>
   </div>
   <div class='ocr_carea' id='block_1_13' title="bbox 255 1205 1918 1281">
    <p class='ocr_par' dir='ltr' id='par_1_13' title="bbox 255 1205 1918 1281">
     <span class='ocr_line' id='line_1_13' title="bbox 255 1205 1918 1281; baseline -0.002 -17"><span class='ocrx_word' id='word_1_88' title='bbox 255 1209 399 1281; x_wconf 85' lang='lat' dir='ltr'>quod</span> <span class='ocrx_word' id='word_1_89' title='bbox 433 1213 526 1264; x_wconf 90' lang='lat' dir='ltr'>est</span> <span class='ocrx_word' id='word_1_90' title='bbox 557 1210 743 1278; x_wconf 90' lang='lat' dir='ltr'>caput</span> <span class='ocrx_word' id='word_1_91' title='bbox 772 1206 1169 1278; x_wconf 74' lang='lat' dir='ltr'>Europ:e,mea</span> <span class='ocrx_word' id='word_1_92' title='bbox 1195 1205 1613 1278; x_wconf 80' lang='lat' dir='ltr'>praedicatione</span> <span class='ocrx_word' id='word_1_93' title='bbox 1635 1206 1705 1261; x_wconf 89' lang='lat' dir='ltr'>ad</span> <span class='ocrx_word' id='word_1_94' title='bbox 1745 1206 1918 1260; x_wconf 83' lang='lat' dir='ltr'>ﬁdem</span> 
     </span>
    </p>
   </div>
   <div class='ocr_carea' id='block_1_14' title="bbox 256 1293 1919 1366">
    <p class='ocr_par' dir='ltr' id='par_1_14' title="bbox 256 1293 1919 1366">
     <span class='ocr_line' id='line_1_14' title="bbox 256 1293 1919 1366; baseline -0.002 -12"><span class='ocrx_word' id='word_1_95' title='bbox 256 1298 461 1354; x_wconf 80' lang='lat' dir='ltr'>Christi</span> <span class='ocrx_word' id='word_1_96' title='bbox 493 1295 725 1366; x_wconf 89' lang='lat' dir='ltr'>vocavi,</span> <span class='ocrx_word' id='word_1_97' title='bbox 760 1310 897 1350; x_wconf 90' lang='lat' dir='ltr'>eum</span> <span class='ocrx_word' id='word_1_98' title='bbox 931 1299 987 1350; x_wconf 90' lang='lat' dir='ltr'>et</span> <span class='ocrx_word' id='word_1_99' title='bbox 1013 1295 1073 1350; x_wconf 92' lang='lat' dir='ltr'>in</span> <span class='ocrx_word' id='word_1_100' title='bbox 1120 1294 1285 1351; x_wconf 87' lang='lat' dir='ltr'>vobis</span> <span class='ocrx_word' id='word_1_101' title='bbox 1334 1294 1589 1364; x_wconf 86' lang='lat' dir='ltr'>habebo,</span> <span class='ocrx_word' id='word_1_102' title='bbox 1636 1293 1919 1366; x_wconf 80' lang='lat' dir='ltr'>largiente</span> 
     </span>
    </p>
   </div>
   <div class='ocr_carea' id='block_1_15' title="bbox 255 1382 912 1442">
    <p class='ocr_par' dir='ltr' id='par_1_15' title="bbox 255 1382 912 1442">
     <span class='ocr_line' id='line_1_15' title="bbox 255 1382 912 1442; baseline -0.003 -1"><span class='ocrx_word' id='word_1_103' title='bbox 255 1387 445 1442; x_wconf 78' lang='lat' dir='ltr'>divina</span> <span class='ocrx_word' id='word_1_104' title='bbox 476 1382 912 1441; x_wconf 84' lang='lat' dir='ltr'>misericordia.</span> 
     </span>
    </p>
   </div>
   <div class='ocr_carea' id='block_1_16' title="bbox 321 1472 1919 1548">
    <p class='ocr_par' dir='ltr' id='par_1_16' title="bbox 321 1472 1919 1548">
     <span class='ocr_line' id='line_1_16' title="bbox 321 1472 1919 1548; baseline -0.003 -16"><span class='ocrx_word' id='word_1_105' title='bbox 321 1475 636 1548; x_wconf 83' lang='lat' dir='ltr'>Sequitur:</span> <span class='ocrx_word' id='word_1_106' title='bbox 676 1474 882 1529; x_wconf 58' lang='lat' dir='ltr'>Grecis</span> <span class='ocrx_word' id='word_1_107' title='bbox 911 1490 973 1527; x_wconf 88' lang='lat' dir='ltr'>ac</span> <span class='ocrx_word' id='word_1_108' title='bbox 1003 1473 1279 1540; x_wconf 85' lang='lat' dir='ltr'>barbaris,</span> <span class='ocrx_word' id='word_1_109' title='bbox 1310 1472 1659 1544; x_wconf 78' lang='lat' dir='ltr'>sapientibus</span> <span class='ocrx_word' id='word_1_110' title='bbox 1686 1481 1738 1527; x_wconf 84' lang='lat' dir='ltr'>et</span> <span class='ocrx_word' id='word_1_111' title='bbox 1779 1472 1919 1527; x_wconf 85' lang='lat' dir='ltr'>insi-</span> 
     </span>
    </p>
   </div>
   <div class='ocr_carea' id='block_1_17' title="bbox 250 1560 1917 1637">
    <p class='ocr_par' dir='ltr' id='par_1_17' title="bbox 250 1560 1917 1637">
     <span class='ocr_line' id='line_1_17' title="bbox 250 1560 1917 1637; baseline 0 -20"><span class='ocrx_word' id='word_1_112' title='bbox 250 1566 521 1637; x_wconf 75' lang='lat' dir='ltr'>pientibus</span> <span class='ocrx_word' id='word_1_113' title='bbox 562 1564 783 1619; x_wconf 77' lang='lat' dir='ltr'>debitor</span> <span class='ocrx_word' id='word_1_114' title='bbox 833 1579 970 1617; x_wconf 86' lang='lat' dir='ltr'>sam.</span> <span class='ocrx_word' id='word_1_115' title='bbox 1023 1563 1249 1618; x_wconf 78' lang='lat' dir='ltr'>Graecos</span> <span class='ocrx_word' id='word_1_116' title='bbox 1295 1560 1558 1634; x_wconf 87' lang='lat' dir='ltr'>appellat</span> <span class='ocrx_word' id='word_1_117' title='bbox 1602 1561 1917 1632; x_wconf 87' lang='lat' dir='ltr'>sapientes,</span> 
     </span>
    </p>
   </div>
   <div class='ocr_carea' id='block_1_18' title="bbox 254 1650 1918 1724">
    <p class='ocr_par' dir='ltr' id='par_1_18' title="bbox 254 1650 1918 1724">
     <span class='ocr_line' id='line_1_18' title="bbox 254 1650 1918 1724; baseline -0.004 -12"><span class='ocrx_word' id='word_1_118' title='bbox 254 1673 346 1712; x_wconf 87' lang='lat' dir='ltr'>cos</span> <span class='ocrx_word' id='word_1_119' title='bbox 376 1653 620 1719; x_wconf 84' lang='lat' dir='ltr'>scilicet,</span> <span class='ocrx_word' id='word_1_120' title='bbox 654 1652 761 1724; x_wconf 88' lang='lat' dir='ltr'>qui</span> <span class='ocrx_word' id='word_1_121' title='bbox 796 1650 1212 1724; x_wconf 70' lang='lat' dir='ltr'>philosophica:</span> <span class='ocrx_word' id='word_1_122' title='bbox 1245 1650 1570 1706; x_wconf 87' lang='lat' dir='ltr'>studebant</span> <span class='ocrx_word' id='word_1_123' title='bbox 1619 1650 1918 1721; x_wconf 78' lang='lat' dir='ltr'>doctrinas,</span> 
     </span>
    </p>
   </div>
   <div class='ocr_carea' id='block_1_19' title="bbox 256 1738 1917 1815">
    <p class='ocr_par' dir='ltr' id='par_1_19' title="bbox 256 1738 1917 1815">
     <span class='ocr_line' id='line_1_19' title="bbox 256 1738 1917 1815; baseline -0.002 -16"><span class='ocrx_word' id='word_1_124' title='bbox 256 1743 370 1799; x_wconf 85' lang='lat' dir='ltr'>sive</span> <span class='ocrx_word' id='word_1_125' title='bbox 400 1741 496 1815; x_wconf 89' lang='lat' dir='ltr'>qui</span> <span class='ocrx_word' id='word_1_126' title='bbox 528 1739 769 1813; x_wconf 85' lang='lat' dir='ltr'>legibus</span> <span class='ocrx_word' id='word_1_127' title='bbox 801 1739 1137 1809; x_wconf 88' lang='lat' dir='ltr'>utebantur,</span> <span class='ocrx_word' id='word_1_128' title='bbox 1172 1740 1459 1795; x_wconf 87' lang='lat' dir='ltr'>barbaros</span> <span class='ocrx_word' id='word_1_129' title='bbox 1490 1755 1653 1805; x_wconf 86' lang='lat' dir='ltr'>vero,</span> <span class='ocrx_word' id='word_1_130' title='bbox 1683 1738 1917 1795; x_wconf 87' lang='lat' dir='ltr'>idiotas.</span> 
     </span>
    </p>
   </div>
   <div class='ocr_carea' id='block_1_20' title="bbox 257 1827 1920 1904">
    <p class='ocr_par' dir='ltr' id='par_1_20' title="bbox 257 1827 1920 1904">
     <span class='ocr_line' id='line_1_20' title="bbox 257 1827 1920 1904; baseline -0.003 -16"><span class='ocrx_word' id='word_1_131' title='bbox 257 1833 321 1888; x_wconf 84' lang='lat' dir='ltr'>Et</span> <span class='ocrx_word' id='word_1_132' title='bbox 348 1836 411 1888; x_wconf 91' lang='lat' dir='ltr'>ut</span> <span class='ocrx_word' id='word_1_133' title='bbox 436 1830 720 1904; x_wconf 88' lang='lat' dir='ltr'>aperiret,</span> <span class='ocrx_word' id='word_1_134' title='bbox 757 1844 906 1901; x_wconf 90' lang='lat' dir='ltr'>quos</span> <span class='ocrx_word' id='word_1_135' title='bbox 937 1829 1147 1885; x_wconf 83' lang='lat' dir='ltr'>dixerit</span> <span class='ocrx_word' id='word_1_136' title='bbox 1188 1829 1448 1894; x_wconf 82' lang='lat' dir='ltr'>Graecos,</span> <span class='ocrx_word' id='word_1_137' title='bbox 1495 1843 1565 1882; x_wconf 91' lang='lat' dir='ltr'>ac</span> <span class='ocrx_word' id='word_1_138' title='bbox 1616 1827 1920 1896; x_wconf 89' lang='lat' dir='ltr'>barbaros,</span> 
     </span>
    </p>
   </div>
   <div class='ocr_carea' id='block_1_21' title="bbox 259 1915 1925 1988">
    <p class='ocr_par' dir='ltr' id='par_1_21' title="bbox 259 1915 1925 1988">
     <span class='ocr_line' id='line_1_21' title="bbox 259 1915 1925 1988; baseline -0.001 -13"><span class='ocrx_word' id='word_1_139' title='bbox 259 1922 381 1977; x_wconf 81' lang='lat' dir='ltr'>ideo</span> <span class='ocrx_word' id='word_1_140' title='bbox 427 1919 685 1976; x_wconf 87' lang='lat' dir='ltr'>addidit:</span> <span class='ocrx_word' id='word_1_141' title='bbox 755 1916 1100 1988; x_wconf 87' lang='lat' dir='ltr'>Sapientibus</span> <span class='ocrx_word' id='word_1_142' title='bbox 1156 1927 1211 1973; x_wconf 87' lang='lat' dir='ltr'>et</span> <span class='ocrx_word' id='word_1_143' title='bbox 1272 1916 1665 1988; x_wconf 77' lang='lat' dir='ltr'>insipientibus</span> <span class='ocrx_word' id='word_1_144' title='bbox 1710 1915 1925 1973; x_wconf 80' lang='lat' dir='ltr'>debitor</span> 
     </span>
    </p>
   </div>
   <div class='ocr_carea' id='block_1_22' title="bbox 256 2004 1925 2081">
    <p class='ocr_par' dir='ltr' id='par_1_22' title="bbox 256 2004 1925 2081">
     <span class='ocr_line' id='line_1_22' title="bbox 256 2004 1925 2081; baseline -0.001 -18"><span class='ocrx_word' id='word_1_145' title='bbox 256 2028 392 2066; x_wconf 80' lang='lat' dir='ltr'>sum.</span> <span class='ocrx_word' id='word_1_146' title='bbox 423 2010 521 2065; x_wconf 85' lang='lat' dir='ltr'>His</span> <span class='ocrx_word' id='word_1_147' title='bbox 551 2008 785 2081; x_wconf 90' lang='lat' dir='ltr'>quippe</span> <span class='ocrx_word' id='word_1_148' title='bbox 821 2006 1048 2062; x_wconf 87' lang='lat' dir='ltr'>debitor</span> <span class='ocrx_word' id='word_1_149' title='bbox 1073 2011 1202 2063; x_wconf 90' lang='lat' dir='ltr'>erat</span> <span class='ocrx_word' id='word_1_150' title='bbox 1233 2022 1339 2078; x_wconf 91' lang='lat' dir='ltr'>per</span> <span class='ocrx_word' id='word_1_151' title='bbox 1385 2005 1689 2078; x_wconf 78' lang='lat' dir='ltr'>patientiae</span> <span class='ocrx_word' id='word_1_152' title='bbox 1746 2004 1925 2061; x_wconf 87' lang='lat' dir='ltr'>virtu-</span> 
     </span>
    </p>
   </div>
   <div class='ocr_carea' id='block_1_23' title="bbox 263 2093 1923 2166">
    <p class='ocr_par' dir='ltr' id='par_1_23' title="bbox 263 2093 1923 2166">
     <span class='ocr_line' id='line_1_23' title="bbox 263 2093 1923 2166; baseline -0.002 -11"><span class='ocrx_word' id='word_1_153' title='bbox 263 2107 407 2156; x_wconf 85' lang='lat' dir='ltr'>tem:</span> <span class='ocrx_word' id='word_1_154' title='bbox 442 2102 497 2155; x_wconf 87' lang='lat' dir='ltr'>et</span> <span class='ocrx_word' id='word_1_155' title='bbox 525 2113 738 2154; x_wconf 88' lang='lat' dir='ltr'>revera</span> <span class='ocrx_word' id='word_1_156' title='bbox 766 2095 931 2151; x_wconf 89' lang='lat' dir='ltr'>nulla</span> <span class='ocrx_word' id='word_1_157' title='bbox 997 2097 1184 2166; x_wconf 84' lang='lat' dir='ltr'>major</span> <span class='ocrx_word' id='word_1_158' title='bbox 1242 2100 1334 2151; x_wconf 88' lang='lat' dir='ltr'>est</span> <span class='ocrx_word' id='word_1_159' title='bbox 1382 2093 1689 2165; x_wconf 88' lang='lat' dir='ltr'>patientia,</span> <span class='ocrx_word' id='word_1_160' title='bbox 1743 2111 1923 2166; x_wconf 88' lang='lat' dir='ltr'>quam</span> 
     </span>
    </p>
   </div>
   <div class='ocr_carea' id='block_1_24' title="bbox 262 2182 1927 2257">
    <p class='ocr_par' dir='ltr' id='par_1_24' title="bbox 262 2182 1927 2257">
     <span class='ocr_line' id='line_1_24' title="bbox 262 2182 1927 2257; baseline -0.004 -13"><span class='ocrx_word' id='word_1_161' title='bbox 262 2189 571 2244; x_wconf 85' lang='lat' dir='ltr'>stultorum</span> <span class='ocrx_word' id='word_1_162' title='bbox 603 2187 876 2257; x_wconf 87' lang='lat' dir='ltr'>impetus</span> <span class='ocrx_word' id='word_1_163' title='bbox 909 2186 1225 2241; x_wconf 90' lang='lat' dir='ltr'>sustinere.</span> <span class='ocrx_word' id='word_1_164' title='bbox 1263 2182 1524 2255; x_wconf 85' lang='lat' dir='ltr'>Ita,quod</span> <span class='ocrx_word' id='word_1_165' title='bbox 1548 2184 1729 2248; x_wconf 85' lang='lat' dir='ltr'>inme,</span> <span class='ocrx_word' id='word_1_166' title='bbox 1745 2199 1927 2254; x_wconf 84' lang='lat' dir='ltr'>prom-</span> 
     </span>
    </p>
   </div>
   <div class='ocr_carea' id='block_1_25' title="bbox 259 2271 1923 2352">
    <p class='ocr_par' dir='ltr' id='par_1_25' title="bbox 259 2271 1923 2352">
     <span class='ocr_line' id='line_1_25' title="bbox 259 2271 1923 2352; baseline -0.001 -22"><span class='ocrx_word' id='word_1_167' title='bbox 259 2296 409 2352; x_wconf 66' lang='lat' dir='ltr'>ptum</span> <span class='ocrx_word' id='word_1_168' title='bbox 438 2281 587 2333; x_wconf 87' lang='lat' dir='ltr'>estet</span> <span class='ocrx_word' id='word_1_169' title='bbox 618 2275 800 2344; x_wconf 86' lang='lat' dir='ltr'>vobis,</span> <span class='ocrx_word' id='word_1_170' title='bbox 825 2276 923 2346; x_wconf 89' lang='lat' dir='ltr'>qui</span> <span class='ocrx_word' id='word_1_171' title='bbox 952 2276 1135 2332; x_wconf 66' lang='lat' dir='ltr'>Romae</span> <span class='ocrx_word' id='word_1_172' title='bbox 1165 2274 1317 2341; x_wconf 85' lang='lat' dir='ltr'>estis,</span> <span class='ocrx_word' id='word_1_173' title='bbox 1349 2271 1747 2343; x_wconf 68' lang='lat' dir='ltr'>euangelizare.</span> <span class='ocrx_word' id='word_1_174' title='bbox 1774 2274 1852 2327; x_wconf 86' lang='lat' dir='ltr'>Ac</span> <span class='ocrx_word' id='word_1_175' title='bbox 1874 2272 1923 2329; x_wconf 91' lang='lat' dir='ltr'>si</span> 
     </span>
    </p>
   </div>
   <div class='ocr_carea' id='block_1_26' title="bbox 260 2359 1922 2435">
    <p class='ocr_par' dir='ltr' id='par_1_26' title="bbox 260 2359 1922 2435">
     <span class='ocr_line' id='line_1_26' title="bbox 260 2359 1922 2435; baseline -0.004 -14"><span class='ocrx_word' id='word_1_176' title='bbox 260 2366 510 2424; x_wconf 80' lang='lat' dir='ltr'>diceret:</span> <span class='ocrx_word' id='word_1_177' title='bbox 548 2365 720 2421; x_wconf 89' lang='lat' dir='ltr'>Sicut</span> <span class='ocrx_word' id='word_1_178' title='bbox 748 2362 975 2419; x_wconf 88' lang='lat' dir='ltr'>debitor</span> <span class='ocrx_word' id='word_1_179' title='bbox 1005 2380 1136 2420; x_wconf 90' lang='lat' dir='ltr'>sum</span> <span class='ocrx_word' id='word_1_180' title='bbox 1163 2361 1540 2435; x_wconf 90' lang='lat' dir='ltr'>sapientibus</span> <span class='ocrx_word' id='word_1_181' title='bbox 1564 2364 1621 2415; x_wconf 87' lang='lat' dir='ltr'>et</span> <span class='ocrx_word' id='word_1_182' title='bbox 1642 2359 1922 2432; x_wconf 91' lang='lat' dir='ltr'>insipien-</span> 
     </span>
    </p>
   </div>
   <div class='ocr_carea' id='block_1_27' title="bbox 262 2448 1919 2526">
    <p class='ocr_par' dir='ltr' id='par_1_27' title="bbox 262 2448 1919 2526">
     <span class='ocr_line' id='line_1_27' title="bbox 262 2448 1919 2526; baseline -0.002 -17"><span class='ocrx_word' id='word_1_183' title='bbox 262 2456 421 2511; x_wconf 85' lang='lat' dir='ltr'>tibus</span> <span class='ocrx_word' id='word_1_184' title='bbox 449 2474 464 2525; x_wconf 89' lang='lat'><strong>;</strong></span> <span class='ocrx_word' id='word_1_185' title='bbox 494 2456 574 2510; x_wconf 89' lang='lat' dir='ltr'>ita</span> <span class='ocrx_word' id='word_1_186' title='bbox 602 2453 838 2509; x_wconf 88' lang='lat' dir='ltr'>debitor</span> <span class='ocrx_word' id='word_1_187' title='bbox 868 2469 999 2509; x_wconf 89' lang='lat' dir='ltr'>sum</span> <span class='ocrx_word' id='word_1_188' title='bbox 1031 2451 1435 2526; x_wconf 89' lang='lat' dir='ltr'>evangelizare</span> <span class='ocrx_word' id='word_1_189' title='bbox 1485 2454 1542 2504; x_wconf 92' lang='lat' dir='ltr'>et</span> <span class='ocrx_word' id='word_1_190' title='bbox 1586 2448 1771 2516; x_wconf 81' lang='lat' dir='ltr'>vobis,</span> <span class='ocrx_word' id='word_1_191' title='bbox 1823 2450 1919 2522; x_wconf 89' lang='lat' dir='ltr'>qui</span> 
     </span>
    </p>
   </div>
   <div class='ocr_carea' id='block_1_28' title="bbox 262 2537 1926 2615">
    <p class='ocr_par' dir='ltr' id='par_1_28' title="bbox 262 2537 1926 2615">
     <span class='ocr_line' id='line_1_28' title="bbox 262 2537 1926 2615; baseline -0.004 -14"><span class='ocrx_word' id='word_1_192' title='bbox 262 2544 459 2601; x_wconf 71' lang='lat' dir='ltr'>Romae</span> <span class='ocrx_word' id='word_1_193' title='bbox 491 2544 655 2609; x_wconf 89' lang='lat' dir='ltr'>estis,</span> <span class='ocrx_word' id='word_1_194' title='bbox 690 2542 846 2613; x_wconf 88' lang='lat' dir='ltr'>quod</span> <span class='ocrx_word' id='word_1_195' title='bbox 878 2541 938 2597; x_wconf 92' lang='lat' dir='ltr'>in</span> <span class='ocrx_word' id='word_1_196' title='bbox 963 2559 1056 2599; x_wconf 89' lang='lat' dir='ltr'>me</span> <span class='ocrx_word' id='word_1_197' title='bbox 1073 2545 1418 2615; x_wconf 89' lang='lat' dir='ltr'>promptum</span> <span class='ocrx_word' id='word_1_198' title='bbox 1443 2542 1554 2594; x_wconf 90' lang='lat' dir='ltr'>est.</span> <span class='ocrx_word' id='word_1_199' title='bbox 1580 2541 1646 2593; x_wconf 90' lang='lat' dir='ltr'>Et</span> <span class='ocrx_word' id='word_1_200' title='bbox 1668 2537 1807 2610; x_wconf 86' lang='lat' dir='ltr'>quia</span> <span class='ocrx_word' id='word_1_201' title='bbox 1827 2555 1926 2611; x_wconf 87' lang='lat' dir='ltr'>po-</span> 
     </span>
    </p>
   </div>
   <div class='ocr_carea' id='block_1_29' title="bbox 264 2625 1922 2704">
    <p class='ocr_par' dir='ltr' id='par_1_29' title="bbox 264 2625 1922 2704">
     <span class='ocr_line' id='line_1_29' title="bbox 264 2625 1922 2704; baseline -0.002 -16"><span class='ocrx_word' id='word_1_202' title='bbox 264 2637 419 2689; x_wconf 84' lang='lat' dir='ltr'>terat</span> <span class='ocrx_word' id='word_1_203' title='bbox 449 2631 663 2704; x_wconf 89' lang='lat' dir='ltr'>aliquis</span> <span class='ocrx_word' id='word_1_204' title='bbox 694 2630 922 2686; x_wconf 89' lang='lat' dir='ltr'>dicere:</span> <span class='ocrx_word' id='word_1_205' title='bbox 958 2633 1138 2697; x_wconf 88' lang='lat' dir='ltr'>Quem</span> <span class='ocrx_word' id='word_1_206' title='bbox 1169 2631 1259 2686; x_wconf 89' lang='lat' dir='ltr'>vis</span> <span class='ocrx_word' id='word_1_207' title='bbox 1288 2625 1688 2700; x_wconf 87' lang='lat' dir='ltr'>evangelizare</span> <span class='ocrx_word' id='word_1_208' title='bbox 1708 2626 1735 2681; x_wconf 76' lang='lat' dir='ltr'>‘I</span> <span class='ocrx_word' id='word_1_209' title='bbox 1763 2627 1922 2684; x_wconf 92' lang='lat' dir='ltr'>Nun-</span> 
     </span>
    </p>
   </div>
   <div class='ocr_carea' id='block_1_30' title="bbox 260 2717 1924 2795">
    <p class='ocr_par' dir='ltr' id='par_1_30' title="bbox 260 2717 1924 2795">
     <span class='ocr_line' id='line_1_30' title="bbox 260 2717 1924 2795; baseline -0.003 -17"><span class='ocrx_word' id='word_1_210' title='bbox 260 2722 409 2795; x_wconf 90' lang='lat' dir='ltr'>quid</span> <span class='ocrx_word' id='word_1_211' title='bbox 440 2721 740 2779; x_wconf 84' lang='lat' dir='ltr'>Christum</span> <span class='ocrx_word' id='word_1_212' title='bbox 790 2720 1175 2777; x_wconf 82' lang='lat' dir='ltr'>cruciﬁxum?</span> <span class='ocrx_word' id='word_1_213' title='bbox 1222 2720 1416 2784; x_wconf 86' lang='lat' dir='ltr'>Quare</span> <span class='ocrx_word' id='word_1_214' title='bbox 1461 2733 1579 2772; x_wconf 92' lang='lat' dir='ltr'>non</span> <span class='ocrx_word' id='word_1_215' title='bbox 1627 2717 1924 2774; x_wconf 88' lang='lat' dir='ltr'>erubescis</span> 
     </span>
    </p>
   </div>
   <div class='ocr_carea' id='block_1_31' title="bbox 263 2805 1923 2882">
    <p class='ocr_par' dir='ltr' id='par_1_31' title="bbox 263 2805 1923 2882">
     <span class='ocr_line' id='line_1_31' title="bbox 263 2805 1923 2882; baseline -0.003 -15"><span class='ocrx_word' id='word_1_216' title='bbox 263 2828 406 2868; x_wconf 89' lang='lat' dir='ltr'>eum</span> <span class='ocrx_word' id='word_1_217' title='bbox 432 2810 775 2866; x_wconf 84' lang='lat' dir='ltr'>cruciﬁxum</span> <span class='ocrx_word' id='word_1_218' title='bbox 807 2809 1199 2882; x_wconf 90' lang='lat' dir='ltr'>evangelizare</span> <span class='ocrx_word' id='word_1_219' title='bbox 1218 2809 1246 2864; x_wconf 76' lang='lat' dir='ltr'>‘l</span> <span class='ocrx_word' id='word_1_220' title='bbox 1269 2809 1357 2864; x_wconf 88' lang='lat' dir='ltr'>Ad</span> <span class='ocrx_word' id='word_1_221' title='bbox 1390 2807 1515 2862; x_wconf 79' lang='lat' dir='ltr'>han</span> <span class='ocrx_word' id='word_1_222' title='bbox 1536 2805 1661 2879; x_wconf 91' lang='lat' dir='ltr'>ipse</span> <span class='ocrx_word' id='word_1_223' title='bbox 1682 2823 1923 2878; x_wconf 87' lang='lat' dir='ltr'>respon-</span> 
     </span>
    </p>
   </div>
   <div class='ocr_carea' id='block_1_32' title="bbox 263 2895 1925 2969">
    <p class='ocr_par' dir='ltr' id='par_1_32' title="bbox 263 2895 1925 2969">
     <span class='ocr_line' id='line_1_32' title="bbox 263 2895 1925 2969; baseline -0.002 -13"><span class='ocrx_word' id='word_1_224' title='bbox 263 2901 367 2956; x_wconf 89' lang='lat' dir='ltr'>det</span> <span class='ocrx_word' id='word_1_225' title='bbox 397 2916 410 2955; x_wconf 92' lang='lat'>:</span> <span class='ocrx_word' id='word_1_226' title='bbox 440 2900 559 2956; x_wconf 82' lang='lat' dir='ltr'>Non</span> <span class='ocrx_word' id='word_1_227' title='bbox 586 2900 738 2955; x_wconf 87' lang='lat' dir='ltr'>enim</span> <span class='ocrx_word' id='word_1_228' title='bbox 785 2898 1033 2954; x_wconf 82' lang='lat' dir='ltr'>erubesco</span> <span class='ocrx_word' id='word_1_229' title='bbox 1080 2898 1466 2969; x_wconf 37' lang='lat' dir='ltr'>E’vangelium,</span> <span class='ocrx_word' id='word_1_230' title='bbox 1520 2895 1676 2966; x_wconf 85' lang='lat' dir='ltr'>quod</span> <span class='ocrx_word' id='word_1_231' title='bbox 1723 2896 1925 2967; x_wconf 87' lang='lat' dir='ltr'>utique</span> 
     </span>
    </p>
   </div>
   <div class='ocr_carea' id='block_1_33' title="bbox 260 2984 1922 3059">
    <p class='ocr_par' dir='ltr' id='par_1_33' title="bbox 260 2984 1922 3059">
     <span class='ocr_line' id='line_1_33' title="bbox 260 2984 1922 3059; baseline -0.004 -13"><span class='ocrx_word' id='word_1_232' title='bbox 260 2992 335 3046; x_wconf 87' lang='lat' dir='ltr'>ad</span> <span class='ocrx_word' id='word_1_233' title='bbox 373 2988 781 3045; x_wconf 83' lang='lat' dir='ltr'>confusionem</span> <span class='ocrx_word' id='word_1_234' title='bbox 814 2986 1076 3059; x_wconf 90' lang='lat' dir='ltr'>gentium</span> <span class='ocrx_word' id='word_1_235' title='bbox 1108 2987 1332 3045; x_wconf 87' lang='lat' dir='ltr'>dictum</span> <span class='ocrx_word' id='word_1_236' title='bbox 1380 2990 1492 3049; x_wconf 87' lang='lat' dir='ltr'>est,</span> <span class='ocrx_word' id='word_1_237' title='bbox 1526 3001 1652 3056; x_wconf 65' lang='lat' dir='ltr'>quae</span> <span class='ocrx_word' id='word_1_238' title='bbox 1699 2984 1922 3058; x_wconf 86' lang='lat' dir='ltr'>Jovem,</span> 
     </span>
    </p>
   </div>
   <div class='ocr_carea' id='block_1_34' title="bbox 259 3072 1926 3146">
    <p class='ocr_par' dir='ltr' id='par_1_34' title="bbox 259 3072 1926 3146">
     <span class='ocr_line' id='line_1_34' title="bbox 259 3072 1926 3146; baseline -0.004 -11"><span class='ocrx_word' id='word_1_239' title='bbox 259 3080 594 3136; x_wconf 86' lang='lat' dir='ltr'>Saturnum</span> <span class='ocrx_word' id='word_1_240' title='bbox 613 3081 671 3132; x_wconf 91' lang='lat' dir='ltr'>et</span> <span class='ocrx_word' id='word_1_241' title='bbox 686 3081 923 3133; x_wconf 83' lang='lat' dir='ltr'>caeteros</span> <span class='ocrx_word' id='word_1_242' title='bbox 944 3076 1084 3132; x_wconf 86' lang='lat' dir='ltr'>deos</span> <span class='ocrx_word' id='word_1_243' title='bbox 1105 3073 1504 3145; x_wconf 89' lang='lat' dir='ltr'>colebant,sed</span> <span class='ocrx_word' id='word_1_244' title='bbox 1529 3089 1732 3129; x_wconf 90' lang='lat' dir='ltr'>eorum</span> <span class='ocrx_word' id='word_1_245' title='bbox 1767 3072 1926 3146; x_wconf 85' lang='lat' dir='ltr'>ﬂagi-</span> 
     </span>
    </p>
   </div>
   <div class='ocr_carea' id='block_1_35' title="bbox 1952 1782 2000 1847">
    <p class='ocr_par' dir='ltr' id='par_1_35' title="bbox 1952 1782 2000 1847">
     <span class='ocr_line' id='line_1_35' title="bbox 1952 1782 2000 1847; baseline 0 0"><span class='ocrx_word' id='word_1_246' title='bbox 1952 1782 2000 1847; x_wconf 91' lang='lat' dir='ltr'><strong>B</strong></span> 
     </span>
    </p>
   </div>
   <div class='ocr_carea' id='block_1_36' title="bbox 2030 498 3695 572">
    <p class='ocr_par' dir='ltr' id='par_1_36' title="bbox 2030 498 3695 572">
     <span class='ocr_line' id='line_1_36' title="bbox 2030 498 3695 572; baseline 0.011 -23"><span class='ocrx_word' id='word_1_247' title='bbox 2030 498 2183 552; x_wconf 86' lang='lat' dir='ltr'>unde</span> <span class='ocrx_word' id='word_1_248' title='bbox 2214 502 2271 552; x_wconf 90' lang='lat' dir='ltr'>et</span> <span class='ocrx_word' id='word_1_249' title='bbox 2293 498 2495 568; x_wconf 70' lang='lat' dir='ltr'>justus</span> <span class='ocrx_word' id='word_1_250' title='bbox 2529 499 2763 565; x_wconf 83' lang='lat' dir='ltr'>dicitur,</span> <span class='ocrx_word' id='word_1_251' title='bbox 2791 516 2857 554; x_wconf 89' lang='lat' dir='ltr'>co</span> <span class='ocrx_word' id='word_1_252' title='bbox 2880 502 3039 571; x_wconf 90' lang='lat' dir='ltr'>quod</span> <span class='ocrx_word' id='word_1_253' title='bbox 3059 504 3162 572; x_wconf 87' lang='lat' dir='ltr'>jus</span> <span class='ocrx_word' id='word_1_254' title='bbox 3180 508 3492 565; x_wconf 88' lang='lat' dir='ltr'>custodiat.</span> <span class='ocrx_word' id='word_1_255' title='bbox 3516 511 3695 568; x_wconf 83' lang='lat' dir='ltr'>Justi-</span> 
     </span>
    </p>
   </div>
   <div class='ocr_carea' id='block_1_37' title="bbox 2027 586 3693 674">
    <p class='ocr_par' dir='ltr' id='par_1_37' title="bbox 2027 586 3693 674">
     <span class='ocr_line' id='line_1_37' title="bbox 2027 586 3693 674; baseline 0.012 -35"><span class='ocrx_word' id='word_1_256' title='bbox 2027 586 2109 640; x_wconf 90' lang='lat' dir='ltr'>tia</span> <span class='ocrx_word' id='word_1_257' title='bbox 2140 591 2335 641; x_wconf 84' lang='lat' dir='ltr'>autem</span> <span class='ocrx_word' id='word_1_258' title='bbox 2374 587 2471 642; x_wconf 87' lang='lat' dir='ltr'>Dei</span> <span class='ocrx_word' id='word_1_259' title='bbox 2504 586 2774 643; x_wconf 88' lang='lat' dir='ltr'>Christus</span> <span class='ocrx_word' id='word_1_260' title='bbox 2806 592 2914 659; x_wconf 85' lang='lat' dir='ltr'>est,</span> <span class='ocrx_word' id='word_1_261' title='bbox 2951 607 3081 662; x_wconf 77' lang='lat' dir='ltr'>quae</span> <span class='ocrx_word' id='word_1_262' title='bbox 3114 595 3405 653; x_wconf 77' lang='lat' dir='ltr'>reveletur</span> <span class='ocrx_word' id='word_1_263' title='bbox 3432 600 3493 655; x_wconf 91' lang='lat' dir='ltr'>in</span> <span class='ocrx_word' id='word_1_264' title='bbox 3523 618 3610 674; x_wconf 92' lang='lat' dir='ltr'>eo,</span> <span class='ocrx_word' id='word_1_265' title='bbox 3633 601 3693 658; x_wconf 93' lang='lat' dir='ltr'>id</span> 
     </span>
    </p>
   </div>
   <div class='ocr_carea' id='block_1_38' title="bbox 2028 674 3698 753">
    <p class='ocr_par' dir='ltr' id='par_1_38' title="bbox 2028 674 3698 753">
     <span class='ocr_line' id='line_1_38' title="bbox 2028 674 3698 753; baseline 0.011 -23"><span class='ocrx_word' id='word_1_266' title='bbox 2028 679 2117 732; x_wconf 89' lang='lat' dir='ltr'>est</span> <span class='ocrx_word' id='word_1_267' title='bbox 2149 692 2250 747; x_wconf 86' lang='lat' dir='ltr'>per</span> <span class='ocrx_word' id='word_1_268' title='bbox 2282 674 2453 745; x_wconf 88' lang='lat' dir='ltr'>illud,</span> <span class='ocrx_word' id='word_1_269' title='bbox 2487 675 2712 732; x_wconf 87' lang='lat' dir='ltr'>scilicet</span> <span class='ocrx_word' id='word_1_270' title='bbox 2745 693 2848 748; x_wconf 92' lang='lat' dir='ltr'>per</span> <span class='ocrx_word' id='word_1_271' title='bbox 2881 678 3290 752; x_wconf 89' lang='lat' dir='ltr'>Evangelium.</span> <span class='ocrx_word' id='word_1_272' title='bbox 3344 689 3507 753; x_wconf 86' lang='lat' dir='ltr'>Quod</span> <span class='ocrx_word' id='word_1_273' title='bbox 3563 708 3698 748; x_wconf 91' lang='lat' dir='ltr'>vero</span> 
     </span>
    </p>
   </div>
   <div class='ocr_carea' id='block_1_39' title="bbox 2029 764 3694 847">
    <p class='ocr_par' dir='ltr' id='par_1_39' title="bbox 2029 764 3694 847">
     <span class='ocr_line' id='line_1_39' title="bbox 2029 764 3694 847; baseline 0.011 -29"><span class='ocrx_word' id='word_1_274' title='bbox 2029 764 2189 835; x_wconf 89' lang='lat' dir='ltr'>dicit,</span> <span class='ocrx_word' id='word_1_275' title='bbox 2241 781 2310 820; x_wconf 67' lang='lat' dir='ltr'>ea:</span> <span class='ocrx_word' id='word_1_276' title='bbox 2355 764 2463 836; x_wconf 80' lang='lat' dir='ltr'>ﬁde</span> <span class='ocrx_word' id='word_1_277' title='bbox 2512 766 2572 819; x_wconf 84' lang='lat' dir='ltr'>in</span> <span class='ocrx_word' id='word_1_278' title='bbox 2629 765 2809 834; x_wconf 80' lang='lat' dir='ltr'>ﬁdem,</span> <span class='ocrx_word' id='word_1_279' title='bbox 2860 767 2982 823; x_wconf 87' lang='lat' dir='ltr'>tale</span> <span class='ocrx_word' id='word_1_280' title='bbox 3030 776 3143 844; x_wconf 90' lang='lat' dir='ltr'>est,</span> <span class='ocrx_word' id='word_1_281' title='bbox 3196 776 3369 847; x_wconf 90' lang='lat' dir='ltr'>quale</span> <span class='ocrx_word' id='word_1_282' title='bbox 3413 784 3470 835; x_wconf 90' lang='lat' dir='ltr'>et</span> <span class='ocrx_word' id='word_1_283' title='bbox 3528 779 3694 847; x_wconf 89' lang='lat' dir='ltr'>illud,</span> 
     </span>
    </p>
   </div>
   <div class='ocr_carea' id='block_1_40' title="bbox 2028 853 3695 940">
    <p class='ocr_par' dir='ltr' id='par_1_40' title="bbox 2028 853 3695 940">
     <span class='ocr_line' id='line_1_40' title="bbox 2028 853 3695 940; baseline 0.011 -33"><span class='ocrx_word' id='word_1_284' title='bbox 2028 854 2183 925; x_wconf 90' lang='lat' dir='ltr'>quod</span> <span class='ocrx_word' id='word_1_285' title='bbox 2217 853 2354 909; x_wconf 88' lang='lat' dir='ltr'>alibi</span> <span class='ocrx_word' id='word_1_286' title='bbox 2390 853 2514 909; x_wconf 88' lang='lat' dir='ltr'>ait:</span> <span class='ocrx_word' id='word_1_287' title='bbox 2544 855 2650 909; x_wconf 82' lang='lat' dir='ltr'>Nos</span> <span class='ocrx_word' id='word_1_288' title='bbox 2678 859 2864 910; x_wconf 88' lang='lat' dir='ltr'>autem</span> <span class='ocrx_word' id='word_1_289' title='bbox 2895 859 3139 916; x_wconf 86' lang='lat' dir='ltr'>revelata</span> <span class='ocrx_word' id='word_1_290' title='bbox 3169 867 3313 935; x_wconf 81' lang='lat' dir='ltr'>[acie</span> <span class='ocrx_word' id='word_1_291' title='bbox 3354 871 3695 940; x_wconf 82' lang='lat' dir='ltr'>speculantes</span> 
     </span>
    </p>
   </div>
   <div class='ocr_carea' id='block_1_41' title="bbox 2027 940 3696 1029">
    <p class='ocr_par' dir='ltr' id='par_1_41' title="bbox 2027 940 3696 1029">
     <span class='ocr_line' id='line_1_41' title="bbox 2027 940 3696 1029; baseline 0.012 -36"><span class='ocrx_word' id='word_1_292' title='bbox 2027 943 2263 1012; x_wconf 85' lang='lat' dir='ltr'>gloriam</span> <span class='ocrx_word' id='word_1_293' title='bbox 2292 943 2413 1007; x_wconf 87' lang='lat' dir='ltr'>Dei,</span> <span class='ocrx_word' id='word_1_294' title='bbox 2437 940 2911 1011; x_wconf 78' lang='lat' dir='ltr'>transformamur</span> <span class='ocrx_word' id='word_1_295' title='bbox 2936 947 2999 1000; x_wconf 87' lang='lat' dir='ltr'>iu</span> <span class='ocrx_word' id='word_1_296' title='bbox 3028 951 3280 1008; x_wconf 82' lang='lat' dir='ltr'>eamdem</span> <span class='ocrx_word' id='word_1_297' title='bbox 3330 956 3631 1029; x_wconf 82' lang='lat' dir='ltr'>imaginem</span> <span class='ocrx_word' id='word_1_298' title='bbox 3659 975 3696 1013; x_wconf 89' lang='lat' dir='ltr'>a</span> 
     </span>
    </p>
   </div>
   <div class='ocr_carea' id='block_1_42' title="bbox 2028 1031 3692 1118">
    <p class='ocr_par' dir='ltr' id='par_1_42' title="bbox 2028 1031 3692 1118">
     <span class='ocr_line' id='line_1_42' title="bbox 2028 1031 3692 1118; baseline 0.011 -34"><span class='ocrx_word' id='word_1_299' title='bbox 2028 1031 2209 1098; x_wconf 81' lang='lat' dir='ltr'>gloria</span> <span class='ocrx_word' id='word_1_300' title='bbox 2237 1031 2297 1085; x_wconf 83' lang='lat' dir='ltr'>in</span> <span class='ocrx_word' id='word_1_301' title='bbox 2317 1032 2579 1102; x_wconf 85' lang='lat' dir='ltr'>gloriam,</span> <span class='ocrx_word' id='word_1_302' title='bbox 2614 1039 2878 1102; x_wconf 75' lang='lat' dir='ltr'>tanquam</span> <span class='ocrx_word' id='word_1_303' title='bbox 2903 1051 2942 1089; x_wconf 90' lang='lat' dir='ltr'>a</span> <span class='ocrx_word' id='word_1_304' title='bbox 2977 1037 3200 1095; x_wconf 82' lang='lat' dir='ltr'>Domini</span> <span class='ocrx_word' id='word_1_305' title='bbox 3224 1043 3438 1115; x_wconf 85' lang='lat' dir='ltr'>Spiritu</span> <span class='ocrx_word' id='word_1_306' title='bbox 3467 1047 3543 1118; x_wconf 92' lang='lat' dir='ltr'>(II</span> <span class='ocrx_word' id='word_1_307' title='bbox 3569 1048 3692 1105; x_wconf 83' lang='lat' dir='ltr'>Cor.</span> 
     </span>
    </p>
   </div>
   <div class='ocr_carea' id='block_1_43' title="bbox 2030 1117 3696 1201">
    <p class='ocr_par' dir='ltr' id='par_1_43' title="bbox 2030 1117 3696 1201">
     <span class='ocr_line' id='line_1_43' title="bbox 2030 1117 3696 1201; baseline 0.014 -30"><span class='ocrx_word' id='word_1_308' title='bbox 2030 1135 2113 1184; x_wconf 75' lang='grc' dir='ltr'>ιιι,</span> <span class='ocrx_word' id='word_1_309' title='bbox 2141 1118 2247 1185; x_wconf 84' lang='grc'>18).</span> <span class='ocrx_word' id='word_1_310' title='bbox 2286 1123 2327 1173; x_wconf 78' lang='grc' dir='ltr'>Α</span> <span class='ocrx_word' id='word_1_311' title='bbox 2359 1118 2550 1191; x_wconf 85' lang='lat' dir='ltr'>gloria</span> <span class='ocrx_word' id='word_1_312' title='bbox 2578 1117 2721 1173; x_wconf 90' lang='lat' dir='ltr'>dicit</span> <span class='ocrx_word' id='word_1_313' title='bbox 2750 1120 3053 1194; x_wconf 83' lang='lat' dir='ltr'>Evangelii</span> <span class='ocrx_word' id='word_1_314' title='bbox 3084 1129 3154 1183; x_wconf 89' lang='lat' dir='ltr'>ad</span> <span class='ocrx_word' id='word_1_315' title='bbox 3189 1130 3436 1201; x_wconf 87' lang='lat' dir='ltr'>gloriam</span> <span class='ocrx_word' id='word_1_316' title='bbox 3468 1117 3696 1193; x_wconf 66' lang='lat' dir='ltr'>aeternae</span> 
     </span>
    </p>
   </div>
   <div class='ocr_carea' id='block_1_44' title="bbox 2031 1206 3695 1297">
    <p class='ocr_par' dir='ltr' id='par_1_44' title="bbox 2031 1206 3695 1297">
     <span class='ocr_line' id='line_1_44' title="bbox 2031 1206 3695 1297; baseline 0.011 -37"><span class='ocrx_word' id='word_1_317' title='bbox 2031 1208 2549 1263; x_wconf 88' lang='lat' dir='ltr'>remunerationis.</span> <span class='ocrx_word' id='word_1_318' title='bbox 2585 1206 2871 1263; x_wconf 85' lang='lat' dir='ltr'>Similiter</span> <span class='ocrx_word' id='word_1_319' title='bbox 2899 1215 2961 1266; x_wconf 88' lang='lat' dir='ltr'>et</span> <span class='ocrx_word' id='word_1_320' title='bbox 2990 1213 3107 1283; x_wconf 90' lang='lat' dir='ltr'>hic,</span> <span class='ocrx_word' id='word_1_321' title='bbox 3158 1236 3227 1275; x_wconf 82' lang='lat' dir='ltr'>ex</span> <span class='ocrx_word' id='word_1_322' title='bbox 3273 1221 3389 1278; x_wconf 91' lang='lat' dir='ltr'>ﬁde</span> <span class='ocrx_word' id='word_1_323' title='bbox 3436 1222 3584 1297; x_wconf 86' lang='lat' dir='ltr'>legis</span> <span class='ocrx_word' id='word_1_324' title='bbox 3633 1229 3695 1281; x_wconf 88' lang='lat' dir='ltr'>in</span> 
     </span>
    </p>
   </div>
   <div class='ocr_carea' id='block_1_45' title="bbox 2031 1295 3694 1388">
    <p class='ocr_par' dir='ltr' id='par_1_45' title="bbox 2031 1295 3694 1388">
     <span class='ocr_line' id='line_1_45' title="bbox 2031 1295 3694 1388; baseline 0.014 -40"><span class='ocrx_word' id='word_1_325' title='bbox 2031 1295 2209 1351; x_wconf 89' lang='lat' dir='ltr'>ﬁdem</span> <span class='ocrx_word' id='word_1_326' title='bbox 2234 1296 2558 1368; x_wconf 86' lang='lat' dir='ltr'>Evangelii,</span> <span class='ocrx_word' id='word_1_327' title='bbox 2590 1295 2679 1352; x_wconf 89' lang='lat' dir='ltr'>vel</span> <span class='ocrx_word' id='word_1_328' title='bbox 2711 1313 2778 1352; x_wconf 82' lang='lat' dir='ltr'>ex</span> <span class='ocrx_word' id='word_1_329' title='bbox 2806 1297 2925 1355; x_wconf 88' lang='lat' dir='ltr'>ﬁde</span> <span class='ocrx_word' id='word_1_330' title='bbox 2953 1304 3267 1363; x_wconf 88' lang='lat' dir='ltr'>verborum</span> <span class='ocrx_word' id='word_1_331' title='bbox 3315 1314 3373 1365; x_wconf 89' lang='lat' dir='ltr'>et</span> <span class='ocrx_word' id='word_1_332' title='bbox 3422 1295 3694 1388; x_wconf 82' lang='lat' dir='ltr'>operum,</span> 
     </span>
    </p>
   </div>
   <div class='ocr_carea' id='block_1_46' title="bbox 2030 1383 3696 1461">
    <p class='ocr_par' dir='ltr' id='par_1_46' title="bbox 2030 1383 3696 1461">
     <span class='ocr_line' id='line_1_46' title="bbox 2030 1383 3696 1461; baseline 0.014 -23"><span class='ocrx_word' id='word_1_333' title='bbox 2030 1383 2091 1438; x_wconf 90' lang='lat' dir='ltr'>in</span> <span class='ocrx_word' id='word_1_334' title='bbox 2119 1384 2297 1440; x_wconf 88' lang='lat' dir='ltr'>ﬁdem</span> <span class='ocrx_word' id='word_1_335' title='bbox 2328 1390 2558 1441; x_wconf 66' lang='lat' dir='ltr'>aeterna:</span> <span class='ocrx_word' id='word_1_336' title='bbox 2583 1386 3012 1461; x_wconf 89' lang='lat' dir='ltr'>retributionis,</span> <span class='ocrx_word' id='word_1_337' title='bbox 3042 1394 3162 1451; x_wconf 90' lang='lat' dir='ltr'>sive</span> <span class='ocrx_word' id='word_1_338' title='bbox 3191 1413 3260 1452; x_wconf 78' lang='lat' dir='ltr'>ex</span> <span class='ocrx_word' id='word_1_339' title='bbox 3288 1399 3404 1455; x_wconf 88' lang='lat' dir='ltr'>ﬁde</span> <span class='ocrx_word' id='word_1_340' title='bbox 3432 1383 3696 1461; x_wconf 76' lang='lat' dir='ltr'>hominis</span> 
     </span>
    </p>
   </div>
   <div class='ocr_carea' id='block_1_47' title="bbox 2030 1472 3694 1562">
    <p class='ocr_par' dir='ltr' id='par_1_47' title="bbox 2030 1472 3694 1562">
     <span class='ocr_line' id='line_1_47' title="bbox 2030 1472 3694 1562; baseline 0.015 -37"><span class='ocrx_word' id='word_1_341' title='bbox 2030 1472 2089 1526; x_wconf 91' lang='lat' dir='ltr'>in</span> <span class='ocrx_word' id='word_1_342' title='bbox 2122 1473 2297 1529; x_wconf 88' lang='lat' dir='ltr'>ﬁdem</span> <span class='ocrx_word' id='word_1_343' title='bbox 2322 1476 2440 1529; x_wconf 78' lang='lat' dir='ltr'>Dei.</span> <span class='ocrx_word' id='word_1_344' title='bbox 2478 1475 2547 1531; x_wconf 86' lang='lat' dir='ltr'>Et</span> <span class='ocrx_word' id='word_1_345' title='bbox 2578 1478 2644 1531; x_wconf 91' lang='lat' dir='ltr'>ut</span> <span class='ocrx_word' id='word_1_346' title='bbox 2676 1492 2845 1531; x_wconf 87' lang='lat' dir='ltr'>suam</span> <span class='ocrx_word' id='word_1_347' title='bbox 2899 1484 3299 1541; x_wconf 87' lang='lat' dir='ltr'>narrationem</span> <span class='ocrx_word' id='word_1_348' title='bbox 3345 1491 3694 1562; x_wconf 90' lang='lat' dir='ltr'>prophetico</span> 
     </span>
    </p>
   </div>
   <div class='ocr_carea' id='block_1_48' title="bbox 2031 1562 3698 1653">
    <p class='ocr_par' dir='ltr' id='par_1_48' title="bbox 2031 1562 3698 1653">
     <span class='ocr_line' id='line_1_48' title="bbox 2031 1562 3698 1653; baseline 0.014 -36"><span class='ocrx_word' id='word_1_349' title='bbox 2031 1562 2368 1620; x_wconf 89' lang='lat' dir='ltr'>testimonio</span> <span class='ocrx_word' id='word_1_350' title='bbox 2418 1564 2847 1636; x_wconf 89' lang='lat' dir='ltr'>comprobaret,</span> <span class='ocrx_word' id='word_1_351' title='bbox 2909 1570 3163 1643; x_wconf 85' lang='lat' dir='ltr'>adjecit:</span> <span class='ocrx_word' id='word_1_352' title='bbox 3213 1577 3368 1632; x_wconf 81' lang='lat' dir='ltr'>Sicut</span> <span class='ocrx_word' id='word_1_353' title='bbox 3428 1583 3698 1653; x_wconf 87' lang='lat' dir='ltr'>scriptum</span> 
     </span>
    </p>
   </div>
   <div class='ocr_carea' id='block_1_49' title="bbox 2029 1654 3693 1741">
    <p class='ocr_par' dir='ltr' id='par_1_49' title="bbox 2029 1654 3693 1741">
     <span class='ocr_line' id='line_1_49' title="bbox 2029 1654 3693 1741; baseline 0.013 -35"><span class='ocrx_word' id='word_1_354' title='bbox 2029 1660 2139 1707; x_wconf 87' lang='lat' dir='ltr'>est:</span> <span class='ocrx_word' id='word_1_355' title='bbox 2177 1654 2363 1708; x_wconf 81' lang='lat' dir='ltr'>Justus</span> <span class='ocrx_word' id='word_1_356' title='bbox 2390 1662 2580 1709; x_wconf 86' lang='lat' dir='ltr'>autem</span> <span class='ocrx_word' id='word_1_357' title='bbox 2610 1669 2681 1709; x_wconf 77' lang='lat' dir='ltr'>ea:</span> <span class='ocrx_word' id='word_1_358' title='bbox 2719 1656 2827 1726; x_wconf 75' lang='lat' dir='ltr'>ﬁde</span> <span class='ocrx_word' id='word_1_359' title='bbox 2858 1661 3015 1716; x_wconf 85' lang='lat' dir='ltr'>vivit.</span> <span class='ocrx_word' id='word_1_360' title='bbox 3043 1663 3207 1726; x_wconf 91' lang='lat' dir='ltr'>Quod</span> <span class='ocrx_word' id='word_1_361' title='bbox 3237 1665 3398 1735; x_wconf 89' lang='lat' dir='ltr'>dicit,</span> <span class='ocrx_word' id='word_1_362' title='bbox 3448 1686 3522 1725; x_wconf 77' lang='lat' dir='ltr'>ea:</span> <span class='ocrx_word' id='word_1_363' title='bbox 3568 1670 3693 1741; x_wconf 82' lang='lat' dir='ltr'>ﬁde,</span> 
     </span>
    </p>
   </div>
   <div class='ocr_carea' id='block_1_50' title="bbox 2031 1741 3693 1831">
    <p class='ocr_par' dir='ltr' id='par_1_50' title="bbox 2031 1741 3693 1831">
     <span class='ocr_line' id='line_1_50' title="bbox 2031 1741 3693 1831; baseline 0.013 -36"><span class='ocrx_word' id='word_1_364' title='bbox 2031 1757 2148 1831; x_wconf 84' lang='lat' dir='ltr'>non</span> <span class='ocrx_word' id='word_1_365' title='bbox 2179 1741 2279 1797; x_wconf 91' lang='lat' dir='ltr'>illa</span> <span class='ocrx_word' id='word_1_366' title='bbox 2308 1748 2398 1799; x_wconf 89' lang='lat' dir='ltr'>est</span> <span class='ocrx_word' id='word_1_367' title='bbox 2427 1742 2828 1816; x_wconf 88' lang='lat' dir='ltr'>intelligenda,</span> <span class='ocrx_word' id='word_1_368' title='bbox 2864 1764 2992 1817; x_wconf 76' lang='lat' dir='ltr'>quas</span> <span class='ocrx_word' id='word_1_369' title='bbox 3025 1752 3199 1807; x_wconf 92' lang='lat' dir='ltr'>verbo</span> <span class='ocrx_word' id='word_1_370' title='bbox 3227 1757 3403 1811; x_wconf 89' lang='lat' dir='ltr'>tenus</span> <span class='ocrx_word' id='word_1_371' title='bbox 3434 1761 3693 1831; x_wconf 89' lang='lat' dir='ltr'>tenetur,</span> 
     </span>
    </p>
   </div>
   <div class='ocr_carea' id='block_1_51' title="bbox 2032 1830 3695 1920">
    <p class='ocr_par' dir='ltr' id='par_1_51' title="bbox 2032 1830 3695 1920">
     <span class='ocr_line' id='line_1_51' title="bbox 2032 1830 3695 1920; baseline 0.012 -35"><span class='ocrx_word' id='word_1_372' title='bbox 2032 1830 2135 1920; x_wconf 83' lang='lat' dir='ltr'>sed</span> <span class='ocrx_word' id='word_1_373' title='bbox 2157 1846 2284 1901; x_wconf 69' lang='lat' dir='ltr'>quae</span> <span class='ocrx_word' id='word_1_374' title='bbox 2316 1832 2595 1904; x_wconf 90' lang='lat' dir='ltr'>operibus</span> <span class='ocrx_word' id='word_1_375' title='bbox 2626 1834 3005 1909; x_wconf 89' lang='lat' dir='ltr'>adimpletur,</span> <span class='ocrx_word' id='word_1_376' title='bbox 3040 1841 3180 1911; x_wconf 91' lang='lat' dir='ltr'>quia</span> <span class='ocrx_word' id='word_1_377' title='bbox 3200 1843 3487 1903; x_wconf 88' lang='lat' dir='ltr'>ﬁdessine</span> <span class='ocrx_word' id='word_1_378' title='bbox 3508 1830 3695 1920; x_wconf 88' lang='lat' dir='ltr'>operi-</span> 
     </span>
    </p>
   </div>
   <div class='ocr_carea' id='block_1_52' title="bbox 2031 1918 3688 2007">
    <p class='ocr_par' dir='ltr' id='par_1_52' title="bbox 2031 1918 3688 2007">
     <span class='ocr_line' id='line_1_52' title="bbox 2031 1918 3688 2007; baseline 0.01 -32"><span class='ocrx_word' id='word_1_379' title='bbox 2031 1918 2144 1975; x_wconf 89' lang='lat' dir='ltr'>bus</span> <span class='ocrx_word' id='word_1_380' title='bbox 2174 1925 2407 1976; x_wconf 87' lang='lat' dir='ltr'>mortua</span> <span class='ocrx_word' id='word_1_381' title='bbox 2437 1926 2528 1978; x_wconf 89' lang='lat' dir='ltr'>est</span> <span class='ocrx_word' id='word_1_382' title='bbox 2557 1923 2619 1978; x_wconf 91' lang='lat' dir='ltr'>in</span> <span class='ocrx_word' id='word_1_383' title='bbox 2655 1925 2976 1997; x_wconf 88' lang='lat' dir='ltr'>semetipsa</span> <span class='ocrx_word' id='word_1_384' title='bbox 3005 1928 3144 2000; x_wconf 86' lang='lat' dir='ltr'>(Jac.</span> <span class='ocrx_word' id='word_1_385' title='bbox 3177 1949 3239 1999; x_wconf 81' lang='grc' dir='ltr'>ιι,</span> <span class='ocrx_word' id='word_1_386' title='bbox 3295 1933 3383 2001; x_wconf 85' lang='grc'>17,</span> <span class='ocrx_word' id='word_1_387' title='bbox 3433 1937 3527 2002; x_wconf 84' lang='grc'>20,</span> <span class='ocrx_word' id='word_1_388' title='bbox 3547 1918 3688 2007; x_wconf 30' lang='lat'>&#39;26).</span> 
     </span>
    </p>
   </div>
   <div class='ocr_carea' id='block_1_53' title="bbox 2030 2008 3691 2096">
    <p class='ocr_par' dir='ltr' id='par_1_53' title="bbox 2030 2008 3691 2096">
     <span class='ocr_line' id='line_1_53' title="bbox 2030 2008 3691 2096; baseline 0.011 -34"><span class='ocrx_word' id='word_1_389' title='bbox 2030 2008 2344 2079; x_wconf 88' lang='lat' dir='ltr'>Sequitur:</span> <span class='ocrx_word' id='word_1_390' title='bbox 2400 2011 2694 2066; x_wconf 81' lang='lat' dir='ltr'>Revelalur</span> <span class='ocrx_word' id='word_1_391' title='bbox 2745 2018 2899 2069; x_wconf 88' lang='lat' dir='ltr'>enim</span> <span class='ocrx_word' id='word_1_392' title='bbox 2955 2017 3043 2071; x_wconf 81' lang='lat' dir='ltr'>ira</span> <span class='ocrx_word' id='word_1_393' title='bbox 3092 2019 3193 2073; x_wconf 88' lang='lat' dir='ltr'>Dei</span> <span class='ocrx_word' id='word_1_394' title='bbox 3220 2019 3287 2075; x_wconf 89' lang='lat' dir='ltr'>de</span> <span class='ocrx_word' id='word_1_395' title='bbox 3336 2023 3472 2079; x_wconf 79' lang='lat' dir='ltr'>cazlo</span> <span class='ocrx_word' id='word_1_396' title='bbox 3526 2040 3691 2096; x_wconf 85' lang='lat' dir='ltr'>super</span> 
     </span>
    </p>
   </div>
   <div class='ocr_carea' id='block_1_54' title="bbox 2031 2099 3690 2173">
    <p class='ocr_par' dir='ltr' id='par_1_54' title="bbox 2031 2099 3690 2173">
     <span class='ocr_line' id='line_1_54' title="bbox 2031 2099 3690 2173; baseline 0.01 -21"><span class='ocrx_word' id='word_1_397' title='bbox 2031 2112 2250 2152; x_wconf 86' lang='lat' dir='ltr'>omnem</span> <span class='ocrx_word' id='word_1_398' title='bbox 2279 2099 2624 2169; x_wconf 86' lang='lat' dir='ltr'>impietatem</span> <span class='ocrx_word' id='word_1_399' title='bbox 2652 2104 2703 2156; x_wconf 88' lang='lat' dir='ltr'>et</span> <span class='ocrx_word' id='word_1_400' title='bbox 2733 2102 3070 2173; x_wconf 82' lang='lat' dir='ltr'>injustitiam</span> <span class='ocrx_word' id='word_1_401' title='bbox 3099 2107 3404 2166; x_wconf 86' lang='lat' dir='ltr'>hominum.</span> <span class='ocrx_word' id='word_1_402' title='bbox 3457 2112 3690 2168; x_wconf 86' lang='lat' dir='ltr'>Dixerat</span> 
     </span>
    </p>
   </div>
   <div class='ocr_carea' id='block_1_55' title="bbox 2035 2185 3687 2268">
    <p class='ocr_par' dir='ltr' id='par_1_55' title="bbox 2035 2185 3687 2268">
     <span class='ocr_line' id='line_1_55' title="bbox 2035 2185 3687 2268; baseline 0.01 -28"><span class='ocrx_word' id='word_1_403' title='bbox 2035 2185 2307 2257; x_wconf 81' lang='lat' dir='ltr'>superius</span> <span class='ocrx_word' id='word_1_404' title='bbox 2338 2187 2580 2243; x_wconf 82' lang='lat' dir='ltr'>revelari</span> <span class='ocrx_word' id='word_1_405' title='bbox 2613 2189 2779 2259; x_wconf 87' lang='lat' dir='ltr'>justo</span> <span class='ocrx_word' id='word_1_406' title='bbox 2827 2208 2932 2262; x_wconf 92' lang='lat' dir='ltr'>per</span> <span class='ocrx_word' id='word_1_407' title='bbox 2978 2194 3353 2267; x_wconf 84' lang='lat' dir='ltr'>Evangelium</span> <span class='ocrx_word' id='word_1_408' title='bbox 3388 2198 3687 2268; x_wconf 85' lang='lat' dir='ltr'>justitiam</span> 
     </span>
    </p>
   </div>
   <div class='ocr_carea' id='block_1_56' title="bbox 2034 2274 3687 2358">
    <p class='ocr_par' dir='ltr' id='par_1_56' title="bbox 2034 2274 3687 2358">
     <span class='ocr_line' id='line_1_56' title="bbox 2034 2274 3687 2358; baseline 0.01 -30"><span class='ocrx_word' id='word_1_409' title='bbox 2034 2274 2136 2329; x_wconf 91' lang='lat' dir='ltr'>Dei</span> <span class='ocrx_word' id='word_1_410' title='bbox 2161 2292 2174 2330; x_wconf 91' lang='lat'>:</span> <span class='ocrx_word' id='word_1_411' title='bbox 2203 2292 2574 2347; x_wconf 90' lang='lat' dir='ltr'>consequens</span> <span class='ocrx_word' id='word_1_412' title='bbox 2605 2281 2749 2343; x_wconf 90' lang='lat' dir='ltr'>erat,</span> <span class='ocrx_word' id='word_1_413' title='bbox 2784 2283 2850 2334; x_wconf 88' lang='lat' dir='ltr'>ut</span> <span class='ocrx_word' id='word_1_414' title='bbox 2881 2282 3215 2339; x_wconf 88' lang='lat' dir='ltr'>ostenderet</span> <span class='ocrx_word' id='word_1_415' title='bbox 3246 2285 3428 2358; x_wconf 91' lang='lat' dir='ltr'>impio</span> <span class='ocrx_word' id='word_1_416' title='bbox 3446 2287 3687 2344; x_wconf 87' lang='lat' dir='ltr'>revelari</span> 
     </span>
    </p>
   </div>
   <div class='ocr_carea' id='block_1_57' title="bbox 2030 2362 3685 2441">
    <p class='ocr_par' dir='ltr' id='par_1_57' title="bbox 2030 2362 3685 2441">
     <span class='ocr_line' id='line_1_57' title="bbox 2030 2362 3685 2441; baseline 0.01 -24"><span class='ocrx_word' id='word_1_417' title='bbox 2030 2362 2180 2418; x_wconf 91' lang='lat' dir='ltr'>iram</span> <span class='ocrx_word' id='word_1_418' title='bbox 2214 2363 2340 2433; x_wconf 91' lang='lat' dir='ltr'>Dei,</span> <span class='ocrx_word' id='word_1_419' title='bbox 2377 2366 2479 2420; x_wconf 89' lang='lat' dir='ltr'>sed</span> <span class='ocrx_word' id='word_1_420' title='bbox 2511 2367 2584 2421; x_wconf 92' lang='lat' dir='ltr'>de</span> <span class='ocrx_word' id='word_1_421' title='bbox 2643 2366 2808 2433; x_wconf 78' lang='lat' dir='ltr'>cmlo,</span> <span class='ocrx_word' id='word_1_422' title='bbox 2859 2368 3107 2441; x_wconf 90' lang='lat' dir='ltr'>ideoque</span> <span class='ocrx_word' id='word_1_423' title='bbox 3155 2373 3408 2431; x_wconf 90' lang='lat' dir='ltr'>addidit:</span> <span class='ocrx_word' id='word_1_424' title='bbox 3460 2376 3685 2433; x_wconf 78' lang='lat' dir='ltr'>Revela-</span> 
     </span>
    </p>
   </div>
   <div class='ocr_carea' id='block_1_58' title="bbox 2034 2453 3685 2536">
    <p class='ocr_par' dir='ltr' id='par_1_58' title="bbox 2034 2453 3685 2536">
     <span class='ocr_line' id='line_1_58' title="bbox 2034 2453 3685 2536; baseline 0.009 -29"><span class='ocrx_word' id='word_1_425' title='bbox 2034 2456 2143 2519; x_wconf 85' lang='lat' dir='ltr'>tur,</span> <span class='ocrx_word' id='word_1_426' title='bbox 2179 2457 2288 2508; x_wconf 89' lang='lat' dir='ltr'>etc.</span> <span class='ocrx_word' id='word_1_427' title='bbox 2319 2453 2426 2509; x_wconf 90' lang='lat' dir='ltr'>Ubi</span> <span class='ocrx_word' id='word_1_428' title='bbox 2457 2454 2704 2511; x_wconf 91' lang='lat' dir='ltr'>solerter</span> <span class='ocrx_word' id='word_1_429' title='bbox 2734 2460 2824 2513; x_wconf 89' lang='lat' dir='ltr'>est</span> <span class='ocrx_word' id='word_1_430' title='bbox 2853 2458 3461 2533; x_wconf 87' lang='lat' dir='ltr'>animadvertendum,</span> <span class='ocrx_word' id='word_1_431' title='bbox 3503 2481 3685 2536; x_wconf 90' lang='lat' dir='ltr'>quare</span> 
     </span>
    </p>
   </div>
   <div class='ocr_carea' id='block_1_59' title="bbox 2031 2541 3684 2614">
    <p class='ocr_par' dir='ltr' id='par_1_59' title="bbox 2031 2541 3684 2614">
     <span class='ocr_line' id='line_1_59' title="bbox 2031 2541 3684 2614; baseline 0.009 -19"><span class='ocrx_word' id='word_1_432' title='bbox 2031 2541 2276 2609; x_wconf 81' lang='lat' dir='ltr'>dixerit;</span> <span class='ocrx_word' id='word_1_433' title='bbox 2314 2544 2593 2599; x_wconf 74' lang='lat' dir='ltr'>reveletur</span> <span class='ocrx_word' id='word_1_434' title='bbox 2621 2550 2724 2600; x_wconf 88' lang='lat' dir='ltr'>aut</span> <span class='ocrx_word' id='word_1_435' title='bbox 2751 2546 2840 2601; x_wconf 88' lang='lat' dir='ltr'>ira</span> <span class='ocrx_word' id='word_1_436' title='bbox 2873 2549 2995 2614; x_wconf 89' lang='lat' dir='ltr'>Dei,</span> <span class='ocrx_word' id='word_1_437' title='bbox 3025 2554 3127 2605; x_wconf 90' lang='lat' dir='ltr'>aut</span> <span class='ocrx_word' id='word_1_438' title='bbox 3154 2551 3222 2606; x_wconf 88' lang='lat' dir='ltr'>de</span> <span class='ocrx_word' id='word_1_439' title='bbox 3245 2552 3397 2608; x_wconf 77' lang='lat' dir='ltr'>aceto.</span> <span class='ocrx_word' id='word_1_440' title='bbox 3445 2553 3684 2610; x_wconf 84' lang='lat' dir='ltr'>Revela-</span> 
     </span>
    </p>
   </div>
   <div class='ocr_carea' id='block_1_60' title="bbox 2032 2630 3682 2709">
    <p class='ocr_par' dir='ltr' id='par_1_60' title="bbox 2032 2630 3682 2709">
     <span class='ocr_line' id='line_1_60' title="bbox 2032 2630 3682 2709; baseline 0.009 -25"><span class='ocrx_word' id='word_1_441' title='bbox 2032 2635 2128 2685; x_wconf 87' lang='lat' dir='ltr'>tur</span> <span class='ocrx_word' id='word_1_442' title='bbox 2158 2630 2286 2686; x_wconf 90' lang='lat' dir='ltr'>ideo</span> <span class='ocrx_word' id='word_1_443' title='bbox 2319 2632 2481 2702; x_wconf 91' lang='lat' dir='ltr'>dicit,</span> <span class='ocrx_word' id='word_1_444' title='bbox 2515 2634 2654 2705; x_wconf 91' lang='lat' dir='ltr'>quia</span> <span class='ocrx_word' id='word_1_445' title='bbox 2701 2636 2857 2705; x_wconf 91' lang='lat' dir='ltr'>quod</span> <span class='ocrx_word' id='word_1_446' title='bbox 2908 2636 3073 2708; x_wconf 90' lang='lat' dir='ltr'>prius</span> <span class='ocrx_word' id='word_1_447' title='bbox 3130 2639 3320 2695; x_wconf 82' lang='lat' dir='ltr'>fuerat</span> <span class='ocrx_word' id='word_1_448' title='bbox 3361 2641 3682 2709; x_wconf 87' lang='lat' dir='ltr'>occultum,</span> 
     </span>
    </p>
   </div>
   <div class='ocr_carea' id='block_1_61' title="bbox 2033 2719 3680 2802">
    <p class='ocr_par' dir='ltr' id='par_1_61' title="bbox 2033 2719 3680 2802">
     <span class='ocr_line' id='line_1_61' title="bbox 2033 2719 3680 2802; baseline 0.009 -30"><span class='ocrx_word' id='word_1_449' title='bbox 2033 2734 2134 2789; x_wconf 91' lang='lat' dir='ltr'>per</span> <span class='ocrx_word' id='word_1_450' title='bbox 2157 2719 2534 2792; x_wconf 89' lang='lat' dir='ltr'>Evangelium</span> <span class='ocrx_word' id='word_1_451' title='bbox 2582 2722 2799 2779; x_wconf 79' lang='lat' dir='ltr'>factum</span> <span class='ocrx_word' id='word_1_452' title='bbox 2851 2729 2940 2780; x_wconf 90' lang='lat' dir='ltr'>est</span> <span class='ocrx_word' id='word_1_453' title='bbox 2987 2731 3280 2797; x_wconf 86' lang='lat' dir='ltr'>apertum,</span> <span class='ocrx_word' id='word_1_454' title='bbox 3332 2729 3472 2801; x_wconf 88' lang='lat' dir='ltr'>sive,</span> <span class='ocrx_word' id='word_1_455' title='bbox 3524 2732 3680 2802; x_wconf 90' lang='lat' dir='ltr'>quod</span> 
     </span>
    </p>
   </div>
   <div class='ocr_carea' id='block_1_62' title="bbox 2033 2808 3685 2887">
    <p class='ocr_par' dir='ltr' id='par_1_62' title="bbox 2033 2808 3685 2887">
     <span class='ocr_line' id='line_1_62' title="bbox 2033 2808 3685 2887; baseline 0.009 -26"><span class='ocrx_word' id='word_1_456' title='bbox 2033 2808 2221 2862; x_wconf 87' lang='lat' dir='ltr'>fuerat</span> <span class='ocrx_word' id='word_1_457' title='bbox 2238 2809 2435 2865; x_wconf 90' lang='lat' dir='ltr'>minus</span> <span class='ocrx_word' id='word_1_458' title='bbox 2459 2816 2686 2879; x_wconf 88' lang='lat' dir='ltr'>notum,</span> <span class='ocrx_word' id='word_1_459' title='bbox 2708 2829 2811 2884; x_wconf 90' lang='lat' dir='ltr'>per</span> <span class='ocrx_word' id='word_1_460' title='bbox 2834 2813 3216 2887; x_wconf 89' lang='lat' dir='ltr'>Evangelium</span> <span class='ocrx_word' id='word_1_461' title='bbox 3233 2821 3323 2873; x_wconf 89' lang='lat' dir='ltr'>est</span> <span class='ocrx_word' id='word_1_462' title='bbox 3345 2818 3685 2877; x_wconf 77' lang='lat' dir='ltr'>manifesta-</span> 
     </span>
    </p>
   </div>
   <div class='ocr_carea' id='block_1_63' title="bbox 2031 2896 3683 2976">
    <p class='ocr_par' dir='ltr' id='par_1_63' title="bbox 2031 2896 3683 2976">
     <span class='ocr_line' id='line_1_63' title="bbox 2031 2896 3683 2976; baseline 0.008 -26"><span class='ocrx_word' id='word_1_463' title='bbox 2031 2901 2179 2951; x_wconf 88' lang='lat' dir='ltr'>tum.</span> <span class='ocrx_word' id='word_1_464' title='bbox 2212 2896 2303 2952; x_wconf 89' lang='lat' dir='ltr'>Ira</span> <span class='ocrx_word' id='word_1_465' title='bbox 2332 2903 2528 2954; x_wconf 90' lang='lat' dir='ltr'>autem</span> <span class='ocrx_word' id='word_1_466' title='bbox 2549 2899 2607 2954; x_wconf 93' lang='lat' dir='ltr'>in</span> <span class='ocrx_word' id='word_1_467' title='bbox 2630 2905 2761 2971; x_wconf 90' lang='lat' dir='ltr'>Deo,</span> <span class='ocrx_word' id='word_1_468' title='bbox 2792 2918 2907 2957; x_wconf 89' lang='lat' dir='ltr'>non</span> <span class='ocrx_word' id='word_1_469' title='bbox 2931 2903 3184 2976; x_wconf 89' lang='lat' dir='ltr'>proprie,</span> <span class='ocrx_word' id='word_1_470' title='bbox 3208 2906 3309 2961; x_wconf 91' lang='lat' dir='ltr'>sed</span> <span class='ocrx_word' id='word_1_471' title='bbox 3339 2907 3683 2964; x_wconf 89' lang='lat' dir='ltr'>translative</span> 
     </span>
    </p>
   </div>
   <div class='ocr_carea' id='block_1_64' title="bbox 2033 2984 3682 3067">
    <p class='ocr_par' dir='ltr' id='par_1_64' title="bbox 2033 2984 3682 3067">
     <span class='ocr_line' id='line_1_64' title="bbox 2033 2984 3682 3067; baseline 0.007 -27"><span class='ocrx_word' id='word_1_472' title='bbox 2033 2985 2284 3040; x_wconf 88' lang='lat' dir='ltr'>dicitur:</span> <span class='ocrx_word' id='word_1_473' title='bbox 2317 2984 2377 3041; x_wconf 91' lang='lat' dir='ltr'>in</span> <span class='ocrx_word' id='word_1_474' title='bbox 2408 2987 2729 3044; x_wconf 90' lang='lat' dir='ltr'>divinitatis</span> <span class='ocrx_word' id='word_1_475' title='bbox 2761 2990 2977 3061; x_wconf 90' lang='lat' dir='ltr'>quippe</span> <span class='ocrx_word' id='word_1_476' title='bbox 3002 2996 3275 3048; x_wconf 89' lang='lat' dir='ltr'>naturam</span> <span class='ocrx_word' id='word_1_477' title='bbox 3303 2995 3466 3050; x_wconf 90' lang='lat' dir='ltr'>nulla</span> <span class='ocrx_word' id='word_1_478' title='bbox 3486 2996 3682 3067; x_wconf 87' lang='lat' dir='ltr'>passio</span> 
     </span>
    </p>
   </div>
   <div class='ocr_carea' id='block_1_65' title="bbox 2033 3073 3684 3154">
    <p class='ocr_par' dir='ltr' id='par_1_65' title="bbox 2033 3073 3684 3154">
     <span class='ocr_line' id='line_1_65' title="bbox 2033 3073 3684 3154; baseline 0.007 -27"><span class='ocrx_word' id='word_1_479' title='bbox 2033 3073 2208 3128; x_wconf 89' lang='lat' dir='ltr'>cadit.</span> <span class='ocrx_word' id='word_1_480' title='bbox 2241 3073 2476 3137; x_wconf 86' lang='lat' dir='ltr'>Quoties</span> <span class='ocrx_word' id='word_1_481' title='bbox 2505 3090 2642 3147; x_wconf 90' lang='lat' dir='ltr'>ergo</span> <span class='ocrx_word' id='word_1_482' title='bbox 2674 3076 2759 3132; x_wconf 88' lang='lat' dir='ltr'>ira</span> <span class='ocrx_word' id='word_1_483' title='bbox 2789 3077 2849 3133; x_wconf 91' lang='lat' dir='ltr'>in</span> <span class='ocrx_word' id='word_1_484' title='bbox 2882 3078 2997 3134; x_wconf 86' lang='lat' dir='ltr'>Deo</span> <span class='ocrx_word' id='word_1_485' title='bbox 3027 3079 3263 3148; x_wconf 90' lang='lat' dir='ltr'>dicitur,</span> <span class='ocrx_word' id='word_1_486' title='bbox 3296 3099 3400 3154; x_wconf 92' lang='lat' dir='ltr'>pro</span> <span class='ocrx_word' id='word_1_487' title='bbox 3429 3083 3684 3139; x_wconf 88' lang='lat' dir='ltr'>vindicta</span> 
     </span>
    </p>
   </div>
   <div class='ocr_carea' id='block_1_66' title="bbox 263 3146 3679 3243">
    <p class='ocr_par' dir='ltr' id='par_1_66' title="bbox 263 3146 3679 3243">
     <span class='ocr_line' id='line_1_66' title="bbox 263 3146 3679 3243; baseline 0.001 -19"><span class='ocrx_word' id='word_1_488' title='bbox 263 3169 355 3224; x_wconf 85' lang='lat' dir='ltr'>tia</span> <span class='ocrx_word' id='word_1_489' title='bbox 399 3168 668 3223; x_wconf 86' lang='lat' dir='ltr'>conﬁteri</span> <span class='ocrx_word' id='word_1_490' title='bbox 696 3166 1081 3221; x_wconf 87' lang='lat' dir='ltr'>verebantur:</span> <span class='ocrx_word' id='word_1_491' title='bbox 1117 3165 1286 3236; x_wconf 85' lang='lat' dir='ltr'>quasi</span> <span class='ocrx_word' id='word_1_492' title='bbox 1309 3163 1534 3218; x_wconf 89' lang='lat' dir='ltr'>diceret</span> <span class='ocrx_word' id='word_1_493' title='bbox 1572 3161 1921 3233; x_wconf 86' lang='lat' dir='ltr'>Apostolus:</span> <span class='ocrx_word' id='word_1_494' title='bbox 1957 3146 1998 3209; x_wconf 66' lang='grc' dir='ltr'>(ἶ</span> <span class='ocrx_word' id='word_1_495' title='bbox 2037 3161 2377 3232; x_wconf 88' lang='lat' dir='ltr'>accipienda</span> <span class='ocrx_word' id='word_1_496' title='bbox 2404 3167 2511 3219; x_wconf 90' lang='lat' dir='ltr'>est.</span> <span class='ocrx_word' id='word_1_497' title='bbox 2545 3146 2615 3218; x_wconf 82' lang='lat' dir='ltr'>Et</span> <span class='ocrx_word' id='word_1_498' title='bbox 2671 3164 2910 3236; x_wconf 90' lang='lat' dir='ltr'>pulchre</span> <span class='ocrx_word' id='word_1_499' title='bbox 2959 3168 3102 3222; x_wconf 90' lang='lat' dir='ltr'>dicit</span> <span class='ocrx_word' id='word_1_500' title='bbox 3147 3170 3217 3224; x_wconf 89' lang='lat' dir='ltr'>de</span> <span class='ocrx_word' id='word_1_501' title='bbox 3249 3146 3402 3225; x_wconf 15' lang='lat' dir='ltr'>rec-elo</span> <span class='ocrx_word' id='word_1_502' title='bbox 3457 3171 3679 3243; x_wconf 89' lang='lat' dir='ltr'>accipi:</span> 
     </span>
    </p>
   </div>
   <div class='ocr_carea' id='block_1_67' title="bbox 264 3250 1929 3324">
    <p class='ocr_par' dir='ltr' id='par_1_67' title="bbox 264 3250 1929 3324">
     <span class='ocr_line' id='line_1_67' title="bbox 264 3250 1929 3324; baseline -0.004 -12"><span class='ocrx_word' id='word_1_503' title='bbox 264 3257 402 3312; x_wconf 85' lang='lat' dir='ltr'>Non</span> <span class='ocrx_word' id='word_1_504' title='bbox 437 3256 722 3311; x_wconf 91' lang='lat' dir='ltr'>erubesco</span> <span class='ocrx_word' id='word_1_505' title='bbox 752 3253 1065 3324; x_wconf 65' lang='lat' dir='ltr'>praedicare</span> <span class='ocrx_word' id='word_1_506' title='bbox 1089 3252 1389 3308; x_wconf 87' lang='lat' dir='ltr'>Christum</span> <span class='ocrx_word' id='word_1_507' title='bbox 1422 3250 1787 3317; x_wconf 85' lang='lat' dir='ltr'>cruciﬁxum,</span> <span class='ocrx_word' id='word_1_508' title='bbox 1810 3255 1868 3305; x_wconf 90' lang='lat' dir='ltr'>et</span> <span class='ocrx_word' id='word_1_509' title='bbox 1896 3270 1929 3306; x_wconf 68' lang='grc' dir='ltr'><strong><em>ιι</em></strong></span> 
     </span>
    </p>
   </div>
   <div class='ocr_carea' id='block_1_68' title="bbox 264 3337 1929 3413">
    <p class='ocr_par' dir='ltr' id='par_1_68' title="bbox 264 3337 1929 3413">
     <span class='ocr_line' id='line_1_68' title="bbox 264 3337 1929 3413; baseline -0.004 -12"><span class='ocrx_word' id='word_1_510' title='bbox 264 3344 528 3401; x_wconf 87' lang='lat' dir='ltr'>mortuis</span> <span class='ocrx_word' id='word_1_511' title='bbox 552 3341 938 3397; x_wconf 84' lang='lat' dir='ltr'>resurrexisse</span> <span class='ocrx_word' id='word_1_512' title='bbox 965 3359 978 3408; x_wconf 89' lang='lat'><strong>;</strong></span> <span class='ocrx_word' id='word_1_513' title='bbox 1013 3340 1316 3413; x_wconf 91' lang='lat' dir='ltr'>quoniam,</span> <span class='ocrx_word' id='word_1_514' title='bbox 1347 3339 1456 3395; x_wconf 90' lang='lat' dir='ltr'>etsi</span> <span class='ocrx_word' id='word_1_515' title='bbox 1476 3339 1533 3393; x_wconf 92' lang='lat' dir='ltr'>in</span> <span class='ocrx_word' id='word_1_516' title='bbox 1557 3337 1739 3393; x_wconf 90' lang='lat' dir='ltr'>altero</span> <span class='ocrx_word' id='word_1_517' title='bbox 1761 3338 1929 3394; x_wconf 91' lang='lat' dir='ltr'>dede-</span> 
     </span>
    </p>
   </div>
   <div class='ocr_carea' id='block_1_69' title="bbox 265 3427 1926 3502">
    <p class='ocr_par' dir='ltr' id='par_1_69' title="bbox 265 3427 1926 3502">
     <span class='ocr_line' id='line_1_69' title="bbox 265 3427 1926 3502; baseline -0.002 -14"><span class='ocrx_word' id='word_1_518' title='bbox 265 3450 374 3490; x_wconf 91' lang='lat' dir='ltr'>cus</span> <span class='ocrx_word' id='word_1_519' title='bbox 409 3436 527 3501; x_wconf 82' lang='lat' dir='ltr'>est,</span> <span class='ocrx_word' id='word_1_520' title='bbox 562 3431 622 3484; x_wconf 91' lang='lat' dir='ltr'>in</span> <span class='ocrx_word' id='word_1_521' title='bbox 655 3429 835 3485; x_wconf 87' lang='lat' dir='ltr'>altero</span> <span class='ocrx_word' id='word_1_522' title='bbox 864 3433 1060 3485; x_wconf 90' lang='lat' dir='ltr'>tamen</span> <span class='ocrx_word' id='word_1_523' title='bbox 1100 3429 1332 3502; x_wconf 89' lang='lat' dir='ltr'>insigne</span> <span class='ocrx_word' id='word_1_524' title='bbox 1360 3427 1613 3483; x_wconf 87' lang='lat' dir='ltr'>virtutis.</span> <span class='ocrx_word' id='word_1_525' title='bbox 1668 3427 1926 3484; x_wconf 88' lang='lat' dir='ltr'>Fuerunt</span> 
     </span>
    </p>
   </div>
   <div class='ocr_carea' id='block_1_70' title="bbox 266 3516 1924 3589">
    <p class='ocr_par' dir='ltr' id='par_1_70' title="bbox 266 3516 1924 3589">
     <span class='ocr_line' id='line_1_70' title="bbox 266 3516 1924 3589; baseline -0.004 -11"><span class='ocrx_word' id='word_1_526' title='bbox 266 3524 433 3578; x_wconf 88' lang='lat' dir='ltr'>enim</span> <span class='ocrx_word' id='word_1_527' title='bbox 465 3517 756 3585; x_wconf 91' lang='lat' dir='ltr'>nonnulli,</span> <span class='ocrx_word' id='word_1_528' title='bbox 788 3518 885 3589; x_wconf 91' lang='lat' dir='ltr'>qui</span> <span class='ocrx_word' id='word_1_529' title='bbox 918 3519 1043 3589; x_wconf 86' lang='lat' dir='ltr'>ejus</span> <span class='ocrx_word' id='word_1_530' title='bbox 1075 3518 1459 3586; x_wconf 89' lang='lat' dir='ltr'>nativitatem,</span> <span class='ocrx_word' id='word_1_531' title='bbox 1494 3516 1822 3589; x_wconf 89' lang='lat' dir='ltr'>passionem</span> <span class='ocrx_word' id='word_1_532' title='bbox 1866 3521 1924 3572; x_wconf 89' lang='lat' dir='ltr'>et</span> 
     </span>
    </p>
   </div>
   <div class='ocr_carea' id='block_1_71' title="bbox 266 3604 1919 3678">
    <p class='ocr_par' dir='ltr' id='par_1_71' title="bbox 266 3604 1919 3678">
     <span class='ocr_line' id='line_1_71' title="bbox 266 3604 1919 3678; baseline -0.002 -12"><span class='ocrx_word' id='word_1_533' title='bbox 266 3614 527 3667; x_wconf 88' lang='lat' dir='ltr'>mortem</span> <span class='ocrx_word' id='word_1_534' title='bbox 547 3606 1128 3678; x_wconf 84' lang='lat' dir='ltr'>verebantur,contra</span> <span class='ocrx_word' id='word_1_535' title='bbox 1142 3623 1287 3678; x_wconf 93' lang='lat' dir='ltr'>quos</span> <span class='ocrx_word' id='word_1_536' title='bbox 1304 3604 1617 3677; x_wconf 79' lang='lat' dir='ltr'>Apostolus</span> <span class='ocrx_word' id='word_1_537' title='bbox 1639 3604 1919 3662; x_wconf 81' lang='lat' dir='ltr'>dicitzNon</span> 
     </span>
    </p>
   </div>
   <div class='ocr_carea' id='block_1_72' title="bbox 260 3694 1917 3766">
    <p class='ocr_par' dir='ltr' id='par_1_72' title="bbox 260 3694 1917 3766">
     <span class='ocr_line' id='line_1_72' title="bbox 260 3694 1917 3766; baseline -0.003 -12"><span class='ocrx_word' id='word_1_538' title='bbox 260 3699 523 3754; x_wconf 86' lang='lat' dir='ltr'>erubesco</span> <span class='ocrx_word' id='word_1_539' title='bbox 553 3696 926 3766; x_wconf 84' lang='lat' dir='ltr'>Evangelium.</span> <span class='ocrx_word' id='word_1_540' title='bbox 958 3701 1071 3751; x_wconf 83' lang='lat' dir='ltr'>Cur</span> <span class='ocrx_word' id='word_1_541' title='bbox 1100 3712 1215 3751; x_wconf 91' lang='lat' dir='ltr'>non</span> <span class='ocrx_word' id='word_1_542' title='bbox 1274 3694 1671 3765; x_wconf 87' lang='lat' dir='ltr'>erubescebat,</span> <span class='ocrx_word' id='word_1_543' title='bbox 1724 3698 1917 3750; x_wconf 88' lang='lat' dir='ltr'>osten-</span> 
     </span>
    </p>
   </div>
   <div class='ocr_carea' id='block_1_73' title="bbox 260 3783 1919 3855">
    <p class='ocr_par' dir='ltr' id='par_1_73' title="bbox 260 3783 1919 3855">
     <span class='ocr_line' id='line_1_73' title="bbox 260 3783 1919 3855; baseline -0.003 -11"><span class='ocrx_word' id='word_1_544' title='bbox 260 3789 352 3844; x_wconf 89' lang='lat' dir='ltr'>dit</span> <span class='ocrx_word' id='word_1_545' title='bbox 377 3805 392 3843; x_wconf 94' lang='lat'>:</span> <span class='ocrx_word' id='word_1_546' title='bbox 424 3787 614 3842; x_wconf 81' lang='lat' dir='ltr'>Virtus</span> <span class='ocrx_word' id='word_1_547' title='bbox 640 3786 789 3842; x_wconf 88' lang='lat' dir='ltr'>enim</span> <span class='ocrx_word' id='word_1_548' title='bbox 817 3786 914 3840; x_wconf 89' lang='lat' dir='ltr'>Dei</span> <span class='ocrx_word' id='word_1_549' title='bbox 941 3787 1038 3854; x_wconf 86' lang='lat' dir='ltr'>est,</span> <span class='ocrx_word' id='word_1_550' title='bbox 1068 3788 1179 3840; x_wconf 88' lang='lat' dir='ltr'>etc.</span> <span class='ocrx_word' id='word_1_551' title='bbox 1213 3783 1499 3839; x_wconf 89' lang='lat' dir='ltr'>Virtutem</span> <span class='ocrx_word' id='word_1_552' title='bbox 1535 3783 1632 3838; x_wconf 91' lang='lat' dir='ltr'>Dei</span> <span class='ocrx_word' id='word_1_553' title='bbox 1662 3783 1919 3855; x_wconf 87' lang='lat' dir='ltr'>appellat</span> 
     </span>
    </p>
   </div>
   <div class='ocr_carea' id='block_1_74' title="bbox 259 3872 1916 3945">
    <p class='ocr_par' dir='ltr' id='par_1_74' title="bbox 259 3872 1916 3945">
     <span class='ocr_line' id='line_1_74' title="bbox 259 3872 1916 3945; baseline -0.004 -12"><span class='ocrx_word' id='word_1_554' title='bbox 259 3875 596 3933; x_wconf 90' lang='lat' dir='ltr'>divinitatis</span> <span class='ocrx_word' id='word_1_555' title='bbox 626 3876 971 3945; x_wconf 87' lang='lat' dir='ltr'>potentiam,</span> <span class='ocrx_word' id='word_1_556' title='bbox 1004 3890 1121 3945; x_wconf 90' lang='lat' dir='ltr'>qua</span> <span class='ocrx_word' id='word_1_557' title='bbox 1148 3872 1417 3928; x_wconf 88' lang='lat' dir='ltr'>Christus</span> <span class='ocrx_word' id='word_1_558' title='bbox 1440 3872 1741 3928; x_wconf 80' lang='lat' dir='ltr'>surrexita</span> <span class='ocrx_word' id='word_1_559' title='bbox 1761 3888 1916 3927; x_wconf 89' lang='lat' dir='ltr'>mor-</span> 
     </span>
    </p>
   </div>
   <div class='ocr_carea' id='block_1_75' title="bbox 260 3961 1915 4032">
    <p class='ocr_par' dir='ltr' id='par_1_75' title="bbox 260 3961 1915 4032">
     <span class='ocr_line' id='line_1_75' title="bbox 260 3961 1915 4032; baseline -0.003 -11"><span class='ocrx_word' id='word_1_560' title='bbox 260 3965 411 4021; x_wconf 88' lang='lat' dir='ltr'>tuis.</span> <span class='ocrx_word' id='word_1_561' title='bbox 440 3965 509 4020; x_wconf 88' lang='lat' dir='ltr'>Et</span> <span class='ocrx_word' id='word_1_562' title='bbox 538 3979 735 4019; x_wconf 88' lang='lat' dir='ltr'>revera</span> <span class='ocrx_word' id='word_1_563' title='bbox 766 3962 928 4018; x_wconf 88' lang='lat' dir='ltr'>nulla</span> <span class='ocrx_word' id='word_1_564' title='bbox 950 3963 1141 4032; x_wconf 89' lang='lat' dir='ltr'>major</span> <span class='ocrx_word' id='word_1_565' title='bbox 1158 3961 1345 4016; x_wconf 88' lang='lat' dir='ltr'>virtus</span> <span class='ocrx_word' id='word_1_566' title='bbox 1358 3976 1487 4016; x_wconf 91' lang='lat' dir='ltr'>esse</span> <span class='ocrx_word' id='word_1_567' title='bbox 1508 3964 1719 4031; x_wconf 90' lang='lat' dir='ltr'>potest,</span> <span class='ocrx_word' id='word_1_568' title='bbox 1740 3977 1915 4031; x_wconf 88' lang='lat' dir='ltr'>quam</span> 
     </span>
    </p>
   </div>
   <div class='ocr_carea' id='block_1_76' title="bbox 258 4047 1915 4121">
    <p class='ocr_par' dir='ltr' id='par_1_76' title="bbox 258 4047 1915 4121">
     <span class='ocr_line' id='line_1_76' title="bbox 258 4047 1915 4121; baseline -0.004 -11"><span class='ocrx_word' id='word_1_569' title='bbox 258 4057 503 4110; x_wconf 87' lang='lat' dir='ltr'>mortuo</span> <span class='ocrx_word' id='word_1_570' title='bbox 524 4050 762 4108; x_wconf 87' lang='lat' dir='ltr'>reddere</span> <span class='ocrx_word' id='word_1_571' title='bbox 782 4050 987 4120; x_wconf 90' lang='lat' dir='ltr'>vitam;</span> <span class='ocrx_word' id='word_1_572' title='bbox 1017 4055 1075 4106; x_wconf 89' lang='lat' dir='ltr'>et</span> <span class='ocrx_word' id='word_1_573' title='bbox 1100 4055 1210 4106; x_wconf 90' lang='lat' dir='ltr'>Deo</span> <span class='ocrx_word' id='word_1_574' title='bbox 1233 4048 1473 4121; x_wconf 83' lang='lat' dir='ltr'>quidem</span> <span class='ocrx_word' id='word_1_575' title='bbox 1492 4047 1639 4103; x_wconf 89' lang='lat' dir='ltr'>nihil</span> <span class='ocrx_word' id='word_1_576' title='bbox 1656 4048 1915 4121; x_wconf 89' lang='lat' dir='ltr'>dignius,</span> 
     </span>
    </p>
   </div>
   <div class='ocr_carea' id='block_1_77' title="bbox 260 4137 1919 4215">
    <p class='ocr_par' dir='ltr' id='par_1_77' title="bbox 260 4137 1919 4215">
     <span class='ocr_line' id='line_1_77' title="bbox 260 4137 1919 4215; baseline -0.004 -17"><span class='ocrx_word' id='word_1_577' title='bbox 260 4158 452 4215; x_wconf 88' lang='lat' dir='ltr'>quam</span> <span class='ocrx_word' id='word_1_578' title='bbox 485 4140 631 4196; x_wconf 89' lang='lat' dir='ltr'>mori</span> <span class='ocrx_word' id='word_1_579' title='bbox 662 4157 765 4213; x_wconf 91' lang='lat' dir='ltr'>pro</span> <span class='ocrx_word' id='word_1_580' title='bbox 796 4156 914 4196; x_wconf 75' lang='lat' dir='ltr'>suae</span> <span class='ocrx_word' id='word_1_581' title='bbox 946 4138 1227 4212; x_wconf 90' lang='lat' dir='ltr'>imaginis</span> <span class='ocrx_word' id='word_1_582' title='bbox 1252 4137 1635 4210; x_wconf 88' lang='lat' dir='ltr'>reparatione.</span> <span class='ocrx_word' id='word_1_583' title='bbox 1657 4138 1743 4193; x_wconf 91' lang='lat' dir='ltr'>Ad</span> <span class='ocrx_word' id='word_1_584' title='bbox 1776 4137 1919 4209; x_wconf 90' lang='lat' dir='ltr'>quid</span> 
     </span>
    </p>
   </div>
   <div class='ocr_carea' id='block_1_78' title="bbox 260 4228 1919 4297">
    <p class='ocr_par' dir='ltr' id='par_1_78' title="bbox 260 4228 1919 4297">
     <span class='ocr_line' id='line_1_78' title="bbox 260 4228 1919 4297; baseline -0.002 -10"><span class='ocrx_word' id='word_1_585' title='bbox 260 4230 346 4288; x_wconf 88' lang='lat' dir='ltr'>sit</span> <span class='ocrx_word' id='word_1_586' title='bbox 377 4229 506 4285; x_wconf 66' lang='lat' dir='ltr'>hinc</span> <span class='ocrx_word' id='word_1_587' title='bbox 533 4231 738 4297; x_wconf 89' lang='lat' dir='ltr'>virtus,</span> <span class='ocrx_word' id='word_1_588' title='bbox 770 4229 1169 4285; x_wconf 89' lang='lat' dir='ltr'>demonstrat:</span> <span class='ocrx_word' id='word_1_589' title='bbox 1221 4230 1284 4284; x_wconf 88' lang='lat' dir='ltr'>In</span> <span class='ocrx_word' id='word_1_590' title='bbox 1323 4228 1559 4284; x_wconf 84' lang='lat' dir='ltr'>salutem</span> <span class='ocrx_word' id='word_1_591' title='bbox 1607 4228 1759 4283; x_wconf 86' lang='lat' dir='ltr'>omni</span> <span class='ocrx_word' id='word_1_592' title='bbox 1802 4242 1919 4283; x_wconf 86' lang='lat' dir='ltr'>cre-</span> 
     </span>
    </p>
   </div>
   <div class='ocr_carea' id='block_1_79' title="bbox 261 4316 1922 4388">
    <p class='ocr_par' dir='ltr' id='par_1_79' title="bbox 261 4316 1922 4388">
     <span class='ocr_line' id='line_1_79' title="bbox 261 4316 1922 4388; baseline -0.004 -13"><span class='ocrx_word' id='word_1_593' title='bbox 261 4321 454 4377; x_wconf 86' lang='lat' dir='ltr'>denti.</span> <span class='ocrx_word' id='word_1_594' title='bbox 487 4317 655 4374; x_wconf 90' lang='lat' dir='ltr'>Omni</span> <span class='ocrx_word' id='word_1_595' title='bbox 686 4318 849 4386; x_wconf 90' lang='lat' dir='ltr'>dicit,</span> <span class='ocrx_word' id='word_1_596' title='bbox 880 4322 945 4372; x_wconf 91' lang='lat' dir='ltr'>ut</span> <span class='ocrx_word' id='word_1_597' title='bbox 977 4316 1177 4373; x_wconf 85' lang='lat' dir='ltr'>nullus</span> <span class='ocrx_word' id='word_1_598' title='bbox 1208 4320 1481 4388; x_wconf 81' lang='lat' dir='ltr'>exceptus</span> <span class='ocrx_word' id='word_1_599' title='bbox 1511 4316 1821 4371; x_wconf 90' lang='lat' dir='ltr'>videretur.</span> <span class='ocrx_word' id='word_1_600' title='bbox 1855 4316 1922 4370; x_wconf 88' lang='lat' dir='ltr'>Et</span> 
     </span>
    </p>
   </div>
   <div class='ocr_carea' id='block_1_80' title="bbox 262 4403 1921 4479">
    <p class='ocr_par' dir='ltr' id='par_1_80' title="bbox 262 4403 1921 4479">
     <span class='ocr_line' id='line_1_80' title="bbox 262 4403 1921 4479; baseline -0.003 -15"><span class='ocrx_word' id='word_1_601' title='bbox 262 4426 340 4464; x_wconf 86' lang='lat' dir='ltr'>ne</span> <span class='ocrx_word' id='word_1_602' title='bbox 375 4411 687 4479; x_wconf 89' lang='lat' dir='ltr'>putaretur</span> <span class='ocrx_word' id='word_1_603' title='bbox 717 4406 1046 4462; x_wconf 67' lang='lat' dir='ltr'>differentia</span> <span class='ocrx_word' id='word_1_604' title='bbox 1073 4423 1201 4462; x_wconf 87' lang='lat' dir='ltr'>esse</span> <span class='ocrx_word' id='word_1_605' title='bbox 1229 4405 1382 4461; x_wconf 90' lang='lat' dir='ltr'>inter</span> <span class='ocrx_word' id='word_1_606' title='bbox 1408 4404 1640 4460; x_wconf 65' lang='lat' dir='ltr'>Judaeos</span> <span class='ocrx_word' id='word_1_607' title='bbox 1672 4408 1730 4459; x_wconf 90' lang='lat' dir='ltr'>et</span> <span class='ocrx_word' id='word_1_608' title='bbox 1772 4403 1921 4459; x_wconf 80' lang='lat' dir='ltr'>Grae-</span> 
     </span>
    </p>
   </div>
   <div class='ocr_carea' id='block_1_81' title="bbox 2037 3249 3767 3331">
    <p class='ocr_par' dir='ltr' id='par_1_81' title="bbox 2037 3249 3767 3331">
     <span class='ocr_line' id='line_1_81' title="bbox 2037 3249 3767 3331; baseline 0.009 -30"><span class='ocrx_word' id='word_1_609' title='bbox 2037 3249 2317 3320; x_wconf 89' lang='lat' dir='ltr'>quoniam</span> <span class='ocrx_word' id='word_1_610' title='bbox 2339 3254 2460 3306; x_wconf 90' lang='lat' dir='ltr'>tam</span> <span class='ocrx_word' id='word_1_611' title='bbox 2484 3252 2785 3321; x_wconf 88' lang='lat' dir='ltr'>beneﬁcia,</span> <span class='ocrx_word' id='word_1_612' title='bbox 2809 3271 2982 3325; x_wconf 89' lang='lat' dir='ltr'>quam</span> <span class='ocrx_word' id='word_1_613' title='bbox 3006 3255 3231 3329; x_wconf 85' lang='lat' dir='ltr'>plagas,</span> <span class='ocrx_word' id='word_1_614' title='bbox 3249 3261 3307 3313; x_wconf 92' lang='lat' dir='ltr'>et</span> <span class='ocrx_word' id='word_1_615' title='bbox 3327 3260 3684 3331; x_wconf 72' lang='lat' dir='ltr'>quaequead—</span> <span class='ocrx_word' id='word_1_616' title='bbox 3759 3286 3767 3299; x_wconf 68' lang='grc' dir='ltr'><em>ι</em></span> 
     </span>
    </p>
   </div>
   <div class='ocr_carea' id='block_1_82' title="bbox 2034 3338 3680 3417">
    <p class='ocr_par' dir='ltr' id='par_1_82' title="bbox 2034 3338 3680 3417">
     <span class='ocr_line' id='line_1_82' title="bbox 2034 3338 3680 3417; baseline 0.008 -26"><span class='ocrx_word' id='word_1_617' title='bbox 2034 3353 2203 3393; x_wconf 90' lang='lat' dir='ltr'>versa</span> <span class='ocrx_word' id='word_1_618' title='bbox 2233 3338 2305 3393; x_wconf 91' lang='lat' dir='ltr'>de</span> <span class='ocrx_word' id='word_1_619' title='bbox 2334 3338 2476 3395; x_wconf 86' lang='lat' dir='ltr'>coelo</span> <span class='ocrx_word' id='word_1_620' title='bbox 2512 3341 2855 3411; x_wconf 88' lang='lat' dir='ltr'>accipimus.</span> <span class='ocrx_word' id='word_1_621' title='bbox 2891 3343 3151 3415; x_wconf 87' lang='lat' dir='ltr'>Mystice,</span> <span class='ocrx_word' id='word_1_622' title='bbox 3172 3362 3275 3417; x_wconf 92' lang='lat' dir='ltr'>per</span> <span class='ocrx_word' id='word_1_623' title='bbox 3294 3346 3507 3403; x_wconf 75' lang='lat' dir='ltr'>coelum</span> <span class='ocrx_word' id='word_1_624' title='bbox 3528 3348 3680 3404; x_wconf 90' lang='lat' dir='ltr'>desi-</span> 
     </span>
    </p>
   </div>
   <div class='ocr_carea' id='block_1_83' title="bbox 2033 3427 3683 3509">
    <p class='ocr_par' dir='ltr' id='par_1_83' title="bbox 2033 3427 3683 3509">
     <span class='ocr_line' id='line_1_83' title="bbox 2033 3427 3683 3509; baseline 0.007 -28"><span class='ocrx_word' id='word_1_625' title='bbox 2033 3430 2249 3497; x_wconf 90' lang='lat' dir='ltr'>gnatur</span> <span class='ocrx_word' id='word_1_626' title='bbox 2268 3427 2534 3484; x_wconf 88' lang='lat' dir='ltr'>doctrina</span> <span class='ocrx_word' id='word_1_627' title='bbox 2553 3431 2907 3503; x_wconf 82' lang='lat' dir='ltr'>evangelica,</span> <span class='ocrx_word' id='word_1_628' title='bbox 2930 3432 3051 3487; x_wconf 90' lang='lat' dir='ltr'>sive</span> <span class='ocrx_word' id='word_1_629' title='bbox 3072 3433 3337 3490; x_wconf 74' lang='lat' dir='ltr'>Ecclesiae</span> <span class='ocrx_word' id='word_1_630' title='bbox 3351 3435 3517 3492; x_wconf 89' lang='lat' dir='ltr'>ﬁdes.</span> <span class='ocrx_word' id='word_1_631' title='bbox 3532 3440 3683 3509; x_wconf 84' lang='lat' dir='ltr'>Apte</span> 
     </span>
    </p>
   </div>
   <div class='ocr_carea' id='block_1_84' title="bbox 2032 3514 3680 3593">
    <p class='ocr_par' dir='ltr' id='par_1_84' title="bbox 2032 3514 3680 3593">
     <span class='ocr_line' id='line_1_84' title="bbox 2032 3514 3680 3593; baseline 0.008 -26"><span class='ocrx_word' id='word_1_632' title='bbox 2032 3514 2230 3587; x_wconf 87' lang='lat' dir='ltr'>itaque</span> <span class='ocrx_word' id='word_1_633' title='bbox 2261 3515 2408 3571; x_wconf 89' lang='lat' dir='ltr'>iram</span> <span class='ocrx_word' id='word_1_634' title='bbox 2433 3518 2534 3574; x_wconf 90' lang='lat' dir='ltr'>Dei</span> <span class='ocrx_word' id='word_1_635' title='bbox 2566 3535 2745 3591; x_wconf 89' lang='lat' dir='ltr'>super</span> <span class='ocrx_word' id='word_1_636' title='bbox 2773 3520 3025 3593; x_wconf 89' lang='lat' dir='ltr'>impium</span> <span class='ocrx_word' id='word_1_637' title='bbox 3056 3522 3127 3578; x_wconf 90' lang='lat' dir='ltr'>de</span> <span class='ocrx_word' id='word_1_638' title='bbox 3157 3523 3296 3579; x_wconf 83' lang='lat' dir='ltr'>ccelo</span> <span class='ocrx_word' id='word_1_639' title='bbox 3344 3524 3486 3581; x_wconf 91' lang='lat' dir='ltr'>dicit</span> <span class='ocrx_word' id='word_1_640' title='bbox 3516 3542 3680 3581; x_wconf 91' lang='lat' dir='ltr'>reve-</span> 
     </span>
    </p>
   </div>
   <div class='ocr_carea' id='block_1_85' title="bbox 2029 3602 3679 3682">
    <p class='ocr_par' dir='ltr' id='par_1_85' title="bbox 2029 3602 3679 3682">
     <span class='ocr_line' id='line_1_85' title="bbox 2029 3602 3679 3682; baseline 0.008 -25"><span class='ocrx_word' id='word_1_641' title='bbox 2029 3602 2136 3658; x_wconf 90' lang='lat' dir='ltr'>lari</span> <span class='ocrx_word' id='word_1_642' title='bbox 2165 3622 2177 3672; x_wconf 91' lang='lat'><strong>;</strong></span> <span class='ocrx_word' id='word_1_643' title='bbox 2203 3604 2342 3676; x_wconf 91' lang='lat' dir='ltr'>quia</span> <span class='ocrx_word' id='word_1_644' title='bbox 2371 3620 2475 3677; x_wconf 89' lang='lat' dir='ltr'>per</span> <span class='ocrx_word' id='word_1_645' title='bbox 2505 3606 2707 3663; x_wconf 88' lang='lat' dir='ltr'>tubam</span> <span class='ocrx_word' id='word_1_646' title='bbox 2738 3608 3083 3682; x_wconf 64' lang='lat' dir='ltr'>evangelica:</span> <span class='ocrx_word' id='word_1_647' title='bbox 3116 3612 3570 3682; x_wconf 70' lang='lat' dir='ltr'>praedicationis,</span> <span class='ocrx_word' id='word_1_648' title='bbox 3620 3618 3679 3670; x_wconf 90' lang='lat' dir='ltr'>et</span> 
     </span>
    </p>
   </div>
   <div class='ocr_carea' id='block_1_86' title="bbox 2026 3691 3678 3768">
    <p class='ocr_par' dir='ltr' id='par_1_86' title="bbox 2026 3691 3678 3768">
     <span class='ocr_line' id='line_1_86' title="bbox 2026 3691 3678 3768; baseline 0.007 -23"><span class='ocrx_word' id='word_1_649' title='bbox 2026 3691 2202 3747; x_wconf 87' lang='lat' dir='ltr'>ﬁdem</span> <span class='ocrx_word' id='word_1_650' title='bbox 2218 3692 2480 3749; x_wconf 64' lang='lat' dir='ltr'>Ecclesia:</span> <span class='ocrx_word' id='word_1_651' title='bbox 2504 3696 3233 3768; x_wconf 86' lang='lat' dir='ltr'>manifestatur,quantum</span> <span class='ocrx_word' id='word_1_652' title='bbox 3248 3700 3678 3757; x_wconf 90' lang='lat' dir='ltr'>condemnandi</span> 
     </span>
    </p>
   </div>
   <div class='ocr_carea' id='block_1_87' title="bbox 2026 3780 3675 3847">
    <p class='ocr_par' dir='ltr' id='par_1_87' title="bbox 2026 3780 3675 3847">
     <span class='ocr_line' id='line_1_87' title="bbox 2026 3780 3675 3847; baseline 0.005 -10"><span class='ocrx_word' id='word_1_653' title='bbox 2026 3780 2148 3838; x_wconf 89' lang='lat' dir='ltr'>sint</span> <span class='ocrx_word' id='word_1_654' title='bbox 2200 3780 2490 3837; x_wconf 91' lang='lat' dir='ltr'>idolorum</span> <span class='ocrx_word' id='word_1_655' title='bbox 2541 3785 2815 3842; x_wconf 90' lang='lat' dir='ltr'>cultores.</span> <span class='ocrx_word' id='word_1_656' title='bbox 2861 3786 3078 3843; x_wconf 90' lang='lat' dir='ltr'>Aliter:</span> <span class='ocrx_word' id='word_1_657' title='bbox 3131 3787 3214 3843; x_wconf 91' lang='lat' dir='ltr'>De</span> <span class='ocrx_word' id='word_1_658' title='bbox 3253 3789 3397 3845; x_wconf 80' lang='lat' dir='ltr'>ecelo</span> <span class='ocrx_word' id='word_1_659' title='bbox 3445 3790 3532 3846; x_wconf 92' lang='lat' dir='ltr'>ira</span> <span class='ocrx_word' id='word_1_660' title='bbox 3572 3790 3675 3847; x_wconf 91' lang='lat' dir='ltr'>Dei</span> 
     </span>
    </p>
   </div>
   <div class='ocr_carea' id='block_1_88' title="bbox 2026 3870 3670 3947">
    <p class='ocr_par' dir='ltr' id='par_1_88' title="bbox 2026 3870 3670 3947">
     <span class='ocr_line' id='line_1_88' title="bbox 2026 3870 3670 3947; baseline 0.005 -23"><span class='ocrx_word' id='word_1_661' title='bbox 2026 3885 2203 3940; x_wconf 91' lang='lat' dir='ltr'>super</span> <span class='ocrx_word' id='word_1_662' title='bbox 2232 3870 2481 3941; x_wconf 90' lang='lat' dir='ltr'>impium</span> <span class='ocrx_word' id='word_1_663' title='bbox 2514 3872 2823 3940; x_wconf 86' lang='lat' dir='ltr'>revelatur,</span> <span class='ocrx_word' id='word_1_664' title='bbox 2855 3873 2996 3945; x_wconf 87' lang='lat' dir='ltr'>quia</span> <span class='ocrx_word' id='word_1_665' title='bbox 3014 3875 3086 3929; x_wconf 91' lang='lat' dir='ltr'>ab</span> <span class='ocrx_word' id='word_1_666' title='bbox 3117 3875 3244 3947; x_wconf 88' lang='lat' dir='ltr'>ipso</span> <span class='ocrx_word' id='word_1_667' title='bbox 3274 3878 3482 3933; x_wconf 90' lang='lat' dir='ltr'>mundi</span> <span class='ocrx_word' id='word_1_668' title='bbox 3507 3895 3670 3935; x_wconf 87' lang='lat' dir='ltr'>exor-</span> 
     </span>
    </p>
   </div>
   <div class='ocr_carea' id='block_1_89' title="bbox 2025 3958 3673 4039">
    <p class='ocr_par' dir='ltr' id='par_1_89' title="bbox 2025 3958 3673 4039">
     <span class='ocr_line' id='line_1_89' title="bbox 2025 3958 3673 4039; baseline 0.007 -27"><span class='ocrx_word' id='word_1_669' title='bbox 2025 3958 2143 4026; x_wconf 92' lang='lat' dir='ltr'>dio,</span> <span class='ocrx_word' id='word_1_670' title='bbox 2178 3975 2280 4029; x_wconf 93' lang='lat' dir='ltr'>per</span> <span class='ocrx_word' id='word_1_671' title='bbox 2304 3958 2563 4015; x_wconf 89' lang='lat' dir='ltr'>visibiles</span> <span class='ocrx_word' id='word_1_672' title='bbox 2595 3967 2913 4033; x_wconf 90' lang='lat' dir='ltr'>creaturas,</span> <span class='ocrx_word' id='word_1_673' title='bbox 2944 3962 3259 4019; x_wconf 88' lang='lat' dir='ltr'>invisibilis</span> <span class='ocrx_word' id='word_1_674' title='bbox 3278 3966 3469 4036; x_wconf 90' lang='lat' dir='ltr'>potuit</span> <span class='ocrx_word' id='word_1_675' title='bbox 3492 3982 3673 4039; x_wconf 87' lang='lat' dir='ltr'>agno-</span> 
     </span>
    </p>
   </div>
   <div class='ocr_carea' id='block_1_90' title="bbox 2027 4046 3673 4118">
    <p class='ocr_par' dir='ltr' id='par_1_90' title="bbox 2027 4046 3673 4118">
     <span class='ocr_line' id='line_1_90' title="bbox 2027 4046 3673 4118; baseline 0.004 -15"><span class='ocrx_word' id='word_1_676' title='bbox 2027 4046 2109 4103; x_wconf 89' lang='lat' dir='ltr'>sci</span> <span class='ocrx_word' id='word_1_677' title='bbox 2139 4046 2393 4102; x_wconf 85' lang='lat' dir='ltr'>Creator.</span> <span class='ocrx_word' id='word_1_678' title='bbox 2429 4047 2600 4118; x_wconf 87' lang='lat' dir='ltr'>Nam,</span> <span class='ocrx_word' id='word_1_679' title='bbox 2634 4066 2768 4104; x_wconf 90' lang='lat' dir='ltr'>cum</span> <span class='ocrx_word' id='word_1_680' title='bbox 2800 4055 2919 4104; x_wconf 89' lang='lat' dir='ltr'>tam</span> <span class='ocrx_word' id='word_1_681' title='bbox 2947 4050 3106 4106; x_wconf 90' lang='lat' dir='ltr'>clara</span> <span class='ocrx_word' id='word_1_682' title='bbox 3138 4056 3285 4107; x_wconf 90' lang='lat' dir='ltr'>Deus</span> <span class='ocrx_word' id='word_1_683' title='bbox 3307 4053 3569 4109; x_wconf 89' lang='lat' dir='ltr'>condidit</span> <span class='ocrx_word' id='word_1_684' title='bbox 3593 4053 3673 4109; x_wconf 90' lang='lat' dir='ltr'>si-</span> 
     </span>
    </p>
   </div>
   <div class='ocr_carea' id='block_1_91' title="bbox 2027 4134 3677 4214">
    <p class='ocr_par' dir='ltr' id='par_1_91' title="bbox 2027 4134 3677 4214">
     <span class='ocr_line' id='line_1_91' title="bbox 2027 4134 3677 4214; baseline 0.005 -24"><span class='ocrx_word' id='word_1_685' title='bbox 2027 4135 2187 4201; x_wconf 91' lang='lat' dir='ltr'>dera,</span> <span class='ocrx_word' id='word_1_686' title='bbox 2212 4134 2379 4190; x_wconf 87' lang='lat' dir='ltr'>facile</span> <span class='ocrx_word' id='word_1_687' title='bbox 2401 4151 2470 4191; x_wconf 83' lang='lat' dir='ltr'>ex</span> <span class='ocrx_word' id='word_1_688' title='bbox 2488 4134 2635 4205; x_wconf 90' lang='lat' dir='ltr'>ipsis</span> <span class='ocrx_word' id='word_1_689' title='bbox 2662 4136 2934 4209; x_wconf 88' lang='lat' dir='ltr'>cognosci</span> <span class='ocrx_word' id='word_1_690' title='bbox 2956 4138 3166 4209; x_wconf 89' lang='lat' dir='ltr'>potuit,</span> <span class='ocrx_word' id='word_1_691' title='bbox 3193 4141 3348 4211; x_wconf 87' lang='lat' dir='ltr'>quod</span> <span class='ocrx_word' id='word_1_692' title='bbox 3369 4143 3495 4214; x_wconf 89' lang='lat' dir='ltr'>ipse</span> <span class='ocrx_word' id='word_1_693' title='bbox 3515 4141 3677 4199; x_wconf 90' lang='lat' dir='ltr'>solus</span> 
     </span>
    </p>
   </div>
   <div class='ocr_carea' id='block_1_92' title="bbox 2029 4222 3677 4303">
    <p class='ocr_par' dir='ltr' id='par_1_92' title="bbox 2029 4222 3677 4303">
     <span class='ocr_line' id='line_1_92' title="bbox 2029 4222 3677 4303; baseline 0.004 -23"><span class='ocrx_word' id='word_1_694' title='bbox 2029 4222 2205 4291; x_wconf 92' lang='lat' dir='ltr'>Deus,</span> <span class='ocrx_word' id='word_1_695' title='bbox 2240 4228 2296 4279; x_wconf 89' lang='lat' dir='ltr'>et</span> <span class='ocrx_word' id='word_1_696' title='bbox 2327 4222 2492 4280; x_wconf 88' lang='lat' dir='ltr'>solus</span> <span class='ocrx_word' id='word_1_697' title='bbox 2522 4230 2679 4281; x_wconf 90' lang='lat' dir='ltr'>esset</span> <span class='ocrx_word' id='word_1_698' title='bbox 2710 4226 3065 4283; x_wconf 88' lang='lat' dir='ltr'>adorandus.</span> <span class='ocrx_word' id='word_1_699' title='bbox 3098 4227 3284 4301; x_wconf 91' lang='lat' dir='ltr'>Super</span> <span class='ocrx_word' id='word_1_700' title='bbox 3315 4246 3441 4303; x_wconf 76' lang='lat' dir='ltr'>quae</span> <span class='ocrx_word' id='word_1_701' title='bbox 3480 4236 3677 4289; x_wconf 84' lang='lat' dir='ltr'>autem</span> 
     </span>
    </p>
   </div>
   <div class='ocr_carea' id='block_1_93' title="bbox 2030 4311 3681 4392">
    <p class='ocr_par' dir='ltr' id='par_1_93' title="bbox 2030 4311 3681 4392">
     <span class='ocr_line' id='line_1_93' title="bbox 2030 4311 3681 4392; baseline 0.005 -25"><span class='ocrx_word' id='word_1_702' title='bbox 2030 4311 2317 4369; x_wconf 89' lang='lat' dir='ltr'>reveletur</span> <span class='ocrx_word' id='word_1_703' title='bbox 2372 4313 2459 4368; x_wconf 88' lang='lat' dir='ltr'>ira</span> <span class='ocrx_word' id='word_1_704' title='bbox 2506 4313 2609 4370; x_wconf 90' lang='lat' dir='ltr'>Dei</span> <span class='ocrx_word' id='word_1_705' title='bbox 2662 4315 2940 4386; x_wconf 88' lang='lat' dir='ltr'>aperitur,</span> <span class='ocrx_word' id='word_1_706' title='bbox 2993 4333 3126 4372; x_wconf 91' lang='lat' dir='ltr'>cum</span> <span class='ocrx_word' id='word_1_707' title='bbox 3171 4319 3468 4388; x_wconf 84' lang='lat' dir='ltr'>subditur,</span> <span class='ocrx_word' id='word_1_708' title='bbox 3516 4337 3681 4392; x_wconf 88' lang='lat' dir='ltr'>super</span> 
     </span>
    </p>
   </div>
   <div class='ocr_carea' id='block_1_94' title="bbox 2030 4404 3678 4478">
    <p class='ocr_par' dir='ltr' id='par_1_94' title="bbox 2030 4404 3678 4478">
     <span class='ocr_line' id='line_1_94' title="bbox 2030 4404 3678 4478; baseline 0.005 -20"><span class='ocrx_word' id='word_1_709' title='bbox 2030 4417 2246 4458; x_wconf 88' lang='lat' dir='ltr'>omnem</span> <span class='ocrx_word' id='word_1_710' title='bbox 2289 4404 2624 4474; x_wconf 80' lang='lat' dir='ltr'>impietatem</span> <span class='ocrx_word' id='word_1_711' title='bbox 2674 4408 2724 4459; x_wconf 87' lang='lat' dir='ltr'>et</span> <span class='ocrx_word' id='word_1_712' title='bbox 2774 4406 3125 4477; x_wconf 85' lang='lat' dir='ltr'>injustitiam.</span> <span class='ocrx_word' id='word_1_713' title='bbox 3176 4406 3283 4463; x_wconf 92' lang='lat' dir='ltr'>Ubi</span> <span class='ocrx_word' id='word_1_714' title='bbox 3331 4410 3678 4478; x_wconf 88' lang='lat' dir='ltr'>notandum,</span> 
     </span>
    </p>
   </div>
   <div class='ocr_carea' id='block_1_95' title="bbox 256 4490 3678 4573">
    <p class='ocr_par' dir='ltr' id='par_1_95' title="bbox 256 4490 3678 4573">
     <span class='ocr_line' id='line_1_95' title="bbox 256 4490 3678 4573; baseline 0 -20"><span class='ocrx_word' id='word_1_715' title='bbox 256 4514 395 4565; x_wconf 86' lang='lat' dir='ltr'>eos,</span> <span class='ocrx_word' id='word_1_716' title='bbox 456 4497 574 4551; x_wconf 87' lang='lat' dir='ltr'>ait:</span> <span class='ocrx_word' id='word_1_717' title='bbox 629 4496 818 4553; x_wconf 66' lang='lat' dir='ltr'>Iudaeo</span> <span class='ocrx_word' id='word_1_718' title='bbox 861 4498 1129 4568; x_wconf 87' lang='lat' dir='ltr'>primum,</span> <span class='ocrx_word' id='word_1_719' title='bbox 1189 4503 1241 4550; x_wconf 86' lang='lat' dir='ltr'>et</span> <span class='ocrx_word' id='word_1_720' title='bbox 1290 4494 1491 4550; x_wconf 66' lang='lat' dir='ltr'>erco.</span> <span class='ocrx_word' id='word_1_721' title='bbox 1546 4493 1723 4549; x_wconf 66' lang='lat' dir='ltr'>Graeci</span> <span class='ocrx_word' id='word_1_722' title='bbox 1774 4493 1922 4549; x_wconf 91' lang='lat' dir='ltr'>duas</span> <span class='ocrx_word' id='word_1_723' title='bbox 1959 4510 2001 4573; x_wconf 76' lang='grc' dir='ltr'>ι)</span> <span class='ocrx_word' id='word_1_724' title='bbox 2033 4490 2173 4562; x_wconf 92' lang='lat' dir='ltr'>quia</span> <span class='ocrx_word' id='word_1_725' title='bbox 2223 4492 2338 4547; x_wconf 93' lang='lat' dir='ltr'>duo</span> <span class='ocrx_word' id='word_1_726' title='bbox 2388 4491 2553 4561; x_wconf 83' lang='lat' dir='ltr'>dixit,</span> <span class='ocrx_word' id='word_1_727' title='bbox 2610 4495 2950 4565; x_wconf 86' lang='lat' dir='ltr'>impietatem</span> <span class='ocrx_word' id='word_1_728' title='bbox 2996 4503 3049 4551; x_wconf 90' lang='lat' dir='ltr'>et</span> <span class='ocrx_word' id='word_1_729' title='bbox 3094 4495 3460 4566; x_wconf 85' lang='lat' dir='ltr'>injustitiam.</span> <span class='ocrx_word' id='word_1_730' title='bbox 3512 4503 3678 4569; x_wconf 88' lang='lat' dir='ltr'>Nam,</span> 
     </span>
    </p>
   </div>
   <div class='ocr_carea' id='block_1_96' title="bbox 261 4582 1925 4657">
    <p class='ocr_par' dir='ltr' id='par_1_96' title="bbox 261 4582 1925 4657">
     <span class='ocr_line' id='line_1_96' title="bbox 261 4582 1925 4657; baseline -0.002 -16"><span class='ocrx_word' id='word_1_731' title='bbox 261 4586 573 4643; x_wconf 84' lang='lat' dir='ltr'>faciebant</span> <span class='ocrx_word' id='word_1_732' title='bbox 604 4584 940 4657; x_wconf 88' lang='lat' dir='ltr'>divisiones,</span> <span class='ocrx_word' id='word_1_733' title='bbox 974 4585 1033 4640; x_wconf 92' lang='lat' dir='ltr'>in</span> <span class='ocrx_word' id='word_1_734' title='bbox 1068 4600 1130 4640; x_wconf 90' lang='lat' dir='ltr'>se</span> <span class='ocrx_word' id='word_1_735' title='bbox 1155 4589 1213 4640; x_wconf 88' lang='lat' dir='ltr'>et</span> <span class='ocrx_word' id='word_1_736' title='bbox 1259 4582 1562 4649; x_wconf 89' lang='lat' dir='ltr'>barbaris;</span> <span class='ocrx_word' id='word_1_737' title='bbox 1614 4582 1925 4654; x_wconf 85' lang='lat' dir='ltr'>Apostolus</span> 
     </span>
    </p>
   </div>
   <div class='ocr_carea' id='block_1_97' title="bbox 262 4671 1927 4741">
    <p class='ocr_par' dir='ltr' id='par_1_97' title="bbox 262 4671 1927 4741">
     <span class='ocr_line' id='line_1_97' title="bbox 262 4671 1927 4741; baseline -0.003 -11"><span class='ocrx_word' id='word_1_738' title='bbox 262 4691 417 4730; x_wconf 84' lang='lat' dir='ltr'>vero</span> <span class='ocrx_word' id='word_1_739' title='bbox 442 4676 560 4728; x_wconf 88' lang='lat' dir='ltr'>tres</span> <span class='ocrx_word' id='word_1_740' title='bbox 592 4673 821 4739; x_wconf 84' lang='lat' dir='ltr'>fecit,in</span> <span class='ocrx_word' id='word_1_741' title='bbox 847 4674 1068 4741; x_wconf 70' lang='lat' dir='ltr'>Judceo,</span> <span class='ocrx_word' id='word_1_742' title='bbox 1095 4672 1311 4739; x_wconf 68' lang='lat' dir='ltr'>Graeco,</span> <span class='ocrx_word' id='word_1_743' title='bbox 1336 4677 1394 4726; x_wconf 88' lang='lat' dir='ltr'>et</span> <span class='ocrx_word' id='word_1_744' title='bbox 1417 4672 1683 4727; x_wconf 87' lang='lat' dir='ltr'>barbaro.</span> <span class='ocrx_word' id='word_1_745' title='bbox 1706 4671 1852 4727; x_wconf 89' lang='lat' dir='ltr'>Nam</span> <span class='ocrx_word' id='word_1_746' title='bbox 1877 4671 1927 4726; x_wconf 90' lang='lat' dir='ltr'>si</span> 
     </span>
    </p>
   </div>
   <div class='ocr_carea' id='block_1_98' title="bbox 272 4760 1927 4835">
    <p class='ocr_par' dir='ltr' id='par_1_98' title="bbox 272 4760 1927 4835">
     <span class='ocr_line' id='line_1_98' title="bbox 272 4760 1927 4835; baseline -0.003 -15"><span class='ocrx_word' id='word_1_747' title='bbox 272 4764 468 4820; x_wconf 69' lang='lat' dir='ltr'>Graeci</span> <span class='ocrx_word' id='word_1_748' title='bbox 508 4767 812 4835; x_wconf 84' lang='lat' dir='ltr'>propterea</span> <span class='ocrx_word' id='word_1_749' title='bbox 840 4763 1113 4818; x_wconf 87' lang='lat' dir='ltr'>barbaris</span> <span class='ocrx_word' id='word_1_750' title='bbox 1140 4762 1595 4835; x_wconf 75' lang='lat' dir='ltr'>prmferebantur</span> <span class='ocrx_word' id='word_1_751' title='bbox 1624 4760 1762 4832; x_wconf 90' lang='lat' dir='ltr'>quia</span> <span class='ocrx_word' id='word_1_752' title='bbox 1800 4760 1927 4833; x_wconf 90' lang='lat' dir='ltr'>phi-</span> 
     </span>
    </p>
   </div>
   <div class='ocr_carea' id='block_1_99' title="bbox 259 4849 1927 4922">
    <p class='ocr_par' dir='ltr' id='par_1_99' title="bbox 259 4849 1927 4922">
     <span class='ocr_line' id='line_1_99' title="bbox 259 4849 1927 4922; baseline -0.003 -14"><span class='ocrx_word' id='word_1_753' title='bbox 259 4850 596 4922; x_wconf 72' lang='lat' dir='ltr'>losophicas</span> <span class='ocrx_word' id='word_1_754' title='bbox 625 4850 947 4906; x_wconf 89' lang='lat' dir='ltr'>studebant</span> <span class='ocrx_word' id='word_1_755' title='bbox 963 4849 1562 4922; x_wconf 65' lang='lat' dir='ltr'>doctrinae,etlegibus</span> <span class='ocrx_word' id='word_1_756' title='bbox 1583 4850 1927 4920; x_wconf 88' lang='lat' dir='ltr'>utebantur,</span> 
     </span>
    </p>
   </div>
   <div class='ocr_carea' id='block_1_100' title="bbox 257 4937 1931 5014">
    <p class='ocr_par' dir='ltr' id='par_1_100' title="bbox 257 4937 1931 5014">
     <span class='ocr_line' id='line_1_100' title="bbox 257 4937 1931 5014; baseline -0.003 -16"><span class='ocrx_word' id='word_1_757' title='bbox 257 4944 415 5014; x_wconf 87' lang='lat' dir='ltr'>jure</span> <span class='ocrx_word' id='word_1_758' title='bbox 444 4942 503 4994; x_wconf 87' lang='lat' dir='ltr'>et</span> <span class='ocrx_word' id='word_1_759' title='bbox 528 4940 709 4994; x_wconf 63' lang='lat' dir='ltr'>Judaei</span> <span class='ocrx_word' id='word_1_760' title='bbox 740 4938 954 4994; x_wconf 62' lang='lat' dir='ltr'>Graecis</span> <span class='ocrx_word' id='word_1_761' title='bbox 1000 4940 1409 5011; x_wconf 58' lang='lat' dir='ltr'>praeferuntur,</span> <span class='ocrx_word' id='word_1_762' title='bbox 1435 4938 1532 5009; x_wconf 93' lang='lat' dir='ltr'>qui</span> <span class='ocrx_word' id='word_1_763' title='bbox 1556 4937 1786 5009; x_wconf 90' lang='lat' dir='ltr'>legibus</span> <span class='ocrx_word' id='word_1_764' title='bbox 1807 4942 1931 4993; x_wconf 85' lang='lat' dir='ltr'>ute-</span> 
     </span>
    </p>
   </div>
   <div class='ocr_carea' id='block_1_101' title="bbox 268 5026 1933 5101">
    <p class='ocr_par' dir='ltr' id='par_1_101' title="bbox 268 5026 1933 5101">
     <span class='ocr_line' id='line_1_101' title="bbox 268 5026 1933 5101; baseline -0.002 -15"><span class='ocrx_word' id='word_1_765' title='bbox 268 5033 529 5092; x_wconf 82' lang='lat' dir='ltr'>bantur,</span> <span class='ocrx_word' id='word_1_766' title='bbox 558 5032 615 5084; x_wconf 88' lang='lat' dir='ltr'>et</span> <span class='ocrx_word' id='word_1_767' title='bbox 647 5045 674 5085; x_wconf 84' lang='lat' dir='ltr'>a</span> <span class='ocrx_word' id='word_1_768' title='bbox 709 5027 827 5083; x_wconf 92' lang='lat' dir='ltr'>Deo</span> <span class='ocrx_word' id='word_1_769' title='bbox 860 5026 1266 5101; x_wconf 88' lang='lat' dir='ltr'>promulgatis.</span> <span class='ocrx_word' id='word_1_770' title='bbox 1302 5027 1551 5099; x_wconf 88' lang='lat' dir='ltr'>Ideoque</span> <span class='ocrx_word' id='word_1_771' title='bbox 1582 5026 1663 5081; x_wconf 91' lang='lat' dir='ltr'>ait</span> <span class='ocrx_word' id='word_1_772' title='bbox 1687 5029 1933 5098; x_wconf 86' lang='lat' dir='ltr'>Aposto-</span> 
     </span>
    </p>
   </div>
   <div class='ocr_carea' id='block_1_102' title="bbox 264 5117 945 5189">
    <p class='ocr_par' dir='ltr' id='par_1_102' title="bbox 264 5117 945 5189">
     <span class='ocr_line' id='line_1_102' title="bbox 264 5117 945 5189; baseline -0.007 -13"><span class='ocrx_word' id='word_1_773' title='bbox 264 5120 381 5176; x_wconf 84' lang='lat' dir='ltr'>lus</span> <span class='ocrx_word' id='word_1_774' title='bbox 409 5135 423 5173; x_wconf 93' lang='lat'>:</span> <span class='ocrx_word' id='word_1_775' title='bbox 456 5117 650 5174; x_wconf 65' lang='lat' dir='ltr'>Iudaeo</span> <span class='ocrx_word' id='word_1_776' title='bbox 678 5119 945 5189; x_wconf 85' lang='lat' dir='ltr'>primum.</span> 
     </span>
    </p>
   </div>
   <div class='ocr_carea' id='block_1_103' title="bbox 2036 4579 3682 4653">
    <p class='ocr_par' dir='ltr' id='par_1_103' title="bbox 2036 4579 3682 4653">
     <span class='ocr_line' id='line_1_103' title="bbox 2036 4579 3682 4653; baseline 0.005 -19"><span class='ocrx_word' id='word_1_777' title='bbox 2036 4579 2170 4635; x_wconf 90' lang='lat' dir='ltr'>licet</span> <span class='ocrx_word' id='word_1_778' title='bbox 2198 4580 2392 4637; x_wconf 89' lang='lat' dir='ltr'>omnis</span> <span class='ocrx_word' id='word_1_779' title='bbox 2421 4580 2696 4653; x_wconf 87' lang='lat' dir='ltr'>impietas</span> <span class='ocrx_word' id='word_1_780' title='bbox 2744 4583 3056 4653; x_wconf 87' lang='lat' dir='ltr'>injustitia.</span> <span class='ocrx_word' id='word_1_781' title='bbox 3091 4601 3204 4640; x_wconf 92' lang='lat' dir='ltr'>non</span> <span class='ocrx_word' id='word_1_782' title='bbox 3242 4590 3435 4642; x_wconf 88' lang='lat' dir='ltr'>tamen</span> <span class='ocrx_word' id='word_1_783' title='bbox 3488 4587 3682 4642; x_wconf 91' lang='lat' dir='ltr'>omnis</span> 
     </span>
    </p>
   </div>
   <div class='ocr_carea' id='block_1_104' title="bbox 2037 4668 3683 4746">
    <p class='ocr_par' dir='ltr' id='par_1_104' title="bbox 2037 4668 3683 4746">
     <span class='ocr_line' id='line_1_104' title="bbox 2037 4668 3683 4746; baseline 0.005 -23"><span class='ocrx_word' id='word_1_784' title='bbox 2037 4668 2331 4741; x_wconf 91' lang='lat' dir='ltr'>injustitia</span> <span class='ocrx_word' id='word_1_785' title='bbox 2352 4674 2440 4725; x_wconf 89' lang='lat' dir='ltr'>est</span> <span class='ocrx_word' id='word_1_786' title='bbox 2462 4670 3127 4743; x_wconf 75' lang='lat' dir='ltr'>impietasimpietatem</span> <span class='ocrx_word' id='word_1_787' title='bbox 3154 4690 3290 4746; x_wconf 86' lang='lat' dir='ltr'>ergo</span> <span class='ocrx_word' id='word_1_788' title='bbox 3311 4680 3477 4731; x_wconf 89' lang='lat' dir='ltr'>vocat</span> <span class='ocrx_word' id='word_1_789' title='bbox 3496 4676 3683 4732; x_wconf 86' lang='lat' dir='ltr'>incre-</span> 
     </span>
    </p>
   </div>
   <div class='ocr_carea' id='block_1_105' title="bbox 2044 4756 3685 4837">
    <p class='ocr_par' dir='ltr' id='par_1_105' title="bbox 2044 4756 3685 4837">
     <span class='ocr_line' id='line_1_105' title="bbox 2044 4756 3685 4837; baseline 0.004 -25"><span class='ocrx_word' id='word_1_790' title='bbox 2044 4756 2350 4813; x_wconf 85' lang='lat' dir='ltr'>dulitatem</span> <span class='ocrx_word' id='word_1_791' title='bbox 2380 4776 2393 4824; x_wconf 90' lang='lat'><strong>;</strong></span> <span class='ocrx_word' id='word_1_792' title='bbox 2418 4758 2772 4829; x_wconf 88' lang='lat' dir='ltr'>injustitiam</span> <span class='ocrx_word' id='word_1_793' title='bbox 2801 4777 2956 4828; x_wconf 91' lang='lat' dir='ltr'>vero,</span> <span class='ocrx_word' id='word_1_794' title='bbox 2988 4760 3360 4834; x_wconf 89' lang='lat' dir='ltr'>iniquitatem</span> <span class='ocrx_word' id='word_1_795' title='bbox 3391 4769 3449 4820; x_wconf 89' lang='lat' dir='ltr'>et</span> <span class='ocrx_word' id='word_1_796' title='bbox 3477 4766 3685 4837; x_wconf 90' lang='lat' dir='ltr'>nequi-</span> 
     </span>
    </p>
   </div>
   <div class='ocr_carea' id='block_1_106' title="bbox 2043 4838 3683 4926">
    <p class='ocr_par' dir='ltr' id='par_1_106' title="bbox 2043 4838 3683 4926">
     <span class='ocr_line' id='line_1_106' title="bbox 2043 4838 3683 4926; baseline 0.006 -26"><span class='ocrx_word' id='word_1_797' title='bbox 2043 4846 2206 4901; x_wconf 86' lang='lat' dir='ltr'>tiam.</span> <span class='ocrx_word' id='word_1_798' title='bbox 2240 4852 2426 4919; x_wconf 87' lang='lat' dir='ltr'>Super</span> <span class='ocrx_word' id='word_1_799' title='bbox 2449 4864 2701 4918; x_wconf 88' lang='lat' dir='ltr'>quorum</span> <span class='ocrx_word' id='word_1_800' title='bbox 2729 4838 3039 4905; x_wconf 88' lang='lat' dir='ltr'>hominum</span> <span class='ocrx_word' id='word_1_801' title='bbox 3067 4850 3430 4923; x_wconf 88' lang='lat' dir='ltr'>impietatem</span> <span class='ocrx_word' id='word_1_802' title='bbox 3453 4859 3511 4909; x_wconf 90' lang='lat' dir='ltr'>et</span> <span class='ocrx_word' id='word_1_803' title='bbox 3529 4854 3683 4926; x_wconf 89' lang='lat' dir='ltr'>inju-</span> 
     </span>
    </p>
   </div>
   <div class='ocr_carea' id='block_1_107' title="bbox 2043 4935 3685 5014">
    <p class='ocr_par' dir='ltr' id='par_1_107' title="bbox 2043 4935 3685 5014">
     <span class='ocr_line' id='line_1_107' title="bbox 2043 4935 3685 5014; baseline 0.003 -23"><span class='ocrx_word' id='word_1_804' title='bbox 2043 4935 2265 4991; x_wconf 89' lang='lat' dir='ltr'>stitiam</span> <span class='ocrx_word' id='word_1_805' title='bbox 2292 4938 2379 4991; x_wconf 91' lang='lat' dir='ltr'>ira</span> <span class='ocrx_word' id='word_1_806' title='bbox 2402 4936 2505 4991; x_wconf 90' lang='lat' dir='ltr'>Dei</span> <span class='ocrx_word' id='word_1_807' title='bbox 2536 4936 2846 5009; x_wconf 85' lang='lat' dir='ltr'>revelatur,</span> <span class='ocrx_word' id='word_1_808' title='bbox 2866 4941 3141 5009; x_wconf 89' lang='lat' dir='ltr'>ostendit,</span> <span class='ocrx_word' id='word_1_809' title='bbox 3160 4958 3369 5012; x_wconf 87' lang='lat' dir='ltr'>eorum,</span> <span class='ocrx_word' id='word_1_810' title='bbox 3387 4943 3685 5014; x_wconf 90' lang='lat' dir='ltr'>inquiens,</span> 
     </span>
    </p>
   </div>
   <div class='ocr_carea' id='block_1_108' title="bbox 2042 5025 3685 5104">
    <p class='ocr_par' dir='ltr' id='par_1_108' title="bbox 2042 5025 3685 5104">
     <span class='ocr_line' id='line_1_108' title="bbox 2042 5025 3685 5104; baseline 0.002 -25"><span class='ocrx_word' id='word_1_811' title='bbox 2042 5026 2139 5097; x_wconf 84' lang='lat' dir='ltr'>qui</span> <span class='ocrx_word' id='word_1_812' title='bbox 2162 5028 2449 5080; x_wconf 84' lang='lat' dir='ltr'>veritatem</span> <span class='ocrx_word' id='word_1_813' title='bbox 2470 5025 2572 5081; x_wconf 90' lang='lat' dir='ltr'>Dei</span> <span class='ocrx_word' id='word_1_814' title='bbox 2591 5027 2649 5080; x_wconf 87' lang='lat' dir='ltr'>in</span> <span class='ocrx_word' id='word_1_815' title='bbox 2677 5028 2955 5098; x_wconf 84' lang='lat' dir='ltr'>injustitia</span> <span class='ocrx_word' id='word_1_816' title='bbox 2972 5028 3216 5086; x_wconf 78' lang='lat' dir='ltr'>detinent</span> <span class='ocrx_word' id='word_1_817' title='bbox 3235 5033 3368 5104; x_wconf 87' lang='lat'>(85).</span> <span class='ocrx_word' id='word_1_818' title='bbox 3393 5032 3685 5101; x_wconf 83' lang='lat' dir='ltr'>Injustum</span> 
     </span>
    </p>
   </div>
   <div class='ocr_carea' id='block_1_109' title="bbox 2045 5105 3688 5188">
    <p class='ocr_par' dir='ltr' id='par_1_109' title="bbox 2045 5105 3688 5188">
     <span class='ocr_line' id='line_1_109' title="bbox 2045 5105 3688 5188; baseline 0.003 -20"><span class='ocrx_word' id='word_1_819' title='bbox 2045 5115 2262 5186; x_wconf 91' lang='lat' dir='ltr'>quippe</span> <span class='ocrx_word' id='word_1_820' title='bbox 2292 5118 2402 5180; x_wconf 90' lang='lat' dir='ltr'>est,</span> <span class='ocrx_word' id='word_1_821' title='bbox 2435 5118 2499 5170; x_wconf 88' lang='lat' dir='ltr'>ut</span> <span class='ocrx_word' id='word_1_822' title='bbox 2527 5114 2735 5187; x_wconf 91' lang='lat' dir='ltr'>honor,</span> <span class='ocrx_word' id='word_1_823' title='bbox 2768 5105 2867 5188; x_wconf 82' lang='lat' dir='ltr'>qui</span> <span class='ocrx_word' id='word_1_824' title='bbox 2899 5117 3153 5176; x_wconf 89' lang='lat' dir='ltr'>Creatori</span> <span class='ocrx_word' id='word_1_825' title='bbox 3178 5120 3688 5188; x_wconf 87' lang='lat' dir='ltr'>debetur,creatu-</span> 
     </span>
    </p>
   </div>
   <div class='ocr_carea' id='block_1_110' title="bbox 355 5202 3688 5277">
    <p class='ocr_par' dir='ltr' id='par_1_110' title="bbox 355 5202 3688 5277">
     <span class='ocr_line' id='line_1_110' title="bbox 355 5202 3688 5277; baseline 0 -14"><span class='ocrx_word' id='word_1_826' title='bbox 355 5205 648 5277; x_wconf 89' lang='lat' dir='ltr'>Sequitur</span> <span class='ocrx_word' id='word_1_827' title='bbox 672 5222 685 5262; x_wconf 95' lang='lat'>:</span> <span class='ocrx_word' id='word_1_828' title='bbox 716 5207 943 5262; x_wconf 69' lang='lat' dir='ltr'>Iustitia</span> <span class='ocrx_word' id='word_1_829' title='bbox 969 5206 1117 5262; x_wconf 89' lang='lat' dir='ltr'>enim</span> <span class='ocrx_word' id='word_1_830' title='bbox 1146 5206 1243 5261; x_wconf 90' lang='lat' dir='ltr'>Dei</span> <span class='ocrx_word' id='word_1_831' title='bbox 1270 5207 1327 5261; x_wconf 89' lang='lat' dir='ltr'>in</span> <span class='ocrx_word' id='word_1_832' title='bbox 1347 5221 1405 5261; x_wconf 88' lang='lat' dir='ltr'>eo</span> <span class='ocrx_word' id='word_1_833' title='bbox 1426 5202 1717 5260; x_wconf 81' lang='lat' dir='ltr'>reveletur</span> <span class='ocrx_word' id='word_1_834' title='bbox 1741 5220 1810 5259; x_wconf 75' lang='lat' dir='ltr'>ea:</span> <span class='ocrx_word' id='word_1_835' title='bbox 1836 5203 1938 5261; x_wconf 80' lang='lat' dir='ltr'>ﬁde</span> <span class='ocrx_word' id='word_1_836' title='bbox 2046 5220 2119 5258; x_wconf 70' lang='lat' dir='ltr'>rae</span> <span class='ocrx_word' id='word_1_837' title='bbox 2145 5204 2460 5259; x_wconf 89' lang='lat' dir='ltr'>tribuatur.</span> <span class='ocrx_word' id='word_1_838' title='bbox 2490 5202 2575 5259; x_wconf 89' lang='lat' dir='ltr'>Illi</span> <span class='ocrx_word' id='word_1_839' title='bbox 2608 5220 2744 5277; x_wconf 91' lang='lat' dir='ltr'>ergo</span> <span class='ocrx_word' id='word_1_840' title='bbox 2765 5207 3090 5275; x_wconf 87' lang='lat' dir='ltr'>veritatem,</span> <span class='ocrx_word' id='word_1_841' title='bbox 3115 5208 3173 5263; x_wconf 92' lang='lat' dir='ltr'>id</span> <span class='ocrx_word' id='word_1_842' title='bbox 3196 5213 3286 5263; x_wconf 91' lang='lat' dir='ltr'>est</span> <span class='ocrx_word' id='word_1_843' title='bbox 3324 5206 3688 5263; x_wconf 88' lang='lat' dir='ltr'>divinitatem</span> 
     </span>
    </p>
   </div>
   <div class='ocr_carea' id='block_1_111' title="bbox 269 5292 3690 5367">
    <p class='ocr_par' dir='ltr' id='par_1_111' title="bbox 269 5292 3690 5367">
     <span class='ocr_line' id='line_1_111' title="bbox 269 5292 3690 5367; baseline -0.001 -11"><span class='ocrx_word' id='word_1_844' title='bbox 269 5302 340 5356; x_wconf 87' lang='lat' dir='ltr'>in</span> <span class='ocrx_word' id='word_1_845' title='bbox 373 5295 563 5367; x_wconf 84' lang='lat' dir='ltr'>ﬁdem.</span> <span class='ocrx_word' id='word_1_846' title='bbox 586 5293 825 5351; x_wconf 86' lang='lat' dir='ltr'>Justitia</span> <span class='ocrx_word' id='word_1_847' title='bbox 851 5295 1084 5367; x_wconf 90' lang='lat' dir='ltr'>dicitur,</span> <span class='ocrx_word' id='word_1_848' title='bbox 1107 5294 1273 5366; x_wconf 90' lang='lat' dir='ltr'>quasi</span> <span class='ocrx_word' id='word_1_849' title='bbox 1290 5294 1443 5366; x_wconf 90' lang='lat' dir='ltr'>juris</span> <span class='ocrx_word' id='word_1_850' title='bbox 1465 5293 1939 5349; x_wconf 87' lang='lat' dir='ltr'>status.Justitia</span> <span class='ocrx_word' id='word_1_851' title='bbox 2047 5292 2147 5348; x_wconf 92' lang='lat' dir='ltr'>Dei</span> <span class='ocrx_word' id='word_1_852' title='bbox 2170 5292 2280 5364; x_wconf 86' lang='lat'>(86)</span> <span class='ocrx_word' id='word_1_853' title='bbox 2312 5292 2371 5347; x_wconf 91' lang='lat' dir='ltr'>in</span> <span class='ocrx_word' id='word_1_854' title='bbox 2412 5292 2705 5364; x_wconf 90' lang='lat' dir='ltr'>injustitia</span> <span class='ocrx_word' id='word_1_855' title='bbox 2734 5295 3018 5362; x_wconf 90' lang='lat' dir='ltr'>detinent,</span> <span class='ocrx_word' id='word_1_856' title='bbox 3052 5296 3459 5367; x_wconf 87' lang='lat' dir='ltr'>qui,Creatore</span> <span class='ocrx_word' id='word_1_857' title='bbox 3490 5295 3690 5354; x_wconf 90' lang='lat' dir='ltr'>relicto</span> 
     </span>
    </p>
   </div>
   <div class='ocr_carea' id='block_1_112' title="bbox 374 5453 3775 5537">
    <p class='ocr_par' dir='ltr' id='par_1_112' title="bbox 374 5453 3775 5537">
     <span class='ocr_line' id='line_1_112' title="bbox 374 5453 3775 5537; baseline 0.002 -29"><span class='ocrx_word' id='word_1_858' title='bbox 374 5455 497 5527; x_wconf 81' lang='lat'>(85)</span> <span class='ocrx_word' id='word_1_859' title='bbox 529 5455 603 5537; x_wconf 63' lang='lat' dir='ltr'>In</span> <span class='ocrx_word' id='word_1_860' title='bbox 624 5456 986 5537; x_wconf 80' lang='lat' dir='ltr'>autographa</span> <span class='ocrx_word' id='word_1_861' title='bbox 1018 5457 1151 5512; x_wconf 89' lang='lat' dir='ltr'>ante</span> <span class='ocrx_word' id='word_1_862' title='bbox 1181 5453 1423 5509; x_wconf 91' lang='lat' dir='ltr'>verbum</span> <span class='ocrx_word' id='word_1_863' title='bbox 1455 5454 1733 5525; x_wconf 81' lang='lat' dir='ltr'>injustitia</span> <span class='ocrx_word' id='word_1_864' title='bbox 1779 5453 1943 5510; x_wconf 90' lang='lat' dir='ltr'>deest</span> <span class='ocrx_word' id='word_1_865' title='bbox 2050 5454 2234 5537; x_wconf 80' lang='lat' dir='ltr'>deest,</span> <span class='ocrx_word' id='word_1_866' title='bbox 2268 5458 2326 5509; x_wconf 89' lang='lat' dir='ltr'>ct</span> <span class='ocrx_word' id='word_1_867' title='bbox 2350 5453 2431 5511; x_wconf 90' lang='lat' dir='ltr'>ita</span> <span class='ocrx_word' id='word_1_868' title='bbox 2462 5453 2747 5512; x_wconf 87' lang='lat' dir='ltr'>habetur:</span> <span class='ocrx_word' id='word_1_869' title='bbox 2778 5457 3136 5513; x_wconf 67' lang='lat' dir='ltr'>Dz&#39;vinthern</span> <span class='ocrx_word' id='word_1_870' title='bbox 3166 5457 3277 5512; x_wconf 86' lang='lat' dir='ltr'>Dei</span> <span class='ocrx_word' id='word_1_871' title='bbox 3304 5457 3582 5531; x_wconf 86' lang='lat' dir='ltr'>injustitia</span> <span class='ocrx_word' id='word_1_872' title='bbox 3607 5457 3697 5514; x_wconf 89' lang='lat' dir='ltr'>de-</span> <span class='ocrx_word' id='word_1_873' title='bbox 3772 5492 3775 5493; x_wconf 52' lang='grc' dir='ltr'><em>ν</em></span> 
     </span>
    </p>
   </div>
   <div class='ocr_carea' id='block_1_113' title="bbox 272 5530 752 5681">
    <p class='ocr_par' dir='ltr' id='par_1_113' title="bbox 272 5530 752 5681">
     <span class='ocr_line' id='line_1_113' title="bbox 272 5530 752 5652; baseline -0.013 -66"><span class='ocrx_word' id='word_1_874' title='bbox 272 5530 645 5652; x_wconf 50' lang='lat' dir='ltr'>praepositio</span> <span class='ocrx_word' id='word_1_875' title='bbox 674 5530 752 5608; x_wconf 62' lang='lat' dir='ltr'>in.</span> 
     </span>
     <span class='ocr_line' id='line_1_114' title="bbox 364 5598 752 5681; baseline 0 -27"><span class='ocrx_word' id='word_1_876' title='bbox 364 5599 430 5681; x_wconf 83' lang='lat'>(8</span> <span class='ocrx_word' id='word_1_877' title='bbox 475 5598 629 5673; x_wconf 82' lang='grc' dir='ltr'>)Ηιο</span> <span class='ocrx_word' id='word_1_878' title='bbox 659 5601 752 5654; x_wconf 72' lang='lat' dir='ltr'>eti:</span> 
     </span>
    </p>
   </div>
   <div class='ocr_carea' id='block_1_114' title="bbox 475 5594 1939 5673">
    <p class='ocr_par' dir='ltr' id='par_1_114' title="bbox 475 5594 1939 5673">
     <span class='ocr_line' id='line_1_115' title="bbox 475 5594 1939 5673; baseline 0 -20"><span class='ocrx_word' id='word_1_879' title='bbox 475 5598 495 5673; x_wconf 91' lang='lat'>)</span> <span class='ocrx_word' id='word_1_880' title='bbox 523 5597 629 5655; x_wconf 86' lang='lat' dir='ltr'>Hic</span> <span class='ocrx_word' id='word_1_881' title='bbox 659 5597 834 5655; x_wconf 88' lang='lat' dir='ltr'>etiam</span> <span class='ocrx_word' id='word_1_882' title='bbox 856 5597 1185 5672; x_wconf 66' lang='lat' dir='ltr'>praepositio</span> <span class='ocrx_word' id='word_1_883' title='bbox 1208 5598 1290 5669; x_wconf 87' lang='lat' dir='ltr'>in,</span> <span class='ocrx_word' id='word_1_884' title='bbox 1315 5611 1482 5653; x_wconf 87' lang='lat' dir='ltr'>secus</span> <span class='ocrx_word' id='word_1_885' title='bbox 1506 5611 1571 5652; x_wconf 87' lang='lat' dir='ltr'>ac</span> <span class='ocrx_word' id='word_1_886' title='bbox 1591 5595 1649 5652; x_wconf 92' lang='lat' dir='ltr'>in</span> <span class='ocrx_word' id='word_1_887' title='bbox 1671 5594 1939 5670; x_wconf 85' lang='lat' dir='ltr'>Vulgata,</span> 
     </span>
    </p>
   </div>
   <div class='ocr_carea' id='block_1_115' title="bbox 619 5725 1242 5789">
    <p class='ocr_par' dir='ltr' id='par_1_115' title="bbox 619 5725 1242 5789">
     <span class='ocr_line' id='line_1_116' title="bbox 619 5725 1242 5789; baseline 0 -5"><span class='ocrx_word' id='word_1_888' title='bbox 619 5725 860 5786; x_wconf 79' lang='lat' dir='ltr'>PATROL</span> <span class='ocrx_word' id='word_1_889' title='bbox 927 5727 1016 5788; x_wconf 76' lang='lat' dir='ltr'>CX</span> <span class='ocrx_word' id='word_1_890' title='bbox 1032 5726 1242 5789; x_wconf 79' lang='lat' dir='ltr'>XXIV.</span> 
     </span>
    </p>
   </div>
   <div class='ocr_carea' id='block_1_116' title="bbox 2052 5527 2248 5584">
    <p class='ocr_par' dir='ltr' id='par_1_116' title="bbox 2052 5527 2248 5584">
     <span class='ocr_line' id='line_1_117' title="bbox 2052 5527 2248 5584; baseline -0.01 0"><span class='ocrx_word' id='word_1_891' title='bbox 2052 5527 2248 5584; x_wconf 86' lang='lat' dir='ltr'>tinent.</span> 
     </span>
    </p>
   </div>
   <div class='ocr_carea' id='block_1_117' title="bbox 3343 5732 3380 5790">
    <p class='ocr_par' dir='ltr' id='par_1_117' title="bbox 3343 5732 3380 5790">
     <span class='ocr_line' id='line_1_118' title="bbox 3343 5732 3380 5790; baseline 0 0"><span class='ocrx_word' id='word_1_892' title='bbox 3343 5732 3380 5790; x_wconf 72' lang='grc' dir='ltr'>ὅ</span> 
     </span>
    </p>
   </div>
  </div>
