4134 6182
406 315 522 376 139

1428 307 1763 369 ATTONIS
1807 305 2396 367 VERCELLENSIS
2439 303 2789 367 EPISCOPI

3689 304 3803 365 140

407 446 666 502 serviunt
686 446 967 500 creatura:
1000 443 1133 514 (87).
1166 443 1332 510 Quia,
1366 439 1508 512 quod
1556 442 1746 495 notum
1790 443 1869 495 est
1924 439 2038 506 Dei,
2071 445 2125 509 Α
2225 437 2534 509 Sequitur:
2568 438 2819 492 Dicente:
2849 437 2999 490 enim
3045 450 3103 490 se
3152 450 3261 490 esse
3311 436 3601 507 sapientes,
3649 435 3807 491 stulti

406 537 762 605 manifestum
788 537 865 589 est
894 534 950 588 in
982 533 1117 587 illis.
1149 531 1250 586 Hic
1272 528 1746 584 subaudiendum
1780 532 1891 594 est,
1913 544 2044 595 esse,

410 629 475 679 ut
503 624 581 679 sit
611 637 851 679 sensus:
886 620 1148 676 Essentia
1177 623 1233 674 et
1262 617 1470 673 notitia
1499 616 1598 673 Dei
1621 616 1933 673 manifesta
1960 619 2050 672 est

408 712 549 767 illis.
584 716 696 766 Cur
725 714 918 766 autem
953 709 1030 764 sit
1059 708 1367 762 manifesta
1396 704 1652 762 ostendit
1683 723 1696 762 :
1731 706 1871 761 Deus
1899 707 2050 760 enim

410 802 527 857 illis
544 800 937 871 manifeslavit.
964 796 1095 863 Sed,
1121 796 1414 867 quomodo
1438 794 1913 861 manifestaverit,
1933 810 2049 849 non

411 891 705 947 evidenter
716 885 1481 944 ostendit.Subaudiendum
1494 900 1629 956 ergo
1647 890 1736 939 est
1756 900 1767 937 :
1785 883 2049 938 faciendo

413 997 582 1052 opus,
610 993 713 1050 per
743 977 896 1048 quod
927 975 1053 1046 ipse
1085 973 1271 1046 possit
1300 973 1533 1045 agnosci
1568 975 1822 1028 Creator.
1847 971 2051 1027 Omnis

412 1069 629 1141 quippe
657 1056 925 1121 creatura
951 1064 1226 1135 praedicat
1255 1079 1316 1118 se
1349 1080 1463 1118 non
1497 1078 1623 1118 esse
1678 1061 2009 1117 Creatorem
2035 1079 2048 1129 ;

411 1154 733 1230 praesertim
754 1170 888 1209 cum
910 1152 1057 1208 nihil
1076 1157 1476 1207 creaturarum
1490 1150 1764 1207 omniain
1778 1150 2052 1206 omnibus

409 1242 849 1317 superet.Verbi
874 1240 1299 1314 gratia,coelum
1322 1240 1600 1312 praecellit
1621 1238 2049 1311 magnitudine,

408 1332 519 1400 sol,
550 1332 713 1400 luna,
736 1336 793 1388 et
812 1329 993 1387 stella
1015 1329 1299 1396 claritate,
1320 1334 1475 1386 terra
1498 1328 1792 1384 fertilitate
1817 1344 1829 1381 :
1864 1344 1930 1383 ac
1953 1343 2055 1399 per

416 1422 527 1478 hoc
558 1421 857 1477 evidenter
886 1418 1232 1486 ostenditur,
1254 1420 1408 1490 quod
1431 1418 1629 1473 omnia
1648 1417 1864 1472 habent
1882 1416 2053 1471 Crea-

409 1516 618 1578 torem,
651 1509 749 1581 qui
781 1525 849 1563 ea
878 1507 1155 1575 condidit,
1189 1508 1337 1579 regit
1365 1512 1423 1562 et
1443 1507 1751 1578 gubernat,
1776 1510 1832 1559 et
1858 1504 2057 1560 omnia

418 1599 707 1672 praecedit.
741 1597 1055 1669 Sequitur:
1084 1596 1391 1651 lnvisibilia
1421 1597 1568 1651 enim
1600 1597 1772 1665 ipsius
1824 1612 1924 1664 per
1969 1612 2052 1662 ea,

415 1705 542 1762 quae
568 1690 715 1759 facta
743 1689 889 1753 sunt,
920 1704 954 1740 a
982 1690 1235 1742 creatura
1276 1686 1472 1741 mundi
1516 1686 1794 1740 intellecta
1848 1686 2058 1756 conspi-

416 1781 658 1834 ciuntur.
693 1777 1033 1848 Sempiterna
1062 1791 1270 1846 quoque
1300 1775 1474 1830 virtus
1502 1776 1640 1845 ejus,
1692 1779 1743 1828 et
1790 1773 2057 1830 divinitas

415 1866 711 1922 intellecta
740 1863 1183 1935 conspiciuntur
1222 1882 1255 1919 a
1287 1868 1554 1919 creatura
1596 1864 1821 1930 mundi,
1869 1878 1972 1933 per
1992 1879 2059 1917 ea

417 1973 545 2027 quae
576 1956 729 2010 facta
758 1958 933 2009 sunt:
965 1971 997 2008 ει
1028 1958 1294 2008 creatura
1322 1952 1539 2024 quippe
1560 1952 1789 2021 mundi,
1843 1952 1898 2005 id
1949 1955 2056 2018 est,

420 2045 495 2100 ab
526 2044 651 2115 ipso
680 2041 889 2097 mundi
917 2041 1174 2109 exordio,
1209 2058 1311 2112 per
1338 2041 1595 2097 visibiles
1628 2046 1946 2107 creaturas,
1978 2041 2060 2095 in-

416 2130 662 2187 visibilis
693 2130 931 2202 agnosci
963 2130 1153 2201 potuit
1182 2131 1435 2185 Creator.
1472 2130 1639 2193 Nam,
1674 2146 1808 2184 cum
1862 2129 2057 2184 Domi-

417 2238 531 2277 nus
556 2224 675 2275 tam
708 2217 955 2289 pulchra
982 2218 1305 2272 condiderit
1338 2218 1644 2285 elementa,
1678 2223 1742 2272 ut
1772 2233 1840 2272 ea
1869 2216 2058 2272 homi-

418 2327 542 2377 nes,
574 2307 744 2380 quasi
775 2308 913 2363 deos
944 2307 1276 2372 adorarent,
1310 2306 1478 2363 facile
1509 2306 1779 2378 cognosci
1813 2309 2057 2377 poterat,

418 2399 560 2471 quia
583 2393 1123 2468 incomparabiliter
1154 2393 1453 2466 pulchrior
1501 2399 1627 2450 erat
1675 2393 1793 2461 ille,
1844 2395 1945 2466 qui
1994 2411 2062 2450 ea

419 2485 700 2543 condidit.
731 2484 1014 2541 Virtutem
1045 2483 1242 2554 itaque
1272 2487 1437 2539 vocat
1484 2482 1807 2538 divinitatis
1857 2488 2060 2555 poten-

420 2576 584 2646 tiam,
612 2591 739 2646 qua:
762 2573 960 2629 omnia
976 2572 1126 2645 regit
1149 2590 1161 2640 ;
1187 2572 1549 2628 divinitatem
1571 2589 1724 2637 vero,
1749 2573 1938 2643 ipsam
1963 2572 2062 2626 Dei

423 2666 812 2735 majestatem,
842 2679 968 2733 qua
1000 2660 1183 2734 replet
1211 2661 1503 2717 universa.
1529 2660 1658 2716 Haec
1680 2662 1859 2732 enim,
1883 2660 1941 2716 id
1973 2665 2065 2716 est

421 2752 630 2820 virtus,
665 2756 723 2806 et
752 2749 1049 2818 divinitas,
1083 2766 1187 2822 per
1213 2748 1473 2805 visibiles
1523 2754 1821 2805 creaturas
1867 2754 2064 2822 potue-

422 2845 563 2899 runt
579 2839 816 2913 agnosci
841 2855 855 2895 :
878 2838 979 2894 sed
994 2839 1133 2909 quia
1153 2855 1268 2894 non
1292 2842 1430 2894 sunt
1449 2839 1662 2912 agnita,
1686 2838 1902 2895 idcirco
1924 2842 2065 2895 sunt

419 2928 845 2987 inexcusabiles
869 2946 882 2984 :
919 2928 1072 2983 unde
1101 2933 1159 2983 et
1187 2926 1496 2984 subditur:
1531 2930 1614 2984 Ita
1634 2936 1693 2984 ut
1711 2931 1827 2984 sint
1844 2930 2065 2984 inexcu-

418 3020 633 3075 sabiles.
665 3018 781 3074 Cur
810 3020 1004 3072 autem
1039 3016 1158 3071 sint
1187 3016 1634 3087 inexeusabiles,
1686 3017 2059 3073 manifestat:

420 3110 565 3179 Quia
590 3108 723 3163 dum
751 3108 1123 3177 cognovissent
1150 3106 1339 3174 Deum,
1370 3122 1484 3162 non
1509 3109 1650 3162 sicut
1677 3107 1849 3162 Deum
1898 3106 2064 3177 glori-

2153 529 2290 599 facti
2298 526 2678 594 sunt,etc.Pro
2697 525 2906 598 peritia
2927 541 3182 597 namque
3197 524 3560 580 diversarum
3586 524 3801 580 artium

2157 633 2220 673 se
2239 616 2534 686 sapientes
2547 632 2674 671 esse
2687 615 3007 685 jactabant,
3028 613 3274 686 ideoque
3296 613 3465 670 stulti
3491 613 3627 669 facti
3641 617 3800 670 sunt.

2158 705 2457 772 Quomodo
2473 709 2669 760 autem
2691 703 2855 759 stulti
2881 703 3014 759 factl
3040 702 3177 770 sint,
3201 702 3482 775 aperitur,
3510 719 3643 758 cum
3668 703 3803 759 sub-

2159 795 2356 850 ditur:
2417 798 2485 851 Et
2537 795 2888 849 mutaverunt
2930 793 3181 862 gloriam
3224 793 3664 864 incorruptibilis
3704 793 3805 849 Dei

2157 886 2214 938 in
2247 883 2676 938 similitudinem
2705 884 2966 951 imaginis
3024 882 3404 953 corruptibilis
3450 882 3709 949 hominis,
3753 891 3806 937 et

2159 973 2459 1041 uolucrum,
2494 978 2547 1028 et
2577 972 3009 1045 quadrupedum,
3033 975 3086 1026 et
3104 973 3458 1044 serpentium.
3482 971 3586 1027 His
3611 970 3806 1028 verbis

2160 1064 2400 1118 denotat
2426 1061 2743 1133 Apostolus
2774 1060 3175 1133 philosophos,
3203 1065 3259 1117 et
3280 1062 3579 1134 redarguit
3606 1065 3806 1133 poetas

2160 1151 2446 1223 gentium,
2479 1152 2799 1217 Socratem,
2831 1149 3154 1221 Platonem,
3185 1149 3581 1217 Aristotelem,
3624 1151 3806 1206 Zeno-

2162 1257 2317 1309 nem,
2351 1238 2682 1311 Virgilium,
2715 1239 3013 1305 Catonem,
3063 1238 3334 1294 Ovidium
3389 1238 3704 1306 Nasonem,
3753 1243 3810 1295 et

2162 1328 2528 1400 caeteros,qui
2549 1327 2871 1383 divinitatis
2894 1326 3178 1383 honorem
3195 1326 3442 1383 mortuis
3463 1327 3808 1383 hominibus

2161 1417 2596 1488 impendebant,
2604 1420 2876 1488 putantes
2888 1433 2986 1472 eos
3000 1416 3189 1489 magis
3211 1417 3257 1472 si
3269 1416 3323 1471 bi
3345 1416 3622 1489 prodesse
3636 1432 3809 1489 posse

2164 1512 2297 1579 post
2320 1511 2591 1573 mortem,
2615 1521 2791 1576 quam
2813 1504 2954 1561 dum
2978 1506 3171 1561 adhuc
3192 1505 3451 1561 viverent
3474 1522 3486 1561 :
3514 1522 3652 1562 nam
3674 1522 3809 1562 cum

2164 1596 2439 1664 viverent,
2474 1594 2703 1651 nullum
2735 1594 2820 1650 eis
2851 1593 3171 1649 divinitatis
3191 1595 3616 1666 impendebant
3635 1595 3810 1650 hono-

2164 1701 2308 1740 rem.
2341 1688 2412 1739 Et
2440 1688 2599 1752 nota,
2632 1683 2772 1755 quia
2800 1701 2916 1739 non
2940 1684 3043 1750 ait,
3067 1684 3126 1738 in
3150 1684 3597 1740 similitudinem
3618 1684 3809 1740 homi-

2166 1774 2279 1842 nis,
2312 1773 2434 1840 sed,
2466 1775 2528 1828 in
2555 1772 2980 1828 similitudinem
3016 1774 3279 1843 imaginis
3311 1774 3628 1829 hominum:
3678 1790 3809 1846 spe-

2169 1862 2313 1918 ciem
2327 1862 2544 1934 quippe
2566 1862 2808 1917 humani
2829 1862 3088 1934 corporis
3110 1858 3360 1919 fOrmare
3383 1880 3499 1919 non
3522 1867 3808 1936 poterant,

2170 1951 2271 2006 sed
2286 1950 2735 2006 similitudinem
2760 1950 3056 2023 imaginis,
3079 1952 3510 2010 cuidivinitatis
3530 1953 3810 2009 honorem

2168 2039 2775 2111 impendebant.Quod
2789 2045 2984 2096 autem
3006 2044 3208 2113 gentes
3226 2041 3676 2099 similitudinem
3698 2042 3812 2113 (89)

2170 2128 2439 2183 humana:
2457 2128 2733 2201 imaginis
2756 2146 2859 2201 pro
2886 2135 2999 2185 Deo
3022 2129 3297 2201 colerent,
3320 2129 3811 2199 ostenditDaniel,

2170 2216 2269 2287 qui
2300 2216 2441 2272 dicit
2470 2217 2814 2290 Babylonios
2846 2219 3123 2275 adorasse
3173 2219 3624 2277 similitudinem
3658 2220 3813 2276 Belis

2170 2306 2332 2376 (Dan.
2376 2323 2489 2370 x1v,
2521 2306 2746 2375 2):Bel
2794 2324 3049 2379 namque
3102 2314 3267 2380 pater
3316 2310 3426 2365 fuit
3473 2310 3606 2366 Nini
3658 2311 3817 2383 regis

2166 2393 2559 2466 Assyriorum.
2596 2396 2841 2463 Rursus,
2875 2399 3029 2468 quod
3061 2402 3360 2469 serpentes
3380 2399 3636 2455 colerent
3656 2399 3814 2455 idem

2168 2482 2372 2539 Daniel
2402 2485 2783 2554 demonstrat,
2817 2486 2916 2557 qui
2951 2487 3219 2558 prtsl‘atos
3272 2488 3618 2562 Babylonios
3674 2490 3817 2545 dicit

2170 2573 2446 2628 adorasse
2474 2573 2809 2636 draconem.
2842 2576 3162 2648 quemipse
3187 2576 3498 2634 interfecit.
3531 2577 3816 2634 Colebant

2173 2660 2558 2718 nihilominus
2624 2663 3044 2721 similitudines
3109 2667 3589 2738 quadrupedum,
3661 2668 3817 2723 sicut

2169 2751 2421 2822 [Egyptii
2452 2755 2665 2823 Apem.
2696 2752 2835 2824 Apis
2866 2753 3083 2809 etenim
3136 2772 3235 2811 rex
3285 2756 3396 2812 fuit
3441 2756 3814 2830 Argivorum,

2172 2837 2273 2909 qui
2305 2837 2550 2894 navibus
2577 2839 2646 2894 de
2663 2839 2882 2896 Gracia
2900 2846 3099 2898 vectus
3118 2843 3177 2898 in
3197 2845 3532 2917 IEgyptum,
3557 2845 3637 2900 ibi
3662 2863 3819 2902 mor-

2171 2930 2311 2981 tuus
2332 2930 2421 2981 est
2468 2931 2525 2981 et
2555 2927 2821 3000 sepultus
2851 2948 2863 2985 :
2916 2934 2974 2986 et
3003 2931 3143 2997 quia
3192 2932 3357 3004 prius
3385 2934 3438 2988 ei
3482 2933 3817 2990 sacriﬁcare

2172 3020 2662 3087 coeperuntquam
2684 3017 2970 3090 templum
2992 3019 3181 3091 ipsius
3197 3020 3599 3091 aediﬁcaretur,
3624 3022 3821 3079 dictus

2174 3106 2262 3158 est
2292 3103 2566 3177 Serapis:
2600 3105 2756 3162 Seras
2785 3106 2942 3162 enim
2986 3109 3179 3165 Grmce
3217 3111 3528 3183 sepulcrum
3576 3111 3817 3170 dicitur.

418 3201 736 3271 ﬁeaverunt,
769 3205 873 3253 aut
900 3198 1112 3267 gratias
1131 3199 1379 3266 egerunt,
1403 3200 1512 3251 etc.
1536 3194 1825 3251 Virtutem
1847 3196 2063 3267 quippe
2092 3191 2136 3254 C
2173 3192 2320 3247 Huic
2353 3199 2586 3250 taurum
2615 3196 2943 3253 sacriﬁcare
2972 3196 3275 3257 solebant:
3308 3200 3668 3273 undeetipse
3687 3206 3821 3257 tau-

420 3286 734 3342 invisibilis
765 3287 1031 3341 essentiae
1063 3302 1166 3357 per
1195 3285 1476 3351 visibiles,
1502 3288 1568 3339 ut
1587 3285 1809 3340 dictum
1828 3290 1938 3351 est,
1962 3300 2064 3356 po—

422 3379 662 3431 tuerunt
689 3390 1004 3446 agnoscere
1033 3378 1348 3429 creaturas.
1371 3374 1539 3441 Nam,
1562 3374 1832 3444 quamvis
1854 3389 2068 3429 nomen

428 3464 533 3521 Dei
563 3463 755 3519 adhuc
775 3466 929 3517 esset
951 3459 1243 3532 ignotum,
1264 3461 1449 3517 virtus
1470 3467 1666 3517 tamen
1689 3467 1814 3518 erat
1832 3462 2070 3518 manife-

429 3559 557 3611 sta:
590 3553 747 3608 unde
776 3568 892 3607 non
923 3551 1254 3622 ignorantia
1272 3552 1403 3623 (88),
1424 3551 1525 3606 sed
1550 3552 1621 3606 de
1652 3550 2071 3624 gloriﬁcatione

431 3643 962 3718 reprehenduntur,
994 3656 1131 3696 cum
1160 3639 1410 3695 dicitur:
1444 3641 1562 3696 Non
1589 3642 1725 3695 sicut
1754 3642 1926 3695 Deum
1953 3641 2068 3712 glo-

426 3736 800 3806 riﬁcaverunt,
830 3730 889 3786 id
919 3735 1027 3798 est,
1058 3729 1319 3799 debitum
1348 3729 1431 3784 illi
1472 3732 1753 3786 honorem
1798 3746 1913 3785 non
1963 3729 2070 3784 im-

426 3825 715 3898 pederunt
738 3822 884 3878 Cum
916 3821 1071 3877 enim
1101 3825 1255 3876 Deus
1284 3818 1399 3876 illis
1431 3836 1546 3875 non
1579 3818 1770 3875 solum
1830 3816 2069 3874 utilissi-

421 3930 654 3971 marum
677 3910 1123 3984 disciplinarum
1138 3910 1405 3982 peritiam
1428 3909 1718 3979 tribuerit,
1744 3909 1844 3965 sed
1865 3909 2063 3977 etiam,

418 4009 485 4060 ut
513 4005 585 4060 de
612 4018 847 4059 summo
878 4002 1029 4056 bono
1060 4004 1418 4067 tractarent;
1464 3999 1599 4070 ipsi,
1632 3999 1873 4065 bonum,
1909 3998 2063 4069 quod

418 4093 735 4163 habebant,
755 4108 870 4146 non
899 4095 1031 4157 Deo,
1061 4090 1163 4145 sed
1191 4087 1303 4144 sibi
1323 4088 1665 4152 tribuentes,
1694 4103 2061 4158 nequaquam

419 4182 519 4237 Dei
548 4180 803 4252 gratuita
831 4179 1114 4245 bonitate,
1142 4177 1244 4232 sed
1276 4176 1402 4232 suis
1433 4192 1495 4232 se
1526 4175 1752 4230 meritis
1769 4175 2063 4246 accepisse

415 4269 750 4337 credebant,
784 4267 1033 4339 ideoque
1056 4270 1419 4321 evanuerunt
1449 4289 1464 4331 ;
1503 4265 1655 4320 unde
1699 4280 1833 4318 mox
1864 4265 2059 4336 sequi-

410 4361 539 4415 tur:
600 4357 702 4413 Sed
759 4358 1103 4412 evanuerunt
1148 4357 1210 4410 in
1264 4354 1677 4425 cogitationibus
1752 4355 1888 4421 suis,
1949 4358 2056 4410 etc.

412 4445 655 4503 Nullum
686 4445 901 4517 quippe
933 4445 1129 4515 majus
1153 4458 1497 4500 evanescere
1528 4445 1635 4509 est,
1671 4458 1848 4514 quam
1880 4460 1913 4497 a
1941 4443 2058 4499 Deo

2179 3299 2302 3353 rus,
2335 3283 2473 3355 Apis
2507 3284 2726 3340 dictum
2758 3290 2869 3355 est,
2901 3303 3076 3358 quem
3106 3288 3358 3362 [Egyptii
3389 3306 3493 3361 pro
3528 3291 3639 3345 Deo
3670 3289 3823 3346 cole-

2177 3372 2493 3428 bant.Hinc
2512 3376 2619 3445 est,
2644 3376 2799 3446 quod
2821 3375 2926 3431 ﬁlii
2952 3376 3128 3433 Israel
3151 3377 3209 3433 in
3225 3378 3452 3434 deserto
3479 3378 3821 3437 similitudi-

2179 3478 2313 3517 nem
2342 3462 2509 3517 vituli
2541 3464 2822 3519 fecerunt.
2867 3466 3208 3522 Adorabant
3237 3471 3295 3523 et
3322 3467 3610 3537 volucres,
3659 3468 3816 3525 sicut

2177 3551 2429 3624 Egyptii
2459 3568 2745 3622 coracem,
2779 3552 2878 3625 qui
2938 3554 3141 3611 Latine
3191 3555 3408 3612 dicitur
3456 3558 3818 3630 uycticorax,

2179 3639 2349 3712 quasi
2380 3640 2563 3697 noctis
2576 3657 2802 3710 corvus,
2823 3648 2881 3699 et
2900 3643 3146 3700 Romani
3168 3662 3457 3703 anserem.
3477 3647 3604 3704 Non
3624 3648 3820 3705 solum

2177 3729 2322 3798 haec,
2350 3729 2450 3785 sed
2481 3734 2538 3785 et
2566 3729 2683 3786 alia
2712 3730 2898 3787 multa
2926 3731 3234 3803 colebant;
3268 3737 3421 3792 unde
3474 3737 3616 3793 dicit
3661 3736 3825 3795 Salo-

2178 3834 2345 3874 mon:
2377 3820 2621 3875 Mortuus
2640 3830 2920 3877 mortuum
2940 3822 3101 3894 ﬁngit
3127 3826 3382 3881 manibus
3403 3826 3614 3899 iniquis
3660 3826 3816 3899 (Sap.

2175 3909 2422 3980 xv,17):
2455 3914 2509 3963 et
2559 3908 2905 3968 Psalmista:
2965 3912 3279 3970 Simulaera
3323 3918 3570 3985 gentium
3614 3932 3818 3988 argen-

2174 4006 2290 4053 tum
2317 4006 2369 4053 et
2395 4014 2599 4054 aurum
2627 4001 2801 4068 (Psal.
2834 4018 2993 4073 exui,
3031 4004 3104 4072 1).
3155 4008 3440 4062 Prazterea
3487 4006 3816 4075 sciendum,

2175 4086 2316 4157 quia
2347 4103 2502 4142 nunc
2534 4088 2710 4143 etiam
2743 4089 3012 4148 homines
3060 4092 3216 4149 idola
3254 4094 3472 4166 colunt,
3519 4094 3817 4168 diligendo

2172 4175 2361 4247 magis
2390 4180 2713 4233 creaturam
2758 4196 2940 4251 quam
2988 4184 3361 4240 Creatorem:
3394 4184 3556 4240 verbi
3602 4186 3815 4257 gratia,

2170 4262 2439 4336 glutoues
2493 4267 2682 4340 magis
2723 4267 2978 4341 diligunt
3024 4276 3288 4328 ventrem
3338 4289 3517 4344 quam
3583 4274 3813 4330 Deum:

2168 4352 2427 4425 glutonis
2458 4372 2594 4429 ergo
2625 4361 2780 4415 Deus
2820 4364 3022 4416 venter
3075 4365 3203 4429 est;
3252 4362 3407 4416 unde
3452 4362 3816 4434 Apostolus:

2170 4446 2414 4514 Quorum
2435 4448 2576 4502 Deus
2602 4452 2793 4503 venter
2816 4453 2894 4504 est
2931 4458 2981 4505 et
3007 4451 3184 4520 gloria
3222 4452 3281 4504 in
3320 4450 3640 4521 confusione
3699 4453 3817 4525 (90)

410 4539 716 4607 acceptum
748 4534 971 4589 bonum
1004 4532 1115 4588 sibi
1145 4531 1423 4588 tribuere.
1468 4534 1541 4586 Et
1588 4532 1937 4588 obscuratum
1980 4540 2058 4589 est
2084 4558 2133 4624 D
2166 4535 2428 4605 ipsorum.
2482 4535 2540 4590 Si
2598 4552 2733 4607 ergo
2781 4535 3038 4608 glutonis
3081 4542 3233 4592 Deus
3282 4542 3501 4607 venter,
3546 4543 3605 4595 et
3651 4542 3814 4598 avari

409 4626 677 4696 insipiens
704 4639 799 4680 cor
827 4638 1034 4678 eorum.
1069 4621 1229 4692 Ecce,
1273 4621 1415 4676 dicit
1450 4620 1786 4693 Apostolus,
1819 4638 1916 4677 cor
1954 4638 2055 4678 eo-
2084 4620 2123 4624 ﬁ
2165 4639 2392 4692 aurum,
2426 4639 2492 4678 ac
2523 4639 2624 4695 per
2649 4623 2757 4679 hoc
2806 4623 3046 4696 impuri,
3098 4629 3155 4680 et
3215 4625 3465 4684 adulteri
3512 4627 3669 4686 Deus
3715 4634 3812 4686 est

405 4730 540 4768 rum
572 4713 970 4769 obscuratum.
1003 4712 1111 4780 Sed
1172 4712 1321 4767 unde
1370 4711 1752 4767 obscuratum
1802 4711 1881 4766 sit
1937 4728 2052 4767 non

403 4803 683 4859 ostendit.
719 4801 1177 4874 Intelligendum
1207 4817 1344 4873 ergo
1368 4805 1478 4867 est,
1511 4801 1651 4873 quia
1671 4800 2047 4857 obscuratum

404 4890 562 4947 nube
611 4889 882 4946 humana:
912 4888 1142 4945 laudis:
1178 4907 1281 4961 pro
1329 4889 1580 4961 acceptis
1626 4892 1842 4961 quippe
1882 4889 2049 4945 bonis

398 4979 722 5036 humanam
762 4977 999 5034 laudem
1032 4978 1390 5050 quaerebant,
1425 4983 1482 5033 et
1510 4978 1637 5033 ideo
1692 4977 1909 5032 factum
1959 4981 2050 5033 est

396 5066 684 5142 insipiens
714 5085 811 5124 cor
840 5084 1061 5124 eorum.
1098 5066 1385 5138 lnsipiens
1414 5068 1572 5122 enim
1604 5083 1702 5121 cor
1726 5065 1869 5122 illud
1894 5070 2047 5122 recte

398 5158 631 5227 dicitur,
666 5159 823 5231 quod
856 5161 1161 5228 acceptum
1192 5156 1415 5212 bonum
1449 5156 1562 5211 sibi
1593 5155 1819 5227 tribuit,
1853 5160 1911 5209 et
1942 5172 2043 5226 pro

394 5258 482 5318 eo,
510 5263 625 5303 non
656 5248 780 5315 Dei,
814 5246 915 5303 sed
948 5262 1118 5301 suam
1149 5244 1396 5318 gloriam
1420 5244 1648 5317 quierit.

466 5353 578 5426 (8?)
608 5354 672 5426 in
704 5358 823 5409 aut.
859 5369 1046 5426 marg.
1080 5370 1130 5408 c.
1164 5352 1255 5407 IV.

2162 4715 2442 4768 scortum.

2232 4799 2545 4872 Sequitur:
2576 4801 2804 4873 Propter
2826 4802 2966 4873 quod
2995 4804 3242 4860 tradidit
3268 4822 3356 4862 eos
3404 4808 3518 4881 (91)
3556 4809 3695 4864 Deus
3743 4811 3809 4865 in
3885 4874 3899 4886 .

2158 4888 2433 4945 desideria
2480 4890 2657 4945 cordis
2705 4907 2913 4960 eorum,
2958 4898 3070 4948 etc.
3125 4896 3289 4960 Quod
3340 4895 3501 4964 dicit,
3550 4897 3800 4968 tradidit,

2158 4976 2607 5051 intelligendum
2626 4984 2734 5048 est,
2754 4981 2905 5036 tradi
2921 4985 3175 5054 permisit
3196 5002 3215 5039 :
3239 4985 3394 5042 sicut
3414 4986 3627 5041 dicitur
3648 4987 3805 5043 Deus

2154 5064 2465 5125 indurasse
2484 5085 2582 5124 cor
2607 5069 2950 5142 Pharaonis,
2975 5088 3042 5128 eo
3064 5075 3215 5144 quod
3239 5075 3451 5131 durum
3476 5092 3591 5131 non
3614 5075 3807 5132 molli-

2154 5156 2364 5213 ﬁcavit.
2381 5157 2492 5214 Sed
2505 5157 2563 5212 in
2580 5158 2687 5214 hoc
2702 5159 2854 5216 dicto
2870 5160 3461 5220 animaduertendum
3475 5169 3564 5221 est
3580 5170 3803 5237 quanta

2156 5246 2235 5301 sit
2263 5246 2470 5302 divinae
2496 5247 2733 5319 pietatis
2757 5249 3056 5307 miseratio
3082 5269 3095 5308 :
3119 5269 3234 5309 non
3255 5254 3413 5309 enim
3436 5254 3681 5311 tradidit
3698 5271 3801 5313 eos

2152 5351 2307 5434 cedit
2334 5352 2576 5434 verbum
2598 5355 3044 5426 similitudinem,
3070 5358 3227 5415 unde
3245 5364 3633 5434 expungenda
3649 5361 3799 5419 mihi

464 5423 577 5497 (88)
607 5421 1021 5480 Verisimiliter
1051 5424 1441 5497 praeponenda
1461 5421 1888 5497 praepositione
1905 5427 2037 5497 ante
2148 5422 2273 5497 visa
2304 5428 2415 5497 estf

389 5492 635 5551 verbum
684 5498 1023 5568 ignorantia,
1051 5492 1190 5567 quae
1214 5499 1413 5551 tamen
1462 5492 1750 5566 particula
1780 5494 1946 5552 deest
1975 5495 2035 5551 in

392 5567 781 5639 autographo.

454 5582 911 5727 ἱξίὸῗΐὲἓὲἒέναω
942 5640 1003 5696 in
1034 5636 1398 5715 autographo
1430 5636 1763 5713 praepositio
1797 5636 1857 5693 in
1887 5654 2030 5712 pm.

2218 5494 2609 5578 (εξοχΡΙῚίΙίρρ.
2643 5516 2726 5567 III,
2762 5500 2858 5578 19._
2910 5500 2983 5578 In
3025 5502 3389 5578 autographo
3435 5503 3690 5563 habetur
3737 5507 3802 5564 in

2141 5570 2518 5629 confusionem
2546 5585 2715 5626 secus
2747 5587 2814 5626 ac
2843 5571 2905 5626 in
2935 5570 3205 5629 Vulgata.

2213 5638 2327 5715 (91)
2358 5644 2422 5697 In
2450 5640 2810 5717 autographa
2840 5659 2948 5716 eos,
2981 5638 3083 5702 sed
3116 5644 3176 5704 in
3209 5644 3457 5723 Vulgata
3487 5648 3639 5709 illos.
