4116 6184
254 317 368 375 141

858 310 1271 373 EXPOSITIO
1317 308 1392 367 ΙΝ
1439 307 1886 370 EPISTOLAS
1932 308 2187 371 PAULI.
2227 346 2302 355 —
2345 314 2423 373 ΙΝ
2467 315 2718 378 EPIST.
2765 319 2870 377 AD
2920 320 3111 383 ROM.

3591 333 3706 392 142

253 450 405 503 Deus
439 444 501 499 in
536 444 854 515 contraria,
887 445 987 500 sed
1016 444 1074 498 in
1108 441 1307 498 suavia
1334 443 1390 495 et
1419 439 1802 497 delectabilia
1827 458 1839 496 :
1869 445 1926 497 et
1953 443 2010 509 Α
2042 442 2188 497 sculi
2221 444 2279 499 in
2313 447 2612 503 masculos
2632 449 2992 521 turpidinem
3052 455 3473 530 operabantur,
3531 462 3612 521 ita
3652 471 3710 522 et

249 536 359 591 hoc
393 538 483 590 est
514 533 675 605 quod
708 533 873 603 dicit,
904 535 965 587 in
1005 533 1275 589 desideria
1331 530 1511 584 cordis
1563 547 1776 586 eorum.
1812 532 1929 586 Cur

247 630 450 681 autem
481 639 586 678 eos
646 622 800 677 tradi
858 621 1206 693 permiserit,
1269 620 1529 675 ostendit
1573 636 1587 674 :
1630 621 1694 678 Ut
1740 628 1927 676 contu-

244 713 437 770 meliis
455 727 692 783 corpora
723 726 826 765 sua
853 709 1248 783 afﬁciant(92)
1283 711 1341 763 in
1398 712 1734 782 semetipsis.
1781 714 1927 765 Con-

248 801 508 860 tumelia
542 782 688 857 sunt
720 800 1052 872 opprobria.
1087 782 1474 854 Contumeliis
1508 814 1652 871 ergo
1684 814 1929 870 corpora

246 909 356 948 sua
378 888 782 960 afﬁciunt,qui
809 894 1045 960 peccata
1066 888 1401 959 peccatis,et
1413 886 1561 942 vitia
1577 887 1735 943 vitiis
1751 903 1927 942 accu-

246 980 492 1037 mulant.
528 978 719 1034 Omne
750 976 910 1032 enim
941 985 1266 1049 peccatum,
1299 976 1455 1047 quod
1520 976 1701 1032 homo
1733 975 1926 1047 primo

248 1068 588 1138 committit,
616 1065 733 1122 nisi
758 1065 872 1121 cito
896 1081 997 1138 per
1017 1065 1420 1137 paenitentiam
1477 1065 1828 1137 corrigatur,
1862 1065 1930 1119 ﬁt

242 1176 420 1215 causa
435 1155 668 1229 peccati
686 1172 700 1223 ;
717 1154 1000 1226 quoniam
1016 1170 1084 1209 ex
1096 1171 1162 1210 eo
1186 1154 1451 1209 nascitur
1473 1153 1729 1209 alterum
1750 1155 1926 1226 :quod

242 1248 353 1303 nisi
384 1262 599 1302 rursus
632 1243 988 1316 corrigatur,
1023 1243 1088 1298 fit
1144 1261 1317 1315 poena
1372 1244 1604 1314 peccati
1663 1247 1719 1298 et
1748 1259 1927 1298 causa

244 1336 480 1410 peccati,
514 1351 697 1406 poma
728 1331 1114 1403 pracedentis
1147 1336 1205 1388 et
1236 1349 1419 1388 causa
1446 1332 1777 1403 sequentis.

312 1422 629 1496 Sequitur:
667 1420 781 1489 Qui
833 1423 1307 1476 commutaverunt
1352 1422 1650 1476 veritatem
1709 1421 1811 1475 Dei
1864 1421 1925 1475 in

244 1511 627 1569 mendacium.
652 1508 979 1566 Veritatem
1006 1513 1172 1564 vocat
1210 1508 1547 1564 divinitatis
1576 1508 1918 1580 potentiam.

244 1602 566 1657 Veritatem
599 1614 745 1672 ergo
778 1598 877 1653 Dei
906 1598 964 1652 in
997 1598 1375 1654 mendacium
1426 1602 1778 1663 commutat,
1820 1598 1923 1669 qui

247 1691 509 1748 debitum
542 1687 813 1744 Creatori
836 1686 1111 1743 honorem
1138 1674 1351 1743 tribuit
1380 1692 1685 1742 creaturis.
1717 1686 1786 1741 Et
1814 1686 1925 1741 hoc

246 1784 356 1848 est,
381 1778 535 1851 quod
568 1776 884 1848 sequitur:
920 1778 983 1831 Et
1011 1778 1324 1843 coluerunt,
1355 1780 1409 1831 et
1432 1776 1748 1832 servierunt
1773 1790 1921 1831 crea-

241 1871 413 1936 turae,
432 1868 610 1940 potius
624 1882 805 1938 quam
831 1864 1094 1921 Creatori.
1121 1865 1224 1922 His
1242 1865 1440 1921 verbis
1458 1863 1776 1936 Apostolus
1806 1881 1925 1921 non

246 1958 595 2013 condemnat
623 1958 1005 2022 creaturam;
1041 1955 1141 2027 qui
1203 1954 1363 2010 enim
1421 1958 1755 2010 creaturam
1785 1970 1924 2009 con-

246 2047 503 2115 demnat,
533 2043 806 2101 Creatori
839 2043 1116 2114 injuriam
1149 2042 1312 2110 facit,
1348 2042 1491 2114 quia
1543 2041 1714 2097 bonis
1764 2041 1924 2099 illius

250 2135 404 2191 male
419 2135 638 2191 utitur:
675 2136 941 2188 attamen
964 2132 1092 2204 ipse
1122 2132 1285 2189 novit
1304 2132 1475 2202 juste
1505 2129 1838 2202 disponere,
1870 2138 1929 2186 et

246 2225 516 2281 ordinare
546 2221 836 2279 militiam
882 2237 1106 2291 eorum,
1171 2236 1327 2293 quos
1386 2219 1546 2275 videt
1599 2219 1770 2274 bonis
1800 2220 1927 2276 suis

248 2315 468 2385 injuste
498 2314 604 2370 uti.

317 2403 627 2475 Sequitur:
668 2401 781 2470 Qui
833 2400 947 2473 (93)
1001 2409 1079 2457 est
1138 2402 1279 2457 Deus
1335 2398 1453 2471 (94)
1515 2397 1825 2453 benedictus
1863 2401 1925 2454 in

243 2493 474 2550 saecula.
503 2494 693 2547 Amen.
732 2489 942 2544 Iisdem
972 2487 1420 2562 verbis,quibus
1452 2503 1609 2541 nunc
1632 2486 1702 2541 de
1731 2486 1920 2556 Patre,

247 2581 397 2638 alibi
417 2581 592 2637 etiam
607 2580 680 2635 de
696 2578 839 2634 Filio
861 2578 1276 2647 utitur,dicens
1293 2594 1306 2634 :
1324 2577 1574 2645 Quorum
1582 2577 1842 2646 patres,et
1853 2591 1925 2631 ea:

247 2671 454 2743 quibus
487 2669 752 2739 Christus,
784 2669 882 2740 qui
909 2676 990 2724 est
1023 2668 1341 2725 benedictus
1387 2665 1449 2720 in
1504 2663 1708 2719 saecula
1746 2678 1922 2721 saecu-

248 2760 459 2816 lorum.
484 2760 654 2829 (Rom.
680 2775 758 2826 1x,
790 2758 866 2829 5).
888 2757 967 2812 Ac
996 2774 1098 2830 per
1126 2757 1237 2814 hoc
1264 2756 1439 2812 Pater
1467 2757 1527 2808 et
1557 2750 1737 2808 Filius
1768 2770 1923 2810 unus

248 2853 343 2906 est
374 2849 555 2905 Deus.

324 2938 446 3009 (95)
469 2936 749 3009 Sequitur
777 2952 791 3003 ;
817 2939 1111 3008 Propterea
1146 2934 1382 2992 tradidit
1402 2947 1494 2988 eos
1544 2930 1655 3004 (96)
1699 2932 1839 2986 Deus
1860 2934 1920 2987 in

246 3027 543 3098 passiones
574 3024 916 3096 ignominiae.
975 3025 1201 3080 Dixerat
1254 3021 1570 3095 superius:
1614 3026 1919 3076 commuta-

2040 532 2267 588 feminae
2299 534 2455 606 turpi
2513 538 2804 593 desiderio
2862 539 3119 598 feminas
3176 549 3549 619 appetebant.
3603 559 3709 610 No—

2040 622 2288 677 tandum
2306 622 2661 695 igitur,quia
2683 643 2797 682 non
2825 628 3319 695 ait,mutaverunt
3339 640 3708 713 conjugalem

2039 726 2237 778 usum,
2261 713 2361 766 sed
2387 716 2703 770 naturalem
2721 734 2745 781 ;
2772 716 3116 791 quicunque
3133 724 3290 782 enim
3314 730 3579 788 membra
3598 749 3708 789 sua

2036 798 2158 854 illis
2217 802 2503 857 membris
2557 802 2784 871 miscet,
2838 821 2968 876 quas
3033 813 3185 869 Deus
3217 816 3435 875 creavit
3463 820 3535 875 ad
3566 838 3706 893 pro-

2040 889 2322 945 creandas
2344 890 2716 957 soboles,etsi
2737 892 2857 948 sint
2879 898 3152 956 membra
3172 907 3515 979 meretricis,
3532 889 3705 966 natu-

2038 976 2180 1070 ralis
2201 982 2291 1033 est
2306 996 2475 1045 usus,
2492 980 2765 1051 quamvis
2789 981 3035 1042 illicitus
3061 992 3409 1053 concubitus
3428 1017 3442 1067 ;
3460 976 3705 1070 quivere

2038 1064 2155 1156 illis
2177 1067 2646 1156 conjungit,quae
2665 1075 2819 1125 Deus
2841 1088 2962 1128 non
2986 1080 3202 1136 creavit
3219 1083 3291 1137 ad
3314 1064 3707 1156 procreandas

2039 1153 2290 1224 soboles,
2314 1156 2424 1211 etsi
2448 1157 2721 1212 membra
2747 1156 2865 1213 sint
2885 1163 3110 1234 uxoris,
3135 1185 3250 1224 non
3271 1153 3469 1228 tamen
3492 1180 3582 1230 est
3600 1192 3703 1231 na-

2036 1243 2244 1300 turalis
2268 1246 2513 1302 usus.Et
2534 1245 2665 1301 ideo
2688 1246 2830 1302 dicit
2847 1249 3167 1321 Apostolus
3193 1275 3206 1313 :
3231 1258 3505 1317 Similiter
3519 1268 3706 1320 autem

2035 1336 2087 1387 et
2108 1336 2362 1405 masculi,
2396 1336 2593 1391 relicto
2624 1338 2878 1392 naturali
2920 1356 3029 1398 usu
3072 1347 3313 1417 femina,
3366 1360 3709 1411 exarserunt

2037 1423 2094 1476 in
2117 1422 2408 1479 desideriis
2425 1426 2566 1493 suis,
2599 1425 2837 1481 invicem
2855 1434 3099 1489 masculi
3127 1436 3188 1490 in
3216 1439 3490 1496 masculos
3519 1446 3707 1515 turpi-

2036 1510 2282 1567 tudinem
2311 1517 2624 1585 operantes.
2657 1514 3027 1588 Exarserunt,
3060 1522 3274 1594 inquit,
3304 1524 3363 1581 id
3396 1532 3488 1584 est
3518 1510 3706 1588 incre-

2036 1599 2203 1655 dibili
2233 1602 2439 1658 ardore
2471 1601 2738 1660 libidinis
2760 1609 2996 1666 accensi
3026 1616 3167 1668 sunt
3195 1613 3329 1686 (97),
3354 1615 3529 1686 juxta
3559 1619 3704 1676 illud

2041 1690 2377 1760 prophetas:
2438 1692 2731 1748 Ambulate
2782 1695 2842 1748 in
2901 1698 3117 1756 lumine
3170 1700 3320 1770 ignis
3368 1708 3541 1761 vestri
3571 1712 3621 1763 et
3646 1710 3709 1764 in

2033 1779 2295 1849 ﬂammis,
2355 1797 2490 1853 quas
2548 1783 2908 1841 succendistis
2957 1788 3092 1860 (98).
3154 1789 3220 1844 Et
3274 1790 3451 1850 item:
3506 1796 3703 1854 Omnes

2034 1868 2406 1927 adulterantes
2459 1872 2588 1943 (Isa.
2651 1890 2702 1944 L,
2762 1875 2873 1947 11),
2952 1879 3111 1950 quasi
3190 1878 3452 1940 clibanus
3535 1888 3703 1944 corda

2032 1974 2240 2015 eorum.

2107 2048 2423 2119 Sequitur:
2460 2051 2523 2105 Et
2579 2051 2904 2120 mercedem,
2962 2071 3127 2127 quam
3182 2061 3449 2129 oportuit,
3488 2052 3698 2120 erroris

2036 2136 2126 2189 sui
2146 2137 2209 2191 in
2234 2139 2537 2209 semetipsis
2568 2141 2908 2210 recipientes.
2936 2142 3281 2216 Mercedem,
3314 2164 3493 2219 quam
3525 2167 3698 2222 opor-

2032 2223 2235 2290 tuit,in
2253 2227 2590 2299 semetipsis
2610 2234 2959 2301 receperunt
2974 2230 3086 2304 (99)
3103 2250 3116 2301 ;
3132 2233 3271 2304 quia
3284 2235 3696 2313 derelinquen-

2033 2316 2122 2367 tes
2155 2317 2357 2380 Deum,
2391 2315 2653 2371 derelicti
2685 2320 2826 2372 sunt
2857 2319 2929 2373 ab
2961 2335 3066 2387 eo;
3100 2320 3172 2377 ad
3204 2316 3313 2378 hoc
3343 2323 3504 2379 enim
3533 2326 3695 2383 dere-

2032 2398 2353 2472 liquerunt,
2377 2407 2443 2457 ut
2465 2402 3098 2475 dere]inquerentur,et
3123 2407 3238 2477 his,
3272 2426 3400 2482 quas
3431 2428 3690 2485 sequun-

2030 2491 2147 2555 tur,
2181 2489 2527 2547 criminibus
2559 2491 2791 2560 irretiti,
2825 2501 3214 2566 agnoscerent
3264 2515 3440 2570 quem
3472 2501 3689 2557 dereli-

2031 2580 2456 2647 querunt.Nam
2479 2581 2618 2652 quia
2638 2586 2965 2655 peccatum,
2991 2586 3149 2656 quod
3170 2587 3362 2659 primo
3383 2590 3689 2648 commise-

2031 2670 2190 2734 runt,
2224 2667 2538 2725 noluerunt
2567 2670 2745 2744 digna
2775 2672 3180 2732 satisfactione
3209 2677 3514 2749 corrigere,
3554 2679 3685 2738 ideo

2021 2756 2185 2827 justo
2219 2757 2318 2813 Dei
2340 2759 2563 2830 judicio
2594 2760 2791 2816 traditi
2815 2766 2955 2817 sunt
2983 2762 3076 2820 his
3105 2764 3285 2831 vitiis,
3319 2783 3424 2839 pro
3466 2768 3685 2840 quibus

2030 2845 2290 2902 atrocius
2318 2848 2693 2919 punirentur.

2073 2934 2413 3006 Sequitur:
2448 2939 2513 2991 Et
2541 2939 2684 2993 sicut
2724 2955 2835 2995 non
2875 2939 3245 3009 probaverunt
3272 2945 3443 3001 Deum
3486 2945 3685 3003 habere

2029 3022 2088 3078 in
2109 3025 2369 3080 notitiam
2389 3024 2558 3097 (100),
2582 3027 2815 3083 tradidit
2835 3044 2926 3083 eos
2956 3029 3106 3102 (101)
3128 3031 3269 3087 Deus
3299 3034 3361 3088 in
3390 3034 3681 3105 reprobum

245 3119 455 3173 verunt
486 3115 772 3170 veritatem
813 3114 914 3168 Dei
944 3115 1004 3169 in
1031 3113 1419 3170 mendacium:
1478 3108 1697 3180 quibus
1726 3109 1917 3165 verbis
1954 3176 1990 3190 Α
2027 3126 2264 3168 sensum.
2293 3112 2629 3168 Notandum
2650 3114 2761 3170 hoc
2792 3115 2918 3171 loco
2949 3117 3089 3189 quia
3124 3136 3239 3175 non
3293 3121 3395 3190 ait,
3429 3138 3545 3176 non
3576 3139 3676 3177 co-

247 3204 516 3262 ostendit
543 3220 643 3259 eos
672 3201 801 3256 ideo
828 3201 1154 3267 derelictos,
1195 3201 1337 3271 quia
1366 3176 1684 3254 Dominum
1716 3196 1918 3252 dereli-
1948 3176 1991 3243 (ἶ
2029 3204 2354 3270 gnoverunt
2376 3205 2578 3268 Deum,
2604 3203 2731 3268 sed,
2751 3220 2863 3259 non
2884 3176 3259 3270 prdbarerunt
3282 3176 3456 3264 Deum
3479 3176 3680 3267 habere

251 3296 519 3366 quernnt
535 3310 548 3360 ;
563 3291 813 3360 ideoque
835 3289 1009 3345 dicit:
1043 3292 1363 3360 Propterea,
1396 3291 1505 3341 etc.
1526 3284 1767 3340 Tradidit
1787 3301 1918 3342 vero

250 3384 336 3438 ita
360 3378 594 3450 acccipi
615 3377 877 3447 debet,ut
894 3377 1116 3432 dictum
1138 3373 1565 3432 est.Passiones
1586 3373 1918 3446 ignominiaa

252 3476 426 3528 vocat
450 3471 713 3541 peccata,
738 3482 865 3537 qua:
888 3466 1133 3522 inferius
1154 3465 1456 3535 descripta
1479 3467 1637 3518 sunt.
1666 3464 1916 3535 Ignomi-

255 3560 356 3616 nia
385 3558 551 3614 dicta
573 3561 684 3621 est,
713 3571 777 3610 eo
795 3554 948 3626 quod
976 3554 1051 3610 sit
1072 3554 1197 3611 sine
1220 3552 1477 3620 nomine,
1501 3551 1654 3607 sicut
1679 3551 1914 3608 infamis

254 3649 390 3706 sine
422 3647 605 3714 fama,
637 3647 694 3698 et
720 3641 997 3715 ignobilis
1022 3642 1149 3699 sine
1206 3640 1545 3698 nobilitate:
1580 3640 1915 3713 quicunque

263 3736 431 3792 enim
454 3734 516 3788 in
543 3736 768 3804 stupro,
802 3731 1268 3799 fornicatione,et
1286 3729 1569 3787 adulterio
1592 3730 1914 3801 deprehen-

266 3824 456 3892 ditur,
480 3824 631 3878 recte
660 3820 873 3876 dicitur
899 3820 1177 3892 ignobilis
1204 3824 1262 3875 et
1279 3819 1712 3891 ignominiosus
1737 3836 1751 3887 ;
1776 3819 1915 3891 quia

256 3916 424 3969 caret
454 3909 777 3966 nobilitate.
831 3912 1116 3965 Praeterea
1169 3920 1341 3963 omne
1394 3911 1696 3978 peccatum
1743 3907 1915 3979 igno-

258 3999 453 4056 minia
481 3999 712 4068 dicitur,
746 3999 884 4070 quia
903 4002 1063 4054 caret
1083 3997 1321 4052 nomine
1348 4000 1571 4051 natura:
1598 4013 1612 4062 ;
1637 3996 1914 4065 quoniam

257 4106 380 4145 non
414 4091 502 4144 est
530 4104 564 4142 a
591 4087 706 4142 Deo
738 4091 1019 4155 creatum,
1079 4086 1180 4141 sed
1239 4103 1273 4140 a
1331 4083 1561 4140 diabolo
1590 4083 1913 4141 inventum.

258 4177 570 4243 Quomodo
582 4180 777 4231 autem
790 4175 992 4231 traditi
1005 4173 1220 4230 suntin
1237 4173 1543 4246 passiones
1559 4173 1915 4246 ignominiaa,

258 4267 549 4340 aperitur,
580 4282 713 4321 cum
744 4265 1019 4321 subditur
1047 4281 1058 4319 :
1096 4267 1241 4320 Nam
1260 4264 1486 4336 feminae
1506 4278 1693 4318 eorum
1714 4263 1916 4318 immu-

257 4358 523 4412 taverunt
542 4353 862 4410 naturalem
881 4354 1118 4409 usumin
1140 4369 1266 4408 eum
1296 4368 1457 4407 usum
1495 4354 1594 4423 qui
1637 4355 1714 4407 est
1733 4360 1919 4407 contra

258 4454 550 4501 naturam.
578 4444 676 4498 llic
705 4444 1019 4515 Apostolus
1044 4458 1146 4514 per
1166 4440 1553 4513 periphrasim
1577 4423 1778 4496 vitaiiit
1798 4458 1918 4497 rem

2028 3290 2087 3343 in
2108 3290 2379 3343 notitiam.
2408 3294 2585 3345 Deum
2603 3307 2859 3364 namque
2877 3308 3250 3366 cognoscere,
3272 3300 3360 3352 est
3387 3314 3491 3369 per
3510 3314 3678 3354 crea-

2027 3382 2193 3432 turas
2222 3376 2547 3450 intelligere
2603 3380 2971 3451 Creatorem;
3022 3383 3207 3439 Deum
3264 3401 3398 3441 vero
3430 3387 3677 3458 probare

2026 3466 2241 3522 habere
2270 3466 2327 3520 in
2362 3466 2588 3539 notitia,
2619 3468 2806 3525 oculis
2835 3487 2971 3526 eum
3022 3472 3232 3528 mentis
3280 3490 3510 3546 semper
3528 3493 3673 3548 prte-

2025 3559 2251 3611 sentem
2282 3554 2516 3622 habere,
2550 3560 2607 3612 et
2637 3557 2920 3624 timendo,
2953 3559 3091 3616 vitia
3118 3560 3428 3619 declinare.
3453 3563 3672 3636 Repro-

2024 3643 2163 3697 bum
2195 3646 2389 3700 autem
2413 3661 2674 3711 sensum,
2699 3646 2840 3703 dicit
2867 3664 3228 3721 perversum,
3289 3652 3360 3707 de
3389 3669 3505 3724 quo
3536 3669 3673 3710 mox

2023 3732 2333 3788 subditur:
2373 3734 2436 3789 Ut
2460 3733 2677 3807 faciant
2703 3752 2788 3802 ea,
2819 3753 2939 3809 quae
2957 3754 3069 3794 non
3096 3740 3422 3797 conveniunt
3447 3759 3459 3797 :
3484 3741 3543 3797 id
3562 3746 3667 3808 est,

2024 3837 2152 3893 quae
2174 3821 2332 3892 leges
2363 3823 2572 3878 divinas
2594 3830 2989 3882 exsecrantur.
3017 3826 3162 3884 Nam
3186 3831 3455 3901 quamvis
3475 3831 3677 3888 omnia

2024 3913 2263 3981 peccata
2284 3910 2399 3966 Deo
2421 3913 2801 3969 exsecrabilia
2821 3920 2982 3983 sunt,
3009 3915 3111 3971 illa
3130 3919 3325 3972 tamen
3349 3935 3465 3990 prae
3484 3920 3672 3975 omni-

2026 3996 2140 4052 bus
2169 3997 2619 4055 exsecrabiliora
2648 4005 2806 4070 sunt,
2826 4018 2951 4072 quae
2984 4003 3136 4058 fiunt
3157 4009 3359 4061 contra
3378 4011 3674 4065 naturam.

2028 4089 2272 4156 Propter
2303 4085 2423 4142 haec
2455 4086 2611 4141 enim
2643 4089 2830 4145 factus
2861 4094 2951 4145 est
3006 4090 3417 4163 cataclysmus,
3479 4094 3536 4148 id
3568 4098 3675 4163 est,

2030 4173 2340 4230 diluvium.
2374 4174 2618 4247 Propter
2646 4176 2788 4248 haec,
2821 4182 3077 4248 quatuor
3106 4178 3388 4254 civitates,
3422 4182 3677 4240 Sodoma

2028 4262 2269 4334 scilicet,
2296 4269 2353 4320 et
2373 4265 2719 4334 Gomorrha,
2743 4267 2965 4323 Adama
2993 4272 3050 4323 et
3080 4269 3334 4340 Seboim,
3359 4272 3674 4342 subversae,

2029 4354 2163 4425 igne
2176 4357 2234 4408 et
2254 4352 2537 4425 sulphure
2558 4358 2823 4411 crematas
2846 4360 3254 4430 sunt.Propter
3274 4358 3395 4415 hate
3415 4361 3678 4432 quotidie

2029 4441 2373 4498 hominibus
2406 4442 2599 4498 multae
2626 4443 2970 4515 pestilentia;
3000 4450 3057 4501 et
3084 4445 3280 4504 clades
3310 4450 3605 4506 eveniunt.

258 4541 527 4606 turpem.
560 4532 671 4587 Sed
699 4531 1174 4603 sciendum,quia
1193 4530 1288 4586 hic
1314 4530 1475 4585 locus
1490 4528 1645 4585 varie
1670 4546 1704 4585 a
1732 4530 1923 4586 docto-
1950 4545 1997 4610 D
2102 4531 2409 4603 Sequitur:
2446 4532 2685 4604 Repletos
2714 4536 2866 4589 omni
2896 4536 3213 4605 iniquitate,
3247 4541 3358 4593 etc.
3392 4538 3680 4610 Iniquitas

260 4624 437 4679 ribus
460 4622 756 4693 expositus
776 4620 1481 4691 est.Attamen,quomodo
1502 4618 1921 4691 intelligendus

260 4714 347 4768 sit
378 4710 699 4783 Apostolus
730 4710 1085 4781 manifestat,
1119 4725 1251 4764 cum
1277 4707 1581 4781 subjungit
1608 4724 1623 4764 :
1656 4708 1923 4764 Similiter

258 4806 461 4857 autem
482 4800 776 4854 etmasculi
803 4801 990 4855 relicto
1018 4799 1269 4854 naturali
1297 4814 1420 4863 usu,
1452 4802 1559 4852 etc.
1590 4798 1739 4853 Dum
1763 4799 1917 4854 enim

259 4889 438 4958 dicit,
472 4889 746 4957 similiter,
775 4890 1074 4945 evidenter
1103 4887 1379 4956 ostendit,
1413 4888 1553 4959 quia
1608 4886 1762 4943 sicut
1791 4904 1921 4944 ma-

336 5138 461 5211 (92)
495 5136 842 5211 InVulgata
870 5137 1261 5211 postpositum
1293 5139 1382 5193 est
1408 5137 1648 5193 verbum
1696 5153 1925 5211 corpora

257 5210 443 5270 alteri
483 5210 751 5281 afﬁciant.

338 5282 463 5354 (93)
497 5279 557 5354 in
587 5280 946 5354 autographo
977 5279 1105 5334 loco
1136 5284 1232 5351 qui
1255 5279 1507 5354 habetur
1535 5280 1679 5351 quis.

340 5351 468 5424 (94)
499 5353 562 5407 In
591 5351 848 5425 Vulgata
861 5354 999 5425 Deus
1021 5367 1134 5407 non
1160 5352 1517 5421 nominatur,
1543 5368 1646 5408 seu
1696 5351 1777 5410 ita
1819 5353 1922 5409 ba-

257 5423 475 5491 betur,
507 5425 601 5495 qui
628 5431 703 5480 est
714 5423 1057 5481 wbenedictus.

370 5496 469 5569 95)
500 5494 567 5569 _In
586 5502 715 5569 aut.
749 5512 936 5569 marg.
967 5513 1016 5551 c.
1038 5494 1107 5549 V.

368 5566 469 5639 96)
497 5567 559 5640 In
584 5566 837 5640 Vulgata
864 5566 1017 5640 illos.

368 5635 471 5713 97)
503 5638 567 5699 In
597 5635 956 5714 autégrapho
985 5637 1201 5712 legitur
1229 5635 1539 5704 accensis,
1568 5639 1722 5713 quod
1782 5637 1927 5696 mihi

2030 4624 2120 4676 est
2152 4620 2460 4677 malitiosae
2492 4622 2706 4677 mentis
2734 4628 2933 4678 votum
2966 4628 3142 4695 atque
3197 4625 3484 4699 voluptas.
3516 4627 3683 4686 Dicta

2032 4713 2227 4765 autem
2262 4714 2351 4766 est
2380 4710 2686 4783 iniquitas,
2746 4712 2915 4782 quasi
2974 4730 3089 4769 non
3140 4714 3424 4787 aequitas:
3454 4721 3511 4772 et
3540 4718 3683 4789 quia

2031 4804 2209 4871 caput
2240 4804 2298 4855 et
2328 4800 2494 4854 radix
2523 4805 2613 4855 est
2641 4800 2905 4856 omnium
2964 4802 3276 4875 malorum,
3326 4806 3462 4877 jure
3491 4807 3684 4879 prima

2030 4888 2290 4960 ponitur.
2323 4890 2479 4944 Inter
2500 4888 2870 4960 iniquitatem
2895 4895 3092 4947 autem
3115 4897 3173 4948 et
3191 4900 3495 4965 peccatum
3524 4895 3682 4951 dilI'e-

2030 5153 2225 5196 errore
2254 5135 2486 5208 lapsum
2517 5136 2709 5193 visum
2740 5143 2859 5195 est.

2106 5208 2219 5286 (98)
2249 5208 2373 5264 Ossa
2402 5225 2502 5279 vn,
2536 5210 2588 5264 4.
2619 5208 2792 5282 Vulg.
2841 5212 3038 5269 Omnes
3092 5211 3488 5281 adulterantes,
3518 5213 3682 5286 quasi

2031 5282 2294 5353 clibanus,
2309 5296 2598 5353 succensus
2623 5297 2663 5337 a
2690 5292 2965 5353 coquente.

2025 5420 2033 5426 .
2098 5354 2217 5478 ί(99)
2249 5351 2439 5407 Verba
2491 5351 2812 5409 mercedem.
2850 5395 2863 5410 .
2900 5396 2913 5409 .
2963 5362 3280 5478 receperunt
3305 5352 3367 5409 in
3416 5357 3682 5430 margine

2033 5425 2092 5478 in
2121 5423 2291 5478 eriori
2321 5423 2668 5478 autograohi
2695 5425 2974 5478 leguntur
3003 5425 3062 5478 in
3110 5424 3264 5478 icata
3294 5442 3327 5478 a
3356 5431 3515 5478 nota.
3548 5445 3677 5478 ante

2033 5423 2291 5501 inferiori
2321 5423 2668 5501 autograpbi
2695 5425 2974 5501 leguntur
3003 5423 3327 5501 indicata‘a
3356 5431 3515 5495 nota,
3547 5423 3677 5501 quis

2034 5495 2426 5575 interlinearis
2456 5494 2704 5575 habetur
2722 5494 2884 5575 inter
2904 5496 3077 5575 verba
3106 5496 3447 5571 recipientes,
3472 5494 3531 5556 et
3548 5494 3684 5575 quia

2103 5567 2252 5639 (100)
2283 5566 2533 5639 Vulgata
2550 5567 2741 5639 habet
2769 5570 2829 5623 in
2857 5566 3089 5623 notitia.

2106 5637 2255 5712 (λοι)
2287 5637 2460 5712 Vulg.
2492 5638 2638 5699 illos.
