4114 6172
364 378 478 435 143

1378 369 1717 429 ΑΤΤΟΝ18
1766 367 2352 430 VERCELLENSIS
2400 369 2750 430 EPISCOPI

3656 371 3775 429 144

355 507 543 562 rentia
569 509 677 562 est.
696 505 798 560 Est
826 505 982 560 enim
1006 503 1284 575 iniquitas
1317 503 1470 574 quod
1503 502 1724 556 dictum
1756 505 2002 572 est,pec-
2035 510 2090 567 Α
2125 501 2307 556 Distat
2357 505 2552 557 autem
2608 502 2761 558 inter
2817 501 3087 567 insidias,
3137 501 3400 556 fraudem
3450 505 3508 556 et
3549 501 3770 557 dolum.

354 600 549 652 catum
579 611 710 650 vero
744 594 1002 666 corporis
1029 592 1339 665 prolapsio.

429 684 1006 755 Sequiturzlllalitia.
1058 681 1282 736 Malitia
1329 683 1418 735 est
1464 669 1743 751 perversae
1794 676 2005 733 mentis

359 773 633 846 cogitatio
669 790 680 828 :
714 774 869 857 unde
899 771 1077 826 distat
1108 787 1141 824 a
1172 768 1555 840 malignitate,
1580 784 1715 848 quae
1739 771 1826 822 est
1857 768 2009 836 ejus-

359 863 493 918 dem
519 853 797 932 perversce
829 857 1198 931 cogitationis
1230 853 2010 930 opus.Fornicatione.Forni-

361 951 574 1018 carius,
610 949 728 1005 sive
758 946 1070 1004 fornicaria
1101 945 1335 1012 dicitur,
1367 946 1537 1016 cujus
1569 961 1781 1016 corpus
1813 944 2010 1016 publi-

361 1056 496 1094 cum
526 1042 632 1094 est.
666 1037 813 1092 Dicti
846 1040 1044 1091 autem
1075 1039 1216 1090 sunt
1243 1052 1276 1089 a
1310 1034 1631 1088 fornicibus
1662 1032 2009 1098 arcuatis,id

361 1132 467 1198 est,
502 1125 774 1194 curvatis,
810 1126 870 1180 in
923 1125 1140 1196 quibus
1191 1124 1345 1194 apud
1378 1123 1653 1194 antiquos
1706 1121 2012 1194 lupanaria

358 1217 848 1272 construebantur
889 1214 959 1269 ad
1016 1213 1450 1285 prostituendas
1497 1211 1848 1266 meretrices.
1910 1211 2012 1264 Est

358 1310 552 1361 autem
584 1303 856 1377 specialis
877 1301 1297 1367 fornicatio,est
1318 1305 1373 1356 et
1391 1299 2008 1372 generalis.Specialis,

355 1393 648 1466 corruptio
678 1397 768 1449 est
787 1391 966 1447 animi
994 1397 1050 1446 et
1079 1390 1374 1462 corporis;
1410 1389 1697 1461 generalis
1730 1405 1885 1454 vero,
1917 1393 2008 1444 est

357 1482 551 1539 omnis
579 1481 873 1552 corruptio
905 1479 1140 1547 mentis,
1183 1483 1239 1534 et
1271 1495 1442 1533 omne
1481 1485 1806 1550 peccatum,
1857 1478 2032 1548 quod.

358 1574 591 1644 separat
635 1571 782 1641 (102)
839 1569 1138 1624 hominem
1169 1586 1202 1623 a
1232 1567 1369 1623 Deo.
1430 1567 1593 1622 Unde
1650 1566 2008 1622 Psalmista:

356 1661 557 1718 Perdes
585 1675 767 1715 omnes
795 1660 1130 1730 f'ornicantes
1161 1658 1257 1712 abs
1288 1661 1338 1712 te
1368 1656 1539 1730 (103).
1573 1657 1840 1711 Avaritia.
1859 1661 2012 1710 Ava-

360 1750 495 1805 ritia
523 1748 754 1821 proprie
783 1752 873 1803 est
902 1747 1093 1802 aliena
1136 1763 1360 1818 rapere,
1422 1750 1479 1801 et
1507 1763 1614 1801 sua
1644 1762 1759 1800 non
1791 1743 2011 1816 largiri.

361 1837 587 1893 Dicitur
617 1841 812 1892 autem
841 1835 1084 1891 avaritia
1109 1834 1278 1906 quasi
1300 1835 1427 1890 auri
1461 1834 1774 1904 cupiditas,
1797 1838 1853 1888 et
1883 1836 2014 1903 apte

362 1929 495 1997 post
515 1923 958 1980 fornicationem
987 1923 1265 1994 ponitur;
1298 1923 1436 1993 quia
1452 1922 1573 1976 hec
1595 1922 1709 1977 duo
1739 1923 1811 1976 ad
1832 1921 2014 1977 idolo-

365 2030 498 2068 rum
531 2011 823 2084 pertinent
882 2010 1173 2066 culturam
1209 2027 1220 2064 :
1255 2011 1411 2065 unde
1440 2009 1596 2064 idem
1655 2010 1967 2081 Apostolus
2000 2028 2013 2064 :

363 2119 536 2174 neque
562 2102 884 2173 fornicator,
940 2115 1114 2170 neque
1168 2099 1508 2165 immundus,
1566 2115 1738 2170 neque
1796 2115 2014 2164 avarus,

364 2192 504 2264 quod
534 2199 608 2246 est
635 2190 909 2244 idolorum
938 2188 1084 2258 (104)
1116 2190 1369 2255 servitus,
1405 2188 1601 2242 habent
1641 2188 2020 2244 liwreditatem

364 2283 426 2336 in
455 2294 617 2350 regno
649 2276 871 2344 Christi,
904 2279 955 2331 et
1002 2277 1098 2331 Dei
1139 2276 1365 2347 (ΕρΙιεδ.
1417 2294 1470 2344 v,
1502 2278 1578 2344 5).
1634 2276 1906 2347 Nequitia
1934 2280 2022 2331 est

365 2369 580 2426 mentis
611 2367 919 2433 calliditas,
951 2365 1040 2421 vel
1075 2366 1312 2420 astutia.
1346 2365 1576 2420 Astutia
1608 2370 1804 2420 autem
1836 2365 1894 2419 in
1928 2382 2024 2423 ne-

366 2457 553 2531 quitia
581 2474 698 2513 non
732 2455 831 2511 illa
876 2453 1260 2526 intelligenda
1305 2458 1415 2520 est,
1461 2455 1531 2509 de
1589 2471 1706 2525 qua
1745 2453 2020 2510 Salomon

366 2548 510 2604 dicit
533 2564 546 2603 :
571 2547 792 2602 Astutus
821 2546 1008 2601 omnia
1034 2546 1151 2612 agit
1180 2560 1305 2600 cum
1323 2544 1551 2599 consilio
1577 2544 1756 2615 (Prov.
1778 2544 2020 2614 x111,16),

374 2637 477 2693 sed
512 2635 729 2692 astutia
758 2633 1138 2706 deceptionis.
1173 2634 1241 2688 Et
1289 2632 1506 2688 dicitur
1563 2632 2021 2705 nequitia,quasi

372 2743 489 2782 non
519 2724 789 2796 aequitas.

444 2815 724 2886 Sequitur
755 2829 768 2867 :
802 2811 1005 2868 Plenos
1035 2811 1269 2866 invidia.
1304 2809 1522 2866 Invidia
1543 2810 1698 2866 dicta
1717 2814 1806 2866 est
1832 2827 1865 2864 a
1887 2827 2020 2865 con-

371 2904 589 2961 tuendo
620 2901 858 2958 alterius
916 2900 1271 2956 felicitatem.
1333 2899 1518 2955 Habet
1567 2904 1762 2955 autem
1821 2900 1929 2955 sub
1962 2915 2024 2954 se

375 2995 524 3049 duas
556 2989 1024 3064 species,doloris
1055 2993 1112 3045 et
1133 2988 1590 3044 timoris.0mnis
1611 2989 1766 3044 enim
1789 2988 2024 3044 invidus

375 3083 578 3138 videns
609 3080 851 3137 alterius
881 3078 1240 3149 felicitatem,
1298 3083 1400 3134 aut
1448 3076 1630 3144 dolet,
1679 3082 1780 3133 aut
1808 3078 1975 3133 timet
2008 3092 2020 3129 :

381 3171 537 3227 dolet
554 3169 808 3243 aliquem
833 3170 1114 3241 majorem
1137 3185 1226 3239 se;
1252 3168 1420 3223 timet
1438 3183 1570 3222 vero
1603 3169 1890 3223 minorem
1912 3167 2024 3223 sibi

378 3261 503 3316 ﬁeri
529 3241 1044 3332 aequ—alemﬂmnis
1074 3262 1267 3313 autem
1286 3257 1520 3312 invidus
1545 3257 1823 3329 parvulus
1844 3261 1951 3325 est,
1971 3260 2028 3313 et
2057 3241 2099 3308 C

377 3350 470 3406 sui
491 3349 710 3403 invidia
741 3347 1005 3402 moritur.
1039 3346 1243 3401 Omnis
1267 3345 1443 3401 etiam
1473 3347 1707 3401 invidus
1740 3363 1906 3402 rosor
1934 3352 2026 3402 est

377 3439 470 3494 sui
503 3454 516 3493 :
552 3437 708 3492 unde
736 3435 977 3507 quidam
1009 3438 1178 3506 poeta
1208 3435 1289 3489 ait
1322 3450 1335 3487 :
1368 3435 1596 3489 Justius
1625 3434 1843 3489 invidia
1875 3435 2023 3493 nihil

379 3531 487 3594 est,
516 3543 643 3597 quae
674 3523 940 3597 protinus
962 3525 1156 3594 ipsum
1189 3526 1484 3578 auctorem
1515 3522 1866 3595 rodit,atque
1898 3525 2022 3579 ani-

373 3632 532 3672 mam
564 3611 1545 3669 cruciat.HomicidiaHomicidium
1577 3628 1610 3666 a
1640 3613 1792 3667 caade
1831 3612 2020 3667 homi-

370 3704 462 3760 nis
491 3703 725 3759 dicitur.
751 3703 850 3757 Est
880 3705 1073 3757 autem
1103 3705 1221 3756 tam
1253 3700 1577 3773 spirituale,
1611 3718 1788 3772 quam
1816 3718 2020 3773 corpo-

369 3793 490 3850 rale
524 3810 538 3849 :
567 3793 668 3849 sed
699 3789 1235 3862 incomparabiliter
1290 3791 1438 3862 (105)
1477 3790 1674 3860 majus
1713 3794 1801 3845 est
1848 3791 2018 3862 spiri-

367 3881 526 3938 tuale
560 3898 572 3938 :
605 3898 743 3937 nam
775 3879 1062 3952 corporali
1111 3879 1395 3935 occiditur
1423 3896 1634 3951 corpus
1665 3881 2018 3951 quandoque

369 3972 759 4040 moriturum;
793 3969 1084 4043 Spirituali
1117 3986 1248 4024 vero
1280 3969 1477 4024 anima
1519 3969 1577 4025 in
1621 3974 1904 4024 aeternum
1933 3970 2017 4024 vi-

369 4067 554 4118 ctura.
585 4061 732 4116 Hinc
762 4064 851 4116 est
877 4059 1033 4132 quod
1065 4059 1345 4114 Dominus
1375 4059 1434 4114 in
1458 4059 1766 4131 Evangelia
1797 4060 1868 4114 de
1898 4060 2018 4114 dia-

367 4153 500 4208 bolo
531 4151 710 4205 dicit:
743 4150 842 4205 Illc
896 4149 1167 4205 homicida
1211 4148 1425 4204 eratab
1474 4149 1635 4203 initio
1682 4150 1861 4218 (Joan.
1892 4165 2014 4214 VIII,

365 4242 476 4312 44).
509 4238 788 4295 Diabolus
820 4239 1034 4310 quippe
1070 4237 1478 4293 tantummodo
1537 4238 1710 4292 verba
1748 4237 2012 4308 protulit,

366 4334 424 4386 et
453 4327 842 4401 protaplastos
865 4326 1172 4382 interfecit.
1198 4334 1277 4381 Ac
1299 4342 1402 4397 per
1422 4326 1528 4380 hoc
1551 4326 1722 4380 datur
1743 4325 2010 4399 intelligi,

365 4419 506 4491 quia
535 4417 872 4490 quicunque
902 4415 1056 4472 malo
1087 4433 1192 4472 suo
1223 4417 1396 4471 vcrbo
1450 4414 1538 4471 vel
1597 4415 1858 4488 exemplo
1907 4415 2010 4472 ali-

363 4524 538 4580 quem
568 4507 779 4579 perdit,
803 4510 960 4562 recte
990 4505 1207 4560 dicitur
1237 4504 1549 4559 homicida.
1606 4505 1676 4560 Et
1715 4509 1846 4576 apte
1878 4509 2011 4577 post

2117 589 2348 644 Insidiae
2383 607 2638 662 namque
2658 590 2770 647 loci
2801 597 2960 657 sunt,
2993 592 3155 645 fraus
3187 590 3583 658 vero,violatio
3615 591 3772 658 iidei,

2116 678 2287 734 dolus
2317 684 2405 734 est
2437 679 2732 736 simulatio
2765 680 2964 736 animi.
2990 679 3508 751 MalignitateQuid
3541 680 3617 734 sit
3646 697 3772 736 ma-

2115 765 2502 839 lignitas,jam
2535 769 2807 840 superius
2836 769 3060 824 dictum
3086 774 3194 824 est.
3227 769 3505 840 Sequitur
3535 785 3548 824 :
3576 768 3776 824 Susur-

2117 872 2294 911 rones.
2329 858 2580 913 Susurro
2609 863 2715 926 est,
2766 859 2867 929 qui
2924 875 3038 913 non
3069 858 3128 912 in
3186 858 3351 924 facie,
3410 857 3511 914 sed
3539 857 3598 912 in
3631 874 3770 914 aure

2118 944 2410 1000 detrahit:
2436 946 2592 1001 unde
2623 951 2679 1001 et
2709 963 2741 1000 a
2771 963 2912 1001 sono
2944 946 3175 1001 aurium
3199 961 3412 1002 nomen
3435 947 3677 1018 accepit,
3706 963 3773 1002 eo

2119 1034 2274 1104 quod
2306 1034 2415 1088 sub
2446 1051 2586 1090 aure
2616 1039 2800 1090 sonet.
2834 1035 2978 1090 Hinc
3007 1036 3276 1106 est,quod
3308 1034 3592 1090 Dominus
3619 1051 3772 1106 pras-

2121 1121 2274 1193 ccpit
2307 1139 2319 1176 :
2353 1124 2428 1177 Ne
2485 1125 2560 1178 sis
2614 1125 2956 1191 criminator,
3019 1132 3114 1179 aut
3170 1140 3402 1179 susurro
3449 1125 3510 1178 in
3558 1125 3774 1195 populis

2121 1211 2308 1280 (Lavit.
2341 1229 2458 1278 XIX,
2492 1213 2600 1284 1(3).
2646 1213 3003 1267 Detractorcs.
3045 1213 3345 1268 Detractor
3374 1216 3482 1278 est,
3517 1212 3638 1282 qui,
3670 1212 3776 1267 bo-

2122 1317 2264 1354 num
2296 1299 2536 1356 alterius
2557 1301 2779 1356 malum
2801 1299 3069 1368 dicit,aut
3096 1302 3195 1372 qui
3229 1316 3510 1373 magnum
3533 1300 3777 1356 alterius

2122 1391 2341 1443 bonum
2366 1389 2506 1444 dicit
2523 1406 2649 1446 esse
2674 1391 3288 1462 parvum.Quicunque
3311 1395 3508 1445 autem
3531 1389 3599 1445 de
3620 1387 3774 1445 malo

2122 1477 2363 1532 alterius
2394 1477 2539 1533 falso
2560 1479 2781 1534 malum
2804 1478 3307 1550 loquitur,similis
3327 1483 3418 1534 est
3437 1477 3772 1544 detractori;

2123 1565 2172 1620 si
2202 1583 2336 1621 vero
2367 1567 2438 1621 de
2469 1567 2711 1624 alterius
2763 1567 2914 1623 malo
2973 1568 3272 1623 veritatem
3316 1568 3494 1635 dicat,
3545 1584 3662 1622 non
3693 1576 3781 1622 est

2124 1656 2432 1724 detractor,
2467 1657 2562 1711 sed
2614 1657 2876 1713 veritatis
2934 1660 3207 1713 assertor.
3244 1657 3589 1728 Quicunque
3619 1656 3776 1711 enim

2123 1743 2378 1814 simplici
2419 1744 2742 1802 intentione
2773 1746 2994 1801 bonum
3025 1745 3248 1813 laudat,
3280 1750 3337 1800 et
3367 1743 3588 1800 malum
3621 1744 3778 1800 vitu-

2123 1837 2307 1903 perat,
2337 1832 2698 1890 voluntatem
2729 1851 2896 1890 suam
2930 1834 3136 1890 divina:
3162 1834 3392 1889 veritati
3447 1834 3778 1906 conjungit.

2125 1922 2230 1976 Deo
2262 1921 2506 1978 odibiles.
2543 1923 2642 1978 llic
2673 1924 3019 1995 notandum,
3055 1924 3195 1994 quia
3219 1940 3335 1978 non
3365 1923 3449 1978 ait
3487 1923 3776 1990 absolute,

2125 2011 2368 2080 odibiles,
2392 2012 2492 2066 sed
2516 2011 2815 2082 praemisit,
2849 2013 3056 2083 Deo,ad
3087 2012 3565 2067 dinstinctionem
3587 2012 3778 2067 homi-

2128 2116 2290 2154 num.
2322 2099 2564 2155 Plurimi
2597 2118 2850 2172 namque
2871 2107 3009 2156 sunt
3031 2101 3277 2156 odibiles
3308 2101 3561 2172 Deo,qui
3584 2101 3778 2156 dilecti

2130 2192 2269 2243 sunt
2293 2190 2594 2257 mundo,et
2616 2190 2938 2245 econtrario
2970 2190 3138 2245 multi
3171 2195 3282 2245 Deo
3315 2190 3510 2246 dilecti
3534 2195 3692 2260 sunt,
3724 2193 3784 2245 et

2131 2278 2351 2332 mundo
2373 2277 2753 2342 odibiles.Qui
2779 2283 2973 2334 autem
3003 2279 3124 2334 haac
3151 2279 3350 2333 omnia
3376 2279 3517 2334 vitia
3539 2278 3778 2346 habent,

2131 2368 2284 2420 recte
2315 2365 2431 2420 Deo
2479 2365 2726 2421 odibiles
2758 2367 3056 2421 dicuntur.
3090 2366 3530 2423 Contumeliosos.
3564 2367 3783 2423 Contu-

2133 2452 2360 2509 meliosi
2387 2459 2526 2509 sunt
2555 2456 2864 2510 verborum
2897 2455 3134 2527 injuriis
3164 2455 3402 2528 proclivi
3436 2473 3448 2510 :
3483 2472 3619 2511 nam
3651 2471 3786 2512 con-

2131 2542 2384 2598 tumelia;
2415 2547 2554 2598 sunt
2583 2545 2894 2615 opprobria
2927 2551 2985 2600 et
3011 2545 3286 2600 convicia.
3316 2546 3612 2616 Superbos.
3673 2546 3781 2600 Su-

2131 2632 2333 2704 perbia
2362 2637 2418 2687 et
2448 2633 2642 2689 omnis
2671 2632 2916 2689 illicitus
2959 2637 3012 2690 et
3062 2634 3433 2691 inordinatus
3463 2634 3778 2707 appetitus.

2133 2722 2249 2776 lloc
2281 2725 2475 2777 autem
2504 2722 2710 2778 vitium
2742 2727 2862 2778 tam
2894 2739 3066 2796 grave
3097 2727 3205 2789 est,
3265 2728 3349 2796 ut,
3416 2741 3548 2779 cum
3582 2725 3784 2780 omnia

2131 2810 2272 2866 vitia
2300 2828 2334 2866 a
2363 2812 2673 2866 contrariis
2703 2811 3015 2868 virtutibus
3064 2818 3439 2884 superentur,
3499 2814 3556 2869 id
3588 2812 3781 2869 solum

2134 2904 2336 2955 contra
2365 2900 2563 2956 omnia
2592 2901 2848 2957 dimicet.
2883 2901 3045 2957 Unde
3076 2906 3228 2958 recte
3274 2902 3542 2974 genitrix,
3577 2908 3636 2958 et
3681 2920 3786 2958 nu-

2133 2988 2246 3045 trix
2273 2988 2487 3044 dicitur
2507 2990 2772 3046 omnium
2794 2990 3149 3059 vitiorom,et
3169 2992 3577 3064 consumptrix
3603 2992 3784 3047 bono-

2135 3095 2286 3133 rum.
2322 3079 2520 3150 Itaque
2545 3079 2654 3135 hoc
2673 3079 2882 3134 vitium
2913 3083 3052 3135 tunc
3075 3080 3493 3148 nascitur,cum
3517 3080 3787 3136 homines

2136 3185 2197 3223 se
2226 3166 2360 3240 plus
2389 3185 2567 3239 quam
2599 3169 2804 3230 Deum,
2832 3169 3084 3242 diligunt
3116 3185 3129 3225 :
3164 3170 3265 3240 qui
3298 3171 3410 3242 ipsi
3464 3170 3554 3226 sui
3585 3171 3790 3226 volunt

2137 3258 2316 3314 videri
2366 3257 2741 3330 principium.
2771 3258 3082 3331 Sequitur:
3107 3260 3308 3316 Elates.
3344 3259 3545 3315 Elatus
3575 3260 3789 3314 dicitur

2134 3347 2302 3418 quasi
2335 3351 2494 3402 extra
2525 3364 2587 3403 se
2617 3346 2867 3403 delatus.
2903 3347 3084 3403 Elatio
3115 3349 3271 3404 enim
3297 3353 3384 3404 est
3416 3349 3630 3404 mentis
3661 3365 3786 3405 ere-

2131 3436 2264 3491 ctio.
2294 3436 2456 3500 Quod
2487 3437 2692 3491 vitium
2722 3441 2861 3491 tunc
2892 3437 3170 3503 nascitur,
3195 3453 3330 3492 cum
3362 3453 3529 3493 mens
3560 3453 3663 3509 per
3691 3453 3788 3494 su-

2133 3525 2394 3597 perbiam
2419 3524 2644 3580 tumida
2673 3525 2856 3579 credit
2887 3541 2950 3580 sc
3013 3542 3141 3581 esse
3170 3527 3325 3596 quod
3358 3543 3473 3581 non
3506 3525 3783 3582 est.Unde

2131 3620 2263 3685 apte
2285 3618 2416 3686 post
2446 3613 2782 3686 superbiam
2810 3614 3220 3686 (106)ponitur,
3246 3617 3316 3671 de
3348 3633 3466 3687 qua
3496 3616 3779 3672 nascitur.

2128 3705 2434 3760 Inventores
2462 3706 2752 3759 motorum.
2789 3707 2904 3758 Hoc
2960 3703 3112 3758 dicto
3152 3705 3410 3760 ostendit
3446 3705 3782 3778 Apostolus,

2131 3792 2270 3864 quia
2303 3809 2415 3848 non
2447 3793 2644 3848 omnia
2675 3797 2909 3864 peccata
2937 3791 3152 3848 diaboli
3186 3793 3470 3849 instinctu
3497 3811 3782 3867 peragun-

2128 3886 2243 3936 tur.
2279 3882 2550 3948 Qua-zdam
2584 3882 2742 3936 enim
2772 3882 3040 3938 homines
3099 3882 3210 3938 sibi
3241 3882 3544 3939 inveniunt
3578 3903 3590 3951 ;
3627 3884 3780 3940 unde

2129 3975 2494 4026 monstratur
2521 3972 2749 4042 pejores
2780 3988 2908 4027 esse
2939 3970 3192 4037 diabolo,
3226 3973 3327 4044 qui
3380 3989 3441 4028 se
3471 3973 3780 4028 conﬁtetur

2129 4076 2161 4114 a
2189 4060 2304 4115 Deo
2327 4061 2619 4131 accepisse
2645 4061 3218 4131 potestatem,dicens
3240 4062 3568 4118 secundum
3602 4062 3778 4118 Evan-

2126 4147 2343 4219 gelium
2376 4149 2540 4202 Lucae
2575 4164 2587 4202 :
2625 4149 2746 4203 Haec
2775 4150 2962 4204 omnia
2989 4149 3131 4204 mihi
3158 4151 3398 4205 tradicta
3417 4155 3620 4218 sunt,et
3640 4150 3705 4206 do
3725 4152 3780 4206 ei

2124 4239 2217 4292 cui
2245 4239 2380 4294 volo.
2416 4240 2536 4292 Ilaec
2573 4253 2665 4308 ego
2723 4239 2830 4294 tibi
2883 4239 3038 4306 (tabo,
3071 4241 3121 4294 si
3147 4240 3437 4312 procidens
3465 4240 3780 4296 adoraveris

2122 4343 2210 4382 me
2238 4328 2385 4395 (Luc.
2419 4345 2494 4399 1v,
2526 4329 2603 4396 6).
2637 4328 2780 4384 llinc
2803 4333 2892 4384 est
2922 4330 3097 4400 quod,
3158 4334 3223 4384 ut
3275 4330 3382 4385 Job
3413 4333 3682 4398 tentaret,
3746 4347 3780 4385 a

2127 4418 2236 4472 Deo
2297 4417 2462 4488 petiit
2519 4421 2865 4488 potestatem
2901 4461 2914 4485 ,
2939 4423 2996 4473 et
3027 4436 3060 4473 a
3116 4418 3362 4472 Domino
3391 4417 3670 4488 expulsus
3705 4420 3777 4474 ab

2120 4505 2480 4572 hominibus,
2499 4522 2614 4560 non
2644 4506 2756 4560 nisi
2779 4506 2907 4575 ejus
2929 4508 3128 4576 jussu,
3163 4522 3342 4560 ausus
3361 4509 3449 4560 est
3471 4522 3532 4560 se
3546 4506 3780 4564 mittere

361 4597 640 4652 invidiam
670 4596 945 4668 ponitur;
981 4595 1118 4667 quia
1146 4593 1550 4667 perinvidiam
1582 4595 1919 4666 pervenitur
1940 4595 2011 4650 ad
2041 4603 2089 4669 Ι)
2123 4595 2182 4649 in
2226 4611 2450 4665 porcos.
2489 4595 2816 4649 Parentibus
2866 4609 2977 4649 non
3007 4593 3332 4649 obedientcs.
3369 4591 3510 4650 Nam
3543 4595 3645 4666 qui
3676 4613 3776 4652 su-

359 4685 756 4741 homicidium.
791 4683 1067 4739 Diabolus
1098 4683 1314 4755 quippe
1344 4700 1447 4755 per
1499 4683 1778 4738 invidiam
1823 4688 2011 4756 proto-

358 4774 581 4848 plastos
638 4773 974 4829 interfecit:
1024 4771 1408 4827 nihilominus
1466 4777 1521 4826 et
1572 4771 1713 4827 Cain
1771 4773 2006 4829 fratrem

358 4880 555 4920 suum.
589 4864 965 4920 Contentionc.
1011 4861 1312 4916 Contentio
1345 4865 1452 4929 est,
1487 4878 1622 4916 cum
1654 4878 1768 4917 non
1795 4861 2006 4917 veritas

357 4953 659 5025 quaeritur,
691 4953 792 5009 sed
824 4951 1168 5008 animositas
1191 4952 1489 5022 fatigatur.
1522 4953 1671 5008 Dolo.
1707 4950 1884 5007 Dolus
1919 4956 2008 5008 est

357 5042 677 5110 simulatio,
737 5042 856 5098 sive
913 5041 1073 5096 fraus
1132 5040 1332 5096 animi.
1366 5041 1483 5096 Hoc
1538 5045 1732 5098 autem
1765 5041 2007 5096 distata

359 5131 575 5203 dolore,
634 5132 788 5204 quod
849 5129 1013 5186 dolor
1071 5134 1162 5186 est
1209 5129 1662 5186 incommoditas
1719 5131 1999 5203 corporis,

424 5398 570 5471 (102)
603 5399 666 5455 In
697 5399 1060 5471 autographa
1088 5400 1325 5471 superat.

425 5468 573 5543 (103)
603 5470 735 5526 Psal
786 5468 962 5536 ιιῖιιζ
997 5473 1087 5527 27.
1150 5468 1400 5541 Vulgata
1444 5468 1664 5524 habet:
1703 5469 2004 5526 Perdidisti

348 5558 537 5600 omnes
567 5545 664 5614 qui
689 5544 1035 5613 fornicamur
1063 5545 1158 5598 abs
1189 5547 1259 5597 te.

420 5611 784 5689 UOH—Verba
806 5616 1130 5689 pertinent.
1176 5656 1207 5689 ._
1237 5656 1248 5669 .
1283 5611 1556 5668 idolorum
1589 5612 1815 5689 adjecta
1860 5617 1998 5689 sunt

345 5687 404 5745 in
426 5683 701 5763 margine
731 5685 1014 5755 inferiori,
1045 5685 1308 5758 ejusdem
1341 5688 1537 5742 tamen
1584 5683 1957 5742 characteris.

2120 4683 2444 4755 perioribus
2474 4682 2629 4738 vitiis
2678 4683 2884 4738 irretiti
2916 4689 3073 4753 sunt,
3099 4684 3262 4754 justo
3294 4684 3392 4740 Dei
3416 4685 3663 4756 judicio,
3699 4687 3772 4741 ad

2118 4771 2225 4826 hoc
2257 4788 2442 4842 usque
2471 4771 2834 4842 perveniunt,
2870 4776 2935 4826 ut
2963 4772 3136 4828 etiam
3169 4773 3508 4845 parentibus
3540 4774 3657 4828 sint
3685 4773 3776 4828 in-

2117 4860 2476 4917 obedientcs.
2512 4861 2674 4916 Unde
2703 4861 3031 4917 deteriones
3060 4867 3200 4917 sunt
3233 4863 3460 4931 bestiis,
3484 4879 3607 4935 qua:
3629 4878 3770 4917 suos

2116 4948 2369 5021 diligunt
2399 4949 2816 5022 progenitores.
2841 4951 3179 5022 Insipientes.
3215 4951 3502 5023 Insipiens
3536 4950 3768 5022 dicitur,

2116 5053 2182 5093 eo
2213 5040 2368 5110 quod
2402 5041 2478 5095 sit
2507 5039 2633 5096 sine
2663 5056 2889 5111 sapore.
2949 5040 3290 5112 Quicunque
3319 5057 3456 5113 ergo
3500 5058 3534 5096 a
3564 5056 3770 5112 sapore

2116 5128 2397 5198 spiritalis
2481 5129 2753 5187 doctrinae
2828 5129 3062 5197 recedit,
3135 5131 3268 5200 jure
3318 5134 3558 5186 vocatur
3615 5129 3765 5185 insi-

2185 5397 2330 5469 (105)
2361 5396 2425 5451 In
2457 5397 2818 5469 autographo
2848 5397 2972 5452 loco
3003 5397 3513 5469 incomparabiliter
3553 5396 3766 5467 legitur

2113 5468 2616 5539 inoorporabiliter.
2637 5468 2843 5524 Videat
2873 5469 3054 5524 lector
3075 5468 3198 5539 quae
3231 5469 3434 5524 melior
3464 5469 3541 5525 sit
3570 5469 3762 5526 lectio.

2182 5539 2329 5613 (106)
2368 5539 2557 5613 Verba
2615 5541 2916 5613 iamiam...
2990 5541 3327 5613 superbiam,
3377 5540 3437 5595 in
3496 5541 3765 5613 margine

2108 5611 2395 5685 superiori
2427 5612 2649 5685 paginm
2680 5612 2987 5682 habentur,
3011 5612 3276 5683 ejusdem
3327 5615 3521 5669 tamen
3554 5611 3761 5669 chara-

2107 5683 2300 5742 cteris.
