4116 6184
357 358 469 420 151

1372 364 1708 427 ATTONIS
1754 362 2348 427 VERCELLENSIS
2396 363 2752 425 EPISCOPI

3660 360 3775 419 15"}

330 508 485 564 gem
516 493 873 563 meditando,
908 513 941 551 a
968 495 1127 553 curis
1166 497 1413 554 terrenis
1451 498 1754 553 vacabant.
1785 500 1849 555 Et
1874 498 1996 567 glo-
2026 499 2081 565 Α
2109 512 2235 553 nem
2264 496 2400 566 legis
2438 499 2611 553 Deum
2653 497 2975 552 inhonorus.
3005 492 3425 551 Gloriabantur
3470 490 3662 548 Judaei
3713 490 3771 546 in

353 585 530 639 riaris
560 586 620 639 in
650 586 776 640 Deo.
809 585 994 642 Judaei
1027 588 1086 643 in
1117 588 1233 643 Deo
1260 586 1683 659 gloriabantur,
1712 589 1850 660 quia
1879 586 2005 643 suis

359 688 422 728 se
454 673 679 731 meritis
723 675 994 743 salvatos,
1026 680 1085 731 et
1114 675 1302 748 legem
1352 677 1646 749 accepisse
1695 678 2004 749 putabant,

358 765 417 817 et
444 763 711 818 eamdem
764 780 826 819 se
873 765 999 820 suis
1030 764 1252 820 viribus
1296 764 1539 837 implere
1587 783 1759 837 posse
1806 766 2003 821 crede-

359 851 522 923 bant,
558 852 715 922 iuxta
742 852 884 907 illud
910 871 923 909 :
956 855 1073 908 Non
1101 853 1233 925 fecit
1263 854 1457 910 taliter
1485 857 1636 911 omni
1653 857 1814 928 genti
1834 854 2003 926 (129),

356 948 411 995 et
427 940 649 1011 judicia
679 959 789 998 sua
820 958 928 997 non
951 942 1345 999 demonstravit
1374 946 1472 999 eis.
1496 947 1559 999 Et
1588 947 1735 999 nosti
1766 946 2008 999 volunta-

361 1038 468 1085 tem
514 1032 630 1085 Dei.
662 1030 1036 1087 Voluntatem
1096 1032 1196 1087 Dei
1256 1035 1649 1104 agnoscebant
1706 1050 1806 1105 per
1862 1030 2009 1104 legis

362 1123 670 1190 praecepta,
704 1119 762 1173 in
816 1120 1035 1191 quibus
1084 1122 1412 1176 ostenditur
1459 1121 1597 1193 quid
1646 1121 1784 1177 velit
1830 1122 2007 1177 Deus.

362 1207 645 1278 Sequitur
677 1224 689 1262 :
723 1209 789 1262 Et
815 1210 1012 1280 probas
1048 1212 1304 1277 utiliora,
1336 1213 1634 1267 instructus
1675 1227 1775 1282 per
1818 1212 2007 1281 legem.

362 1295 468 1351 Hic
511 1297 858 1367 notandum,
891 1298 1031 1370 quia
1076 1316 1191 1355 non
1243 1300 1344 1365 ait,
1376 1300 1562 1370 utilia,
1596 1301 1695 1355 sed
1746 1298 2009 1366 utiliora;

357 1389 424 1439 ut
453 1386 801 1458 ostenderet,
835 1388 973 1457 quia
1001 1393 1057 1443 et
1088 1388 1148 1443 in
1200 1388 1326 1462 lege
1357 1394 1577 1445 naturae
1627 1388 1815 1444 multa
1845 1386 2014 1443 utilia

361 1472 760 1543 continentur,
808 1477 1077 1547 quamvis
1136 1479 1391 1546 infirma,
1453 1478 1592 1550 quia
1646 1479 1774 1534 sine
1825 1477 2015 1550 gratia

360 1562 656 1635 Evangelii
692 1563 925 1637 impleri
955 1583 1071 1622 non
1114 1572 1392 1639 possunt;
1443 1568 1503 1622 in
1551 1568 1677 1641 lege
1706 1584 1839 1622 vero
1871 1565 2014 1622 scri-

362 1655 465 1724 pta
495 1651 731 1709 utiliora
767 1658 927 1724 sunt,
961 1657 1061 1711 sed
1108 1658 1453 1727 perfectiora
1499 1657 1558 1712 in
1606 1656 1795 1729 gratia
1827 1657 2016 1710 Evan-

368 1740 531 1812 gelii.

440 1829 677 1901 Conﬁdis
704 1835 758 1887 te
786 1833 969 1903 ipsum
998 1833 1198 1889 ducem
1243 1851 1361 1890 esse
1410 1850 1705 1905 caecorum,
1738 1840 1850 1891 etc.
1886 1834 2015 1890 Haec
2046 1873 2095 1937 B

366 1918 562 1975 ofﬁcia
589 1919 764 1975 etiam
796 1921 912 1976 veri
944 1921 1090 1993 legis
1112 1922 1355 1979 cultoris
1385 1928 1526 1980 sunt
1548 1942 1560 1980 :
1586 1925 1687 1979 sed
1710 1924 1859 1997 (130)
1881 1923 2021 1995 quia

364 2006 511 2063 falso
533 2007 654 2063 haec
674 2025 738 2064 se
759 2009 973 2065 habere
993 2011 1323 2081 jactabant,
1344 2013 1475 2068 ideo
1496 2013 1810 2085 Apostolus
1830 2012 2019 2068 incre-

366 2096 546 2168 pabat
573 2113 696 2165 eos,
719 2097 922 2153 dicens
946 2116 958 2154 :
985 2098 1224 2156 Confidis
1242 2106 1296 2156 te
1326 2104 1505 2173 ipsum
1527 2102 1717 2158 (lucem
1745 2117 2021 2158 caecorum

370 2200 506 2252 esse,
539 2185 722 2241 lumen
759 2202 947 2242 eorum
977 2190 1074 2259 qui
1123 2191 1184 2244 in
1232 2190 1469 2246 tenebris
1514 2198 1660 2256 sunt,
1693 2190 2023 2246 eruditorem

367 2274 774 2346 insipientium,
805 2279 1139 2347 magistrum
1176 2279 1501 2349 infantium,
1528 2281 1753 2349 etc.l:Ac
1783 2279 1829 2334 si
1864 2278 2021 2334 dice-

371 2366 460 2416 ret
483 2379 496 2417 :
521 2362 578 2417 Si
614 2363 730 2418 dux
760 2380 822 2419 es
852 2381 1158 2434 caecorum,
1183 2370 1248 2422 ut
1272 2366 1418 2423 falso
1443 2369 1655 2438 jactas,
1680 2385 1786 2422 cur
1818 2383 1933 2422 non
1959 2371 2021 2421 tu

374 2450 501 2521 ipse
531 2457 754 2507 rectum
786 2454 895 2509 iter
924 2455 1239 2511 ambulas?
1269 2456 1328 2512 Si
1362 2454 1558 2511 lumen
1592 2473 1654 2511 es
1684 2473 1885 2511 eorum
1920 2455 2025 2528 qui

367 2538 430 2595 in
461 2540 718 2596 tenebris
758 2546 917 2612 sunt,
941 2561 1045 2598 cur
1073 2536 1345 2601 tenebras
1392 2544 1761 2601 inﬁdelitatis
1809 2562 2021 2617 seque-

372 2627 498 2683 ris?
526 2619 582 2682 Si
615 2630 876 2686 eruditor
916 2648 979 2687 es
1028 2632 1455 2705 insipientium,
1479 2651 1585 2690 cur
1613 2651 1644 2688 a
1675 2635 1886 2690 timore
1915 2640 2019 2690 Do-

373 2717 519 2772 mini
551 2718 794 2786 recedis,
820 2720 942 2792 qui,
962 2722 1130 2791 juxta
1156 2722 1523 2795 prophetam,
1548 2723 1781 2778 initium
1815 2729 1906 2779 est
1939 2740 2026 2779 sa-

372 2804 651 2878 pientiae?
678 2808 737 2862 Si
769 2810 1053 2883 magister
1072 2828 1134 2866 es
1166 2811 1503 2881 infantium,
1528 2829 1632 2867 cur
1653 2817 1714 2867 tu
1748 2812 2027 2885 parvulus

379 2911 442 2951 es
471 2895 807 2953 intellectu?
836 2898 905 2953 Et
934 2899 1074 2970 quia
1116 2899 1235 2955 haec
1265 2901 1377 2956 sibi
1414 2900 1561 2956 falso
1593 2902 1797 2957 adesse
1839 2903 2025 2973 jacta-

378 2982 545 3052 bant,
568 2984 921 3041 videbantur
948 2986 1162 3042 habere
1202 2989 1450 3043 formam
1502 2987 1759 3043 scientiae
1790 2992 1848 3044 et
1876 2988 2029 3043 veri-

378 3071 520 3128 tatis
549 3072 609 3127 in
638 3072 794 3147 lege;
820 3076 973 3131 unde
996 3092 1130 3132 mox
1149 3076 1454 3132 subditur:
1482 3077 1779 3133 Habentem
1795 3080 2031 3149 formam

378 3162 627 3219 scierzliae
653 3166 703 3218 et
731 3164 983 3219 veritatis
1012 3165 1073 3220 in
1104 3166 1238 3234 lege.

2115 585 2259 658 lege,
2293 587 2432 658 quia
2478 603 2541 642 se
2579 602 2708 642 eam
2767 586 2891 641 suis
2941 583 3168 640 meritis
3225 582 3524 655 accepisse
3571 581 3771 638 crede-

2113 674 2276 746 bant,
2308 680 2365 731 et
2392 676 2518 730 suis
2549 675 2773 730 viribus
2815 673 3058 747 implere
3096 689 3269 745 posse
3299 672 3591 744 putabant
3623 690 3635 726 :
3671 671 3775 726 sed

2116 779 2219 834 per
2247 764 2513 833 ejusdem
2546 762 2692 835 legis
2725 761 3262 835 praevaricationem
3309 764 3492 816 Deum
3522 759 3775 815 inhono-

2115 852 2342 921 rabant,
2377 852 2513 924 quia
2568 852 2737 907 illum
2776 853 2963 908 Deum
3010 868 3139 907 esse
3189 850 3426 906 credere
3473 850 3776 914 nolebant,

2117 941 2211 995 cui
2241 941 2411 996 Pater
2456 941 2724 1012 perhibet
2765 940 3197 1006 testimonium,
3232 938 3431 994 dicens
3482 955 3496 993 :
3549 940 3649 994 Hie
3696 941 3782 993 est

2116 1029 2293 1084 Filius
2332 1046 2483 1085 meus
2529 1032 2771 1086 dilectus
2799 1028 3016 1103 (Matth.
3064 1046 3206 1093 xvn,
3255 1029 3333 1100 5),
3383 1031 3441 1082 et
3491 1027 3585 1083 cui
3642 1043 3779 1098 pro-

2118 1116 2296 1189 pheta
2349 1117 2532 1173 dicit:
2576 1121 2649 1174 Tu
2705 1134 2826 1174 eras
2877 1119 3038 1185 Deus,
3080 1121 3134 1173 et
3184 1117 3577 1173 nesciebamus.
3611 1116 3781 1180 Quod

2120 1206 2324 1277 utique
2355 1223 2472 1262 non
2522 1207 2592 1262 de
2640 1207 2830 1277 Patre,
2863 1207 2966 1261 sed
3015 1205 3086 1261 de
3136 1204 3277 1261 Filio
3328 1204 3781 1277 intelligendum

2121 1298 2240 1362 est;
2273 1312 2488 1351 nomen
2528 1296 2684 1351 enim
2734 1294 2924 1351 Patris
2972 1311 3206 1366 semper
3254 1294 3371 1350 illis
3419 1293 3531 1349 fuit
3579 1294 3784 1364 cogni-

2121 1388 2278 1451 tum;
2331 1383 2458 1439 Filii
2504 1400 2663 1450 vero,
2695 1386 2986 1457 ignotum.
3020 1383 3184 1440 Unde
3231 1387 3289 1438 et
3345 1381 3453 1454 illi,
3487 1382 3590 1454 qui
3646 1388 3787 1438 ante

2122 1472 2458 1544 passionem
2491 1475 2726 1529 credere
2762 1474 3100 1543 noluerunt,
3134 1471 3337 1544 agnita
3372 1471 3559 1543 gloria
3583 1487 3783 1526 resur-

2124 1561 2401 1617 rectionis
2426 1562 2577 1633 ejus,
2610 1562 2913 1619 credentes
2964 1567 3023 1617 et
3067 1562 3287 1634 gratias
3338 1564 3597 1633 agentes,
3632 1560 3790 1615 dice-

2124 1651 2267 1705 bant
2298 1667 2312 1706 :
2343 1652 2413 1706 Tu
2445 1667 2568 1706 eras
2598 1653 2758 1721 Deus,
2790 1660 2843 1708 et
2870 1653 3268 1707 nesciebamus.

2198 1739 2481 1810 Sequitur
2513 1758 2527 1796 :
2562 1742 2765 1797 Nomen
2795 1742 2944 1796 enim
2988 1737 3091 1797 Dei
3113 1756 3221 1813 per
3246 1755 3338 1797 vos
3369 1738 3791 1811 blasphematur

2126 1829 2272 1884 inter
2298 1837 2503 1900 gentes,
2534 1832 2678 1886 sicut
2703 1832 2967 1903 scriptum
2995 1838 3090 1887 est.
3121 1830 3261 1885 Ecce
3294 1828 3438 1884 dicit
3468 1827 3789 1901 Apostolus

2128 1917 2417 1989 scriptum
2448 1934 2605 1986 esse;
2665 1920 2767 1975 sed
2826 1918 2927 1974 ubi
2985 1936 3101 1974 non
3160 1917 3436 1974 ostendit.
3469 1918 3582 1975 Sed
3610 1916 3787 1972 intel-

2129 2004 2432 2078 ligendum
2480 2011 2678 2063 tamen
2726 2007 2987 2079 reliquit,
3019 2007 3077 2062 in
3134 2006 3287 2062 Isaia
3340 2006 3625 2079 propheta
3654 2006 3793 2076 (Isai

2130 2111 2229 2163 LII,
2261 2097 2340 2163 5).
2362 2096 2507 2151 Cum
2538 2095 2692 2151 enim
2724 2096 3009 2152 Dominus
3039 2113 3142 2168 per
3170 2095 3522 2168 prophetam
3549 2094 3789 2150 Judaeos

2129 2182 2476 2255 increparet,
2511 2184 2595 2240 ait
2650 2185 2804 2240 inter
2862 2188 3068 2241 caetera
3108 2201 3121 2241 :
3166 2186 3233 2240 Et
3287 2201 3489 2240 nomen
3533 2193 3791 2239 sanctum

2130 2288 2315 2328 meum
2368 2273 2644 2344 polluistis
2704 2276 2856 2329 inter
2909 2280 3095 2343 gentes
3152 2274 3368 2345 (Ezech.
3426 2290 3617 2342 xxxvx,
3670 2276 3789 2341 22).

2132 2361 2246 2417 Sed
2279 2363 2662 2433 quaerendum
2720 2368 2837 2431 est,
2871 2364 3166 2435 quomodo
3219 2369 3357 2417 tunc
3405 2378 3509 2434 per
3553 2361 3793 2417 Judznos

2134 2449 2445 2523 pollutum,
2487 2457 2545 2506 et
2594 2451 3073 2524 blasphematum
3106 2456 3196 2508 est
3225 2467 3440 2507 nomen
3489 2450 3591 2507 Dei
3638 2451 3798 2507 inter

2133 2544 2356 2611 gentes,
2390 2544 2490 2594 aut
2522 2542 2816 2612 quomodo
2867 2547 3132 2613 tempore
3159 2540 3443 2613 Apostoli.
3467 2540 3793 2596 Sciendum
3902 2562 3911 2571 ο

2135 2633 2223 2684 est
2252 2635 2470 2699 autem,
2512 2629 2653 2700 quia
2681 2630 2868 2685 Judaei
2899 2630 3104 2687 multis
3133 2629 3292 2685 vitiis
3338 2628 3570 2699 irretiti,
3603 2636 3660 2684 et
3688 2646 3791 2684 va—

2134 2717 2239 2772 riis
2268 2716 2459 2789 plagis
2491 2717 2698 2785 attriti,
2733 2717 2935 2774 traditi
2978 2722 3120 2784 sunt
3167 2718 3228 2773 in
3276 2717 3700 2790 captivitatem,
3727 2716 3791 2772 in

2135 2823 2253 2878 qua
2281 2806 2497 2862 detenti
2532 2807 2751 2862 dabant
2794 2807 3067 2880 gentibus
3109 2806 3475 2863 occasionem
3508 2806 3739 2862 dicendi
3775 2824 3792 2863 :

2139 2894 2282 2950 Ecce
2332 2910 2477 2967 gens
2523 2900 2744 2950 sancta.
2777 2895 3039 2968 Populus
3064 2895 3205 2951 olim
3262 2896 3381 2952 Deo
3438 2893 3794 2968 peculiaris;

2138 2984 2342 3039 multis
2373 2984 2559 3056 signis
2593 2984 2666 3039 ab
2702 2984 3040 3057 Egyptiaca
3070 2986 3349 3041 servitute
3393 2983 3699 3053 liberatus,
3730 2982 3797 3039 in

2138 3071 2471 3142 captivitate
2498 3076 2753 3140 tenetur,
2782 3079 2840 3129 et
2880 3073 2939 3129 in
2970 3074 3308 3130 servitutem
3360 3073 3635 3129 redactus
3677 3076 3795 3129 est.

2136 3160 2282 3216 Vere
2313 3160 2393 3215 dii
2424 3161 2609 3217 nostri
2640 3168 3064 3234 superaverunt
3092 3168 3275 3218 Deum
3304 3178 3541 3231 eorum;
3574 3166 3632 3217 et
3659 3161 3797 3218 ideo

450 3251 730 3321 Sequitur
760 3266 774 3305 ε
810 3252 919 3320 Qui
944 3268 1072 3321 ergo
1108 3253 1284 3308 alium
1310 3253 1484 3319 doces,
1514 3254 1751 3324 leipsum
1792 3268 1900 3309 non
1932 3251 2026 3309 do-
2060 3242 2103 3310 C
2139 3250 2341 3305 traditi
2371 3254 2512 3305 sunt
2548 3250 2609 3306 in
2654 3267 2866 3306 manus
2916 3257 3166 3308 nostras.
3200 3252 3557 3324 Ignorabant
3610 3250 3802 3319 enim,

378 3355 462 3395 ees
489 3340 677 3411 (131)?
705 3346 787 3395 Ac
818 3341 867 3395 si
915 3342 1134 3397 diceret
1164 3358 1178 3396 :
1212 3343 1326 3398 Cur
1373 3342 1702 3398 doctrinam
1738 3347 1795 3399 et
1822 3342 2036 3414 praedi-

381 3427 673 3485 cationem
704 3434 868 3484 tuam
913 3429 1189 3500 operibus
1229 3431 1526 3486 destruis?
1556 3432 1644 3499 Et,
1678 3436 1745 3487 ut
1772 3432 1883 3487 hoc
1913 3430 2038 3487 evi-

382 3515 621 3571 dentius
651 3515 924 3587 aperiret,
967 3518 1276 3588 subjunxit
1301 3536 1314 3573 :
1339 3519 1451 3588 Qui
1490 3519 1759 3588 pra’dicas
1788 3536 1900 3575 non
1943 3522 2036 3590 fu-

384 3603 644 3673 randum,
671 3606 903 3674 furaris.
926 3605 1289 3661 Furabantur
1316 3606 1532 3674 Judaei;
1561 3608 1702 3679 quia
1732 3608 1792 3663 in
1824 3609 1952 3681 lege
1987 3614 2044 3664 et

387 3690 710 3765 prophetis,
725 3692 940 3749 Christi
964 3695 1237 3750 notitiam
1254 3694 1651 3751 occultabant.
1670 3697 1738 3751 Et
1756 3695 1864 3752 hoc
1890 3698 2043 3753 furto

391 3779 621 3836 nullum
643 3783 836 3851 majus
857 3798 986 3838 esse
1008 3787 1216 3854 potest.
1236 3786 1344 3851 Qui
1361 3784 1500 3837 dicis
1521 3799 1629 3840 non
1650 3785 2044 3841 maeehandum

388 3870 694 3924 mcecharis.
722 3870 1164 3927 Mcechabantur
1191 3872 1399 3938 Judaei,
1424 3874 1540 3943 qai,
1565 3873 1717 3929 male
1762 3876 2044 3946 interpre-

390 3958 571 4015 tando
601 3958 811 4031 legem,
833 3961 1078 4016 verbum
1115 3962 1209 4016 Dei
1242 3962 1726 4032 corrumpebant;
1760 3963 1901 4034 quia
1928 3981 2047 4020 non

391 4047 638 4119 sincere,
664 4047 814 4104 sicut
837 4065 906 4105 ex
936 4048 1075 4120 Deo,
1105 4065 1303 4117 coram
1345 4054 1459 4106 Deo
1494 4051 1552 4105 in
1584 4051 1814 4108 Christo
1847 4053 2047 4124 loque-

394 4137 630 4193 bantur.
665 4137 944 4194 Prazterea
983 4138 1320 4210 quicunque
1371 4139 1503 4206 hoc,
1529 4141 1686 4211 quod
1717 4142 2050 4213 specialiter

392 4230 507 4281 Deo
546 4225 812 4297 debetur,
846 4226 1190 4282 hominibus
1218 4228 1527 4300 impendit,
1553 4228 1757 4300 utique
1789 4230 2048 4286 moecha-

391 4319 510 4368 tur.
536 4313 644 4381 Qui
671 4314 1011 4371 abominaris
1044 4316 1216 4383 idola,
1249 4317 1540 4371 subaudis
1571 4318 1857 4389 gentium,
1877 4321 2050 4375 sacri-

395 4401 600 4472 legium
627 4403 786 4473 [acis.
818 4401 1201 4474 Sacrilegium
1248 4404 1467 4459 dicitur
1506 4422 1682 4461 sacrae
1715 4407 1862 4479 legis
1891 4412 2050 4464 tran-

397 4490 678 4562 sgressio,
712 4490 854 4557 sive,
893 4507 1070 4547 sacra:
1118 4490 1267 4564 legis
1317 4494 1487 4565 (132),
1516 4495 1606 4550 vel
1664 4496 1747 4551 rei
1808 4498 2049 4553 l‘urtum.

2146 3339 2305 3411 quia,
2337 3337 2387 3394 si
2413 3339 2530 3395 Deo
2580 3356 2813 3412 semper
2860 3341 3197 3407 servissent,
3231 3344 3288 3397 et
3335 3340 3465 3411 ejus
3513 3344 3814 3412 praecepta

2146 3433 2503 3497 servassent,
2561 3445 2697 3484 eum
2766 3429 2983 3501 ubique
3042 3429 3326 3485 haberent
3389 3432 3810 3501 protectorem.

2148 3515 2676 3589 Blasphemabatur
2704 3534 2917 3574 nomen
2960 3519 3061 3573 Dei
3108 3535 3212 3590 per
3238 3534 3360 3586 eos,
3390 3517 3569 3573 etiam
3615 3519 3815 3589 Apos-

2150 3604 2254 3660 toli
2295 3610 2577 3677 tempore,
2609 3606 2748 3677 quia
2793 3605 2952 3679 pleni
3009 3607 3130 3662 zelo
3187 3612 3244 3662 et
3296 3605 3537 3673 invidia,
3570 3621 3819 3677 semper

2152 3694 2483 3765 apostolica:
2528 3695 2803 3750 doctrinae
2852 3694 3225 3752 resistebant.
3259 3697 3421 3761 Quod
3472 3695 3825 3751 manifesta-

2153 3787 2250 3837 tur
2278 3783 2338 3836 in
2368 3782 2517 3838 libro
2547 3786 2800 3839 Actuum
2840 3786 3267 3855 apostolorum,
3301 3785 3400 3840 ubi
3445 3784 3661 3857 legitur
3693 3801 3706 3838 :
3736 3788 3825 3840 Et

2152 3871 2349 3942 repleti
2384 3872 2588 3928 Judaei
2630 3873 2747 3928 zelo
2798 3874 2857 3927 in
2905 3874 3218 3945 Synagoga,
3250 3872 3693 3929 contradicebant
3723 3870 3825 3928 his
3862 3912 3869 3917 -

2154 3976 2273 4031 qua:
2320 3978 2355 4015 α
2398 3962 2572 4017 Paulo
2625 3962 2953 4017 dicebantur
3002 3962 3139 4033 (Act.
3172 3978 3300 4034 x111,
3333 3962 3445 4033 45).
3478 3962 3628 4033 Sive,
3671 3961 3825 4032 quia

2158 4048 2354 4104 minus
2402 4050 2774 4106 credentibus
2832 4050 3055 4106 dabant
3102 4051 3468 4106 occasionem
3524 4050 3762 4106 dicendi
3804 4066 3821 4106 :

2156 4136 2449 4192 Evacuata
2477 4142 2534 4192 et
2564 4138 2868 4194 annullata
2898 4143 2988 4195 est
3016 4139 3355 4212 promissio,
3383 4155 3509 4210 quae
3540 4139 3695 4194 facta
3723 4144 3829 4195 est

2156 4225 2432 4294 Abrahae;
2466 4226 2641 4283 fallax
2670 4227 2865 4284 Deus:
2899 4229 3056 4300 quod
3087 4227 3378 4300 promisit,
3412 4228 3662 4301 implere
3691 4245 3823 4284 non

2159 4315 2368 4386 potuit.

2233 4404 2587 4461 Circumeisio
2606 4407 2828 4477 quidem
2837 4406 3077 4478 prodest,
3091 4408 3142 4463 si
3161 4407 3338 4477 legem
3352 4405 3627 4463 mstodias
3640 4408 3831 4479 (133).

2159 4498 2237 4548 Ac
2269 4494 2319 4549 si
2352 4495 2571 4551 diceret
2594 4513 2607 4550 :
2633 4496 2691 4551 Si
2718 4495 2865 4568 legis
2896 4500 3185 4569 praecepta
3213 4495 3530 4567 custodias,
3554 4496 3834 4552 circum-

394 4579 564 4673 l‘lam,
591 4584 654 4634 ut
696 4580 905 4673 beatus
933 4581 1304 4673 Augustinus
1335 4581 1514 4673 dicit:
1549 4586 1897 4654 Legere,sive
1923 4588 2050 4641 sub-
2085 4610 2129 4673 Β
2161 4583 2302 4638 cisio
2335 4583 2604 4673 prodest;
2637 4585 2778 4656 quia
2800 4585 2963 4673 rfacit
3009 4589 3067 4640 te
3104 4602 3344 4641 manere
3388 4586 3497 4641 sub
3545 4584 3692 4658 lege.
3725 4587 3830 4643 Tu

397 4669 581 4741 legere
635 4671 825 4739 furari
859 4679 959 4725 est.
994 4669 1157 4725 Unde
1188 4675 1244 4726 et
1274 4672 1597 4744 sacrilegus
1628 4674 1845 4730 dicitur
1872 4692 2050 4730 sacrm
2086 4669 2118 4673 ⁷
2161 4677 2377 4741 autem,
2428 4671 2571 4727 dum
2629 4673 2739 4727 sub
2796 4672 2923 4751 lege
2977 4689 3203 4746 manes,
3258 4674 3614 4744 consideras,
3674 4674 3834 4746 quia

394 4756 545 4828 legis
576 4758 689 4827 fur,
723 4759 844 4814 sive
888 4761 1309 4830 transgressor.
1344 4760 1531 4816 Judaei
1578 4761 1758 4834 igitur
1782 4763 2051 4837 sacrilegi

396 4852 584 4914 erant,
615 4847 774 4919 quia,
807 4852 865 4903 et
904 4846 1093 4920 legem
1125 4850 1597 4921 corrumpebant,
1629 4856 1686 4907 et
1720 4852 1942 4908 furtum
1990 4853 2049 4907 in

397 4952 486 5005 ea,
521 4940 587 4991 ut
614 4935 838 4992 dictum
867 4942 976 5008 est,
1010 4936 1319 4993 faciebant.

466 5023 743 5096 Sequitur
774 5041 788 5080 :
824 5025 932 5093 Qui
960 5026 1020 5080 in
1050 5026 1166 5096 lege
1197 5026 1477 5098 gloriaris,
1497 5044 1597 5100 per
1622 5033 2049 5098 praevaricatio—

467 5148 617 5232 (129)
647 5149 796 5232 Psal.
828 5166 1002 5232 xcvii,
1034 5150 1130 5232 20Σ
1160 5150 1223 5232 In
1255 5149 1505 5232 Vulgata
1532 5154 1858 5232 versiculus
1890 5155 2047 5232 psal-

395 5220 490 5294 mi
510 5220 711 5294 hujus,
743 5221 827 5276 ita
870 5238 883 5276 :
931 5225 1053 5278 Non
1096 5224 1224 5294 fecit
1271 5220 1463 5280 taliter
1519 5228 1672 5280 omni
1727 5220 1962 5291 natio-ni,
1997 5236 2048 5282 et

385 5290 606 5365 judicia
633 5308 730 5365 sua
756 5308 868 5348 non
892 5290 1270 5365 manifeslavit
1298 5297 1394 5350 eis.

465 5361 614 5439 (130)
645 5364 709 5418 In
741 5361 1124 5439 autograpbo,
1164 5364 1290 5420 loco
1337 5365 1594 5439 adverbii
1644 5369 1796 5437 quia,
1839 5367 2048 5439 legitur

393 5437 585 5504 quasi;
618 5436 773 5506 quod
824 5454 957 5492 cum
996 5436 1249 5493 sensum
1283 5438 1547 5507 apprime
1595 5439 1852 5493 auctoris
1898 5436 2045 5495 inihi

396 5507 638 5561 reddere
699 5523 811 5563 non
842 5508 1154 5573 videretur,
1189 5508 1316 5563 ideo
1360 5508 1792 5563 emendandum
1843 5513 2042 5567 censui

398 5576 775 5652 potissimum
808 5579 879 5652 ob
910 5579 1249 5652 adverbium
1298 5578 1440 5645 ideo,
1472 5581 1627 5652 quod
1672 5581 1958 5652 sequitur,
1989 5588 2045 5638 et

399 5664 536 5706 cum
575 5649 862 5721 superiori
911 5653 1039 5722 quia
1092 5650 1429 5707 relationem
1479 5649 1656 5708 habet
1701 5649 2043 5724 grammati-

2161 4776 2389 4817 cessare
2447 4760 2621 4816 debet
2673 4762 3044 4818 circumcisio
3092 4761 3364 4831 carnalis,
3398 4767 3456 4817 et
3499 4762 3833 4820 succedere

2161 4848 2464 4921 Spiritalis,
2499 4865 2628 4921 quas
2658 4850 2725 4906 fit
2753 4866 2858 4922 per
2886 4851 3062 4906 ﬁdem
3092 4851 3327 4907 Christi.
3350 4850 3625 4923 Alioquin
3661 4850 3829 4907 nihil

2160 4938 2265 4994 tibi
2323 4938 2697 5010 prodest.Sed
2751 4941 3136 5010 quaerendum
3185 4946 3275 4996 est
3321 4940 3615 5012 quomodo
3654 4938 3832 4998 dicat

2156 5027 2472 5100 Apostolus
2495 5030 2881 5085 :Circumcisio
2896 5030 3138 5101 prodest,
3153 5046 3286 5085 cum
3309 5028 3452 5086 alibi
3473 5028 3630 5085 dicat
3654 5045 3667 5084 :
3696 5028 3834 5085 Cir-

2158 5152 2364 5208 calem.

2230 5226 2393 5351 (13121
2412 5225 2697 5280 Punctum
2736 5225 3151 5297 interrogantis
3184 5225 3245 5280 in
3272 5224 3525 5299 Vulgata
3554 5242 3671 5281 non
3704 5225 3829 5283 ha-

2232 5303 2328 5351 tur
2399 5313 2465 5351 oc
2495 5297 2642 5351 loco.
2676 5296 2777 5351 sed
2808 5297 2925 5351 duo
2957 5304 3195 5351 puncta.

2157 5295 2328 5351 betur
2356 5295 2465 5351 hoc
2495 5297 2642 5363 loco,
2676 5296 2777 5351 sed
2808 5297 2925 5353 duo
2957 5295 3195 5363 puncta.

2228 5368 2373 5441 (132)
2406 5369 2469 5422 In
2500 5369 2889 5441 gautographo
2947 5367 3094 5433 loco,
3146 5382 3322 5425 sacrm
3376 5368 3536 5440 legis,
3592 5367 3831 5441 legitur

2153 5440 2454 5512 sacrilegis.
2487 5439 2652 5512 Certe
2681 5439 2790 5512 per
2811 5456 3064 5495 errorem
3122 5439 3502 5497 amanuenSis
3533 5445 3597 5495 ut
3628 5439 3827 5511 paulo

2154 5510 2426 5580 superius
2447 5510 2644 5568 videre
2673 5510 2785 5567 est.

2224 5583 2371 5653 (133)
2404 5581 2671 5655 Vulgata,
2702 5584 2964 5640 observes.
