4116 6184
278 338 400 401 153
884 335 1304 402 EXPOSITIO
1346 334 1429 397 IN
1476 331 1927 395 EPISTOLAS
1974 330 2239 397 PAULI.
2274 366 2353 379 -—
2382 333 2464 397 IN
2508 335 2765 402 EPIST.
2811 339 2917 401 AD
2962 339 3156 404 ROM.
3631 341 3753 403 154

274 468 544 528 cumcisio
574 468 725 524 nihil
748 468 999 541 prodest;
1029 470 1255 527 videtur
1300 466 1519 542 quippe
1559 466 1679 523 sibi
1729 470 1972 522 contra-
2003 465 2063 531 Α
2090 466 2236 525 cisio
2267 473 2377 537 est,
2411 470 2677 528 omnium
2710 470 3033 529 carnalium
3067 471 3516 530 delectationem
3562 478 3619 529 et
3647 491 3750 531 vo-

275 560 424 617 rius.
479 558 591 614 Sed
642 574 716 614 ne
767 560 1091 616 contrarius
1138 560 1453 623 videretur,
1506 557 1755 611 fuerunt
1815 573 1970 611 non-
2084 554 2387 629 luptatum
2436 560 2674 616 abolitio
2732 567 2788 617 et
2829 562 3082 635 expiatio
3112 562 3280 634 (139).
3308 564 3379 618 Et
3408 563 3746 636 quicunque

277 649 450 720 nulli,
502 648 633 722 qui,
675 647 1121 721 allegorizando,
1171 650 1451 704 dixerunt
1497 663 1604 718 per
1649 645 1974 701 circumci-
2089 652 2350 703 mentem
2396 665 2564 704 suam
2616 651 2687 705 ab
2737 651 2827 706 his
2876 652 3072 707 reddit
3123 651 3397 723 alienam,
3431 651 3528 707 ille
3556 667 3618 707 se
3646 668 3741 706 ve-

278 740 515 796 sionem
562 738 777 793 debere
826 737 1070 810 intelligi
1102 755 1299 795 semen
1338 735 1599 803 Abrahae,
1636 735 1694 789 id
1729 739 1819 790 est
1850 733 1975 789 ali-
2089 736 2303 793 raciter
2341 738 2724 795 circumcidit.
2788 740 2867 796 De
2914 740 3025 795 hac
3070 739 3517 798 circumcisione
3564 740 3740 795 etiam

279 846 463 903 quem
516 827 815 894 Judzeum,
864 830 919 881 et
971 844 1075 899 per
1122 826 1499 900 prmputium,
1533 822 1850 897 gentilem;
1905 825 1980 877 ut
2089 824 2319 898 Moyses
2362 826 2595 883 locutus
2643 831 2751 896 est,
2785 829 2984 884 dicens
3018 846 3031 884 :
3068 829 3449 886 Circumcidite
3475 829 3741 883 duritiam

282 920 363 975 sit
393 933 617 973 sensus
651 934 665 971 :
697 915 756 971 Si
787 921 1073 988 praecepta
1095 916 1243 989 legis
1273 914 1619 989 spiritaliter
1642 911 1974 983 intelligas,

280 1015 339 1065 et
366 1006 591 1064 Christi
626 1004 894 1060 notitiam
923 1005 980 1059 in
1014 1005 1101 1062 eis
1129 1022 1439 1077 agnoscas,
1466 1007 1643 1074 teque
1684 1018 1787 1075 per
1835 1000 1977 1071 ejus

281 1098 465 1153 ﬁdem
518 1093 733 1151 salvari
782 1110 952 1165 posse
994 1094 1314 1151 conﬁdas:
1351 1094 1589 1167 prodest
1636 1091 1768 1159 tibi,
1804 1090 1970 1161 quod

281 1202 490 1243 semen
523 1201 586 1240 es
616 1181 880 1253 Ahraha,
930 1181 988 1237 id
1032 1187 1151 1253 est,
1201 1184 1357 1255 quod
1408 1182 1651 1239 Judaaus
1692 1198 1777 1237 es.
1809 1178 1973 1234 Alio-

284 1275 432 1348 quin
481 1271 631 1328 nihil
675 1270 781 1326 tibi
823 1271 1090 1343 prodest;
1129 1270 1271 1344 quia
1301 1271 1672 1344 degenerasti
1721 1286 1755 1325 a
1797 1268 1970 1323 nobi-

282 1366 455 1422 litate
486 1360 729 1420 seminis
760 1360 1026 1427 Abrahzs,
1057 1365 1128 1416 et
1160 1361 1422 1418 transisti
1454 1362 1525 1417 ad
1550 1359 1969 1416 inﬁdelitatem

283 1453 550 1529 gentilis.
600 1452 671 1507 Et
716 1450 828 1507 hoc
884 1455 993 1516 est,
1050 1451 1220 1522 quod
1277 1451 1606 1523 sequitur:
1662 1450 1731 1506 Si
1784 1452 1971 1504 autem

276 1544 682 1616 praevaricator
728 1542 866 1614 legis
911 1541 1010 1608 sis,
1058 1542 1413 1596 circumcisio
1465 1546 1567 1596 tua
1621 1541 1970 1613 praeputium

281 1636 442 1705 facta
467 1636 562 1689 est.
597 1629 880 1703 Sequitur
928 1647 941 1685 :
997 1628 1054 1684 Si
1109 1630 1288 1700 igitur
1330 1632 1685 1702 praeputium
1716 1629 1970 1702 justitias

287 1722 432 1792 legis
458 1720 742 1789 custodiat,
778 1734 960 1775 nonne
1006 1720 1350 1790 praeputium
1397 1721 1560 1776 illius
1610 1721 1677 1775 in
1724 1721 1966 1776 circum-

2086 914 2263 969 cordis
2300 919 2486 972 vestri.
2522 918 2590 972 Et
2620 917 2756 972 item
2791 936 2803 973 :
2839 918 3317 975 (.‘ircumcidimini
3361 919 3591 975 Domino
3634 917 3739 972 Deo

2086 1008 2258 1061 vestro
2289 1006 2467 1077 (Deut.
2490 1024 2548 1074 x,
2583 1007 2691 1079 16).
2723 1007 2792 1061 Et
2820 1009 3104 1063 Jeremias
3138 1025 3150 1063 :
3186 1007 3566 1063 Circumcidite
3587 1019 3733 1077 prte-

2076 1095 2241 1163 putia
2270 1096 2513 1151 cordimn
2544 1102 2849 1151 vestrorum
2879 1096 3013 1168 (Jer.
3048 1113 3126 1166 1v,
3150 1098 3225 1168 4).
3258 1093 3735 1153 Circumcisionis

2084 1185 2280 1239 autem
2314 1186 2550 1257 signum
2584 1185 2714 1240 ideo
2763 1186 2965 1240 datum
3016 1189 3101 1242 est
3144 1185 3383 1254 Judaeis,
3418 1188 3481 1239 ut
3512 1183 3612 1239 illo
3646 1199 3734 1238 se-

2082 1278 2461 1330 cernerentur
2492 1274 2564 1329 ab
2596 1274 2872 1329 omnibus
2917 1274 3192 1347 gentibus
3229 1293 3241 1330 :
3276 1274 3430 1345 quod
3478 1288 3624 1345 pene
3672 1272 3734 1326 in

2079 1358 2210 1432 ipso
2242 1364 2449 1418 mundi
2480 1364 2711 1419 exordio
2741 1364 3180 1436 praaﬁguratum
3211 1366 3301 1418 est
3351 1362 3412 1416 in
3451 1362 3612 1429 Cain,
3642 1359 3735 1415 cui

2079 1448 2370 1507 Dominus
2401 1452 2563 1508 dedit
2592 1453 2827 1525 signum
2859 1453 3109 1508 timoris.
3146 1453 3214 1507 Et
3260 1450 3413 1506 sicut
3440 1450 3538 1506 ille
3577 1449 3638 1504 in
3669 1464 3735 1505 eo

2080 1538 2250 1611 signo
2282 1542 2673 1613 perseveravit
2722 1558 2909 1613 usque
2959 1542 3030 1596 ad
3082 1543 3353 1610 mortem,
3403 1538 3486 1594 ita
3524 1537 3623 1593 isti
3674 1536 3733 1591 in

2078 1626 2250 1700 signo
2280 1629 2747 1686 circumcisionis
2778 1630 3235 1701 perseverabunt
3267 1644 3455 1699 usque
3484 1627 3556 1683 ad
3577 1625 3733 1681 diem

2069 1717 2308 1786 judicii,
2342 1724 2408 1775 ut
2436 1719 2751 1791 impleatur
2780 1720 2934 1792 qqu
2966 1718 3120 1774 idem
3168 1717 3485 1791 Apostolus
3534 1714 3678 1772 dicit
3716 1730 3729 1769 :

285 1812 499 1867 cisione
524 1809 669 1881 (134)
702 1808 1100 1903 reputabitur?
1132 1806 1513 1879 Przeputium,
1548 1809 1709 1864 sicut
1761 1812 1819 1863 et
1866 1824 1969 1862 su-
2000 1839 2049 1903 B
2079 1806 2256 1863 Donec
2280 1809 2575 1880 plenitudo
2600 1812 2846 1879 gentium
2875 1811 3134 1877 introeat,
3162 1812 3216 1863 et
3242 1809 3322 1863 sic
3349 1807 3527 1862 omnis
3562 1802 3735 1860 Israel

289 1899 513 1971 perius,
542 1897 767 1971 aliquis
800 1896 1038 1969 gentilis
1066 1899 1325 1953 vocatur.
1348 1898 1379 1954 J
1388 1900 1593 1954 ustum
1624 1901 1827 1953 autem
1857 1901 1975 1965 est,

288 1992 362 2045 ut
423 1988 517 2043 illa
569 1986 843 2044 carnalia
896 1992 1210 2059 praecepta,
1270 1985 1627 2059 spiritaliter
1680 1984 1978 2057 intellige-

289 2082 499 2133 rentur
541 2075 873 2149 implenda.
924 2076 999 2131 Et
1054 2078 1145 2131 est
1189 2090 1402 2131 sensus
1444 2076 1547 2130 :Si
1593 2076 1972 2150 praeputium,

290 2165 492 2235 idest,
520 2163 742 2238 aliquis
796 2164 1039 2236 gentilis
1089 2163 1434 2236 spiritaliter
1481 2164 1631 2238 legis
1686 2169 1977 2237 prmcepta

289 2252 602 2327 intelligat,
634 2257 692 2310 et
729 2253 797 2307 in
828 2253 914 2308 eis
947 2252 1164 2309 Christi
1193 2253 1464 2308 notitiam
1487 2257 1976 2326 agnoscat,seque

292 2360 410 2416 per
440 2344 562 2414 ejus
593 2343 780 2398 ﬁdem
822 2341 1036 2397 salvari
1070 2358 1242 2414 posse
1290 2343 1565 2408 confidat,
1618 2342 1974 2415 praeputium

294 2431 473 2488 illius
501 2432 555 2486 in
587 2430 1047 2487 circumcisione
1095 2430 1490 2503 reputabitur;
1542 2433 1682 2504 quia
1730 2431 1977 2487 transiet

293 2521 377 2575 ad
436 2519 805 2576 nobilitatem
844 2518 1078 2591 generis
1106 2518 1382 2586 Abrahae;
1416 2524 1474 2575 et
1501 2522 1630 2591 ejus
1662 2519 1819 2575 ﬁlius
1849 2520 1973 2575 efﬁ-

295 2609 519 2674 cietur,
563 2610 735 2680 juxta
786 2608 942 2679 quod
997 2608 1124 2679 ipse
1168 2607 1485 2680 Apostolus
1526 2607 1668 2664 alibi
1700 2608 1882 2662 dicit:
1916 2608 1976 2664 Si

293 2702 502 2754 autem
558 2714 643 2753 vos
691 2697 926 2767 Christi,
975 2713 1100 2768 ergo
1146 2697 1383 2754 Abrahae
1438 2713 1621 2753 semen
1676 2697 1824 2766 estis,
1882 2702 1973 2751 se;

294 2786 555 2843 cundum
596 2788 1044 2858 promissionem,
1075 2787 1322 2842 hwredes
1374 2786 1524 2859 (Gal.
1578 2803 1664 2858 ιιι,
1714 2785 1827 2857 29).
1875 2789 1976 2840 Se-

300 2876 522 2947 quitur
580 2891 594 2931 :
652 2877 719 2930 Et
762 2874 1058 2947 judicabit,
1116 2876 1266 2945 (35)
1319 2876 1461 2948 quod
1512 2891 1583 2931 ex
1637 2883 1845 2931 natura
1899 2882 1979 2930 est

292 2966 674 3037 prwputium,
728 2964 901 3036 legem
946 2980 1330 3021 consummans
1358 2970 1431 3031 te,
1461 2966 1560 3036 qui
1594 2980 1697 3035 per
1741 2965 1976 3019 circum-

297 3052 584 3107 cisionem
611 3058 666 3107 et
695 3053 946 3109 litteram
971 3056 1373 3125 praevaricator
1404 3054 1536 3124 legis
1566 3069 1621 3108 es
1650 3052 1821 3123 (136).
1842 3051 1977 3107 Sen-

2085 1896 2272 1952 salvus
2300 1899 2399 1967 ﬁat
2427 1900 2602 1970 (Rom.
2636 1916 2715 1969 xx,
2740 1901 2851 1971 25).
2888 1899 3050 1964 Quod
3078 1915 3148 1954 ex
3176 1914 3242 1953 eo
3273 1895 3527 1952 maxime
3572 1910 3732 1949 com-

2085 1986 2389 2056 probatur,
2419 1988 2559 2059 quia
2587 1987 2787 2044 nullus
2814 1988 3166 2060 principum,
3212 1986 3332 2042 sive
3363 2000 3589 2056 regum,
3623 1982 3734 2038 sub

2087 2090 2203 2147 quo
2233 2076 2584 2147 deguerunt,
2616 2078 2807 2133 conati
2839 2081 2981 2133 sunt
3011 2076 3259 2147 auferre
3282 2074 3353 2129 ab
3385 2072 3468 2129 eis
3498 2072 3734 2143 signum

2086 2163 2573 2222 circumcisionis.
2607 2168 2776 2235 Cuius
2808 2167 2930 2221 laus
2955 2181 3065 2221 non
3093 2181 3163 2220 ex
3187 2162 3512 2226 hominibas,
3544 2160 3637 2215 sed
3666 2177 3735 2216 ex

2086 2257 2243 2309 Deo:
2285 2255 2414 2324 ejus
2463 2254 2704 2321 scilicet,
2754 2254 2854 2326 qui
2901 2255 2972 2309 de
3020 2252 3240 2308 carnali
3288 2249 3734 2307 circumcisione

2084 2358 2201 2397 non
2231 2340 2536 2414 gloriatur,
2572 2348 2628 2398 et
2659 2360 2772 2397 non
2804 2342 2930 2398 suis
2961 2341 3205 2412 meritis,
3239 2341 3339 2396 sed
3393 2337 3493 2394 Dei
3545 2338 3737 2409 gratia

2082 2448 2145 2487 se
2175 2430 2464 2488 salvatum
2495 2431 2778 2505 agnoscit.
2821 2431 3106 2503 Superius
3157 2428 3444 2485 allocutus
3491 2428 3582 2483 est
3629 2426 3734 2482 Ju-

2083 2519 2238 2576 dzeos
2267 2521 2620 2577 incredulos.
2660 2521 2876 2576 Deinde
2905 2520 3129 2575 dixerat
3177 2518 3343 2573 illum
3374 2533 3502 2573 esse
3530 2532 3735 2572 verum

2082 2608 2375 2675 Judzeum,
2403 2611 2576 2680 cujus
2605 2609 2761 2665 bona
2785 2625 2959 2681 opera
2983 2626 3099 2664 non
3131 2607 3193 2663 in
3225 2607 3536 2663 manifesto
3573 2609 3733 2673 sunt,

2082 2699 2182 2753 sed
2216 2697 2275 2753 in
2299 2699 2670 2767 abscondito;
2697 2704 2754 2754 et
2772 2716 2968 2754 veram
2992 2696 3495 2754 circumcisionem
3521 2694 3735 2761 cordis,

2083 2802 2211 2857 quae
2242 2792 2333 2843 est
2364 2788 2597 2859 spiritu,
2627 2804 2742 2843 non
2775 2787 2989 2843 littera.
3041 2788 3112 2842 Et
3162 2785 3302 2857 quia
3348 2784 3573 2840 dixerat
3619 2799 3736 2838 non

2084 2891 2212 2931 esse
2244 2893 2627 2948 personarum
2659 2877 3055 2949 acceptionem
3090 2875 3244 2948 apud
3272 2875 3569 2942 Deum,ne
3591 2872 3739 2927 forte

2086 2965 2386 3020 credentes
2440 2967 2653 3037 Judaei,
2707 2964 3121 3022 contemnendi
3179 2967 3547 3036 putarentur,
3609 2961 3738 3015 ideo

2086 3052 2367 3120 subdidit,
2419 3053 2802 3125 quaestionem
2854 3052 2964 3108 sibi
3017 3067 3389 3125 proponens:
3423 3049 3581 3122 (CAP.
3617 3048 3739 3119 III.)

305 3158 420 3197 sus
455 3144 550 3197 est
579 3140 675 3196 hic
704 3160 723 3196 :
758 3141 1136 3213 Przeputium,
1189 3141 1346 3214 quod
1401 3158 1471 3196 ex
1520 3145 1734 3196 natura
1779 3148 1887 3211 est,
1919 3141 1977 3197 id
2015 3200 2052 3214 Α
2089 3140 2238 3211 (140)
2270 3141 2409 3209 Quid
2436 3157 2566 3211 ergo
2596 3142 2836 3212 amplius
2867 3150 2945 3197 est
2973 3141 3205 3199 Iudaeo?
3232 3140 3337 3196 Aut
3365 3154 3490 3211 quae
3517 3136 3741 3193 utilitas

303 3233 422 3297 est,
462 3228 682 3301 aliquis
712 3228 970 3302 gentilis,
1022 3232 1125 3301 qui
1174 3246 1279 3301 per
1327 3234 1603 3284 naturam
1634 3229 1813 3284 habet
1841 3246 1980 3300 prm-
2008 3200 2053 3267 α
2092 3236 2168 3283 est
2194 3230 2667 3285 circumcisionis?
2703 3234 2771 3284 Et
2814 3229 2901 3285 vel
2944 3247 3014 3285 ex
3060 3246 3189 3295 sua,
3237 3228 3325 3284 vel
3371 3244 3439 3283 ex
3490 3226 3740 3282 aliorum

304 3318 579 3391 putium,
632 3321 709 3381 te,
760 3316 861 3388 qui
909 3333 1014 3387 per
1064 3316 1344 3384 litteram,
1390 3321 1448 3372 et
1474 3316 1980 3374 circumcisionem

302 3406 731 3480 praevaricator
775 3404 923 3478 legis
970 3422 1055 3476 es,
1098 3404 1414 3477 judicabit,
1447 3405 1507 3461 id
1559 3410 1671 3475 est,
1705 3407 1979 3463 condem-

299 3497 496 3565 nabit,
546 3510 663 3548 non
705 3498 1010 3564 potestate,
1071 3494 1174 3549 sed
1234 3496 1670 3567 comparatione
1721 3494 1981 3552 melioris

298 3585 472 3653 facti;
499 3585 675 3655 juxta
705 3583 861 3653 quod
885 3582 1173 3639 Dominus
1197 3583 1255 3638 in
1281 3576 1590 3656 Evangelio
1614 3585 1757 3640 dicit
1793 3603 1806 3641 :
1855 3584 1980 3641 Ideo

302 3675 415 3745 ipsi
431 3671 653 3745 judices
673 3673 840 3727 vestri
872 3676 1036 3735 eritnt
1075 3670 1286 3744 (Matth.
1318 3690 1419 3740 xu,
1451 3674 1551 3728 27:
1585 3678 1715 3729 Luc.
1749 3691 1830 3740 x1,
1866 3675 1976 3746 19).

303 3763 376 3817 Et
405 3763 553 3817 item
586 3776 601 3815 :
634 3761 845 3829 Regina
873 3762 1062 3816 Austri
1087 3765 1274 3830 surget
1331 3763 1393 3815 in
1432 3762 1712 3833 judicium
1736 3779 1863 3818 cum
1893 3780 1979 3835 ge—

303 3851 601 3908 neratione
648 3850 758 3905 ista
805 3850 1015 3921 (Matth.
1078 3867 1221 3917 XLII;
1295 3852 1424 3905 Luc.
1474 3868 1630 3921 xxxn,
1690 3856 1801 3907 etc.
1859 3854 1977 3908 Non

306 3942 486 4010 enim,
540 3942 634 4010 qut
681 3940 741 3993 in
784 3940 1087 4010 mani/esto
1132 3940 1355 3994 Judwus
1402 3947 1500 4006 est,
1541 3956 1716 4011 neque
1763 3955 1890 4011 quae
1919 3943 1980 3996 in

306 4030 633 4101 manifesto,
666 4029 726 4083 in
750 4044 936 4096 carne,
965 4029 1310 4084 circumcisio
1357 4027 1527 4100 (137),
1576 4033 1685 4084 etc.
1743 4029 1806 4083 In
1855 4045 1980 4085 ma-

309 4118 531 4175 nifesto
570 4117 808 4173 Iudaeus
851 4123 960 4185 est,
1012 4116 1113 4189 qui
1162 4116 1235 4172 de
1279 4115 1498 4172 carnali
1531 4117 1981 4174 circumcisione

308 4206 625 4282 gloriatur,
658 4207 729 4262 de
766 4204 1045 4278 qualibus
1097 4204 1239 4260 dicit
1294 4192 1611 4277 Apostolus
1665 4224 1679 4263 :
1737 4206 1976 4276 Quorum

306 4298 458 4353 Deus
522 4298 728 4364 venter,
794 4303 845 4352 et
902 4295 1088 4364 gloria
1161 4295 1222 4348 in
1296 4296 1669 4365 confusionem
1734 4298 1981 4367 ipsorum

310 4382 598 4457 (Philipp.
633 4401 718 4455 ιιι,
754 4384 863 4454 19).
894 4381 1091 4438 Gloria
1120 4397 1377 4454 namque
1406 4398 1610 4439 eorum
1659 4384 1719 4441 in
1770 4386 1977 4441 confu-

309 4473 484 4531 sione
536 4476 645 4539 est,
698 4473 837 4546 quia
884 4472 940 4527 in
990 4470 1284 4543 pudendis
1315 4471 1599 4529 membris
1628 4472 1975 4543 gloriantur.

2092 3317 2481 3387 persona,sihi
2512 3317 2814 3388 respondit
2844 3335 2856 3373 :
2879 3319 3110 3374 Multum
3136 3334 3234 3389 per
3262 3333 3478 3373 omnem
3495 3314 3737 3372 modum.

2090 3408 2160 3460 Et
2222 3409 2288 3461 ut
2347 3406 2678 3462 ostenderet
2742 3407 3060 3478 quomodo,
3120 3405 3738 3471 subdiditzPrimum,

2088 3496 2221 3566 quia
2246 3496 2457 3551 credita
2502 3500 2635 3550 sunt
2681 3496 2801 3551 illis
2854 3496 3072 3568 eloquia
3099 3496 3217 3551 Dei.
3252 3494 3359 3551 Ubi
3391 3494 3738 3561 notandum,

2090 3584 2230 3656 quia
2261 3583 2518 3658 primum
2550 3583 2716 3653 dicit,
2756 3584 2856 3640 sed
2907 3584 3234 3641 secundum
3296 3600 3412 3639 non
3460 3582 3738 3647 ostendit,

2089 3673 2243 3744 quod
2276 3671 2843 3745 subintelligendum
2894 3672 3150 3744 reliquit.
3188 3672 3289 3727 His
3320 3676 3515 3728 autem
3546 3669 3741 3726 verbis

2089 3763 2345 3818 ostendit
2374 3763 2711 3834 Apostolus,
2744 3762 2903 3833 quia,
2938 3778 3055 3833 prae
3105 3759 3403 3830 omnibus,
3451 3778 3578 3832 quae
3627 3775 3739 3813 cce-

2089 3848 2231 3906 litus
2256 3850 2474 3905 Judaeis
2504 3849 2718 3904 collata
2749 3854 2908 3916 sunt,
2942 3848 3086 3904 illud
3134 3848 3243 3903 fuit
3291 3849 3651 3921 pmcipuum
3686 3852 3743 3902 et

2090 3939 2377 4010 dignitate
2408 3937 2765 4009 praecellens,
2798 3939 2952 4009 quod
2983 3954 3099 3993 non
3134 3936 3324 3991 solum
3374 3934 3742 4008 patriarchae,

2089 4027 2189 4082 sed
2224 4030 2282 4081 et
2311 4025 2503 4081 omnis
2534 4024 2893 4080 Israeliticus
2938 4024 3195 4096 populus
3243 4024 3340 4078 Dei
3390 4022 3743 4078 allocutione

2090 4113 2393 4185 perfrui,et
2423 4113 2609 4185 legem
2641 4130 2675 4167 a
2707 4117 2819 4167 Deo
2853 4111 3281 4183 promulgatam
3315 4110 3613 4182 suscipere
3629 4125 3745 4165 me-

2090 4207 2355 4259 ruerunt.
2396 4202 2731 4257 Secundum
2778 4218 2912 4257 vero
2960 4204 3050 4257 est
3098 4200 3253 4272 quod
3303 4197 3511 4255 multis
3556 4198 3743 4271 signis

2091 4296 2149 4347 et
2174 4291 2458 4365 prodigiis
2489 4292 2560 4347 ab
2586 4290 2925 4364 Egyptiaca
2972 4289 3250 4347 servitute
3297 4287 3550 4359 liberati,
3583 4304 3744 4343 mare

2092 4380 2359 4436 Rubrum
2391 4380 2561 4436 siccis
2594 4380 2842 4453 pedibus
2874 4379 3255 4435 transierunt.
3294 4376 3509 4432 Deinde
3551 4382 3745 4433 atten-

2089 4470 2283 4525 denda
2312 4476 2452 4526 sunt
2482 4474 2707 4537 caetera,
2742 4486 2870 4540 quas
2901 4469 2987 4524 eis
3015 4466 3299 4523 divinitus
3332 4466 3543 4522 collata
3582 4470 3741 4535 sunt,

312 4566 383 4621 Et
446 4567 513 4618 ut
558 4562 891 4618 ostenderet
944 4577 1149 4617 verum
1201 4559 1493 4625 Judmum,
1546 4565 1604 4616 et
1658 4562 1981 4635 spiritalem
2011 4563 2059 4628 D
2093 4560 2277 4615 donec
2310 4564 2525 4615 terram
2559 4558 3033 4631 repromissionis
3062 4557 3368 4611 intrarent.

312 4649 855 4717 circumcisionem,
883 4649 1161 4707 continuo
1194 4647 1460 4705 subdidit
1492 4666 1505 4703 :
1539 4649 1644 4705 Sed
1691 4653 1792 4724 qui
1832 4652 1981 4723 (138)

313 4745 381 4799 in
433 4739 767 4806 abscondito,
796 4740 1043 4811 Iudaeus,
1092 4741 1193 4805 est,
1243 4741 1295 4794 et
1339 4739 1683 4795 circumcisio
1713 4740 1892 4796 cordis
1924 4743 1984 4797 in

313 4832 553 4904 spiritu.
585 4828 690 4884 Hic
720 4828 1100 4900 qumrendum
1138 4830 1230 4883 est
1278 4826 1419 4898 quid
1467 4827 1546 4882 sit
1592 4827 1982 4887 circumcisio.

315 4916 710 4977 Circumcisio
761 4921 851 4973 est
898 4917 1092 4972 carnis
1139 4915 1500 4988 exspoliatio,
1551 4932 1684 4989 quin
1731 4919 1982 4991 ﬁguram

313 5008 571 5084 gerebat
596 5023 742 5064 verae
773 5004 1258 5063 circumcisionis.
1292 5005 1437 5063 Vera
1485 5011 1684 5062 autem
1734 5006 1982 5063 circum-

429 5241 555 5313 134)
583 5239 831 5313 Vulgata
860 5237 1039 5295 habet
1069 5252 1085 5313 ξ
1118 5235 1615 5313 Circumcisionem.

429 5243 555 5313 134)
583 5243 831 5313 Vulgata
860 5243 1039 5295 habet
1069 5252 1083 5292 :
1118 5243 1615 5293 Circumcisionem.

398 5243 559 5385 $135)
590 5311 762 5385 Vulg.
793 5311 947 5367 inter
971 5306 1147 5366 verba
1164 5306 1449 5379 judicabit
1495 5312 1553 5364 ct
1599 5307 1760 5381 quod,
1810 5309 1988 5366 habet

318 5383 661 5463 praesume!
692 5383 768 5463 id-

406 5458 561 5527 (136)
597 5457 726 5512 Post
753 5471 830 5527 es,
852 5453 911 5508 in
940 5451 1113 5525 Vulg.
1136 5449 1313 5527 _adest
1340 5457 1629 5527 punctum
1658 5451 1985 5523 interroga-

322 5521 543 5599 tionis,
576 5529 728 5599 quod
756 5521 827 5599 in:
848 5521 1216 5599 autographa
1243 5524 1444 5577 nostro
1471 5522 1855 5599 desideratur.

413 5593 567 5673 (137)
593 5593 681 5655 lbi
711 5593 1076 5673 desideratur
1098 5593 1343 5673 verbum
1374 5599 1473 5666 est,
1510 5595 1664 5667 quod
1713 5593 1988 5667 praecedit

322 5677 398 5734 in
422 5668 609 5746 ναις.
637 5671 875 5728 verbum
908 5668 1379 5725 Circumcisionis.

2161 4648 2296 4719 Sed,
2331 4647 2471 4719 quia
2501 4650 2769 4719 poterant
2800 4645 2983 4718 aliqui
3014 4644 3207 4699 dicere
3239 4660 3253 4698 :
3287 4642 3435 4709 Quid
3466 4640 3584 4697 illis
3605 4657 3742 4713 pro-

2093 4737 2331 4791 fuerunt
2360 4736 2582 4791 credita
2613 4734 2848 4806 eloquia
2894 4734 3016 4802 Dei,
3069 4731 3169 4804 qui
3220 4730 3642 4787 murmurando
3683 4730 3743 4785 in

2093 4826 2326 4882 deserto
2361 4824 2698 4897 perierunt?
2742 4823 2813 4878 ad
2865 4822 2988 4877 hEBG
3026 4819 3337 4893 Apostolus
3383 4819 3740 4891 respondet:

2094 4914 2247 4988 Quid
2276 4913 2510 4984 enim,si
2539 4911 2766 4983 quidam
2790 4927 2981 4968 eorum
3011 4925 3123 4966 non.
3145 4907 3741 4979 crediderunt,subau-

2094 5003 2275 5071 ditur,
2309 5002 2512 5059 obest?
2538 5001 2797 5073 Nunquid
2827 5000 3187 5056 incredulitas
3216 4998 3441 5055 illorum
3469 4996 3628 5068 ﬁdem
3646 4992 3745 5048 Dei

3373 5226 3468 5296 uia
3497 5221 3738 5296 legitur;

2166 5236 2315 5308 (138)
2350 5237 2411 5291 In
2444 5233 2828 5308 autographa,
2858 5249 2975 5308 non
3023 5233 3137 5308 qui,
3186 5230 3287 5285 sed

3364 5270 3741 5369 Gigaiéé’,"§éd

2096 5303 2254 5379 quod
2298 5303 2420 5362 non
2464 5303 2655 5361 solum
2692 5303 2914 5379 contra
2940 5303 3259 5379 _lectionem

2096 5374 2299 5434 contra
2323 5393 2561 5434 sensum
2596 5391 2841 5448 peccare
2860 5374 3110 5430 videtur.

2193 5449 2316 5518 139)
2339 5448 2505 5516 Vide,
2535 5441 2676 5503 num
2708 5445 2926 5520 meligs
2938 5441 3296 5520 _exspoliatio.

2192 5512 2314 5589 140)
2346 5522 2408 5576 In
2441 5512 2561 5577 aut.
2595 5513 3095 5590 marg.c.V_Il._g\b
3126 5512 3286 5568 hisce
3312 5512 3504 5569 verbis
3535 5512 3742 5588 incipit

2096 5581 2273 5666 caput
2295 5581 2536 5649 tertium
2569 5581 2757 5662 Epist‘.’
2777 5588 2948 5657 juxta
2979 5581 3150 5656 Vulg.
