4116 6184
229 358 322 422 157

781 351 1209 415 EXPOSITIO
1252 348 1330 412 IN
1374 346 1818 411 EPISTOLAS
1857 345 2118 411 PAULI.
2148 379 2227 390 —
2256 345 2334 408 IN
2379 344 2630 409 EPIST.
2674 344 2778 407 AD
2822 338 3016 405 ROM.

3519 338 3640 402 158

228 493 373 550 batur
397 501 503 542 non
534 482 688 541 sicut
730 487 1067 557 peccatores
1113 483 1551 540 condemnandi
1599 498 1809 539 sumus
1834 499 1848 551 ;
1882 482 1939 548 Α
1966 486 2151 537 Deum
2181 480 2404 536 sincere
2433 478 2778 552 intelligere,
2805 475 3030 533 sincere
3052 488 3170 528 non
3201 472 3409 543 potest
3439 471 3636 543 inqui-

229 581 312 639 sed
340 578 542 650 quanto
574 573 834 646 amplius
864 590 1199 646 peccamus,
1222 577 1385 628 tanto
1416 574 1648 644 majora
1677 573 1858 628 bene-

232 669 343 727 ﬁcia
366 664 648 736 suscipere
679 663 990 719 debemus.
1011 665 1079 719 Et
1099 669 1404 734 tamquam
1429 663 1590 718 dicat
1611 661 1857 734 aliquis:

1967 588 2112 627 rere.
2145 570 2292 625 Hinc
2343 573 2399 624 et
2444 569 2727 625 Dominus
2775 566 2836 621 in
2866 561 3181 636 Evangelio
3230 559 3385 615 dicit
3417 579 3430 616 :
3463 563 3633 616 Nemo

1962 665 2139 734 potest
2163 660 2372 714 duobus
2415 659 2649 714 dominis
2678 656 2826 729 (152)
2856 657 3063 710 servire
3090 673 3110 709 :
3144 651 3344 706 Omnes
3376 650 3629 705 declina-

231 758 276 814 Si
304 771 423 827 ergo
451 752 718 822 mentior,
743 769 861 808 non
893 757 1179 824 tanquam
1203 755 1474 823 peccator
1500 751 1860 824 judicandus
1968 754 2162 806 verunt
2192 748 2368 818 (Psal.
2402 765 2525 817 xm,
2558 748 2634 819 3),
2666 747 2723 801 id
2756 749 2864 811 est,
2896 762 2930 799 a
2959 749 3073 798 Deo
3104 740 3624 801 recesserunt.Quo

233 862 341 903 sum
365 862 377 911 ;
408 842 539 915 quia
560 840 773 896 veritas
799 841 900 896 Dei
932 842 993 896 in
1020 857 1148 896 meo
1177 840 1485 896 mendacio
1520 840 1783 896 abundat
1798 837 1859 892 in

230 935 390 1009 gloria
415 930 597 1002 ipsius
628 948 640 985 :
679 931 837 985 unde
867 929 1044 1002 paulo
1075 929 1323 985 inferius
1355 930 1503 985 dicit
1535 947 1548 985 :
1584 929 1648 985 Si
1675 932 1863 983 autem

232 1022 563 1094 (148)11eritas
595 1020 694 1075 Dei
721 1021 783 1073 in
825 1036 951 1076 meo
979 1020 1268 1075 mendacio
1314 1019 1565 1075 abundat
1594 1020 1654 1073 in
1682 1017 1865 1089 gloria

234 1111 355 1185 (149)
401 1111 566 1181 ipsius
596 1128 615 1163 :
647 1108 782 1180 quid
822 1108 1005 1163 adhuc
1045 1118 1095 1165 et
1142 1124 1258 1180 ego,
1300 1112 1575 1181 tanquam
1618 1109 1867 1179 peccator

226 1200 416 1274 judicor
436 1200 457 1252 Ρ
474 1200 684 1253 Contra
702 1213 841 1269 ergo
872 1197 984 1253 hos
1011 1197 1153 1253 dicit
1183 1197 1506 1269 Apostolus
1533 1215 1545 1252 :
1568 1195 1868 1252 secundum

235 1290 475 1345 hominem
500 1287 619 1342 dico
645 1305 664 1341 :
704 1286 883 1343 Absit.
916 1287 1249 1342 Secundum
1302 1286 1632 1351 hominem,
1666 1284 1725 1339 id
1757 1289 1865 1349 est,

235 1376 526 1436 secundum
556 1375 871 1444 rationem,
904 1375 1286 1432 intellectum.
1321 1379 1490 1442 Quod
1522 1376 1653 1431 ideo
1681 1373 1782 1444 ait,
1806 1374 1873 1426 ut

236 1466 533 1524 ostenderet
560 1482 659 1521 eos
691 1465 797 1536 qui
829 1463 975 1521 talia
1003 1464 1348 1538 loquuntur,
1382 1480 1501 1520 non
1525 1479 1653 1520 esse
1686 1462 1873 1519 homi-

236 1572 341 1613 nes.
369 1559 445 1610 Ac
474 1554 521 1610 si
554 1553 774 1609 diceret
805 1569 819 1608 :
853 1554 983 1609 Non
1015 1557 1104 1609 est
1132 1552 1231 1621 ita,
1266 1558 1332 1609 ut
1356 1569 1463 1609 vos
1492 1552 1721 1619 dicitis;
1754 1568 1873 1606 non

236 1645 368 1702 enim
397 1649 581 1699 vestro
613 1641 929 1699 mendacio
970 1648 1026 1698 et
1071 1642 1382 1715 iniquitate
1415 1641 1521 1698 Dei
1552 1641 1787 1706 veritas,
1818 1645 1879 1696 et

229 1732 437 1807 justitia
464 1733 828 1806 approbatur
853 1750 867 1801 ;
902 1732 1043 1804 quia
1063 1733 1248 1788 Deum
1275 1736 1549 1788 nostrum
1582 1747 1699 1787 non
1720 1729 1880 1785 mala

1970 840 2126 895 dicto
2156 838 2277 893 vult
2304 837 2629 902 ostendere,
2663 836 2802 908 quia
2823 833 3061 890 veniens
3086 829 3370 887 Dominus
3400 843 3503 899 per
3526 826 3617 881 In-

1971 927 2328 984 carnationis
2381 925 2747 998 mysterium,
2787 923 3019 978 Judeeos
3068 919 3295 975 similes
3343 914 3618 989 gentibus

1974 1016 2229 1073 invenit:
2266 1016 2420 1071 unde
2452 1014 2587 1070 alibi
2619 1013 2793 1069 dicit:
2821 1011 3097 1068 Conclusit
3118 1009 3401 1078 Scriptura
3430 1002 3620 1058 omnia

1972 1107 2073 1163 sub
2102 1110 2320 1178 peccato
2354 1106 2496 1176 (Gal.
2543 1121 2625 1173 In,
2662 1104 2771 1174 22).
2808 1100 2982 1156 Simul
3030 1098 3257 1154 inutiles
3303 1094 3442 1165 [acti
3469 1093 3619 1157 sunt,

1974 1196 2034 1251 id
2057 1202 2168 1261 est,
2189 1194 2374 1252 Judaei
2406 1192 2679 1267 gentibus
2703 1189 2926 1246 similes
2948 1187 3083 1243 facti
3103 1189 3261 1242 sunt.
3291 1179 3543 1246 Inutilis,
3562 1180 3627 1231 ut

1977 1285 2217 1357 quidam
2240 1284 2466 1350 volunt,
2491 1283 2562 1338 ab
2582 1280 2736 1337 idolo
2761 1280 2995 1335 dicitur.
3018 1275 3244 1332 Idolum
3264 1270 3491 1327 vanitas
3515 1269 3623 1323 est:

1979 1392 2114 1447 ergo
2143 1379 2201 1429 et
2226 1372 2451 1429 inutilis
2498 1388 2704 1426 vanus.
2735 1370 2853 1425 Non
2900 1377 2998 1435 est,
3033 1366 3130 1437 qui
3172 1363 3351 1435 faciat
3378 1363 3584 1415 bonum
3612 1373 3626 1424 ;

1980 1481 2091 1521 non
2110 1468 2190 1520 est
2210 1479 2376 1535 usque
2393 1462 2465 1517 ad
2483 1478 2676 1516 unum.
2703 1458 2867 1524 Quod
2892 1456 3123 1520 dicitur,
3146 1466 3319 1523 usque
3337 1449 3413 1504 ad
3428 1462 3625 1512 unum,

1984 1557 2175 1626 potest
2203 1550 2449 1623 intelligi
2472 1549 2881 1620 simul,etcum
2904 1547 3031 1618 ipso
3057 1541 3261 1609 uno,id
3287 1543 3379 1594 est
3405 1535 3627 1592 nullus:

1987 1644 2175 1715 potest
2204 1647 2277 1712 et,
2311 1644 2518 1713 praeter
2548 1655 2753 1715 unum,
2782 1641 2847 1692 ut
2875 1635 3163 1690 referatur
3210 1629 3281 1686 ad
3310 1626 3631 1715 Christum.

1988 1713 2065 1787 Eo
2096 1747 2305 1804 genere
2332 1727 2665 1795 locutionis,
2691 1714 2804 1799 quo
2837 1742 2944 1780 nos
2975 1722 3167 1777 dicere
3195 1717 3458 1775 solemus
3484 1731 3497 1768 :
3524 1713 3637 1768 Iste

237 1839 410 1895 opera,
432 1822 532 1877 sed
563 1822 720 1878 bona
740 1820 1069 1889 delectent;
1095 1838 1200 1877 nec
1229 1821 1290 1876 in
1325 1820 1524 1888 malis,
1550 1821 1651 1876 sed
1680 1820 1737 1874 in
1770 1819 1877 1875 bo-
1914 1848 1960 1912 Β
1991 1837 2127 1893 ager
2158 1835 2345 1891 usque
2375 1819 2447 1874 ad
2478 1834 2638 1873 mare
2668 1813 3074 1887 protenditur;
3105 1808 3207 1865 ubi
3238 1812 3296 1862 et
3330 1819 3491 1861 mare
3521 1816 3637 1856 non

276 1911 281 1912 ,
474 1910 503 1912 μ
673 1910 682 1912 -
766 1910 775 1912 -
1213 1909 1223 1912 _
1470 1908 1482 1912 -
1710 1907 1722 1912 -
1824 1908 1839 1912 -
2229 1908 2241 1912 -
2369 1907 2401 1912 --
2598 1906 2657 1912 -.
3085 1904 3094 1912 .
3218 1895 3273 1912 n1
3334 1895 3347 1906 ·
3390 1897 3508 1912 ιη..-
3589 1890 3637 1912 ..ι

236 1911 316 1967 nis
336 1910 604 1983 operibus
628 1910 938 1983 gloriatur.
969 1912 1096 1982 Ipse
1126 1909 1344 1982 quippe
1366 1908 1559 1965 malos
1584 1907 1883 1981 puniendo

237 2001 537 2071 sejustum
586 2000 820 2072 probat.
854 1999 1020 2055 Unde
1068 2015 1203 2054 mox
1249 1999 1574 2055 subditur:
1624 1998 1888 2070 Alioquin

237 2089 480 2161 quomodo
501 2090 783 2162 judicabit
808 2090 953 2145 Deus
982 2087 1129 2143 hunc
1156 2088 1426 2144 mundum
1449 2091 1477 2142 Σ)
1504 2089 1582 2143 Ac
1604 2086 1653 2144 si
1683 2087 1843 2142 dicat
1871 2102 1886 2142 :

237 2178 347 2234 Nisi
376 2178 567 2235 malos
595 2179 828 2252 puniat,
864 2181 929 2233 ut
957 2194 1022 2233 se
1062 2178 1293 2249 justum
1330 2176 1560 2248 probet,
1593 2175 1889 2246 quomodo

240 2266 638 2340 celebrabiturj
650 2266 1101 2338 udicium,quod
1119 2264 1244 2337 ipse
1260 2269 1570 2321 venturum
1589 2263 1891 2336 promisit?

237 2361 398 2412 Erant
422 2362 709 2430 praeterea
740 2357 841 2429 qui
875 2356 1024 2412 falso
1056 2354 1331 2411 dicebant
1359 2352 1707 2426 Apostolum
1742 2370 1891 2425 prae-

236 2445 414 2502 dicare
439 2463 453 2503 :
477 2449 781 2503 Faciamus
801 2447 976 2513 mala,
1000 2451 1063 2501 ut
1088 2446 1319 2500 veniant
1348 2444 1499 2499 bona
1519 2461 1541 2497 .·
1563 2442 1717 2513 quod
1744 2440 1891 2496 nihil

235 2533 381 2591 aliud
394 2540 669 2609 estquam
684 2535 968 2592 dicere:Si
983 2533 1267 2606 iniquitas
1283 2537 1484 2588 nostra
1487 2530 1893 2603 justitiamDei

236 2622 1155 2698 commendat,iniquusDeus,qui
1170 2620 1895 2692 infertiram.Contraquos

235 2728 361 2768 mox
389 2713 662 2770 subdidit
685 2731 697 2769 :
720 2717 801 2770 Et
824 2729 933 2770 non
964 2715 1107 2769 sicut
1128 2711 1587 2783 blasphemamur,
1612 2709 1894 2765 subaudi-

236 2804 344 2869 tur,
376 2803 461 2857 ita
496 2808 607 2873 est,
636 2807 688 2859 et
716 2805 863 2860 sicut
892 2804 1054 2859 aiunt
1080 2818 1181 2858 nos
1208 2801 1436 2872 quidam
1463 2800 1675 2854 dicere:
1716 2800 1896 2869 facia-

234 2906 348 2946 mus
383 2893 562 2963 mala,
598 2896 655 2947 ut
683 2895 911 2948 veniant
960 2892 1119 2959 bona,
1151 2906 1385 2963 quorum
1431 2888 1716 2944 damnatio
1746 2891 1900 2958 gusta

234 2983 326 3036 est.
351 2982 423 3036 Et
445 2985 541 3036 est
570 2998 782 3038 sensus
806 2998 820 3036 :
844 2981 972 3036 Non
1004 2980 1414 3052 praedicamus,
1438 2981 1504 3032 ut
1523 2974 1748 3044 dicitis;
1774 2976 1899 3042 sed,

172 3098 183 3113 ι
235 3069 368 3142 quia
398 3071 576 3126 vobis
626 3073 699 3127 de
746 3070 1102 3142 impunitate
1150 3066 1522 3136 blandimini,
1557 3068 1613 3119 et
1656 3063 1754 3118 Dei
1801 3082 1901 3135 pa-

234 3159 444 3215 tientia
501 3159 839 3227 abutimini,
873 3157 992 3226 ille,
1025 3156 1124 3229 qui
1174 3160 1456 3212 venturus
1505 3158 1593 3209 est
1638 3153 1904 3223 judicare

236 3251 638 3314 mundum,ut
659 3248 866 3303 reddat
887 3245 1203 3317 unicuique
1223 3244 1550 3300 secundum
1577 3257 1753 3313 opera
1775 3257 1902 3312 sua,

229 3337 386 3407 juste
419 3353 538 3391 vos
569 3333 1007 3390 condemnabit.
1039 3334 1161 3388 Non
1194 3347 1333 3404 ergo
1356 3330 1623 3386 dicamus
1657 3346 1670 3384 :
1705 3328 1903 3385 Facia-

237 3442 366 3482 mus
391 3423 659 3492 mala,ut
677 3423 915 3479 veniant
934 3422 1115 3491 bona;
1140 3422 1242 3478 sed
1267 3438 1280 3477 :
1298 3419 1443 3484 Quia
1462 3417 1707 3475 fecimus
1730 3416 1902 3485 mala,

236 3514 326 3571 Dei
358 3512 640 3587 gratuita
670 3511 931 3568 bonitate
982 3511 1152 3567 nobis
1181 3513 1463 3566 venerunt
1495 3509 1666 3564 bona.
1702 3506 1903 3579 Igitur,

234 3605 370 3677 quia
399 3604 645 3659 dixerat
677 3619 691 3658 :
726 3601 870 3671 Quid
889 3602 1129 3672 amplius
1148 3608 1226 3655 est
1253 3598 1438 3656 ,Ιαάκο
1459 3615 1481 3661 ,ο
1514 3601 1570 3653 et
1602 3612 1737 3651 mox
1765 3596 1903 3651 sub-

233 3693 381 3750 didit
416 3710 430 3750 :
473 3692 718 3749 Multum
755 3706 855 3763 per
900 3705 1115 3745 omnem
1145 3689 1390 3757 modum,
1420 3704 1492 3742 ne
1539 3687 1688 3742 forte
1719 3685 1904 3741 Judaei

236 3783 397 3839 inani
435 3780 724 3854 superbia
754 3779 942 3835 inﬂati
974 3795 1035 3834 se
1065 3779 1344 3852 gentibus
1372 3774 1747 3832 credentibus
1771 3792 1908 3846 pree-

240 3871 488 3937 ferrent,
521 3869 766 3941 adjecit:
790 3870 942 3942 (150)
963 3868 1108 3939 Quid
1138 3870 1309 3941 igitur
1334 3866 1758 3923 .9Prarcellimus
1778 3880 1863 3919 eos
1885 3868 1910 3918 .9

242 3961 306 4016 Et
334 3961 451 4018 sibi
481 3962 617 4032 ipse
638 3958 954 4031 respondet
979 3975 991 4013 :
1026 3958 1400 4029 Nequaquam.
1433 3956 1738 4024 Tanquam
1754 3951 1909 4006 dice-

1992 1890 2565 1981 comprehendimus.
2598 1906 2668 1960 Et
2718 1919 2917 1960 revera
2961 1904 3169 1973 praeter
3216 1895 3538 1957 Christum,
3585 1890 3642 1981 et

1993 1977 2378 2055 sine'Christo
2410 1996 2607 2051 nullus
2643 1996 2832 2067 potest
2874 1989 3107 2061 aliquod
3138 1987 3360 2042 bonum
3390 1977 3638 2052 operari.

1995 2085 2328 2160 Sepulcrum
2344 2089 2538 2158 patens
2555 2086 2742 2156 guttur
2758 2097 2965 2138 eorum.
2989 2075 3343 2140 Notandum,
3362 2070 3641 2160 quia-non

1997 2156 2080 2233 ait
2106 2156 2358 2242 tantum,
2389 2174 2720 2247 sepulcrum,
2752 2170 2855 2227 sed
2887 2166 3132 2233 addidit,
3164 2167 3358 2234 patens
3388 2177 3408 2215 :
3437 2156 3640 2247 volens
3685 2229 3700 2241 ί

1999 2265 2303 2322 ostendere
2333 2243 2491 2318 aliud
2521 2277 2649 2318 esse
2694 2258 3026 2331 sepulcrum
3077 2254 3366 2316 clausum,
3400 2251 3457 2303 et
3485 2243 3646 2302 aliud

2000 2359 2205 2427 patens
2238 2371 2252 2409 :
2286 2355 2489 2425 guttur
2518 2364 2773 2420 namque
2806 2345 3115 2414 malorum,
3138 2341 3197 2397 id
3228 2343 3337 2406 est,
3358 2335 3647 2393 voracitas

2001 2421 2476 2514 inhianlis‘gulm,
2509 2442 2568 2494 et
2617 2435 2976 2494 desiderium
3024 2429 3258 2497 mentis,
3308 2432 3449 2482 tunc
3481 2421 3652 2497 quasi

2003 2533 2269 2589 clausum
2302 2529 2637 2603 sepulcrum
2689 2530 2798 2596 est,
2832 2541 2967 2580 cum
2999 2521 3222 2577 malum
3274 2517 3656 2573 irreverenter

2002 2622 2150 2695 (153)
2173 2625 2516 2694 operantur;
2541 2620 2748 2690 patens
2768 2629 3066 2682 vero,cum
3101 2609 3321 2666 malum
3344 2619 3514 2678 agere
3537 2618 3652 2658 non

2004 2711 2234 2767 timent.
2264 2709 2338 2764 Et‘
2364 2707 2711 2771 notandum,
2737 2704 2877 2776 quia
2905 2700 3241 2773 sepulcrum
3272 2700 3476 2769 patens
3498 2708 3653 2748 mor-

2006 2804 2242 2856 tuorum
2263 2815 2398 2855 ossa
2419 2797 2491 2852 ad
2506 2793 2950 2866 suscipiendum
2963 2790 3281 2860 exspectat;
3308 2781 3580 2841 similiter
3601 2784 3659 2835 et

2008 2888 2149 2944 mali
2181 2905 2296 2944 non
2327 2903 2499 2943 suam
2530 2888 2785 2951 tantum,
2818 2881 2919 2938 sed
2951 2884 3009 2936 ct
3039 2877 3287 2934 aliorum
3317 2872 3659 2945 exspectant

2008 2978 2272 3040 ruinam;
2298 2975 2438 3046 quia
2469 2972 2613 3028 alios
2635 2971 2745 3027 sibi
2767 2970 2895 3025 ﬁeri
2917 2965 3140 3024 similes
3165 2959 3656 3021 desiderant.Lin-

2009 3067 2138 3140 guis
2167 3067 2284 3120 suis
2316 3044 2515 3118 “dolose
2561 3061 2814 3129 agebant.
2866 3058 3011 3122 Suis,
3043 3055 3102 3110 id
3151 3058 3261 3120 est,
3295 3049 3487 3107 malis.
3521 3044 3661 3140 Mali

2014 3135 2170 3210 enim
2203 3153 2349 3221 suis,
2380 3152 2441 3205 id
2472 3154 2580 3218 est,
2609 3145 3018 3216 malislinguis
3047 3142 3246 3199 dolose
3276 3143 3495 3212 agunt;
3521 3135 3663 3208 quia

2018 3242 2176 3298 aliud
2199 3241 2371 3297 corde
2392 3237 2825 3305 machinantur,
2848 3240 2905 3290 et
2925 3233 3085 3289 aliud
3108 3248 3205 3287 ore
3227 3229 3543 3301 proferunt.
3566 3226 3660 3281 Ve-

2013 3347 2218 3386 nenum
2246 3327 2503 3399 aspidum
2522 3326 2622 3381 sub
2655 3324 2819 3380 labiis
2847 3339 3055 3379 eorum.
3070 3321 3374 3376 Venenum
3407 3312 3664 3387 appellat

2016 3412 3058 3485 dolurn,fraudem,versutiam.Aspis
3069 3413 3263 3465 autem
3279 3424 3313 3462 a
3334 3402 3663 3477 spargendo

2014 3523 2305 3564 venenum
2337 3505 2572 3560 dicitur.
2605 3504 2675 3559 Et
2722 3506 2853 3575 apte
2902 3500 3191 3556 malorum
3247 3496 3408 3550 fraus
3439 3506 3662 3548 veneno

2016 3598 2288 3670 aspidum
2334 3595 2726 3665 comparatur,
2761 3590 2919 3662 quia,
2955 3589 3109 3644 sicut
3163 3585 3342 3656 aspis,
3374 3595 3663 3638 venenum

2016 3669 2400 3760 aspergendo,
2426 3698 2637 3754 corpus
2667 3679 2963 3750 interficit,
2987 3678 3071 3733 ita
3102 3681 3158 3732 et
3187 3674 3294 3738 illi,
3319 3671 3474 3727 mala
3493 3669 3668 3760 verba

2017 3757 2384 3848 proferendo,
2418 3777 2476 3826 et
2522 3770 2789 3841 exempla
2836 3767 3165 3840 praebendo,
3197 3763 3425 3817 animas
3472 3757 3669 3813 interi-

2020 3846 2208 3919 munt.
2238 3864 2307 3916 Et
2328 3860 2480 3916 sicut
2504 3859 2683 3930 aspis,
2707 3875 2779 3912 nc
2798 3873 2968 3912 voces
2994 3851 3421 3910 incantantium
3449 3846 3669 3912 audiat,

2020 3968 2199 4007 unam
2233 3965 2433 4004 aurem
2466 3948 2535 4002 ad
2570 3953 2807 4015 terram,
2840 3945 2929 4000 vel
2960 3944 3031 3999 ad
3064 3940 3317 4013 lapidem
3350 3935 3582 4008 premit,
3616 3937 3672 3989 et

242 4054 362 4109 ret:
385 4051 534 4107 Non
563 4048 791 4105 invenio
814 4063 1077 4117 causam,
1102 4028 1350 4118 quanos
1376 4043 1476 4117 qui
1498 4046 1711 4098 natura
1729 4040 1913 4096 Judaei
2024 4041 2094 4096 ad
2115 4039 2359 4094 alteram
2382 4036 2629 4090 caudam
2656 4032 2943 4102 mittit,ita
2962 4036 3020 4086 et
3041 4028 3180 4084 mali
3199 4028 3478 4081 obturant
3500 4038 3670 4078 aures

246 4155 481 4211 sumus,
527 4138 898 4195 credentibus
944 4136 1219 4208 gentibus
1252 4135 1629 4207 praeferamus
1662 4146 1675 4185 :
1710 4145 1914 4211 omnes
2025 4128 2291 4184 cordium
2323 4141 2590 4188 suorum,
2622 4138 2695 4176 ne
2725 4121 2869 4193 legis
2919 4123 3206 4191 praecepta
3235 4111 3498 4169 audiant.
3534 4111 3670 4178 Quo-

243 4229 397 4285 enim
426 4230 777 4301 peccatores
795 4243 863 4282 su
873 4205 1006 4281 mus
1012 4267 1031 4296 ,
1052 4228 1108 4280 et
1130 4205 1463 4296 solawgratia
1484 4220 1581 4276 Dei
1605 4205 1912 4289 redempti:

246 4318 414 4375 Unde
446 4332 598 4373 mox
650 4316 927 4372 subditur
958 4332 971 4371 :
1007 4314 1228 4369 Causati
1273 4313 1421 4368 enim
1463 4325 1651 4366 sumus
1676 4309 1916 4372 Iudaeos,

249 4411 412 4481 atque
444 4413 675 4466 Graecos
698 4421 884 4462 omnes
913 4419 1027 4460 esse
1052 4406 1152 4458 sub
1175 4397 1662 4475 peccato.Causati
1688 4413 1917 4467 sumus,

251 4497 484 4565 dicit,id
516 4493 960 4565 est,manifestis
974 4493 1169 4549 causis
1190 4490 1640 4553 ostendimus,et
1661 4486 1915 4553 Judaeos,

2024 4234 2153 4274 rum
2184 4232 2240 4272 os
2269 4212 2678 4279 malediclione,
2707 4218 2757 4266 et
2784 4206 3161 4266 amaritudine
3182 4204 3411 4277 plenum
3438 4204 3536 4269 est,
3564 4199 3673 4254 hoc

2027 4311 2135 4375 est,
2168 4320 2456 4363 venenum
2490 4301 2760 4373 aspidum
2793 4299 2905 4356 sub
2952 4295 3126 4352 labiis
3173 4308 3397 4350 eorum.
3433 4288 3672 4345 Illorum

2030 4395 2245 4469 quippe
2276 4411 2341 4449 os
2364 4389 2769 4447 maledictione
2790 4393 2848 4445 et
2878 4384 3271 4443 amaritudine
3293 4378 3541 4469 plenum,
3564 4381 3674 4447 est,

2034 4467 2363 4558 quifaciles
2411 4487 2467 4536 et
2514 4479 2751 4553 proclivi
2801 4480 2943 4534 sunt
2987 4474 3298 4530 verborum
3346 4467 3580 4538 injuriis
3624 4470 3683 4521 et

252 4590 307 4643 et
335 4556 585 4661 gentes,
611 4556 673 4641 et
701 4584 1018 4658 sapientes,
1050 4585 1109 4639 et
1158 4580 1526 4653 insipientes,
1559 4592 1766 4633 omnes
1814 4574 1924 4630 sub
1954 4583 2001 4647 D
2031 4556 2437 4645 blasphemiis.
2484 4571 2697 4626 Veloces
2742 4566 2901 4640 pedes
2942 4579 3130 4619 eorum
3175 4560 3246 4660 ad
3289 4556 3682 4661 effundendum

257 4682 517 4750 peccato
541 4690 688 4732 esse.
705 4676 774 4731 Et
796 4678 859 4729 ut
874 4673 932 4729 id
956 4671 1249 4746 prophetae
1270 4667 1607 4727 testimonio
1629 4664 1924 4739 probaret,

2035 4644 2379 4733 sanguinem.
2414 4661 2528 4715 [loc
2570 4659 2694 4714 loco
2742 4654 3067 4713 notandum
3117 4650 3278 4722 quia,
3326 4663 3442 4702 non
3473 4646 3575 4714 ait,
3610 4644 3681 4699 ad

261 4764 551 4840 adjunxit
582 4784 594 4821 :
626 4766 782 4821 Sicut
824 4765 1105 4836 scriptum
1146 4765 1226 4819 est
1254 4779 1273 4816 .·
1306 4758 1443 4828 Quia
1490 4774 1604 4814 non
1646 4758 1726 4812 est
1746 4755 1930 4827 justus
2039 4752 2432 4815 currendum;
2468 4765 2583 4803 non
2614 4746 2769 4802 enim
2821 4743 2995 4817 pedes
3027 4738 3306 4812 corporis,
3339 4736 3441 4792 sed
3489 4734 3684 4791 cordis

264 4820 614 4930 quaquam;
655 4820 768 4910 non
814 4857 899 4910 est
944 4820 1256 4923 intelligens
1289 4820 1342 4904 ε’-
1357 4864 1469 4904 non
1515 4850 1594 4902 est
1645 4820 1931 4916 requirens
2038 4843 2166 4900 vult
2192 4838 2461 4910 intelligi,
2493 4836 2551 4891 id
2582 4839 2694 4903 est,
2724 4833 2927 4906 iniqua
2953 4835 3244 4888 malorum
3276 4824 3584 4926 desideria.
3614 4820 3683 4922 Hi

646 4909 719 5000 Ut
746 4942 987 5015 quidam
1028 4909 1264 5013 sapiens
1316 4936 1458 4992 dicit
1487 4952 1501 4991 :
1538 4909 1760 5007 Corpus,
1793 4930 1935 5003 quod
2042 4933 2219 5005 pedes
2242 4909 2468 4984 veloces
2489 4929 2628 4980 sunt
2648 4924 2718 4979 ad
2744 4920 3163 4978 effundendum
3186 4909 3683 5016 sanguinem,‘qui

270 5003 568 5109 rumpitur
595 5003 1055 5108 (151),‘aggravat
1072 5003 1340 5095 animum,
1364 5029 1414 5082 et
1437 5003 1694 5097 deprimit
1713 5025 1849 5078 terre
1862 5036 1935 5074 na
2044 5003 2165 5077 tam
2186 5015 2499 5086 monendo,
2523 5028 2699 5085 quam
2726 5008 3263 5083 suggerendo,alios
3285 5005 3355 5061 ad
3378 5003 3682 5109 peccatum
3788 5010 3807 5015 '

273 5086 1043 5183 multa
1057 5086 1404 5190 cogitantem.
1429 5086 1774 5183 Quicunque
1798 5124 1935 5182 ergo
2044 5108 2307 5165 trahunt.
2340 5104 2698 5177 Sanguinem
2727 5100 2883 5157 enim
2927 5115 3030 5171 pro
3061 5091 3450 5190 peccato-vult
3479 5086 3683 5190 accipi:

275 5233 341 5273 se
370 5213 633 5289 negotiis
662 5209 1044 5270 saecularibus
1091 5212 1149 5263 et
1174 5204 1423 5263 terrenis
1464 5200 1729 5275 implicat
1758 5198 1936 5264 curis,

351 5411 515 5484 (148)
544 5407 713 5484 Yulg.
748 5406 915 5484 enim.

355 5478 519 5552 (149)
546 5478 717 5553 Vulg.
750 5478 1002 5553 gloriam.

288 5620 293 5625 ,
553 5555 613 5608 In
644 5544 911 5625 margine
939 5550 1166 5625 autogr.
1201 5560 1250 5598 c.
1280 5544 1376 5597 IX.

394 5615 528 5692 151)
556 5624 687 5696 Sap.
721 5615 920 5696 ιιζ15.
953 5615 1124 5696 _Vulg'.
1156 5615 1549 5696 corrumpitur.

365 5675 528 5772 ξίέἐ)
560 5675 1150 5767 ἶέτΒᾷ-’ἱὴᾳαίνϐνὲἶη
1198 5675 1455 5757 dominis,
1510 5684 1571 5740 in
1600 5675 1947 5752 autographi

2049 5197 2315 5256 Contritio
2344 5199 2393 5250 et
2421 5174 2722 5265 infelicitas
2760 5192 2821 5247 in
2872 5190 2980 5245 viis
3008 5202 3215 5243 eorum.
3245 5180 3383 5235 Vias
3430 5174 3686 5249 appellat

2051 5384 2315 5458 margine
2352 5379 2642 5458 inferiori,
2675 5378 2960 5458 ejusdem2
3011 5366 3280 5458 quamvis
3328 5361 3684 5431 minutioris,

2051 5444 2423 5523 characteris,
2456 5444 2676 5525 scripta
2695 5444 3002 5525 adinveniu
3015 5445 3170 5525 ntur.

2152 5509 2594 5600 1—5—73)VfFoi-tassé
2641 5523 2963 5582 reverenter,
3017 5511 3067 5565 id
3114 5514 3224 5580 est,
3270 5526 3394 5566 cum
3451 5509 3649 5566 timore
3672 5522 3693 5567 ;

2045 5599 2272 5676 judicet
2298 5599 2497 5656 lector.
