4116 6184
516 305 631 366 159
1535 308 1874 372 ATTONIS
1919 308 2503 371 VERCELLENSlS
2549 307 2904 370 EPISCOPI
3806 309 3936 370 160

514 439 861 511 doctrinam,
894 445 952 497 et
972 441 1236 515 exempla
1265 442 1514 508 vivendi,
1546 444 1603 498 in
1637 444 1852 515 quibus
1885 444 1992 500 viis
2023 445 2150 516 qui-
2183 445 2236 510 Α
2267 458 2380 496 non
2413 441 2513 508 ait,
2557 440 2949 512 consumptio,
3001 439 3124 509 sed,
3158 438 3433 511 cognitio.
3464 439 3591 494 Non
3638 439 3795 496 enim
3829 441 3933 498 lex

513 545 741 600 cunque
773 531 1098 600 ambulant,
1124 532 1353 588 contriti
1375 538 1430 588 et
1459 533 1719 591 infelices
1741 536 2156 590 redduntur.Et
2267 534 2503 602 peccata
2524 529 2903 596 consumit,id
2927 528 3317 596 est,dimittit;
3344 529 3443 583 sed
3471 532 3698 584 tantum
3729 535 3934 586 osten-

511 620 668 673 viam
686 623 838 691 pacis
889 638 999 678 non
1047 628 1424 693 cognoverunt.
1455 623 1622 678 Viam
1675 624 1946 680 similiter
1991 629 2157 678 vocat
2267 619 2373 673 dit.
2415 619 2624 674 Jubere
2656 619 2893 687 quidem
2928 623 3138 690 potest,
3165 619 3372 688 juvare
3401 635 3519 672 non
3551 619 3722 674 valet.
3758 619 3936 676 Unde

513 708 840 764 doctrinam
868 729 881 777 ;
915 727 1112 782 pacem
1146 727 1298 778 vero,
1322 711 1639 780 Christum,
1663 715 1734 768 de
1766 732 1879 786 quo
1911 715 2154 785 Aposto-

515 795 608 852 lus
643 815 654 853 :
693 799 940 854 Christus
981 810 1056 854 est
1100 817 1217 870 paa:
1243 811 1429 856 nostra
1476 803 1690 874 (Ephes.
1725 821 1786 868 ιι,
1820 803 1927 873 14).
1958 803 2026 856 Et
2068 806 2158 858 est

514 903 725 942 sensus
761 905 772 941 :
809 889 1280 944 Prmdicalionem
1314 890 1524 946 Christi
1556 892 1850 964 suscipere
1879 893 2154 964 despexe-

515 981 672 1031 runt.
705 977 821 1031 Non
849 986 930 1032 est
959 979 1129 1034 timor
1156 980 1254 1034 Dei
1283 989 1414 1036 ante
1443 985 1624 1036 oculos
1651 998 1858 1037 eorum.
1881 984 2026 1052 Apte
2053 981 2153 1035 tali

513 1063 775 1120 clausula
807 1071 1110 1137 sumptum
1142 1068 1425 1124 conclusit
1455 1069 1855 1125 testimonium
1891 1087 1902 1123 2
1941 1070 2154 1124 idcirco

513 1152 667 1206 enim
717 1154 990 1210 omnibus
1040 1157 1328 1228 praedictis
1375 1159 1528 1213 vitiis
1575 1159 1779 1214 irretiti
1825 1164 1982 1225 sunt,
2017 1160 2156 1231 quia

511 1240 783 1298 timorem
815 1244 914 1299 Dei
948 1262 1062 1301 non
1095 1246 1446 1303 habuerunt.
1482 1249 1650 1313 Nam,
1684 1250 1917 1319 quando
1949 1265 2154 1304 servus

511 1336 708 1399 peccat
755 1340 1039 1403 praesente
1089 1335 1328 1390 domino
1358 1337 1385 1390 ‘l
1432 1337 1774 1408 Quicunque
1821 1337 2000 1408 igitur
2051 1337 2149 1392 Dei

507 1418 775 1475 timorem
811 1439 922 1493 prie
946 1423 1128 1478 oculis
1152 1425 1346 1491 habet,
1371 1443 1484 1480 non
1511 1432 1710 1498 peccat
1736 1445 1748 1482 :
1775 1427 1892 1481 imo
1915 1443 2152 1496 peccare

511 1525 625 1564 non
657 1515 866 1580 potest,
889 1514 1017 1582 ejus
1040 1513 1226 1584 gratia
1249 1516 1632 1586 praeveniente
1658 1520 1714 1571 et
1735 1516 2152 1587 subsequente,

509 1599 678 1668 cujus
702 1599 877 1656 habet
907 1601 1200 1669 timorem,
1226 1603 1379 1658 sicut
1408 1603 1505 1658 ille
1537 1605 1634 1675 qui
1667 1605 1899 1660 dicebat
1930 1622 1943 1660 :
1981 1607 2157 1673 Quasi

506 1692 775 1744 tumentes
791 1692 1010 1760 ﬂuctus,
1031 1693 1108 1746 sic
1125 1697 1336 1763 semper
1358 1695 1528 1751 Deum
1556 1695 1722 1748 timui
1741 1694 2150 1764 (Job.xxx1,23).

577 1778 850 1874 Poterant
881 1781 1059 1874 igitur
1085 1781 1270 1838 Judaei
1300 1781 1539 1874 dicere:
1572 1782 1866 1855 Apostole,
1902 1783 2055 1874 nihil
2079 1783 2149 1838 ad
2184 1810 2231 1874 B

507 1883 613 1922 nos
644 1868 851 1923 attinet
883 1869 1172 1940 prolatum
1220 1871 1624 1927 testimonium
1661 1889 1673 1926 :
1709 1889 1822 1927 non
1857 1872 2010 1928 enim
2044 1872 2157 1928 hoc

505 1956 788 2027 propheta
814 1959 884 2012 de
911 1959 1151 2025 Judaeis,
1172 1961 1274 2015 sed
1305 1961 1375 2016 de
1407 1960 1678 2032 gentibus
1700 1961 2152 2033 dixit,quoniam

505 2061 798 2114 nusquam
832 2045 1044 2116 legitur
1088 2048 1328 2104 Judaeus
1377 2049 1594 2104 dixisse
1629 2066 1640 2104 :
1681 2050 1806 2105 Non
1855 2056 1944 2105 est
1979 2053 2147 2106 Deus.

508 2133 725 2187 Idcirco
777 2151 906 2189 mox
951 2137 1215 2192 subdidit
1261 2154 1272 2191 :
1331 2139 1543 2194 Scimus
1599 2146 1802 2207 autem,
1855 2143 1987 2210 quia
2035 2157 2153 2212 quas

507 2221 654 2292 (154)
687 2223 776 2278 lea:
826 2224 1093 2294 loquitur,
1127 2227 1217 2281 his
1246 2229 1346 2296 qui
1376 2229 1437 2281 in
1463 2230 1576 2298 lege
1621 2232 1746 2282 sunt
1776 2229 2036 2299 loquitur.
2075 2236 2152 2283 Ac

507 2310 556 2365 si
589 2310 838 2366 diceret:
865 2313 920 2368 Si
949 2315 1231 2386 propheta
1248 2316 1356 2371 hoc
1389 2316 1460 2370 de
1491 2317 1765 2388 gentibus
1783 2318 1944 2386 dixit,
1966 2317 2152 2372 multo

510 2400 698 2472 magis
729 2402 799 2456 de
823 2402 1007 2471 vobis,
1033 2404 1131 2475 qui
1156 2404 1213 2458 in
1245 2404 1370 2476 lege
1397 2405 1752 2476 gloriamini.
1775 2406 1890 2462 Vos
1913 2408 2152 2474 etenim,

508 2489 615 2543 etsi
651 2506 763 2544 non
813 2491 1042 2547 dixistis
1087 2493 1194 2548 hoc
1242 2494 1454 2565 verbis,
1489 2494 1719 2550 dixistis
1773 2495 1955 2551 factis.
1994 2495 2155 2552 Unde

510 2576 647 2631 alibi
676 2579 817 2634 dicit
850 2597 861 2634 :
899 2581 1236 2650 Conﬁtentur
1262 2599 1318 2636 se
1350 2598 1506 2638 nosse
1535 2585 1707 2639 Deum
1731 2602 1750 2645 ,°
1780 2586 1944 2655 factis
1973 2589 2154 2640 autem

508 2675 707 2736 negant
738 2669 863 2736 (Tit.
901 2687 939 2738 1,
976 2671 1083 2742 16).
1116 2674 1228 2725 Cur
1256 2676 1453 2727 autem
1486 2672 1594 2728 hoc
1626 2673 1852 2742 dixerit,
1878 2675 2150 2741 ostendit,

511 2755 880 2828 subjungens
907 2775 918 2813 :
943 2760 1005 2815 Ut
1023 2776 1182 2815 omne
1209 2776 1266 2816 os
1295 2761 1630 2826 obstruatur,
1663 2766 1772 2818 etc.
1806 2765 1973 2818 Omne
1993 2763 2152 2833 dicit,

510 2844 566 2898 id
593 2850 700 2911 est,
724 2850 844 2901 tam
863 2847 1218 2916 Judaeorum,
1243 2867 1419 2922 quam
1442 2851 1953 2923 gentilium,etiam
1969 2853 2157 2922 justo-

514 2951 666 3005 rum,
689 2936 1050 3004 obstruatur,
1083 2938 1140 2992 in
1163 2938 1335 2994 laude
1358 2940 1470 3010 sui,
1490 2945 1546 2995 et
1567 2957 1680 2995 non
1704 2940 2014 3012 aperiatur,
2041 2941 2153 2997 nisi

509 3022 570 3078 in
593 3023 763 3080 laude
786 3025 882 3080 Dei
903 3028 1086 3097 ;quod
1111 3032 1251 3082 tunc
1273 3029 1358 3093 lit,
1383 3045 1516 3084 cum
1540 3028 1740 3085 nullus
1763 3029 1886 3086 suis
1909 3030 2156 3096 meritis,

511 3117 612 3167 aut
641 3113 886 3182 viribus,
917 3116 1017 3170 sed
1051 3133 1254 3172 omnes
1271 3117 1371 3172 Dei
1401 3118 1591 3190 gratia
1612 3135 1674 3174 se
1695 3119 1954 3176 aalvatos
1976 3137 2154 3191 agno-

509 3208 702 3258 scunt.
738 3205 806 3258 Et
854 3180 1099 3260 subditus
1145 3206 1242 3274 ﬁat
1289 3180 1468 3263 omnis
1513 3208 1750 3264 mundus
1786 3209 1914 3264 Deo.
1951 3180 2155 3264 omnis
2185 3180 2228 3247 (ἶ

511 3294 792 3360 mundus,
829 3293 883 3349 id
927 3300 1034 3363 est,
1069 3295 1258 3351 omnis
1292 3296 1465 3352 homo
1517 3297 1792 3354 habitans
1821 3298 1878 3353 in
1914 3299 2154 3354 mundo.

512 3379 716 3436 Omnis
745 3385 938 3436 autem
966 3384 1222 3440 mundus
1239 3385 1354 3440 Deo
1380 3385 1652 3442 subditus
1684 3387 1766 3452 ﬁt,
1798 3403 1930 3442 cum
1954 3403 2158 3443 omnes

511 3484 573 3523 se
592 3472 927 3539 peccatores
944 3473 1312 3538 conlitentur,
1337 3477 1393 3527 et
1410 3472 1534 3528 sola
1546 3475 1736 3546 gratia
1758 3476 1855 3530 Dei
1882 3477 2155 3531 salvatos.

514 3556 654 3623 Quia
684 3574 795 3612 non
815 3559 1212 3629 justiﬁcabitur
1251 3578 1321 3617 ea:
1349 3562 1600 3632 operibus
1656 3562 1793 3634 legis
1822 3567 2004 3618 omnis
2034 3581 2159 3619 caro

510 3661 695 3700 coram
712 3645 833 3701 illo.
859 3647 1063 3702 Omnis
1096 3665 1248 3716 caro,
1274 3649 1330 3704 id
1354 3655 1463 3714 est,
1487 3652 1680 3706 omnis
1703 3651 1898 3707 homo.
1922 3655 1966 3707 A
1998 3658 2160 3725 parte

512 3738 723 3803 totum,
752 3735 892 3805 sive,
913 3729 1118 3793 omnis
1147 3737 1322 3794 homo
1373 3739 1685 3794 carnaliter
1713 3741 1910 3797 vivens
1942 3747 1997 3796 et
2027 3759 2159 3798 sen-

515 3821 686 3878 tiens.
715 3827 863 3878 Bene
886 3828 1081 3879 autem
1103 3825 1352 3881 dicitur:
1379 3841 1484 3882 non
1499 3828 1896 3898 justiﬁcabitur
1923 3846 1991 3883 ea:
2033 3847 2160 3902 ope-

513 3912 673 3966 ribus
704 3913 837 3984 legis
859 3916 1037 3969 omnis
1054 3931 1182 3970 caro
1212 3931 1397 3970 coram
1426 3917 1558 3979 illo;
1591 3916 1729 3988 quia
1749 3916 1841 3972 lex
1864 3919 2160 3974 neminem

516 4001 586 4056 ad
610 4003 932 4073 perfectum
955 4004 1104 4074 (155)
1142 4005 1400 4060 adduxit.
1429 4007 1574 4061 Dum
1599 4006 1778 4072 enim,
1807 4008 1946 4078 quid
1974 4008 2161 4063 vitan-

515 4091 655 4145 dum
679 4090 774 4160 sit,
799 4092 1016 4164 aliquis
1042 4107 1144 4164 per
1164 4091 1350 4164 legem
1370 4094 1655 4166 agnoscit,
1681 4095 1791 4149 nisi
1813 4095 2010 4151 divina
2039 4113 2165 4168 gra-

515 4179 595 4235 tia
624 4180 952 4250 adjuvetur,
989 4186 1052 4236 ut
1082 4187 1303 4251 caveat,
1335 4184 1425 4237 lex
1453 4185 1620 4253 iram,
1645 4183 1700 4238 id
1732 4185 2163 4253 est,vindictam

516 4273 792 4339 operatur
825 4286 836 4322 :
873 4269 1029 4324 unde
1079 4270 1252 4340 paulo
1293 4271 1537 4326 inferius
1585 4271 1799 4327 dicitur
1832 4290 1844 4328 :
1878 4275 1989 4328 Lex
2016 4275 2166 4329 iram

515 4361 792 4426 operatur.
826 4356 925 4412 Ille
957 4346 1150 4428 itaque
1171 4373 1238 4412 ex
1269 4359 1542 4430 operibus
1564 4359 1710 4430 legis
1741 4377 1856 4415 non
1879 4361 2166 4432 justitica-

515 4445 693 4513 bitur,
729 4445 850 4516 qui,
884 4462 1032 4516 opus
1062 4445 1207 4518 legis
1237 4445 1555 4518 implendo,
1590 4465 1705 4502 non
1755 4449 1953 4521 gratiae
1987 4451 2165 4506 mise-

2269 707 2404 763 alihi
2437 707 2577 762 dicit
2610 725 2622 762 :
2656 709 2945 763 Peccatum
2993 724 3104 762 non
3152 710 3396 778 cognovi,
3430 709 3544 762 nisi
3572 724 3667 779 per
3695 710 3878 780 legem
3912 726 3932 763 :

2267 797 2577 852 nesciebam
2587 798 2735 851 enim
2748 798 3199 867 concupiscentiae
3221 796 3367 867 (156)
3393 797 3608 852 subesse
3614 805 3932 868 peccatum,

2266 888 2380 942 nisi
2393 887 2482 942 lea:
2493 886 2731 942 diceret:
2748 888 2864 942 Non
2879 887 3239 957 concupisces.
3251 886 3479 941 Poterat
3493 892 3684 942 autem
3703 887 3778 942 ali
3789 906 3824 958 q
3837 889 3934 943 uis

2263 976 2600 1032 Judaeorum
2616 976 3142 1048 respondere:Bene
3156 975 3935 1046 dicitApostolus,quoniam

2266 1080 2369 1136 per
2386 1065 2574 1136 legem
2598 1066 2854 1136 cognitio
2876 1069 3106 1119 tantum
3133 1063 3441 1135 peccati,et
3462 1065 3601 1135 quia
3620 1082 3734 1119 non
3751 1065 3939 1135 justi-

2264 1155 2473 1209 ﬁcatur
2492 1154 2666 1208 homo
2683 1171 2751 1209 ex
2772 1154 3047 1224 operibus
3073 1153 3240 1225 legis.
3259 1153 3544 1216 Quoniam
3569 1153 3660 1208 lex
3684 1159 3937 1226 peccata

2264 1243 2647 1310 ostendit,sed
2666 1260 2778 1298 non
2804 1242 3659 1311 dimittit.Verumtamen,dum
3686 1244 3938 1315 propria

2270 1331 2543 1386 voluntas
2577 1348 2724 1403 opus
2756 1330 3321 1402 legisimplet,homo
3345 1331 3705 1402 justiﬁcatur
3726 1349 3936 1387 coram

2264 1420 2401 1475 Deo.
2437 1421 2566 1475 Ideo
2599 1419 2904 1490 subjunxit
2937 1436 2950 1475 :
2984 1421 3138 1474 Nunc
3187 1424 3366 1474 autem
3391 1421 3621 1490 justitia
3667 1421 3771 1475 Dei
3801 1423 3937 1476 sine

2264 1511 2388 1582 lege
2414 1511 2773 1580 manifestata
2822 1517 2918 1564 est.
2953 1507 3252 1564 Justitiam
3301 1508 3401 1563 Dei
3451 1513 3614 1564 vocat
3646 1511 3930 1581 gratiam,

2265 1616 2381 1654 non
2413 1616 2531 1671 qua
2550 1597 2674 1670 ipse
2697 1599 3081 1670 justiﬁcatur,
3110 1598 3211 1652 sed
3243 1614 3359 1669 qua
3381 1597 3679 1654 hominem
3705 1598 3930 1669 induit,

2265 1692 2330 1742 ut
2369 1687 2816 1758 justiﬁcaretur.
2866 1693 2972 1743 Lex
3019 1688 3174 1742 enim
3216 1687 3408 1757 jubet,
3439 1685 3535 1742 cui
3585 1689 3934 1744 succumbit

2264 1777 2617 1844 inﬁrmitas;
2661 1776 2848 1850 gratia
2899 1777 3160 1846 adjuvat,
3192 1793 3294 1847 per
3341 1792 3518 1847 quam
3571 1777 3934 1834 diﬁ‘unditur

2262 1865 2538 1922 charitas.
2581 1866 2750 1921 Fides
2783 1866 3061 1938 impetrat
3091 1866 3245 1936 quod
3284 1866 3373 1920 lex
3400 1865 3672 1937 imperat.
3708 1868 3933 1939 Testiﬁ-

2260 1964 2385 2011 cata
2413 1973 2450 2010 a
2481 1957 2594 2026 lege
2621 1964 2672 2010 et
2701 1955 2996 2026 prophetis.
3032 1954 3146 2009 Lex
3175 1954 3491 2026 siquidem,
3513 1959 3570 2009 et
3603 1955 3934 2028 prophetiae

2262 2044 2462 2116 gratiae
2518 2044 2821 2114 perhibent
2871 2044 3295 2099 testimonium.
3341 2044 3456 2099 Lex
3503 2043 3683 2109 enim,
3731 2047 3932 2116 perci-

2262 2133 2474 2206 piendo
2495 2134 2666 2205 (157),
2696 2132 2997 2201 minando,
3021 2137 3075 2187 et
3103 2149 3217 2187 non
3237 2132 3638 2202 justiﬁcando,
3666 2135 3937 2191 ostendit

2263 2240 2378 2278 non
2412 2239 2583 2295 posse
2615 2223 2930 2290 {hominem
2967 2221 3306 2293 justiticari,
3338 2221 3453 2277 nisi
3485 2223 3636 2277 dono
3689 2223 3788 2278 Dei
3827 2242 3937 2296 per

2264 2311 2622 2382 adjutorium
2653 2311 2907 2382 Spiritus
2935 2311 3145 2366 sancti.
3181 2311 3491 2366 Perhibent
3512 2316 3567 2366 et
3598 2312 3934 2384 prophetae,

2265 2401 2569 2474 quoniam,
2601 2417 2727 2471 qua:
2759 2399 2842 2454 illi
2875 2400 3287 2472 praedixerunt,
3323 2401 3452 2469 ejus
3483 2401 3768 2457 adventus
3815 2403 3935 2456 im-

2264 2490 2458 2562 plevit.
2493 2490 2560 2543 Et
2610 2488 2750 2560 quia
2800 2488 2894 2543 lex
2939 2495 2996 2543 et
3044 2489 3338 2560 prophetae
3392 2489 3592 2560 gratia;
3625 2490 3935 2563 Evangelii

2265 2578 2574 2650 perhibent
2625 2576 3031 2633 testimonium
3068 2595 3083 2632 :
3114 2577 3242 2633 ideo
3291 2577 3576 2633 Dominus
3622 2577 3682 2632 in
3712 2581 3938 2641 ,monte

2265 2667 2624 2724 clarificatus
2655 2666 2871 2721 dicitur
2915 2667 3140 2722 sedisse
3172 2667 3325 2722 inter
3353 2667 3592 2740 Moysen
3623 2672 3679 2722 et
3712 2668 3934 2724 Eliam.

2264 2757 2369 2811 Sed
2420 2755 2560 2828 quid
2612 2761 2720 2820 est,
2755 2757 2909 2826 quod
2965 2755 3126 2822 dicit,
3185 2754 3481 2826 testiﬁcata
3530 2774 3564 2810 a
3614 2757 3753 2824 lege,
3787 2774 3937 2812 cum

2267 2845 2613 2917 praemiserit
2646 2863 2658 2899 :
2692 2847 2848 2900 Nune
2867 2849 3052 2900 autem
3080 2847 3202 2900 sine
3226 2845 3340 2914 lege
3360 2845 3587 2915 justitia
3614 2847 3712 2901 Dei
3737 2849 3939 2901 mani-

2264 2938 2463 3007 festata
2491 2939 2614 2990 est?
2643 2935 2768 2990 Non
2803 2951 2939 3005 ergo
2989 2935 3071 2990 ita
3099 2933 3566 3005 {intelligendum
3616 2939 3726 3002 est,
3770 2935 3943 2990 sicut

2265 3025 2443 3080 verba
2464 3040 2671 3080 sonare
2691 3023 2993 3078 videntur:
3011 3039 3200 3095 neque
3225 3023 3378 3078 enim
3402 3023 3528 3078 sine
3550 3023 3675 3096 lege
3687 3024 3942 3094 justitia

2267 3114 2367 3170 Dei
2404 3113 2780 3168 manifestata
2807 3117 2916 3183 est,
2946 3127 3082 3166 cum
3114 3129 3148 3167 a
3179 3112 3304 3184 lege
3329 3112 3646 3168 testificata
3669 3112 3783 3180 sit;
3821 3115 3938 3169 sed

2268 3203 2643 3259 manifestata
2671 3206 2759 3258 est
2782 3200 3035 3273 justitia,
3068 3218 3196 3273 qua:
3226 3205 3350 3257 erat
3379 3201 3507 3257 sine
3536 3201 3681 3274 lege,
3716 3200 3779 3257 id
3810 3208 3940 3274 est,

2268 3309 2446 3365 quam
2479 3292 2635 3347 Deus
2684 3307 2788 3362 per
2836 3307 2953 3346 suae
3003 3289 3201 3362 gratia:
3246 3289 3529 3345 auxilium
3578 3291 3944 3350 hominibus

2275 3380 2548 3447 contulit,
2581 3381 2708 3436 sine
2737 3378 2855 3434 ullo
2888 3379 3036 3451 legis
3087 3379 3397 3450 adiutorio.
3433 3380 3771 3435 Notandum
3829 3387 3936 3437 est

2269 3469 2468 3542 igitur,
2502 3469 2640 3541 quia
2671 3467 2977 3539 Apostolus
3009 3467 3328 3522 multarum
3361 3468 3557 3539 legum
3584 3467 3721 3523 facit
3763 3487 3947 3526 men-

2269 3559 2507 3626 tionem,
2532 3556 2754 3612 scilicet
2783 3556 2929 3628 legis
2960 3562 3207 3624 naturae,
3237 3556 3483 3628 scriptas,
3508 3557 3728 3628 gratiae,
3756 3575 3940 3615 men-

2268 3647 2366 3714 tis,
2400 3646 2828 3714 membrorum,
2847 3649 3023 3715 atque
3054 3645 3291 3716 peccati.
3322 3645 3573 3717 Ideoque
3594 3646 3854 3702 solerter
3881 3649 3947 3703 in

2271 3751 2626 3807 unoquoque
2672 3734 2798 3790 loco
2847 3733 3281 3804 inspiciendum
3330 3733 3575 3789 sollicite
3629 3737 3790 3805 (158)
3823 3744 3953 3806 est,

2271 3825 2342 3879 de
2373 3842 2491 3896 qua
2521 3823 2646 3896 lege
2667 3823 2962 3895 loquatur.
2986 3824 3066 3878 De
3095 3822 3222 3894 lege
3252 3823 3468 3895 quippe
3500 3824 3644 3879 dicit
3666 3830 3910 3880 naturae
3939 3843 3952 3880 :

2270 3915 2354 3968 Ea:
2385 3914 2638 3984 operibus
2671 3914 2802 3983 legis
2833 3929 2942 3968 non
2962 3913 3368 3984 justiﬁcabztur
3395 3914 3573 3968 omnis
3591 3929 3721 3969 caro
3744 3931 3959 3970 coram

2272 4001 2411 4063 illo;
2441 4005 2498 4056 et
2549 4001 2685 4055 item
2721 4018 2734 4056 :
2768 4004 2874 4056 Per
2913 4002 3083 4072 legem
3129 4001 3366 4072 cognitio
3410 4002 3619 4072 peccati
3645 4021 3667 4068 ,-
3696 4006 3757 4057 et
3787 4003 3958 4072 {rur-

2273 4107 2405 4146 sum
2440 4107 2452 4144 :
2485 4094 2646 4146 Nune
2674 4095 2862 4145 autem
2890 4092 3010 4146 sine
3055 4091 3174 4160 lege
3193 4091 3420 4162 justitia
3447 4091 3545 4145 Dei
3572 4092 3966 4160 manifestata.

2275 4184 2371 4234 est.
2397 4180 2677 4234 Praeterea
2708 4180 3055 4249 notandum,
3079 4179 3218 4250 quia
3239 4178 3423 4234 multa
3441 4178 3965 4252 videturAposto-

2276 4267 2369 4322 lus
2390 4268 2498 4323 hoc
2519 4267 2644 4323 loco
2667 4268 2858 4323 dicere
2885 4268 2953 4323 ad
2981 4267 3257 4338 injuriam
3289 4267 3454 4340 legis,
3476 4266 3727 4323 Videtur
3755 4269 3965 4325 etiam

2275 4373 2553 4412 evacuare
2585 4356 2855 4412 liberium
2899 4356 3250 4426 arbitrium;
3285 4361 3342 4411 et
3389 4356 3603 4411 idcirco
3635 4355 3736 4411 hic
3771 4356 3967 4414 locus

2276 4449 2445 4500 caute
2476 4444 2761 4516 legendus
2810 4447 2914 4499 est.
2949 4445 3095 4500 Nam
3148 4444 3471 4513 sciendum,
3505 4443 3645 4516 quia
3678 4452 3973 4516 quatuor

516 4534 702 4589 rantis
739 4535 860 4598 Dei,
894 4534 994 4589 sed
1029 4534 1142 4590 sibi
1174 4535 1436 4591 ascribit.
1471 4538 1542 4591 Et
1571 4536 1709 4607 quia
1738 4541 1933 4608 potest
1953 4537 2164 4610 aliquis
2197 4550 2243 4614 D
2285 4539 2426 4590 sunt
2454 4535 2694 4606 gradus.
2743 4535 2977 4589 Primus
3026 4539 3162 4589 ante
3215 4534 3411 4589 datam
3462 4531 3674 4605 legem,
3710 4533 3778 4588 in
3813 4534 3975 4608 lege

512 4623 692 4678 videri
717 4625 919 4694 justus
943 4625 1098 4696 apud
1123 4624 1414 4691 homines,
1440 4642 1572 4679 cum
1605 4624 1682 4680 sit
1702 4627 1984 4697 reprobus
2007 4628 2162 4699 apud

514 4711 719 4780 Deum,
753 4712 883 4767 ideo
915 4711 995 4766 ait
1029 4729 1041 4767 :
1078 4713 1280 4768 Coram
1326 4712 1452 4768 illo.
1489 4713 1635 4768 Hinc
1683 4714 1754 4767 de
1791 4714 2078 4769 'Zacbaria
2109 4720 2166 4770 et

515 4798 809 4856 Elisabeth
851 4800 1066 4855 dicitur
1097 4819 1110 4856 :
1142 4803 1315 4856 Erant
1352 4801 1497 4872 justi
1523 4801 1680 4857 ambo
1711 4805 1841 4856 ante
1870 4803 2164 4857 Dominum

514 4887 667 4960 (Luc.
701 4907 741 4961 ι,
772 4890 850 4961 6).
884 4889 994 4945 Sed
1018 4890 1158 4962 quia
1186 4895 1412 4962 poterat
1441 4891 1512 4946 ad
1545 4890 1666 4946 hinc
1683 4889 1899 4961 aliquis
1923 4890 2113 4946 dicere
2146 4907 2158 4945 :

512 4979 812 5043 Quomodo
843 4979 1012 5048 dicis,
1045 4979 1342 5050 Apostole,
1376 4997 1488 5036 non
1515 4979 1829 5050 justiﬁcari
1862 4979 2162 5035 hominem

511 5084 581 5124 ex
601 5068 876 5140 operibus
898 5067 1065 5140 legis,
1086 5085 1219 5123 cum
1243 5076 1529 5142 praecepta
1549 5069 1696 5142 legis
1718 5069 1920 5124 eadem
1943 5069 2083 5137 sint,
2107 5073 2164 5124 et

511 5156 860 5216 Evangelii?
890 5156 1110 5212 Idcirco
1159 5158 1466 5228 subjunxit
1498 5175 1510 5213 :
1542 5165 1649 5214 Per
1680 5159 1850 5228 legem
1897 5159 2046 5213 enim
2075 5174 2161 5214 co-

510 5248 684 5315 gnitio
714 5248 948 5318 peccati,
979 5248 1350 5316 subauditur,
1386 5249 1469 5303 fit.
1504 5247 1609 5302 Ubi
1643 5248 1988 5317 notandum,
2025 5246 2163 5320 quia

584 5495 730 5568 (154)
767 5495 942 5568 Vulg.
978 5499 1244 5565 Quoniam
1275 5510 1625 5566 quaecunque.

585 5565 734 5712 (155)
763 5568 823 5622 Id
857 5565 944 5623 est
971 5570 1377 5649 perfectionem,
1516 5565 1525 5566 ί

585 5639 712 5708 (156
765 5639 828 5696 In
859 5644 1087 5711 autogr.
1121 5638 1530 5712 concupiscenti

583 5639 734 5712 (156)
765 5639 828 5696 In
859 5639 1087 5711 autOgr.
1121 5639 1641 5714 concupiscentiam.

2274 4622 2497 4678 scilicet
2543 4629 2784 4678 naturai.
2839 4623 3146 4678 Secundus
3194 4626 3328 4694 post
3371 4621 3558 4694 legem
3607 4622 3853 4692 datam,
3897 4626 3972 4681 in

2269 4709 2399 4784 lege
2422 4711 2629 4784 Moysi.
2656 4711 2885 4767 Tertius
2909 4711 3020 4767 sub
3061 4711 3270 4783 gratia,
3291 4709 3560 4766 videlicet
3580 4709 3640 4764 in
3673 4713 3979 4786 Evange-

2271 4800 2368 4857 lio.
2393 4803 2646 4866 Quartus
2677 4801 2786 4856 sub
2813 4817 2973 4872 pace,
3002 4801 3159 4872 quod
3183 4800 3292 4856 erit
3322 4800 3382 4854 in
3405 4799 3624 4855 futuro.
3649 4800 3712 4854 In
3738 4802 3977 4872 primo

2270 4888 2564 4944 trahimur
2593 4889 2813 4945 carnali
2835 4889 3332 4961 concupiscentia,
3355 4893 3411 4944 et
3425 4890 3772 4960 sequimur;
3799 4895 3983 4964 quia

2272 4995 2387 5034 non
2420 4979 2593 5034 modo
2626 4995 2960 5051 peccamus,
2987 4979 3086 5034 sed
3110 4978 3286 5034 etiam
3310 4981 3612 5052 peccatum
3635 4983 3977 5050 approba-

2271 5084 2405 5124 mus
2439 5085 2451 5122 ε
2487 5067 2766 5140 quoniam
2791 5067 3132 5140 ignorantiae
3161 5067 3420 5124 tenebris
3451 5067 3669 5134 cecati,
3693 5071 3982 5130 tantum

2270 5156 2582 5213 carnaliter
2626 5156 2898 5213 vivimus.
2949 5158 3013 5212 In
3063 5157 3322 5213 secundo
3363 5159 3557 5212 autem
3629 5155 3986 5218 trahimur

2271 5246 2594 5318 quidem,et
2618 5245 2952 5317 sequimur;
2979 5247 3080 5303 sed
3107 5244 3703 5320 cognoscimus,quod
3732 5248 3987 5309 tamen

2343 5495 2490 5577 (157)
2522 5493 3159 5579 Mendaverisimiliter
3187 5498 3297 5563 est,
3327 5498 3383 5551 et
3427 5494 3805 5568 precipiendo
3847 5500 3994 5578 legi

2272 5570 2462 5695 magis
2493 5570 2783 5641 congruit.
3443 5637 3454 5650 .
3663 5638 3674 5650 .
3926 5570 3929 5575 ’

2341 5639 2360 5713 (
2397 5638 2489 5713 58)
2520 5640 2830 5715 Perpetem
2863 5639 2972 5700 hoc
3002 5639 3244 5701 verbum
3275 5641 3591 5713 repetitum
3621 5639 3929 5704 Videtur.
