4116 6184
218 373 306 435 165

751 360 1172 423 EXPOSITIO
1219 357 1293 419 IN
1343 356 1779 420 EPISTULAS
1825 358 2088 419 PAULI.
2120 392 2197 401 -—-—
2241 358 2316 417 ΙΝ
2363 358 2611 421 EPIST.
2658 362 2761 420 AD
2809 361 2997 421 ROM.

3408 364 3413 369 ’
3493 368 3607 429 166

221 507 356 564 ribus
381 497 520 572 apud
552 493 827 552 homines
863 493 1050 549 videri
1099 493 1310 559 bonus,
1345 491 1444 546 sed
1507 509 1626 546 non
1675 491 1829 562 apud
1860 491 1915 557 Α
1947 490 2143 545 omnia
2166 490 2289 544 ﬁeri
2318 490 2378 545 in
2401 492 2771 564 baptismate.
2794 492 2911 547 Nec
2940 490 3062 547 ulla
3082 493 3397 553 beatitudo
3423 500 3609 569 major

221 596 388 652 Deum.
418 585 574 654 Quia,
608 585 765 641 sicut
795 583 952 639 bona
982 598 1158 655 opera
1203 581 1330 636 sine
1379 580 1516 647 fide,
1552 580 1637 636 ita
1688 580 1834 635 lides
1943 597 2071 635 esse
2102 584 2312 651 potest,
2335 597 2509 652 quam
2542 580 2667 636 sine
2700 580 2817 636 ullo
2848 581 3232 652 pmnitudinis
3264 582 3489 654 labore,
3515 605 3604 644 re-

223 684 269 739 in
294 692 538 753 processu
569 672 855 746 temporis
889 670 1035 727 nihil
1087 669 1258 740 valet,
1290 669 1406 724 nisi
1450 669 1613 725 bona
1659 686 1837 741 opera
1947 668 2289 724 missionem
2311 668 2574 724 omnium
2596 670 2874 741 consequi
2909 675 3306 742 peccatorum.
3334 675 3446 729 Sed
3470 693 3601 732 ecce

223 770 513 842 sequantur.
537 764 624 832 Et,
659 767 726 817 ut
755 778 928 817 suam
964 758 1361 816 narrationem
1390 758 1640 815 Genesis
1670 757 1834 814 testi-

1945 758 2147 813 Judazo
2171 758 2549 829 quaestionem
2578 759 2869 831 proponit,
2893 760 3295 832 sulijungens:
3328 762 3600 820 beatitudo

225 857 383 916 monio
410 851 827 925 comprobaret,
862 849 1077 920 adjecit
1108 866 1120 904 :
1175 847 1324 920 Quid
1361 850 1516 903 enim
1548 848 1840 919 Scriptura
1947 864 2075 918 ergo
2104 848 2221 904 haec
2254 850 2313 902 in
2342 849 2760 903 circumcisione
2789 849 2935 920 (174)
2982 860 3189 918 manet,
3221 868 3294 906 an
3339 854 3507 908 etiam
3538 855 3598 908 in

221 949 367 1005 dicit?
392 948 499 999 Hoc
545 944 632 997 est
666 956 679 994 :
731 939 891 996 unde
921 938 1224 1010 Scriptura
1254 936 1400 992 dicit
1439 937 1837 1008 justiﬁcatum
1943 937 2266 1009 pra’putio?
2293 936 2414 999 Quo
2447 942 2718 991 manente
2749 953 3055 1013 suspenso,
3082 938 3322 995 intulit:
3355 941 3600 996 Dicimus

226 1030 518 1091 Abraham?
550 1026 862 1100 Operibus,
898 1044 972 1082 an
1005 1026 1165 1081 fide?
1203 1023 1340 1080 Fide
1375 1025 1579 1098 utique
1614 1040 1627 1079 :
1679 1038 1838 1092 nam,

220 1122 419 1181 credidit
445 1117 713 1174 Abraham
746 1116 876 1186 Deo,
906 1118 959 1170 et
988 1120 1300 1185 reputatu-m
1329 1114 1406 1166 est
1445 1113 1504 1168 ei
1547 1111 1621 1168 ad
1662 1112 1840 1181 justi-

222 1216 334 1269 tiam
358 1208 487 1280 (Gal.
520 1223 603 1277 ιιι,
633 1204 712 1276 6).
746 1203 859 1259 Ubi
894 1202 1243 1273 notandum,
1276 1200 1419 1272 quia
1448 1219 1566 1257 non
1599 1199 1699 1271 ait,
1733 1200 1843 1254 cir-

226 1299 483 1358 cumcisus
503 1300 626 1363 est;
650 1294 751 1350 sed
764 1334 777 1359 ,
791 1291 1050 1359 credidit,
1066 1291 1203 1363 quia
1218 1290 1331 1346 ﬁde
1345 1290 1716 1361 justiticatus
1734 1292 1837 1344 est.

226 1392 277 1446 Ei
301 1391 480 1456 autern,
508 1384 605 1457 qui
633 1390 919 1456 operatur,
945 1396 1147 1437 merces
1175 1395 1283 1435 non
1314 1380 1632 1452 imputatur
1659 1395 1846 1435 secun-

227 1480 335 1534 dum
355 1479 603 1549 gratiam,
633 1472 729 1529 sed
756 1470 1063 1527 secundum
1090 1470 1350 1525 debitum.
1375 1469 1447 1524 Et
1478 1473 1567 1525 est
1598 1484 1843 1524 sensus:

224 1568 277 1623 Ei
302 1566 385 1638 qui
415 1565 704 1637 operatur,
737 1560 797 1617 id
831 1564 941 1626 est,
976 1559 1074 1631 qui
1107 1560 1178 1614 de
1208 1558 1487 1631 operibus
1520 1556 1849 1629 praesumit,

230 1671 412 1711 merces
442 1671 553 1710 non
585 1653 924 1723 imputatur
955 1649 1277 1703 secundum
1311 1647 1590 1719 gratiam,
1622 1646 1723 1701 sed
1758 1662 1849 1700 se-

226 1745 451 1800 cundum
501 1741 789 1805 debitum,
825 1739 967 1811 quia
1014 1737 1140 1793 suis
1187 1737 1411 1793 meritis
1459 1736 1848 1807 justiﬁcatur.

227 1833 344 1888 Nam
373 1848 526 1888 more
547 1830 814 1886 humano
840 1825 1155 1900 Apostolus
1184 1825 1485 1897 loquitur;
1520 1825 1658 1879 dum
1692 1824 1850 1879 enim

225 1920 407 1993 aliquis
435 1920 600 1976 alteri
630 1917 865 1988 tribuit,
891 1916 1046 1971 unde
1075 1913 1548 1971 vicissitudinem
1582 1912 1852 1985 accipiat,

225 2025 413 2067 merces
443 2010 495 2066 ei
539 2026 653 2065 non
686 2007 1021 2080 imputatur
1052 2004 1379 2060 secundum
1412 2002 1686 2079 gratiam,
1717 2001 1858 2073 quia

219 2098 340 2154 nihil
366 2098 549 2171 gratis
578 2096 813 2154 tribuit.
847 2100 913 2149 In
944 2095 1061 2150 Deo
1101 2109 1235 2148 vero
1275 2109 1394 2148 non
1444 2091 1527 2146 ita
1575 2095 1683 2162 est,
1715 2090 1857 2161 quia

220 2183 339 2240 nihil
369 2186 439 2240 ab
468 2184 711 2241 homine
744 2182 995 2254 accepit,
1018 2196 1123 2252 pro
1155 2197 1270 2251 quo
1301 2180 1353 2235 ei
1384 2178 1854 2234 vicissitudinem

219 2274 410 2329 reddat.
440 2274 605 2331 Unde
635 2274 708 2329 ad
740 2272 852 2328 Job
884 2270 1171 2342 loquitur,
1194 2269 1432 2323 dicens:
1468 2268 1576 2335 Qui
1602 2271 1732 2321 ante
1761 2267 1853 2322 de-

219 2362 285 2417 dit
309 2364 460 2434 mihi,
498 2367 558 2418 ut
585 2379 680 2433 ego
710 2361 940 2418 reddam
971 2358 1072 2414 ei?
1101 2358 1236 2428 (Job.
1270 2375 1385 2426 xu,
1420 2356 1500 2428 2.)
1531 2356 1678 2410 Hinc
1713 2355 1855 2411 alibi

219 2450 691 2525 idemApostolus:
710 2452 907 2507 Gratia
921 2448 1068 2505 salvi
1079 2448 1214 2518 [acti
1229 2448 1361 2502 eetis
1373 2462 1478 2518 per
1491 2444 1730 2515 ﬁdem,ct
1744 2462 1856 2501 non

218 2555 277 2593 ea:
300 2541 473 2605 vobis;
498 2542 597 2598 Dei
614 2542 822 2598 donum
849 2541 948 2603 est,
969 2553 1040 2593 ne
1064 2538 1184 2609 quis
1203 2537 1475 2607 glorietur
1496 2534 1653 2606 (Eph.
1682 2551 1743 2599 ιι,
1774 2535 1853 2607 8).

223 2627 362 2685 Unde
382 2635 439 2687 et
458 2631 739 2686 continuo
763 2628 1071 2685 subditur:
1096 2627 1162 2681 Ei
1180 2641 1303 2681 vero
1326 2626 1425 2695 qui
1449 2640 1558 2679 non
1577 2629 1853 2695 operatur,

216 2718 437 2774 credenti
452 2724 641 2775 autem.
661 2721 720 2775 in
738 2735 866 2774 eum
886 2718 984 2789 qui
997 2716 1267 2788 justiﬁcat
1287 2714 1549 2784 impium,
1564 2721 1859 2784 reputatur

217 2807 330 2876 ﬁdes
349 2810 469 2881 ejus
491 2809 564 2864 ad
575 2810 874 2881 justitiam.
892 2805 953 2861 Ei
978 2804 1079 2878 qui
1100 2822 1216 2860 non
1239 2807 1533 2876 operatur,
1550 2803 1610 2857 id
1633 2808 1741 2872 est,
1756 2804 1858 2875 qui

216 2896 276 2952 de
294 2898 574 2969 operibus
596 2915 711 2954 non
744 2895 1070 2969 praesumit,
1094 2910 1199 2950 nec
1231 2893 1356 2950 suis
1379 2892 1605 2948 meritis
1635 2908 1697 2948 se
1724 2909 1856 2965 gra-

220 2985 348 3041 tiam
380 2992 767 3044 consecutum
791 2983 994 3052 credit,
1019 2986 1323 3056 reputatur
1346 2983 1489 3038 fides
1522 2982 1649 3051 ejus
1671 2981 1742 3036 ad
1766 2982 1862 3051 ju-

217 3074 454 3144 stitiam,
480 3075 639 3131 sicut
660 3078 718 3130 et
736 3073 1002 3129 Abrahae.
1019 3072 1151 3139 Sed,
1168 3089 1240 3127 ne
1260 3072 1370 3127 hoc
1395 3071 1688 3126 videretur
1706 3075 1860 3143 Apo-

221 3163 389 3220 stolus
411 3163 701 3229 sensisse,
723 3162 881 3234 quod
907 3160 1182 3216 omnibus
1204 3160 1347 3215 fides
1369 3160 1440 3215 ad
1457 3158 1750 3231 justitiam
1775 3176 1864 3216 re-

1950 1027 2116 1093 enim,
2151 1027 2285 1096 quia
2330 1027 2581 1097 reputate
2618 1034 2697 1079 est
2725 1025 2958 1083 Abrahae
3004 1026 3139 1096 ﬁdes
3180 1028 3255 1083 ad
3290 1029 3594 1100 justitiam.

1951 1114 2127 1177 Quasi
2157 1114 2412 1169 diceret:
2450 1112 2589 1168 certi
2610 1114 2757 1185 (175)
2781 1130 2986 1169 sumus
3017 1115 3088 1170 de
3136 1116 3594 1187 justificatione:

1954 1204 2054 1259 sed
2086 1203 2155 1257 de
2184 1206 2447 1275 tempore
2475 1203 2812 1274 quaerimus.
2849 1206 2915 1257 Et
2945 1203 3054 1258 hoc
3083 1208 3192 1273 est,
3215 1206 3369 1277 quod
3404 1206 3600 1277 sequi-

1955 1299 2052 1348 tur
2083 1308 2096 1346 :
2152 1292 2422 1359 Quomodo
2451 1307 2575 1362 ergo
2605 1299 2861 1362 reputate
2901 1299 2977 1347 est
3002 1295 3027 1345 ?
3076 1294 3134 1347 in
3163 1294 3602 1367 circumcisione,

1956 1381 2102 1452 (176)
2133 1397 2255 1436 cum
2285 1384 2436 1448 esset,
2470 1398 2541 1435 an
2572 1383 2633 1436 in
2659 1382 2930 1453 praeputio
2950 1384 2975 1434 .9
3002 1382 3070 1435 Et
3098 1381 3299 1437 Judan
3332 1388 3606 1441 manente

1958 1486 2245 1542 suspenso
2285 1487 2391 1526 nec
2438 1470 2685 1525 audente
2716 1470 3086 1541 respondere,
3121 1487 3193 1525 ne
3243 1470 3366 1527 suis
3416 1474 3608 1530 verbis

1960 1563 2281 1630 caperetur,
2315 1559 2440 1631 ipse
2472 1559 2583 1614 sibi
2617 1559 2938 1630 respondit,
2970 1558 3171 1614 dicens
3206 1574 3219 1612 :
3252 1560 3372 1614 Non
3403 1563 3461 1616 in
3493 1564 3608 1617 cir-

1959 1650 2315 1715 cumcisione,
2356 1648 2448 1703 sed
2495 1650 2554 1702 in.
2600 1650 2893 1719 prtcputio.
2929 1652 2992 1701 In
3043 1649 3261 1720 quibus
3307 1650 3522 1719 verbis,
3559 1651 3610 1705 si

1963 1737 2270 1809 diligenter
2286 1736 3401 1809 animadvertamus,videturApostolus
3420 1740 3611 1795 dicere

1964 1843 2029 1882 eo
2061 1832 2322 1898 tempore
2354 1827 2722 1882 nominatum
2752 1826 3071 1891 Abraham,
3105 1844 3241 1898 quo,
3277 1845 3392 1883 non
3436 1829 3612 1885 Abra-

1965 1915 2125 1976 ham.
2158 1916 2259 1970 sed
2291 1916 2505 1970 Abram
2536 1917 2854 1970 vocabatur
2886 1932 2898 1968 :
2953 1916 3103 1985 quod
3137 1915 3267 1971 ideo
3302 1919 3440 1987 egit,
3475 1919 3613 1990 quia

1967 2009 2202 2060 noverat
2222 2005 2418 2059 omnia
2438 2022 2472 2059 a
2492 2009 2605 2059 Deo
2628 2003 3055 2075 praedestinata,
3076 2004 3190 2058 fixa
3211 2008 3267 2059 et
3287 2006 3616 2063 immobilia

1967 2110 2327 2166 permanere.
2362 2094 2450 2160 Et,
2485 2097 2767 2164 tanquam
2800 2091 3017 2148 diceret
3063 2092 3274 2164 aliquis
3320 2095 3560 2151 Judaeus
3594 2112 3608 2152 :

1965 2199 2069 2237 cur
2115 2182 2405 2238 Abraham
2455 2180 2962 2237 circumcisionem
3011 2181 3249 2253 accepit,
3285 2183 3334 2236 si
3387 2183 3609 2240 nullam

1965 2272 2381 2327 beatitudinem
2416 2275 2764 2326 consecutus
2795 2268 2928 2324 cst?
2984 2268 3137 2325 Illico
3190 2271 3498 2328 subdidit:
3548 2274 3613 2328 Et

1963 2362 2181 2431 signum
2228 2361 2439 2427 accepit
2486 2360 2947 2427 circumcisionis,
2988 2360 3333 2429 signaculum
3375 2362 3611 2431 justitiaa

1962 2450 2109 2520 fidei,
2141 2465 2264 2520 quae
2294 2457 2372 2504 est
2402 2450 2458 2503 in
2485 2450 2775 2520 praeputio.
2812 2448 2885 2501 Ac
2925 2448 2973 2503 si
3016 2448 3234 2503 diceret
3267 2465 3279 2504 :
3331 2449 3456 2504 Non
3506 2468 3609 2522 pro

1965 2538 2347 2603 beatitudine,
2365 2535 2903 2607 autjustilicatione
2931 2536 3437 2593 ctrcumcisionem
3460 2555 3620 2594 acce-

1966 2628 2070 2700 pit,
2104 2628 2204 2683 scd
2236 2644 2339 2699 pro
2371 2626 2560 2698 signo.
2594 2625 2701 2680 Ubi
2737 2625 3085 2692 notandum,
3116 2626 3253 2697 quia
3284 2627 3400 2682 duo
3431 2627 3571 2683 dicit
3599 2646 3613 2683 :

1967 2716 2200 2788 signum
2226 2720 2283 2771 ct
2303 2713 2771 2787 signaculum,et
2793 2713 3063 2769 fortassis
3088 2731 3269 2769 unum
3294 2720 3468 2783 sunt;
3492 2718 3617 2783 sed,

1968 2805 2018 2860 si
2072 2804 2379 2879 diligenter
2425 2804 2748 2872 attendam,
2796 2820 3012 2876 magna
3057 2808 3149 2859 est
3189 2803 3488 2860 distantia.
3523 2806 3613 2862 Si-

1970 2911 2149 2967 gnum
2182 2894 2341 2949 enim
2371 2896 2462 2948 est
2493 2893 2650 2964 quod
2695 2891 2877 2961 aliud,
2908 2909 3088 2964 quam
3137 2897 3246 2964 est,
3278 2894 3571 2966 significat
3602 2913 3616 2952 :

1972 2982 2470 3055 quemadmodum
2499 2980 2780 3036 Dominus
2811 2981 3029 3036 Judmis
3069 2981 3240 3054 signa
3285 2984 3619 3055 petentibus

1972 3072 2114 3126 dicit
2144 3088 2155 3127 :
2191 3073 2473 3128 Generatio
2504 3072 2619 3125 haec
2646 3070 2897 3126 adultera
2927 3078 3045 3138 est;
3074 3071 3295 3140 signum
3323 3075 3545 3143 quaerit,
3569 3077 3622 3130 et

1973 3162 2194 3231 signum
2225 3176 2334 3215 non
2363 3159 2590 3214 dabitur
2626 3161 2697 3229 ei,
2727 3161 2841 3214 nisi
2879 3161 3098 3231 signum
3141 3162 3296 3218 Iona:
3345 3162 3621 3235 prepheta?

218 3254 542 3321 putaretur,
573 3249 860 3322 praemisit
892 3266 905 3303 :
939 3248 1178 3304 credenti
1207 3250 1268 3302 in
1297 3264 1442 3313 eum,
1474 3250 1573 3318 qui
1602 3248 1865 3317 iusti/icui
1896 3235 1938 3299 C
1975 3248 2178 3318 (Matth.
2228 3265 2329 3316 x11,
2380 3248 2493 3317 39).
2550 3246 2654 3301 Ubi
2705 3248 2965 3303 ostendit
3016 3265 3162 3321 pene
3219 3250 3435 3320 omnia,
3492 3269 3619 3324 quae

219 3342 462 3411 impium.
502 3339 611 3394 Ubi
642 3337 993 3407 notandum,
1018 3336 1153 3408 quia
1184 3353 1299 3392 non
1331 3336 1409 3392 ait
1437 3353 1449 3390 :
1484 3336 1739 3392 credenti
1770 3337 1821 3392 ei
1847 3353 1861 3392 :

219 3431 312 3486 Deo
344 3444 619 3501 namque
648 3428 886 3483 credere
912 3429 1001 3481 est
1031 3425 1340 3497 promissis
1372 3424 1532 3481 illius
1563 3425 1736 3480 ﬁdem
1769 3443 1865 3482 ac-

218 3519 634 3575 commodare:
691 3517 752 3572 in
799 3514 987 3571 Deum
1033 3531 1165 3571 vero
1214 3515 1446 3571 credere
1494 3518 1582 3571 est
1630 3532 1863 3573 omnem

218 3623 365 3680 spem
416 3607 483 3663 in
521 3606 649 3679 ipso
678 3604 981 3661 collocare.
1023 3603 1111 3671 Et,
1146 3608 1209 3660 ut
1248 3620 1417 3660 suam
1469 3603 1863 3661 narrationem

216 3695 541 3753 Psalmistoa
570 3692 908 3750 testimonio
939 3693 1329 3762 conﬁrmaret,
1363 3693 1635 3763 adjunxit
1665 3712 1679 3750 :
1715 3693 1866 3752 Sicut

217 3788 264 3840 et
289 3785 463 3842 David
499 3784 637 3840 dicit
658 3781 1053 3839 beatitudinem
1081 3783 1342 3851 hominis,
1365 3783 1458 3838 cui
1479 3787 1624 3839 Deus
1652 3792 1866 3856 aCtBC’plO

221 3876 313 3940 fert
330 3877 625 3948 justitiam
651 3874 773 3928 sine
800 3871 1075 3944 Operibus,
1106 3871 1166 3926 id
1213 3876 1321 3941 est,
1354 3873 1445 3927 cui
1489 3872 1643 3928 Deus
1686 3874 1868 3944 gratis

224 3965 274 4017 et
300 3968 520 4037 sponte
549 3961 755 4017 tribuit
783 3960 1260 4031 iustiﬁcationem
1288 3976 1300 4015 :
1333 3962 1506 4031 Beati,
1529 3976 1761 4031 quorum
1792 3977 1870 4016 re-

222 4054 385 4109 misse
415 4060 560 4109 sunt
586 4051 925 4123 iniquitates,
956 4051 1008 4102 et
1046 4063 1279 4118 quorum
1310 4052 1448 4104 tecta
1472 4053 1600 4105 sunt
1621 4054 1867 4121 peccata.

225 4141 407 4198 Beatus
460 4143 581 4209 vir,
630 4141 722 4196 cui
762 4154 886 4217 (non
934 4138 1224 4209 imputavit
1267 4139 1531 4193 Dominus
1586 4147 1871 4210 peccatum

219 4231 387 4297 (Psal.
422 4246 590 4297 xxxx,
627 4229 677 4296 1,
710 4228 787 4299 2).
821 4225 930 4281 Ubi
964 4226 1310 4295 notandum,
1335 4227 1474 4297 quia
1501 4227 1612 4281 tria
1641 4226 1872 4282 videtur

224 4316 541 4376 Psalmista
569 4318 757 4373 dicere
783 4333 795 4372 :
829 4314 1107 4371 remissas
1135 4313 1498 4386 iniquitates,
1522 4320 1759 4387 peccata
1784 4320 1869 4371 te-

227 4411 328 4472 cta,
349 4412 406 4465 et
435 4423 567 4464 non
599 4406 957 4479 imputatum
991 4407 1314 4475 peccatum.
1336 4402 1497 4459 Unde
1519 4403 1758 4475 quidam
1791 4404 1873 4460 di-

226 4502 356 4553 cunt
382 4496 737 4568 iniquitates
770 4492 991 4549 remitti
1022 4509 1124 4564 per
1152 4492 1576 4564 paenitentiam,
1611 4510 1727 4548 non
1760 4493 1872 4549 im-

1974 3335 2127 3394 circa
2154 3341 2364 3393 Jonam
2404 3340 2570 3408 gesta
2618 3340 2776 3406 sunt,
2812 3338 2882 3392 ad
2934 3354 2996 3393 se
3044 3338 3352 3409 pertinere.
3386 3340 3532 3396 Hinc
3564 3344 3622 3396 et

1974 3427 2209 3483 Simeon
2241 3427 2312 3482 de
2342 3424 2589 3481 Domino
2628 3425 2812 3481 dicit:
2866 3431 3004 3483 Ecce
3046 3429 3257 3499 positus
3300 3439 3378 3486 est
3426 3429 3515 3485 hic
3560 3432 3622 3486 in

1972 3518 2197 3573 ruinam
2243 3524 2293 3571 et
2346 3517 2406 3570 in
2452 3516 2671 3585 signum
2718 3516 2867 3587 (Luc.
2902 3534 2964 3582 ιι,
2996 3518 3106 3588 34).
3141 3517 3321 3573 Filius
3362 3537 3618 3593 namque

1974 3606 2074 3662 Dei
2106 3608 2259 3660 recte
2289 3603 2525 3676 signum
2557 3603 2751 3659 dictus
2781 3608 2869 3659 est
2896 3622 2909 3673 ;
2945 3603 3083 3677 quia
3112 3604 3271 3661 aliud
3292 3606 3618 3676 videbatur,

1974 3695 2033 3750 id
2064 3698 2171 3760 est,
2199 3694 2397 3764 homo,
2420 3698 2477 3749 et
2506 3692 2663 3747 aliud
2697 3693 3059 3765 credebatur,
3083 3695 3140 3749 id
3172 3700 3262 3750 est
3291 3700 3461 3752 Deus.
3483 3701 3620 3753 Car-

1977 3783 2128 3839 nalis
2175 3783 2373 3853 itaque
2420 3781 2784 3838 circumcisio
2826 3787 2982 3838 recte
3032 3783 3268 3856 signum
3320 3785 3474 3842 dicta
3512 3790 3625 3854 est,

1978 3871 2117 3944 quia
2141 3869 2467 3943 spiritalem
2491 3870 2856 3939 signiﬁcabat
2877 3870 3385 3927 circumcisionem
3411 3891 3537 3945 quae
3562 3876 3629 3930 fit

1980 3976 2081 4032 per
2103 3958 2351 4032 gratiam
2384 3962 2442 4012 et
2471 3957 2644 4012 ﬁdem
2669 3957 2906 4012 Christi.
2934 3959 3131 4030 Ipsum
3157 3960 3371 4030 quippe
3395 3977 3629 4032 regene-

1981 4047 2223 4104 rationis
2254 4049 2570 4112 auctorem,
2596 4045 2907 4099 Dominum
2945 4046 3211 4101 videlicet
3237 4047 3438 4102 Jesum
3461 4048 3628 4103 Chri-

1980 4141 2137 4191 stum
2171 4132 2560 4206 signiﬁcabat,
2595 4148 2697 4203 per
2726 4133 2893 4203 cujus
2933 4134 3184 4205 gratiam
3225 4134 3402 4189 corda
3451 4153 3631 4192 mun-

1979 4223 2534 4294 dantur,expiantur
2554 4221 2939 4277 conscientiae.
2956 4223 3336 4296 Signaculum
3361 4240 3493 4280 vero
3517 4230 3631 4297 est,

1981 4314 2136 4387 quod
2166 4312 2337 4368 alicui
2372 4311 2665 4366 servanda:
2713 4312 2793 4366 rei
2842 4329 2946 4384 pro
2979 4315 3237 4385 tempore
3269 4313 3527 4385 ponitur,
3561 4319 3629 4371 ut

1982 4421 2097 4460 non
2131 4404 2202 4459 ab
2235 4400 2348 4457 alio
2379 4400 2637 4456 solvatur
2674 4418 2849 4474 quam
2890 4402 2963 4456 ab
3009 4419 3075 4459 eo
3126 4402 3226 4476 qui
3274 4403 3492 4475 posuit.
3528 4404 3631 4461 Illa

1982 4509 2117 4565 ergo
2152 4490 2521 4546 circumcisio
2551 4494 2707 4546 recte
2740 4490 3110 4564 signaculum
3144 4492 3301 4547 dicta
3351 4496 3461 4560 est,
3496 4494 3635 4565 quia

227 4587 409 4656 putari
433 4586 508 4643 in
531 4583 830 4657 martyrio.
857 4582 969 4638 Sed
994 4582 1337 4648 notandum,
1362 4581 1501 4653 quia
1520 4598 1632 4637 non
1667 4583 1784 4638 ait:
1815 4584 1875 4639 in
1906 4600 1953 4665 Ι)
1986 4598 2088 4655 pro
2121 4578 2424 4652 signaculo
2475 4580 2613 4634 data
2661 4584 2749 4635 est
2776 4579 3017 4646 Judzeis,
3050 4583 3114 4634 ut
3161 4597 3277 4636 non
3325 4581 3399 4635 ab
3451 4579 3632 4639 altero

229 4675 434 4746 quibus
466 4690 595 4731 non
626 4671 1007 4729 inveniuntur
1035 4674 1290 4744 peccata,
1324 4671 1448 4740 sed,
1475 4688 1709 4743 quorum
1738 4676 1905 4730 tecta—

226 4773 361 4821 sunt.
387 4763 565 4821 Unde
590 4763 795 4818 beatus
817 4760 1130 4833 Gregorius
1155 4777 1167 4814 :
1201 4760 1317 4815 Nos
1347 4760 1451 4829 rei,
1474 4778 1653 4832 quam
1685 4766 1876 4834 tegere

230 4854 526 4921 volumus,
551 4851 771 4923 aliquid
796 4850 1356 4923 superimponimus,
1376 4866 1448 4905 ne
1467 4851 1762 4922 videatur;
1791 4852 1876 4908 sic

231 4944 282 4997 et
319 4942 578 5015 peccatis
608 4940 848 5008 nostris,
882 4956 999 4995 non
1050 4938 1240 4995 solum
1292 4940 1738 5009 confessionem,
1774 4940 1873 4996 sed

232 5030 400 5087 etiam
432 5032 591 5087 bona
620 5044 794 5101 Opera
825 5028 1307 5098 superponentes,
1330 5026 1605 5098 tegimus,
1632 5030 1696 5081 ut
1720 5027 1876 5082 Deus

234 5135 341 5175 non
373 5120 826 5186 animadvertat,
857 5116 914 5170 id
945 5120 1053 5181 est,
1086 5115 1307 5185 puniat.
1340 5113 1499 5169 Unde
1530 5114 1679 5170 idem
1716 5114 1875 5171 Psal-

237 5207 404 5264 mista
431 5225 447 5265 :
498 5210 686 5265 Averte
713 5206 916 5279 faciem
946 5207 1101 5259 tuam
1130 5220 1163 5258 a
1187 5205 1423 5274 peccatis
1454 5204 1592 5258 meis
1619 5204 1789 5275 (Psat.
1822 5222 1873 5274 ι,

236 5296 337 5370 11).
371 5296 495 5354 Nos
521 5297 699 5370 igitur
727 5296 1133 5351 incunctanter
1162 5293 1395 5349 credere
1424 5291 1707 5349 debemus
1754 5292 1876 5349 haec

294 5548 455 5632 (174)
486 5548 652 5622 Vulg.
699 5549 765 5604 In
811 5544 1225 5602 circumcisione
1277 5547 1497 5599 tantum
1549 5552 1755 5616 manet,
1802 5562 1878 5602 an

235 5622 460 5771 8118,7715)
489 5691 689 5766 Autog.
711 5690 836 5749 loco
865 5689 1004 5747 certi
1029 5702 1217 5746 sumus
1244 5686 1422 5745 habet
1445 5688 1801 5746 certissimus.

1985 4671 2306 4728 solveretur
2333 4667 2421 4724 vel
2452 4669 2779 4724 auferretur
2806 4685 2981 4739 quam
3028 4670 3100 4724 ab
3146 4686 3212 4725 eo
3262 4669 3361 4741 qui
3414 4671 3628 4741 posuit.

1983 4758 2146 4814 Unde
2176 4757 2329 4812 idem
2361 4754 2674 4827 Apostolus
2706 4756 2850 4811 dicit
2882 4773 2895 4812 :
2946 4758 3013 4811 At
3042 4757 3141 4813 ubi
3167 4759 3316 4813 venit
3342 4758 3632 4830 plenitudo

1983 4848 2262 4919 temporis,
2285 4846 2438 4899 misit
2462 4849 2605 4899 Deus
2631 4846 2833 4899 Filium
2851 4862 3015 4900 suum
3042 4849 3249 4915 factum
3276 4864 3347 4903 ea:
3376 4849 3629 4919 muliere,

1982 4940 2192 5010 factum
2239 4934 2336 4988 sub
2385 4933 2516 5003 lege,
2548 4936 2608 4988 ut
2645 4950 2737 4989 eos
2764 4937 2862 5005 qui
2888 4936 2985 4990 sub
3018 4938 3129 5007 lege
3156 4946 3312 4993 erant
3340 4937 3637 4992 redimeret

1985 5026 2126 5098 (Gal.
2153 5041 2230 5090 1v,
2254 5022 2306 5094 4)
2333 5039 2345 5076 :
2380 5021 2518 5093 quia
2546 5039 2661 5078 non
2692 5024 2857 5094 prius
2888 5025 2985 5081 ﬁet
3008 5042 3186 5097 quam
3217 5026 3362 5081 illud
3390 5023 3632 5095 implea-

1981 5120 2081 5169 tur
2108 5112 2263 5183 quod
2297 5110 2433 5167 alibi
2479 5112 2561 5167 ait
2593 5129 2606 5168 :
2660 5118 2840 5169 Donec
2867 5114 3150 5185 plenitudo
3179 5116 3423 5183 gentium
3456 5114 3632 5167 intro-

1982 5207 2107 5275 iret,
2139 5209 2191 5258 et
2239 5204 2317 5257 sic
2365 5205 2543 5258 omnis
2587 5206 2761 5260 Israel
2803 5206 2994 5262 salvus
3033 5206 3185 5276 ﬁeret
3213 5206 3388 5272 (Rom.
3423 5219 3485 5270 ιι,
3516 5202 3631 5276 25).

1983 5294 2156 5349 Recte
2188 5290 2560 5364 signaculum
2591 5293 2824 5350 dicitur.
2858 5295 2974 5351 Cur
3023 5297 3216 5348 autem
3259 5290 3632 5362 signaculum

1983 5614 2019 5671 b
2055 5541 2203 5670 (tt76)
2231 5541 2421 5599 Verba
2459 5560 2584 5599 cum
2624 5548 2759 5599 esset
2805 5540 2864 5595 in
2891 5534 3062 5610 Vulg.
3095 5535 3342 5598 lectione
3373 5555 3490 5597 non
3521 5538 3625 5598 ha-

2025 5630 2095 5671 en
2130 5631 2218 5671 ur.

2025 5630 2218 5671 ΘΠῑυΡ.
