4114 6172
451 308 565 369 167

1468 298 1806 362 ATTONlS
1850 296 2435 360 VERCELLENSIS
2481 295 2836 357 EPILCOPI

3745 296 3862 357 168

455 438 923 497 circumcisionis
957 435 1247 508 acceperit
1286 432 1563 507 aperitur,
1599 449 1733 487 cum
1782 430 2056 487 subditur
2090 447 2103 485 :
2135 431 2188 496 Α
2220 431 2406 500 quavit
2435 430 2582 484 enim
2612 444 2841 499 regnum
2868 427 3126 483 castorum
3173 426 3379 501 (Matth.
3412 444 3495 496 In,
3525 427 3582 498 2)
3610 445 3623 483 :
3658 428 3759 483 sed
3811 428 3863 485 si

457 532 520 587 Ut
548 530 620 585 sit
646 534 806 600 pater
834 527 1081 582 omnium
1102 524 1445 580 credentium
1475 530 1693 594 propter
1712 521 1860 592 (177)
1886 534 2105 592 praepu-

450 620 612 688 tium,
645 621 708 673 ut
752 619 1039 687 reputetur
1080 616 1129 669 et
1168 613 1284 668 illis
1313 610 1382 666 ad
1420 610 1700 683 justitiam
1718 626 1740 670 ,·
1767 613 1817 665 et
1846 611 1918 664 sit
1943 612 2105 680 pater

451 706 913 764 circumcisionis.
947 705 1086 776 Apte
1117 702 1353 773 quidem
1401 701 1543 756 dicit
1588 701 1836 755 omnium
1881 697 2101 754 creden-

453 798 619 866 tium,
652 794 794 867 quia
824 792 1204 865 praaputiatus
1232 789 1548 855 Abraham,
1581 789 1868 844 credendo
1914 788 2102 843 factus

453 889 545 942 est
568 889 731 957 pater
754 877 1653 955 praeputiatorum,circumcisus
1688 881 1881 933 autem
1913 877 2103 932 factus

454 979 547 1031 est
573 978 738 1046 pater
764 972 1120 1028 Judteorum.
1156 969 1371 1025 Omnes
1402 967 1555 1022 enim
1589 966 1689 1039 qui
1729 967 1788 1021 in
1821 965 2103 1038 prmputio

454 1063 701 1120 credunt
729 1063 1037 1116 transeunt
1076 1059 1149 1114 ad
1182 1056 1527 1129 dignitatem
1560 1055 1803 1111 seminis
1835 1054 2100 1122 Abrahae,

453 1157 510 1208 et
538 1154 846 1223 reputatur
865 1149 949 1204 eis
975 1148 1122 1203 ﬁdes
1142 1147 1212 1202 ad
1240 1146 1557 1217 justitiam,
1584 1144 1736 1201 sicut
1765 1148 1821 1199 et
1842 1143 2100 1199 Abrahae.

453 1242 523 1295 Et
554 1240 665 1295 hoc
688 1242 776 1295 est
805 1237 960 1310 quod
985 1235 1218 1301 dicitur,
1249 1238 1313 1290 ut
1341 1237 1645 1306 reputatur
1663 1237 1720 1289 et
1748 1232 1832 1289 eis
1863 1232 2006 1287 ﬁdes
2029 1232 2101 1286 ad

443 1328 764 1400 justitiam.
796 1326 928 1396 Sed,
961 1325 1012 1380 si
1064 1322 1405 1396 diligentius
1448 1322 1841 1388 attendamus,
1874 1321 2105 1376 videtur

454 1416 769 1490 Apostolus
798 1415 894 1470 his
921 1413 1117 1469 verbis
1148 1413 1454 1469 ostendere
1485 1428 1667 1467 unum
1702 1426 1829 1466 esse
1874 1427 2100 1481 praepu-

458 1507 609 1562 tium
643 1509 700 1560 et
728 1502 1230 1573 circumisionem,
1260 1501 1538 1573 quoniam
1569 1500 1903 1572 quicunque
1933 1498 2106 1554 vcsti-

451 1596 549 1668 gia
579 1593 715 1649 ﬁdei
746 1592 989 1648 Abrahae
1021 1591 1332 1646 imitantur
1360 1590 1488 1659 ejus
1521 1588 1626 1643 ﬁlii
1656 1587 2015 1654 efﬁciuntur,
2049 1590 2107 1643 et

454 1683 650 1751 corde,
685 1698 799 1738 non
849 1696 1107 1752 corpore,
1142 1679 1668 1748 circumciduntur,
1700 1682 1757 1733 et
1803 1679 2105 1748 reputatur

451 1772 802 1846 praeputium
836 1785 1037 1825 eorum
1068 1768 1129 1823 in
1160 1767 1689 1839 circumcisionem.
1723 1773 1804 1820 Ac
1854 1781 1955 1837 per
1991 1764 2100 1820 hoc

448 1852 739 1916 Abraham
769 1863 934 1930 pater
962 1860 1053 1913 est
1082 1855 1574 1924 circumcisionis,
1606 1856 1662 1910 id
1695 1859 1803 1921 est,
1837 1852 2102 1908 omnium

449 1947 834 2004 credentium.
869 1946 1030 2001 Unde
1061 1943 1337 2001 continuo
1368 1944 1643 2000 subditur
1670 1961 1683 1999 :
1720 1945 1835 1999 Non
1867 1942 1974 2010 his,
2008 1943 2106 2015 qui

451 2053 524 2092 ex
552 2035 968 2092 circumcisione
995 2042 1123 2089 sunt
1152 2036 1387 2103 tantum,
1418 2032 1511 2088 sed
1555 2032 1642 2087 his
1684 2033 1782 2105 qui
1825 2034 2106 2086 sectantur

449 2126 683 2196 vestigia
711 2123 861 2194 ﬁdei,
886 2123 1023 2195 quod
1055 2123 1200 2193 (178)
1229 2125 1309 2177 est
1338 2122 1396 2176 in
1425 2122 1697 2193 prmputio
1724 2121 1902 2193 patris
1932 2121 2105 2176 nostri

451 2214 707 2269 Abrahae.
741 2212 1124 2276 Quaerendum
1176 2217 1372 2265 tamen
1422 2214 1528 2277 est,
1563 2224 1743 2281 quare
1789 2207 2102 2281 Apostolus

454 2301 806 2375 praeputium
859 2298 1112 2371 praetulit
1158 2298 1611 2354 circumcisioni.
1662 2297 1913 2364 Scilicet,
1967 2298 2105 2369 quia

454 2390 809 2464 praevidebat
839 2388 1004 2461 prius
1033 2392 1091 2442 et
1122 2386 1319 2459 plures
1349 2387 1672 2442 credituros
1714 2403 1783 2441 ex
1829 2386 2103 2457 gentibus

455 2495 633 2552 quam
666 2495 734 2534 ex
758 2476 996 2533 Judteis.
1020 2475 1185 2530 Unde
1207 2475 1689 2548 Psalmigraphus
1713 2493 1726 2532 :
1762 2475 1958 2530 Notum
1975 2477 2105 2546 fecit

455 2569 723 2625 Dominus
766 2567 1034 2623 Salutare
1087 2581 1252 2619 suum
1302 2572 1428 2620 ante
1473 2572 1815 2637 conspectum
1859 2566 2105 2635 gentium

456 2658 623 2725 (Psal.
655 2672 826 2723 xcvn,
856 2655 932 2728 2).
968 2655 1037 2709 Et
1066 2654 1238 2726 paulo
1270 2658 1403 2726 post
1433 2671 1447 2708 :
1499 2655 1699 2709 Memor
1742 2655 1850 2723 fuit
1884 2654 2104 2709 miseri-

455 2747 654 2802 cordia:
681 2762 794 2800 sua:
820 2744 987 2800 Jacob
1017 2743 1198 2815 (Ibid,
1230 2742 1307 2813 3).
1343 2741 1488 2796 Hinc
1527 2746 1583 2796 et
1627 2740 1861 2797 Simeon
1911 2740 2055 2797 dicit
2087 2756 2100 2795 :

459 2840 666 2892 Lumen
712 2833 782 2890 ad
828 2833 1218 2888 reuelationem
1265 2832 1535 2902 gentium,
1567 2836 1621 2885 et
1664 2830 1902 2902 gloriam
1929 2831 2104 2901 plebis

457 2928 573 2981 tua?
600 2924 773 2979 Israel
820 2926 974 2991 (Luc.
1007 2939 1070 2987 II,
1103 2921 1214 2993 32).

528 3013 675 3069 Nam
698 3012 924 3069 dudum
949 3008 1260 3082 Apostolus
1285 3008 1445 3081 loqui
1467 3009 1641 3081 coepit
1666 3009 1736 3064 de
1757 3007 1882 3081 lege
1903 3008 2104 3064 adver-

356 3168 363 3173 (
455 3119 558 3158 sus
579 3118 679 3157 eos
700 3100 798 3172 qui
822 3098 1271 3172 promissionem
1291 3098 1536 3154 Abrahae
1560 3098 1770 3153 iactam
1795 3113 1897 3169 per
1916 3097 2102 3170 legem

457 3171 742 3264 putabant
772 3171 1096 3260 impletum.
1132 3189 1220 3255 Et,
1269 3190 1455 3260 empta
1485 3187 1807 3242 intentione
1836 3202 2100 3259 perseve-
2130 3171 2173 3238 C

453 3297 609 3348 rans,
645 3280 773 3334 ait:
826 3279 944 3334 Non
993 3279 1144 3333 enim
1186 3293 1286 3349 per
1334 3277 1506 3347 legem
1555 3277 1844 3347 promissio
1874 3275 2102 3332 Abrahz

454 3374 551 3424 aut
577 3369 781 3424 semini
807 3368 946 3438 ejus,
975 3369 1034 3420 ut
1064 3366 1239 3422 haeres
1268 3369 1407 3420 esset
1434 3365 1648 3431 mundi,
1679 3364 1772 3419 sed
1796 3381 1899 3436 per
1938 3365 2099 3433 iusti-

451 3459 589 3512 tiam
619 3457 765 3527 ﬁdei,
800 3471 866 3510 ac
891 3454 942 3510 si
973 3454 1225 3509 diceret:
1262 3470 1377 3508 non
1408 3458 1497 3508 est
1525 3453 1625 3517 ita,
1659 3458 1723 3507 ut
1754 3469 1855 3506 vos
1886 3452 2100 3514 dicitis.

453 3544 591 3617 quia
618 3543 730 3612 lex,
765 3560 891 3616 qua:
924 3544 1054 3614 post
1085 3541 1271 3597 multa
1302 3558 1593 3596 annorum
1625 3539 1917 3595 curricula
1964 3541 2102 3595 data

453 3638 563 3701 est,
597 3649 714 3689 non
746 3631 939 3705 potuit
968 3628 1212 3702 implere
1242 3628 1691 3702 promissionem
1724 3629 1834 3683 sub
1871 3629 2099 3699 jureju-

454 3721 639 3777 rando
669 3720 917 3776 Abrahae
952 3720 1184 3785 factum,
1212 3718 1349 3790 quia
1378 3717 1689 3790 promissio
1718 3714 1841 3786 illa,
1866 3733 1970 3772 nec
2002 3734 2105 3789 per

453 3809 639 3882 legem
672 3808 825 3865 facta
852 3812 941 3864 est
971 3824 1075 3864 nec
1105 3824 1208 3880 per
1248 3807 1435 3879 legem
1466 3803 1727 3877 impleta.
1760 3804 1923 3861 Unde
1953 3807 2099 3878 ipse,

451 3898 700 3970 loquens
732 3898 805 3954 ad
838 3897 1093 3964 Galatas,
1127 3896 1209 3952 ait
1238 3896 1389 3951 inter
1418 3899 1625 3951 caetera
1651 3912 1664 3950 :
1699 3894 2098 3966 Quadragintos

451 3991 505 4046 et
534 3989 768 4059 triginta
797 4002 969 4043 annos
995 3987 1142 4059 facta
1171 3989 1248 4041 est
1279 3986 1387 4051 lex,
1410 3974 1518 4040 non
1565 3985 1700 4056 facit
1751 3985 1978 4040 irritum
2014 3982 2096 4041 ad

450 4078 831 4135 evacuandam
859 4076 1009 4149 (179)
1038 4075 1464 4147 promissionem
1492 4071 1637 4146 (Gal.
1671 4090 1755 4140 ιιι,
1790 4073 1897 4144 17).

524 4166 597 4222 Ut
628 4170 822 4221 autem
847 4165 1180 4221 ostenderet
1211 4180 1314 4235 per
1344 4179 1521 4234 quem
1551 4161 1793 4233 impleta
1823 4161 1919 4232 sit,
1945 4161 2102 4231 adje-

453 4255 532 4309 cit
560 4271 573 4309 :
608 4254 714 4310 Sed
742 4270 837 4325 per
855 4253 1135 4324 justitiam
1164 4252 1313 4321 ﬁdei,
1346 4252 1405 4306 id
1437 4255 1544 4318 est,
1581 4250 1720 4321 quia
1751 4250 1864 4305 ﬁde
1889 4251 2105 4321 justiﬁ-

453 4346 620 4400 catus
649 4347 739 4398 est
766 4341 1084 4406 Abraham,
1127 4340 1282 4394 sicut
1325 4344 1382 4395 et
1410 4344 1630 4410 gentes.
1664 4337 1942 4410 Sequitur
1974 4356 1987 4393 :
2043 4339 2106 4393 Si

453 4434 603 4488 enim
646 4432 744 4505 qui
790 4447 861 4487 ea:
905 4430 1038 4501 lege,
1072 4427 1313 4486 hceredes
1342 4435 1493 4493 sunt,
1523 4428 1819 4483 exinanita.
1846 4431 1921 4483 est
1949 4427 2100 4498 ﬁdes,

2214 518 2347 590 quis
2370 517 2498 584 hoc,
2529 517 2614 573 vel
2649 516 2788 571 illud
2817 516 3038 586 fecerit,
3065 521 3249 571 morte
3276 515 3580 573 moriatur.
3611 517 3699 585 Et,
3724 517 3867 589 quia

2214 610 2482 679 poterant
2507 605 2691 661 Judaei
2724 604 2914 660 dicere
2946 622 2960 660 :
3006 604 3273 677 nunquid
3305 604 3475 661 nobis
3504 607 3739 660 tantum
3773 605 3867 661 lex

2212 694 2357 751 iram
2392 693 2713 768 operatur?
2744 694 2877 751 Ideo
2908 693 3174 749 subdidit
3205 711 3220 749 :
3264 694 3368 750 Ubi
3393 709 3505 749 non
3533 697 3613 748 est
3642 694 3752 759 lex,
3785 695 3869 749 ibi

2211 800 2310 840 nec
2335 785 2744 857 praevaricatio.
2777 785 2887 839 Sed
2918 782 3181 855 nunquid
3213 783 3368 855 apud
3408 782 3653 856 gentiles
3702 782 3867 838 nulla

2211 876 2302 929 est
2330 872 2748 945 praevaricatio,
2775 872 2874 944 qui
2906 870 3090 942 legem
3114 871 3297 943 Moysi
3329 887 3443 926 non
3471 871 3866 944 acceperunt?

2213 961 2354 1027 Quis
2383 962 2493 1017 hoc
2524 962 2714 1017 dicere
2745 962 2975 1032 audeat,
3009 977 3142 1015 cum
3175 960 3331 1016 idem
3359 960 3674 1032 Apostolus
3719 960 3864 1016 alibi

2213 1051 2414 1106 dicat:
2475 1053 2792 1124 Quicunque
2837 1052 2960 1106 sine
3006 1051 3120 1123 tege
3160 1054 3535 1121 peccaverunt,
3580 1047 3705 1105 sine
3750 1051 3867 1121 lege

2206 1140 2520 1211 peribunt?
2567 1140 2868 1203 Quomodo
2920 1155 3056 1211 ergo
3105 1138 3551 1210 intelligendum
3593 1143 3732 1194 est?
3780 1140 3866 1195 Ita

2215 1246 2282 1284 ac
2313 1228 2391 1284 sit
2420 1228 2639 1285 diceret
2668 1227 2800 1285 aliis
2828 1228 2987 1284 verbi
3021 1227 3187 1284 :subi
3221 1245 3341 1284 non
3366 1232 3455 1284 est
3483 1232 3863 1301 prisceptum,

2212 1317 2406 1374 minor
2427 1320 2515 1373 est
2534 1316 2943 1389 transgressio.
2961 1316 3122 1372 Unde
3144 1320 3276 1388 apte
3300 1316 3651 1372 subauditur
3673 1321 3864 1385 tanta;

2214 1411 2280 1462 ut
2309 1406 2386 1462 sit
2424 1407 2565 1462 ordo
2593 1406 2901 1462 verborum
2935 1422 2950 1462 :
2985 1405 3091 1462 Ubi
3119 1422 3234 1461 non
3264 1410 3353 1461 est
3395 1405 3508 1473 lex,
3541 1422 3647 1461 nec
3692 1409 3867 1461 tanta

2214 1494 2628 1568 praevaricatio.
2696 1499 2764 1549 Et
2826 1499 3014 1566 apte:
3076 1494 3355 1565 quoniam
3423 1510 3539 1565 quo
3606 1495 3866 1567 quisque

2214 1599 2432 1655 gnarus
2482 1587 2699 1657 peccat,
2752 1600 2817 1639 eo
2865 1582 3121 1656 amplius
3150 1583 3299 1655 (180)
3347 1582 3642 1654 punietur.
3676 1583 3865 1652 Unde,

2215 1674 2421 1729 beatus
2452 1675 2820 1746 Augustinus
2852 1673 3030 1728 dicit:
3066 1672 3271 1728 Omnis
3299 1670 3485 1745 legem
3520 1672 3867 1745 praeteriens

2213 1761 2455 1833 iniquus
2485 1766 2609 1818 est:
2644 1778 2761 1817 non
2786 1765 2985 1817 tamen
3006 1760 3200 1818 omnis
3230 1760 3470 1833 iniquus
3502 1759 3690 1833 legem
3714 1777 3865 1832 prae-

2213 1851 2366 1907 terit.
2400 1850 2490 1906 Illi
2538 1867 2695 1923 ergo,
2737 1849 2838 1922 qui
2887 1867 3000 1906 non
3034 1854 3273 1922 accepta
3303 1850 3426 1923 lege
3456 1854 3719 1923 peccant,
3752 1850 3866 1905 iui-

2213 1940 2316 2013 qui
2349 1940 2462 1996 dici
2494 1944 2779 2012 possunt;
2815 1944 3279 2013 transgressores
3310 1957 3426 1995 non
3459 1944 3727 2012 possunt.
3753 1941 3866 1996 Sed

2215 2029 2632 2085 attendendum
2668 2032 2756 2084 est
2787 2029 2858 2084 de
2888 2044 3003 2100 qua
3034 2028 3161 2099 lege
3191 2028 3287 2083 hic
3316 2027 3595 2100 loquatur
3620 2028 3867 2100 Aposto-

2214 2120 2329 2174 lus.
2362 2118 2639 2190 Nunquid
2670 2120 2741 2173 de
2772 2116 2898 2188 lege
2928 2116 3198 2189 scripta?
3245 2120 3443 2173 Potest
3495 2116 3731 2189 quidem
3781 2117 3867 2173 ita

2213 2206 2487 2279 intelligi;
2512 2208 2612 2263 sed
2637 2205 3075 2262 convenientius
3094 2206 3164 2261 de
3184 2205 3307 2278 lege
3327 2210 3567 2263 natura.
3583 2207 3866 2262 Homines

2210 2296 2390 2361 enim,
2422 2312 2555 2351 cum
2596 2295 2789 2351 adhuc
2838 2296 2896 2350 in
2938 2312 3116 2368 parva
3143 2298 3308 2351 aetate
3336 2295 3685 2363 consistunt,
3718 2295 3866 2367 quid

2213 2387 2506 2457 agendum
2533 2385 2744 2456 quidve
2774 2401 2889 2440 non
2923 2384 3019 2454 sit,
3046 2384 3286 2440 minime
3313 2389 3675 2457 agnoscunt:
3707 2385 3870 2440 ideo-

2214 2490 2348 2546 que,
2384 2473 2654 2545 quamvis
2703 2472 2780 2529 sit
2829 2472 3027 2546 aliqua
3077 2490 3258 2545 parva
3308 2473 3479 2545 (181),
3527 2478 3724 2530 tamen
3774 2479 3868 2530 est

2211 2562 2405 2635 culpa.
2430 2562 2576 2618 Cum
2600 2566 2796 2618 autem
2822 2562 3167 2634 perveniunt
3187 2562 3259 2618 ad
3288 2561 3655 2618 rationabilis
3676 2562 3867 2618 atatis

2212 2668 2417 2721 annos,
2450 2655 2668 2723 quanto
2696 2649 2949 2722 amplius
3001 2651 3145 2723 quid
3195 2666 3364 2723 agere
3408 2651 3658 2707 debeant
3686 2650 3868 2707 intel-

2211 2740 2424 2813 ligunt,
2483 2745 2646 2796 tanto
2703 2740 2977 2811 atrocius,
3030 2739 3081 2795 si
3126 2740 3275 2813 (182)
3322 2739 3694 2812 deliquerint,
3751 2758 3865 2814 pu-

2212 2829 2465 2886 nientur.
2499 2830 2665 2886 Unde
2694 2828 3011 2886 Psalmista
3043 2846 3057 2885 :
3106 2830 3570 2886 Praevaricatores
3599 2833 3869 2902 reputavi

2211 2936 2397 2976 omnes
2440 2928 2747 2992 peccatores
2792 2921 2952 2975 terrm
3000 2920 3173 2991 (Psal.
3201 2935 3395 2990 cxvm,
3429 2918 3553 2990 119)
3592 2937 3604 2975 :
3655 2936 3865 2977 omnes

2214 3024 2467 3081 namque
2479 3012 2808 3080 peccatores
2828 3008 3295 3081 praevaricatores
3312 3007 3732 3080 legisMosaicaa
3745 3027 3862 3066 non

2214 3098 2470 3165 fuerunt,
2528 3096 2666 3170 quia
2724 3114 2836 3153 nou
2893 3114 3097 3153 omnes
3151 3114 3279 3153 eam
3337 3103 3708 3170 acceperunt,
3758 3101 3858 3155 sed

2213 3185 2360 3258 legis
2406 3189 2644 3241 naturae.

2280 3275 2399 3331 Ideo
2427 3292 2499 3332 ea:
2529 3275 2654 3346 ﬁde,
2688 3274 3060 3341 subauditur,
3094 3274 3335 3347 impleta
3387 3279 3476 3330 est
3519 3274 3859 3347 promissio,

2208 3368 2268 3419 ut
2295 3364 2590 3420 secundum
2611 3366 2850 3433 gratiam
2868 3366 3029 3435 ﬁrma
3050 3365 3125 3420 sit
3148 3366 3441 3435 promissio
3466 3367 3618 3421 omni
3636 3365 3860 3435 semini,

2209 3453 2268 3507 id
2300 3459 2406 3520 est,
2438 3459 2559 3508 tam
2588 3453 2789 3509 Judan
2822 3470 3000 3526 quam
3032 3457 3090 3509 et
3130 3452 3357 3525 gentili.
3393 3454 3461 3509 Et
3510 3455 3861 3522 notandum,

2211 3543 2350 3612 quia
2376 3557 2493 3596 non
2525 3542 2607 3596 ait
2636 3542 2964 3597 secundum
2999 3541 3295 3609 meritum,
3329 3547 3431 3599 aut
3468 3542 3614 3615 legis
3661 3544 3864 3599 obser-

2210 3630 2490 3696 vantiam,
2526 3629 2629 3685 sed
2660 3630 2987 3685 secundum
3018 3631 3289 3702 gratiam.
3324 3632 3472 3696 Quia
3505 3631 3629 3688 sola
3672 3632 3869 3704 gratia

2216 3718 2311 3774 Dei
2352 3718 2688 3788 justiﬁcataz
2744 3723 2884 3775 sunt
2929 3724 3150 3792 gentes.
3194 3724 3319 3777 Non
3367 3723 3443 3792 ei,
3493 3723 3591 3792 qui
3634 3737 3701 3776 ea:
3751 3722 3872 3792 lege

2210 3816 2287 3864 est
2314 3808 2514 3877 solum,
2545 3806 2605 3862 id
2652 3811 2760 3875 est,
2793 3808 2892 3880 qui
2924 3825 2994 3865 ex
3022 3809 3212 3865 Veteri
3246 3811 3621 3866 Testamento
3653 3806 3872 3888 transit

2212 3898 2283 3953 ad
2313 3897 2563 3969 gratiam
2593 3896 2734 3952 Novi
2766 3913 2783 3971 7:
2835 3897 2936 3953 Sed
2963 3902 3014 3954 et
3045 3901 3117 3970 ei,
3148 3901 3247 3971 qui
3271 3916 3341 3955 erc
3369 3898 3476 3971 ﬁde
3502 3903 3581 3956 est
3609 3898 3866 3968 Abrahz,

2210 3985 2268 4042 id
2300 3989 2408 4054 est,
2442 3986 2545 4057 qui
2574 3970 2834 4042 imitator
2861 3990 2951 4043 est
2979 3986 3113 4044 ﬁdei
3142 3970 3408 4057 Abrahze,
3440 3990 3537 4061 qui
3584 3992 3664 4044 est
3708 3996 3871 4059 pater

2211 4077 2463 4131 omnium
2510 4079 2780 4140 nostrum,
2831 4075 2888 4131 id
2936 4080 3045 4143 est,
3093 4080 3217 4132 tam
3274 4077 3633 4143 Judaeorum,
3683 4093 3864 4149 quam

2212 4162 2540 4237 gentilium.
2575 4164 2665 4228 Et,
2699 4167 2763 4217 ut
2810 4163 2920 4219 hoc
2951 4163 3192 4220 Genesis
3222 4164 3557 4221 testimonio
3587 4181 3866 4237 compro-

2212 4252 2394 4325 baret,
2420 4252 2631 4323 adjecit
2656 4268 2669 4308 :
2704 4252 2854 4308 Sicut
2880 4255 3149 4325 scriptum
3176 4258 3255 4309 est
3272 4271 3291 4309 :
3327 4257 3458 4326 quia
3482 4258 3696 4325 patrem
3715 4257 3867 4311 mul-

2211 4351 2395 4397 tarum
2423 4341 2667 4412 gentium
2695 4344 2860 4414 posui
2883 4346 2935 4398 te
2962 4347 3089 4399 ante
3119 4343 3305 4399 Deum.
3340 4343 3504 4407 Quod
3535 4343 3677 4399 dicit
3708 4343 3867 4398 mul-

2211 4435 2427 4500 tarum,
2454 4449 2568 4488 non
2602 4433 3018 4503 quarumdam,
3047 4433 3149 4490 sed
3174 4431 3440 4488 omnium
3465 4433 3751 4489 debemus
3780 4432 3870 4487 in~

455 4522 658 4578 abolita
687 4524 765 4577 est
793 4520 1099 4591 promissio.
1125 4518 1195 4573 Et
1223 4522 1312 4574 est
1341 4533 1589 4572 sensus:
1623 4516 1672 4572 si
1702 4533 1803 4572 vos
1825 4515 1933 4572 soli
1962 4516 2103 4573 estis
2131 4540 2180 4605 D
2214 4520 2492 4593 telligere.
2522 4524 2700 4576 Juxta
2730 4521 2885 4593 quod
2914 4521 2973 4576 in
3005 4522 3208 4577 eodem
3238 4521 3387 4578 libro
3418 4521 3703 4594 scriptum
3734 4525 3866 4578 est:

453 4611 735 4677 hmredes,
768 4609 869 4682 qui
919 4624 986 4665 ex
1032 4607 1159 4680 lege
1204 4604 1712 4662 circumcisionem
1752 4606 2099 4677 accepistis;

455 4711 591 4771 ergo
624 4700 769 4755 ﬁdes
800 4696 1017 4754 Christi
1050 4695 1359 4753 annullata
1396 4699 1504 4752 est.
1540 4695 1650 4751 Sed
1695 4710 1811 4749 non
1864 4695 1947 4749 ita
1993 4698 2101 4749 est.

456 4788 617 4845 Unde
647 4805 781 4844 mox
811 4803 1051 4843 causam
1083 4785 1294 4854 reddit,
1330 4785 1699 4858 subjungens
1735 4800 1747 4838 :
1797 4784 1910 4839 Lex
1955 4784 2105 4839 enim

452 4879 602 4933 iram
640 4883 923 4949 operatur.
956 4879 1136 4942 Iram,
1169 4878 1232 4929 ut
1278 4890 1431 4947 εωρο
1478 4874 1753 4931 diximus.
1785 4871 2102 4928 vindictam

450 4970 639 5024 vocat.
674 4967 783 5022 Lex
812 4981 945 5036 ergo
975 4964 1124 5020 iram
1155 4968 1449 5036 operatur,
1481 4962 1621 5035 quia
1662 4980 1777 5017 non
1830 4960 2106 5035 praedicat

453 5053 885 5131 pmnitentiam,
910 5052 1109 5109 dicens
1138 5069 1152 5109 :
1187 5053 1574 5109 Paenitentiam
1597 5052 1783 5121 agite;
1815 5051 2108 5124 appropin-

524 5267 879 5394 313833.15:
909 5283 1036 5394 itii;

522 5335 675 5413 (178)
702 5335 873 5413 Vulg.
909 5335 1034 5397 loco
1064 5338 1205 5413 quod
1235 5338 1407 5413 habet
1437 5354 1600 5413 quat;
1629 5335 1755 5413 alia:
1794 5336 1968 5393 etiam
2018 5337 2104 5394 le-

456 5409 680 5467 ctiones
710 5409 848 5467 locd
869 5427 993 5481 qua:
1022 5409 1120 5479 est,
1153 5409 1521 5482 habentque;
1547 5409 1675 5480 fuit.

529 5483 673 5566 (179)
701 5480 957 5566 .Cap.‘i_11,
987 5500 1042 5565 v,
1070 5484 1162 5566 17,
1197 5483 1256 5537 in
1287 5480 1459 5566 Vplg.
1493 5480 1575 5566 ita
1608 5496 1623 5566 ξ
1664 5493 1789 5550 qua:
1814 5488 1933 5566 post
1963 5496 2104 5566 qua-

454 5551 853 5638 pringen‘tos‘et
882 5556 1113 5638 triginta
1133 5551 1469 5638 annos/“acta
1496 5558 1575 5607 est
1604 5551 1715 5621 lex,
1736 5567 1848 5608 non
1880 5551 2118 5609 irritum‘

451 5623 600 5713 '[acit
630 5623 702 5685 ad
742 5624 1114 5682 evacuandam
1138 5623 1571 5704 promissionem.

2215 4611 2278 4664 In
2305 4612 2513 4665 semine
2542 4618 2633 4666 tuo
2665 4610 3048 4666 benedicentur
3074 4626 3258 4666 omnes
3288 4619 3469 4682 gentes
3500 4619 3665 4668 terra?
3707 4610 3867 4682 (Gen.

2211 4715 2350 4769 xxn,
2386 4698 2491 4770 18).
2527 4698 2691 4764 Quod
2743 4703 2939 4755 autem
2987 4699 3262 4769 subditur
3296 4715 3311 4755 :
3365 4704 3493 4756 ante
3545 4700 3737 4771 Deum,
3769 4702 3873 4756 cui

2213 4787 2513 4858 credidisti,
2548 4788 2696 4861 (183)
2748 4788 2806 4843 in
2837 4788 2987 4844 libro
3017 4788 3258 4845 Genesis
3290 4806 3405 4846 non
3441 4788 3726 4857 habetur;
3759 4790 3865 4845 sed

2214 4876 2550 4950 Apostolus,
2573 4877 2935 4949 exponendo,
2960 4878 3029 4933 de
3057 4894 3162 4933 suo
3185 4878 3419 4950 adjecit,
3441 4877 3640 4934 volens
3667 4883 3868 4935 osten-

2214 4966 2351 5021 dere
2370 4965 2665 5022 Abraham
2691 4966 2803 5021 ﬁde
2817 4966 3230 5037 justiﬁcatum.
3250 4969 3320 5024 Et
3340 4971 3429 5025 est
3449 4984 3658 5024 sensus
3683 4985 3696 5023 :
3728 4973 3871 5025 ante

2215 5061 2419 5122 Deum,
2470 5056 2563 5112 cui
2613 5054 2934 5121 credidisti,
2986 5056 3244 5128 positum
3300 5061 3389 5114 est
3444 5061 3510 5112 ut
3560 5056 3644 5113 sis
3699 5061 3872 5129 pater

2286 5266 2432 5338 (180)
2465 5265 2528 5320 In
2563 5267 2762 5337 autog.
2790 5268 3111 5337 puniretur.

2286 5338 2434 5406 (181)
2465 5339 2674 5408 Autag.
2706 5353 2899 5409 prava.

2285 5409 2431 5480 (182)
2462 5406 2673 5481 Autog.
2706 5406 3163 5481 'deretiquerint;
3217 5409 3465 5467 fortasse
3520 5414 3699 5480 recte,
3760 5406 3871 5464 sed

2215 5481 2423 5552 minus
2461 5483 2612 5552 apte.

2285 5551 2433 5630 (183)
2465 5550 2531 5607 In
2562 5554 2757 5624 autog.
2789 5550 3118 5609 credidistis.
