4116 6184
258 307 350 364 I69

817 299 1250 361 EXPOSITIO.
1284 299 1358 358 IN
1409 302 1845 366 EPISTOLAS
1894 308 2150 369 PAULI.
2188 343 2262 356 —
2295 314 2371 374 IN
2418 316 2666 380 EPIST.
2712 322 2817 381 AD
2864 324 3055 386 ROM.

2153 197 2179 227 Ι

3548 341 3668 401 170

256 433 531 489 multarum
572 430 865 500 gentium.
897 432 1009 499 Qui
1034 429 1286 502 vivi/ient
1314 436 1582 489 mortuos.
1620 436 1881 493 Mortuus
1910 440 1964 504 Α
1992 440 2133 496 sicut
2157 444 2350 498 stellas
2394 450 2517 503 ca'li
2561 454 2613 505 et
2659 454 2801 508 sicut
2840 470 3075 511 arenam
3104 473 3230 529 quae
3259 469 3346 516 est
3376 466 3437 519 in
3480 469 3666 529 littore

253 525 341 579 hoc
385 521 515 585 loco,
563 535 677 572 non
730 536 996 590 corpore,
1051 522 1151 575 sed
1202 520 1400 575 anima
1447 524 1738 580 debemus
1790 526 1877 581 in-

251 610 488 681 telligere,
515 607 686 677 juxta
715 607 863 661 illud
902 625 916 664 :
950 610 1152 663 Anima
1202 624 1329 681 quae
1370 616 1681 681 peccaverit
1707 619 1882 670 morte

251 700 495 755 morietur.
547 696 711 751 Sicut
758 696 919 751 enim
968 713 1183 769 corpus
1232 702 1535 756 mortuum
1581 706 1688 772 est,
1723 705 1880 775 quod

248 789 395 843 habet
421 785 633 850 oculos,
666 789 722 840 et
748 790 990 841 caeteros
1031 803 1244 842 sensus
1292 787 1419 843 sine
1470 790 1597 847 suis
1647 793 1878 860 ofﬁciis,

250 878 356 932 ideo
381 878 601 929 mortua
634 878 723 929 est
752 874 980 939 anima,
1026 892 1154 946 quae
1209 876 1302 930 his
1352 880 1635 935 omnibus
1690 882 1879 936 sensi-

249 965 339 1019 bus
365 979 485 1019 cum
516 962 638 1018 suis
671 962 886 1018 ofﬁciis
918 969 1097 1034 caret,
1146 965 1202 1018 id
1259 971 1348 1019 est
1392 984 1524 1038 quae
1556 986 1671 1024 non
1704 969 1882 1027 habet

249 1051 430 1119 oculos,
461 1050 671 1123 quibus
704 1051 895 1122 possit
923 1052 1122 1107 videre
1156 1058 1545 1123 Deum,aures
1578 1058 1876 1127 audiendi,

247 1142 431 1213 quibus
457 1140 638 1213 possit
667 1140 875 1196 audire
907 1146 1198 1213 praecepta
1246 1143 1367 1211 Dei,
1420 1161 1617 1215 nares,
1651 1150 1716 1201 ut
1744 1164 1878 1219 pro-

247 1229 371 1285 ferat
392 1230 542 1285 bonae
572 1228 873 1301 opinionis
905 1229 1169 1295 odorem,
1193 1231 1365 1301 juxta
1395 1232 1545 1290 illud
1566 1236 1824 1306 Apostoli
1859 1254 1873 1292 :

245 1319 423 1375 Christi
451 1319 616 1374 bonus
642 1318 782 1373 odor
808 1334 1007 1373 sumus
1061 1320 1165 1373 Deo
1218 1319 1297 1391 (Il
1339 1320 1465 1377 Cor.
1519 1340 1581 1394 II,
1617 1324 1739 1395 15);
1787 1342 1875 1394 os,

244 1411 297 1461 ut
320 1406 488 1462 valeat
519 1407 893 1479 degustando
944 1422 1119 1478 quam
1170 1408 1366 1463 suavis
1418 1411 1500 1465 sit
1548 1412 1873 1482 Dominus;

242 1512 441 1563 manus,
475 1499 536 1550 ut
554 1497 728 1567 juxta
757 1511 962 1551 vocem
996 1496 1239 1552 Joannis
1270 1498 1460 1569 possit
1502 1504 1752 1557 tractare
1804 1503 1875 1557 de

241 1584 387 1639 verbo
418 1583 569 1652 vitae;
620 1584 822 1656 pedes,
875 1584 1093 1656 quibus
1146 1585 1223 1640 sit
1273 1587 1520 1643 verbum
1554 1589 1654 1645 Dei
1686 1590 1873 1646 lucer-

240 1688 329 1738 nae,
358 1672 562 1744 quibus
594 1672 863 1729 ambulet
890 1673 952 1727 in
982 1673 1108 1744 lege
1139 1674 1395 1731 Domini.
1432 1678 1550 1732 Hos
1581 1678 1728 1734 tales
1761 1679 1873 1735 Do-

239 1762 404 1817 minus
429 1762 680 1819 viviﬁcat
708 1760 1078 1833 inspirando,
1111 1768 1178 1817 ut
1210 1765 1430 1820 mortui
1460 1766 1621 1822 vitiis
1676 1768 1875 1824 vivant

236 1851 537 1918 virtutibus,
569 1856 625 1907 et
671 1850 970 1906 credendo
1020 1851 1079 1905 in
1124 1868 1259 1907 eum
1307 1857 1615 1910 transeant
1663 1856 1733 1911 ad
1783 1857 1873 1911 di-

234 1937 483 2007 gnitatem
517 1939 764 1996 seminis
793 1939 1064 2006 Abrahae,
1097 1945 1155 1995 et
1198 1946 1506 2011 reputetur
1556 1943 1673 1998 illis
1718 1939 1873 2001 "ﬁdes

235 2026 289 2081 ad
312 2027 620 2097 justitiam.

286 2132 553 2206 Sequitur
598 2153 610 2191 :
647 2138 713 2191 Et
758 2140 914 2191 vocat
960 2151 1026 2191 ea
1071 2151 1198 2207 quae
1243 2153 1356 2192 non
1399 2147 1550 2204 sunt,
1607 2148 1874 2212 tanquam

231 2238 286 2277 ea
309 2240 416 2294 qum
444 2233 591 2281 sunt.
627 2224 746 2281 Soli
782 2225 902 2280 Deo
934 2225 1239 2296 proprium
1290 2232 1380 2283 est
1430 2244 1581 2295 esse,
1614 2229 1706 2282 cui
1750 2247 1868 2284 non

227 2314 301 2366 est
345 2312 533 2377 aliter,
583 2318 685 2369 aut
733 2313 1110 2369 dissimiliter
1157 2331 1304 2369 esse.
1360 2316 1471 2370 Sed
1529 2316 1637 2370 hoc
1684 2322 1773 2372 est
1815 2319 1868 2373 ei

225 2416 334 2455 esse
361 2403 519 2473 quod
570 2406 704 2458 est:
739 2407 1018 2458 creaturae
1071 2419 1203 2458 vero
1257 2420 1374 2459 non
1427 2408 1513 2459 est
1564 2406 1865 2477 proprium

222 2504 348 2553 esse,
410 2491 555 2563 quia
604 2496 797 2563 potest
849 2496 906 2547 et
954 2491 1140 2558 aliter,
1191 2497 1248 2546 et
1291 2492 1665 2548 dissimiliter
1715 2512 1862 2552 esse.

222 2578 357 2641 Quod
382 2579 543 2635 idem
568 2579 882 2651 Apostolus
907 2580 1403 2649 manifestat,cum
1429 2583 1695 2652 Ephesiis
1715 2584 1863 2657 (184)

217 2663 461 2737 loquens,
496 2670 583 2725 ait
613 2670 765 2726 inter
796 2674 1005 2726 cetera
1037 2688 1050 2725 :
1085 2671 1256 2725 Filius
1290 2672 1386 2726 Dei
1414 2672 1675 2727 Dominus
1710 2675 1862 2729 Iesus

218 2754 458 2827 Christus,
493 2762 596 2830 qui
618 2776 722 2831 per
748 2775 850 2815 nos
884 2760 945 2814 in
972 2761 1124 2815 vobis
1150 2761 1491 2831 praedicatus
1537 2769 1615 2816 est
1653 2778 1749 2831 per
1777 2780 1864 2820 me

212 2844 566 2902 etSilvanum
610 2857 663 2904 et
712 2848 1069 2915 Timotheum,
1124 2864 1235 2905 non
1286 2851 1397 2920 fuit
1447 2854 1566 2917 Est,
1614 2854 1665 2904 et
1711 2850 1858 2922 Non,

213 2932 411 2991 sed.Est
443 2938 511 2991 in
541 2937 639 2993 illo
663 2939 799 3009 fuit.
829 2938 972 2992 Hinc
1006 2937 1289 2994 Dominus
1320 2939 1393 2993 ad
1421 2939 1657 3010 Moysen
1689 2938 1856 2995 dicit:

213 3021 311 3089 Ego
351 3038 480 3077 sum
534 3025 631 3095 qui
675 3040 821 3090 sum,
863 3027 916 3078 et
963 3024 1110 3078 dices
1156 3025 1293 3095 ﬁliis
1340 3026 1510 3080 Israel
1558 3044 1576 3080 :
1623 3027 1733 3095 Qui
1779 3033 1859 3082 est

212 3109 342 3165 misit
384 3127 479 3167 me
535 3111 603 3166 ad
647 3128 739 3168 vos
787 3112 987 3183 (Exod.
1021 3129 1105 3182 In,
1149 3114 1258 3184 14).
1292 3114 1636 3185 Quicunque
1682 3114 1861 3185 igitur

214 3194 311 3252 Deo
337 3215 447 3272 per
480 3200 662 3256 ﬁdem
695 3200 974 3271 conjungi
1009 3206 1326 3271 merentur,
1357 3205 1415 3255 et
1458 3201 1570 3272 ipsi
1620 3202 1855 3273 quidem

211 3291 323 3341 sunt
352 3288 877 3359 quemadmodum
910 3286 994 3340 illi
1026 3288 1096 3342 de
1127 3288 1343 3358 quibus
1375 3288 1658 3344 Dominus
1696 3290 1859 3345 testi-

214 3376 459 3431 monium
496 3374 785 3445 perhibet,
811 3374 1015 3430 dicens
1049 3391 1061 3429 :
1096 3376 1203 3445 Ego
1232 3393 1356 3431 sum
1386 3378 1525 3433 Deus
1550 3379 1856 3447 Abraham,

209 3469 248 3516 et
268 3468 407 3520 Deus
443 3467 638 3532 Isaac,
693 3466 744 3519 et
794 3465 933 3519 Deus
981 3465 1171 3521 Jacob.
1222 3465 1404 3521 Vocat
1445 3483 1581 3539 ergo
1625 3485 1693 3523 ea
1732 3486 1857 3539 quae

211 3565 302 3607 non
345 3557 497 3610 sunt
554 3557 620 3607 ut
663 3553 802 3620 sint,
855 3556 1138 3624 tanquam
1189 3572 1256 3609 ea
1300 3572 1427 3626 quae
1475 3561 1614 3611 sunt
1659 3574 1671 3610 :
1721 3557 1861 3629 quia

206 3653 300 3711 eos,
333 3642 439 3713 qui
493 3641 613 3696 sibi
666 3657 770 3713 per
820 3642 996 3696 ﬁdem
1049 3643 1343 3714 conjuncti
1372 3661 1485 3700 non
1518 3638 1676 3715 sunt,
1710 3664 1856 3718 prai-

209 3725 555 3785 destinando
586 3735 639 3785 et
668 3729 1017 3801 inspirando
1042 3736 1229 3799 vocat,
1254 3733 1394 3788 utin
1428 3751 1563 3790 eum
1593 3736 1854 3802 credant,

204 3816 249 3869 et
274 3817 387 3874 sint
417 3824 719 3890 tanquam
773 3817 856 3873 illi
891 3820 992 3891 qui
1015 3820 1142 3890 jam
1176 3821 1286 3877 sibi
1335 3839 1439 3893 per
1468 3823 1640 3879 ﬁdem
1664 3825 1857 3893 juncti

212 3911 350 3961 sunt.

273 4011 372 4079 Qui
412 4021 616 4071 contra
672 4030 821 4085 spem
878 4014 1125 4086 (scilicet
1181 4016 1452 4072 humanm
1504 4021 1747 4091 naturae)
1801 4022 1860 4075 in

208 4114 288 4168 spe
316 4102 457 4173 (185;
493 4102 756 4173 credidit,
783 4103 993 4158 divinae
1024 4104 1259 4176 gratiae;
1295 4110 1495 4163 contra
1515 4124 1681 4181 spem
1702 4108 1860 4164 enim

210 4184 257 4242 in
285 4205 382 4261 spe
421 4190 707 4263 credidit,
756 4191 896 4263 quia
948 4192 1289 4249 ﬁrmissime
1332 4196 1519 4250 tenuit
1566 4201 1648 4267 ut,
1703 4198 1860 4268 quod

209 4291 358 4334 sacra
403 4278 763 4337 adolescens
802 4284 860 4336 et
895 4280 1216 4351 juvencula
1244 4283 1471 4355 explere
1502 4302 1617 4340 non
1651 4285 1860 4357 potuit,

203 4363 308 4433 jam
341 4384 498 4425 anus
545 4369 746 4440 adjuta
774 4368 973 4424 divina
1004 4370 1197 4441 gratia
1238 4377 1435 4441 posset
1475 4372 1724 4445 explere,
1756 4373 1865 4429 hoc

1990 533 2184 584 maris.
2220 534 2379 595 Quod
2414 537 2778 607 hyperbolice
2809 543 3031 598 dictum
3063 551 3183 615 est;
3224 566 3369 607 nam
3404 572 3435 609 a
3467 559 3657 627 primo

1990 617 2228 674 homine
2264 638 2449 693 usque
2476 626 2545 679 ad
2581 627 2857 685 ultimum
2890 649 3001 687 non
3035 640 3207 691 erunt
3237 642 3325 693 tot
3357 617 3649 715 homines,

1992 710 2055 760 ut
2085 706 2270 763 stellis
2302 711 2429 765 coeli
2461 718 2562 768 aut
2592 732 2780 773 arenae
2824 720 3004 777 maris
3034 725 3263 795 possint
3295 734 3646 803 comparari,

1989 797 2310 865 praesertim
2358 815 2490 855 cum
2547 819 2651 858 nec
2701 809 2787 861 tot
2838 809 3054 866 fuerint
3095 817 3159 868 ut
3205 797 3643 890 caeteris-genti;

1990 884 2099 939 bus
2131 902 2374 943 numero
2401 896 2640 959 possent
2668 897 2905 965 aequari.
2941 899 3073 969 Sed,
3108 904 3250 971 quia
3296 905 3643 966 innumera-

1988 971 2133 1029 biles
2167 975 2402 1032 fuerunt
2430 979 2699 1037 homines
2732 989 2794 1038 ut
2824 985 3005 1043 stellas
3034 989 3159 1044 coeli
3206 996 3263 1047 et
3307 1010 3485 1053 arena
3516 1014 3642 1054 ma-

1987 1061 2090 1128 ris,
2123 1061 2339 1120 idcirco
2370 1066 2455 1122 eis
2485 1073 2803 1140 comparati
2853 1080 3010 1131 sunt.
3063 1077 3180 1134 Deo
3216 1084 3428 1152 tamen,
3463 1102 3640 1157 quem

1987 1165 2092 1205 nec
2118 1151 2422 1211 herbarem
2457 1171 2562 1211 nec
2592 1174 2779 1214 arenae
2814 1178 3092 1220 numerus
3122 1166 3282 1236 latet,
3305 1151 3511 1245 utique
3530 1192 3638 1231 nu-

1988 1240 2299 1298 merabiles
2331 1242 2586 1300 fuerunt.

2056 1366 2121 1420 Et
2148 1383 2257 1421 non
2302 1370 2612 1439 inﬁrmatus
2656 1381 2735 1430 est
2788 1377 2846 1431 in
2902 1377 3029 1448 ﬁde,
3082 1380 3371 1452 videlicet,
3428 1390 3493 1443 ut
3531 1392 3639 1445 Za-

1986 1452 2239 1522 charias,
2295 1459 2396 1528 qui
2445 1461 2753 1529 promissis
2802 1466 3081 1538 angelicis
3133 1471 3366 1527 credere
3408 1474 3640 1534 dubita-

1984 1541 2067 1595 vit
2098 1558 2110 1595 :
2147 1548 2258 1600 Nec
2285 1548 2649 1605 consideravit
2692 1568 2885 1625 corpus
2929 1573 3094 1612 suum
3134 1568 3463 1636 emortuum,
3512 1581 3642 1622 cum

1981 1631 2097 1700 fere
2149 1639 2374 1691 centum
2420 1643 2559 1693 esset
2601 1656 2903 1714 annorum,
2957 1653 3011 1700 et
3057 1652 3365 1706 emortuam
3418 1654 3641 1711 vulvam

1984 1718 2166 1782 Sara’;
2197 1722 2255 1776 id
2287 1728 2395 1789 est,
2438 1732 2505 1781 ut
2551 1727 2739 1785 ﬁlium
2789 1749 3092 1801 procreare
3139 1753 3256 1793 non
3305 1747 3525 1811 posset.
3576 1745 3641 1799 In

1904 1807 1952 1872 B
1984 1813 2407 1880 repromissione
2453 1818 2625 1872 etiam
2673 1818 2817 1891 (186)
2847 1839 2959 1878 non
2997 1824 3272 1883 hwsitavit
3299 1807 3635 1901 difﬁdentia.

1989 1897 2102 1952 Hoc
2132 1898 2256 1955 loco
2289 1905 2613 1960 notandum
2663 1908 2801 1978 quia
2849 1926 2964 1965 non
3009 1913 3092 1968 ait
3136 1913 3196 1968 in
3248 1920 3638 1985 promissione

1984 1985 2154 2058 (187),
2188 1990 2290 2044 sed
2337 1991 2398 2045 in
2451 1996 2923 2064 repromissione.
2979 2000 3169 2058 Primo
3211 2005 3368 2061 enim
3401 2007 3631 2065 haesita-

1981 2074 2083 2139 vit,
2125 2092 2258 2131 cum
2317 2079 2465 2134 dixit
2512 2097 2525 2135 :
2584 2084 2842 2151 Domine,
2890 2088 3023 2157 quid
3078 2090 3233 2148 dabis
3280 2094 3464 2151 mihi?
3511 2114 3634 2156 ecce

1980 2162 2128 2217 enim
2156 2166 2307 2234 ﬁlius
2332 2174 2713 2238 procuratoris
2738 2173 2930 2229 domus
2976 2193 3117 2235 mese
3153 2181 3463 2239 Damascus
3510 2187 3628 2255 iste,

1979 2249 2068 2305 hic
2113 2255 2219 2308 erit
2267 2254 2445 2312 haeres
2483 2273 2637 2314 meus
2684 2261 2837 2329 (Gen.
2888 2280 2980 2344 xy,
3027 2266 3103 2336 3).
3156 2271 3471 2341 Postquam
3497 2249 3630 2330 vero

1977 2340 2028 2394 ei
2062 2343 2341 2399 Dominus
2390 2345 2532 2400 dixit
2586 2365 2599 2402 :
2648 2350 2767 2403 Non
2817 2340 3079 2410 erit'iste
3125 2340 3494 2431 hmrestuus,
3539 2364 3632 2419 sed

1973 2429 2124 2497 ﬁlius
2152 2437 2283 2486 tuus
2308 2435 2403 2502 qui
2430 2436 2743 2503 egredietur
2771 2438 2838 2493 de
2865 2444 3020 2497 utero
3062 2451 3171 2508 tuo,
3207 2447 3296 2502 hic
3322 2451 3428 2505 erit
3455 2429 3633 2509 haeres

1972 2520 2121 2585 tuus,
2159 2538 2271 2575 non
2306 2522 2611 2606 haesitavit,
2646 2528 2747 2581 sed
2782 2528 3119 2589 ﬁrmissime
3149 2537 3340 2593 tenuit
3368 2543 3452 2611 ut,
3472 2543 3628 2612 quod

1973 2607 2025 2663 ei
2055 2613 2265 2666 natura
2294 2599 2682 2684 subtraxerat,
2718 2616 2912 2673 divino
2961 2621 3241 2681 beneﬁcio
3291 2634 3489 2698 posset
3528 2648 3625 2686 ex-

1971 2696 2136 2767 pleri.
2185 2698 2252 2753 Et
2300 2699 2410 2755 hoc
2459 2707 2550 2756 est
2598 2704 2753 2774 quod
2801 2708 3112 2777 sequitur:
3154 2711 3257 2768 Sed
3286 2696 3629 2787 confortatus

1969 2796 2047 2841 est
2087 2787 2191 2856 ﬁde
2239 2788 2375 2843 dans
2420 2792 2659 2861 gloriam
2717 2795 2843 2865 Deo,
2906 2796 3223 2867 plenissime
3268 2806 3441 2861 sciens
3496 2812 3628 2879 quia

1969 2889 2303 2946 quascunque
2345 2880 2608 2948 promisit
2653 2890 2842 2951 potens
2889 2891 2970 2940 est
3020 2893 3073 2942 et
3114 2892 3311 2960 facere.
3366 2893 3473 2950 Ubi
3523 2914 3626 2953 no-

1969 2964 2213 3018 tandum
2247 2965 2385 3036 quia
2415 2984 2530 3023 non
2564 2968 2643 3023 ait
2677 2986 2689 3022 :
2722 2987 3089 3046 quaecunque
3118 2981 3623 3056 preseivit,potens

1969 3052 2325 3124 promittere,
2371 3060 2473 3110 aut
2522 3073 2887 3131 quaecunque
2936 3065 3225 3138 promisit,
3275 3052 3481 3141 potens
3532 3080 3623 3132 est

1971 3141 2257 3210 preseire,
2309 3144 2432 3212 sed,
2482 3160 2608 3214 quae
2657 3150 2950 3219 promisit,
3010 3158 3217 3224 potens
3267 3168 3357 3213 est
3406 3162 3615 3236 facere,

1970 3231 2034 3281 ut
2062 3230 2393 3285 ostenderet
2424 3232 2563 3303 quia
2603 3233 2727 3304 ipse
2774 3236 2912 3293 facit
2939 3256 3310 3311 perseverare
3355 3246 3416 3304 in
3465 3230 3617 3309 bono

1968 3316 2069 3386 qui
2115 3317 2255 3371 facit
2301 3333 2429 3374 esse
2475 3320 2680 3378 bonos.
2732 3325 2820 3390 Et,
2871 3328 3012 3398 quia
3057 3331 3397 3392 ﬁrmissime
3433 3341 3618 3396 credit

1967 3403 2026 3459 in
2055 3420 2141 3473 eo,
2172 3410 2488 3477 reputatum
2540 3415 2623 3465 est
2667 3412 2762 3468 illi
2810 3415 2881 3471 ad
2918 3419 3240 3488 justitiam;
3270 3424 3328 3478 id
3361 3431 3471 3495 est,
3506 3429 3620 3486 ﬁde

1957 3493 2321 3563 justiﬁcatus
2367 3503 2476 3552 est.
2533 3500 2649 3555 Non
2702 3511 2783 3558 est
2838 3514 3021 3562 autem
3081 3512 3350 3583 scriptum
3396 3493 3622 3589 prapter

1970 3583 2147 3653 ipsum
2193 3593 2424 3653 tantum,
2481 3590 2611 3658 quia
2654 3597 2964 3662 reputatum
2991 3606 3069 3653 est
3093 3600 3201 3657 illi.
3236 3583 3623 3663 Pulchre-hoc

1967 3671 2131 3738 dicit,
2162 3674 2303 3744 quia
2334 3675 2523 3731 multa
2554 3678 2791 3735 fuerunt
2822 3700 3111 3743 annorum
3135 3692 3427 3749 curricula
3458 3696 3531 3751 ab
3555 3710 3622 3752 eo

1964 3764 2248 3831 tempore,
2308 3779 2424 3834 quo
2473 3766 2722 3823 Abrahae
2770 3769 2890 3827 haec
2939 3777 3255 3845 promissio
3313 3780 3467 3837 facta
3513 3787 3623 3853 est,

1968 3864 2157 3919 usque
2207 3852 2277 3904 ad
2327 3851 2385 3905 id
2420 3869 2536 3923 quo
2585 3856 2803 3927 scripta
2849 3866 2939 3916 est
2990 3862 3110 3932 lex;
3154 3865 3403 3937 ideoque
3450 3851 3625 3927 Abra-

1969 3935 2107 3991 ham
2164 3937 2275 3993 hoc
2331 3937 2521 4009 legere
2579 3958 2694 3998 non
2756 3947 2961 4014 potuit.
3022 3951 3110 4018 Et,
3174 3957 3240 4006 ut
3295 3935 3629 4014 ostenderet

1970 4030 2205 4094 propter
2255 4041 2407 4095 quos
2462 4027 2681 4099 scripta
2728 4031 2823 4098 sit,
2875 4036 3091 4105 adjecit
3121 4056 3134 4093 :
3168 4039 3272 4093 Sed
3300 4040 3450 4113 (188)
3495 4060 3667 4129 ρνοον

1970 4119 2093 4182 pter
2142 4128 2260 4180 nos,
2310 4113 2509 4184 quibus
2566 4118 2916 4187 reputabitur
2967 4124 3307 4182 credentibus
3365 4130 3423 4183 in
3481 4113 3627 4201 eum,

1974 4216 2088 4268 quo
2122 4202 2277 4257 dicto
2308 4219 2513 4259 omnes
2542 4206 2846 4264 credentes
2896 4214 3362 4288 comprehendit,
3395 4227 3632 4294 propter

1974 4305 2122 4359 quos
2170 4291 2457 4361 scriptum
2506 4298 2615 4364 est,
2666 4300 2731 4351 ut
2778 4296 3022 4372 legendo
3071 4305 3333 4375 credant,
3369 4311 3427 4363 et
3456 4291 3630 4383 repu-

1973 4382 2131 4433 tetur
2159 4378 2242 4433 eis
2271 4380 2419 4435 ﬁdes
2448 4382 2519 4436 ad
2543 4382 2859 4453 justitiam.
2892 4389 2957 4443 In
3006 4406 3072 4447 eo
3117 4409 3251 4455 vero
3281 4396 3437 4466 quod
3485 4378 3627 4456 sub-

208 4459 280 4508 est
308 4461 372 4512 ut
405 4458 615 4513 ﬁlium
645 4462 872 4528 pareret
902 4458 961 4512 in
998 4474 1112 4529 quo
1145 4459 1626 4516 benedicerentur
1662 4478 1866 4518 omnes
1905 4538 1936 4543 _
1976 4464 2157 4533 ditur,
2191 4467 2288 4538 qui
2313 4470 2595 4525 suscitavit
2638 4474 2935 4531 Dominum
2974 4483 3223 4536 nostrum
3247 4484 3432 4539 Iesum
3464 4487 3632 4543 Chri-

209 4548 415 4611 gentes.
454 4546 543 4600 Et
590 4544 697 4600 hoc
748 4550 839 4602 est
889 4546 1045 4617 quod
1081 4545 1350 4618 sequitur
1382 4564 1395 4602 :
1431 4548 1495 4603 Ut
1522 4548 1673 4617 ﬁeret
1707 4556 1874 4620 pater
1902 4538 1947 4602 D
1979 4558 2124 4610 stum
2153 4572 2187 4610 a
2213 4559 2468 4625 mortuis,
2498 4575 2810 4631 personam
2846 4565 3030 4622 Patris
3058 4568 3185 4624 vult
3213 4538 3491 4645 intelligi:
3512 4538 3632 4634 Nec

210 4632 505 4691 multarum
559 4637 805 4707 gentium
834 4634 1138 4691 secundum
1182 4636 1323 4706 quod
1370 4636 1581 4692 dictum
1627 4642 1708 4693 est
1748 4640 1801 4693 ei
1849 4656 1869 4694 .'

213 4716 290 4773 Sic
323 4725 431 4779 erit
482 4739 675 4779 semen
704 4728 859 4779 tuum
918 4722 1069 4795 (Gen.
1120 4741 1213 4794 xv,
1260 4726 1337 4793 5).
1391 4724 1496 4779 Ubi
1547 4728 1870 4782 notandum

215 4811 339 4878 quia
368 4813 797 4885 compendiose
828 4813 1151 4885 Apostolus
1182 4814 1379 4883 posuit
1409 4816 1563 4886 quod
1614 4817 1673 4871 in
1720 4816 1870 4872 libro

218 4896 449 4958 Genesis
504 4901 795 4958 latissime
842 4901 1127 4972 scriptum
1160 4907 1265 4958 est.
1301 4902 1426 4958 Illic
1456 4904 1613 4959 enim
1658 4905 1872 4977 legitur

221 4988 346 5052 quia
376 4990 584 5045 eduxit
614 4990 899 5046 Dominus
933 4991 1228 5045 Abraham
1262 4992 1435 5059 foras,
1462 4991 1659 5048 dicens
1707 5010 1720 5047 :
1769 4993 1868 5048 Su-

220 5076 354 5142 spice
404 5079 623 5146 caelum,
655 5083 705 5134 et
742 5094 977 5135 numera
1024 5079 1229 5146 stellas,
1279 5081 1329 5133 si
1369 5089 1524 5151 potes
1572 5099 1588 5134 :
1640 5084 1719 5137 sic
1764 5085 1871 5137 erit

221 5175 395 5221 semen
427 5175 603 5224 tuam.
634 5167 1011 5240 Multiplicans
1054 5168 1438 5239 multiplicabo
1481 5185 1669 5225 semen
1718 5178 1870 5225 tuum

284 5396 438 5466 (184)
468 5394 656 5477 Verba
684 5401 811 5477 haec
836 5416 949 5477 non
987 5399 1044 5457 in
1078 5400 1246 5473 epist.
1301 5399 1371 5477 ad
1422 5402 1721 5477 Ephesios,
1769 5405 1870 5469 sed

222 5463 274 5521 in
293 5463 656 5552 Lsequn'dpd
689 5472 1038 5544 Corinthios,
1063 5463 1177 5543 eis,
1212 5476 1418 5531 versic.
1456 5463 1540 5546 19,
1572 5463 1866 5552 leguntur.

290 5538 445 5615 (185)
480 5539 649 5615 Vuls-
677 5560 844 5615 spem-

291 5611 446 5684 (188)
477 5611 646 5685 Vulg.
680 5611 832 5670 inter
859 5616 1046 5679 etiam,
1075 5621 1136 5672 et
1164 5632 1272 5671 non
1304 5616 1477 5674 habet
1509 5620 1619 5677 Dei.

559 5740 815 5807 PATROL.
860 5742 1178 5807 CXXXIV.

1981 4648 2176 4699 tamen
2209 4644 2371 4701 solus
2414 4647 2584 4703 Pater
2631 4666 2767 4705 eum
2815 4654 3141 4722 suscitavit,
3192 4659 3294 4714 sed
3345 4644 3630 4723 etrFilius

1980 4737 2038 4786 et
2084 4733 2338 4804 Spiritus
2385 4741 2647 4808 sanctus,
2701 4739 2840 4810 quia
2880 4741 2939 4796 in
2992 4761 3112 4800 una
3156 4762 3405 4818 persona
3453 4753 3631 4811 totius

1980 4820 2284 4877 Trinitatis
2332 4822 2398 4875 ﬁt
2444 4825 2680 4881 mentio.
2732 4827 3016 4887 Similiter
3043 4832 3102 4887 in
3136 4850 3202 4890 eo
3234 4838 3389 4908 quod
3429 4842 3625 4913 sequi-
3726 4832 3743 4839 κ

1978 4914 2118 4964 tur:
2155 4911 2261 4977 Qui
2289 4910 2525 4967 traditus
2570 4918 2650 4968 est
2692 4924 2918 4988 propter
2964 4919 3166 4979 delicta
3209 4930 3416 4996 nostra,
3452 4910 3620 4984 et‘re-

1978 5000 2223 5053 surrexit
2243 5002 2466 5069 propter
2488 5001 2931 5073 iustiﬁcationem
2954 5019 3215 5080 nostram,
3240 5032 3273 5069 a
3302 5019 3469 5070 Patre
3484 5033 3619 5072 eum

1980 5087 2265 5141 traditum
2297 5086 2871 5151 dicit.Verumtamen
2904 5102 2961 5153 et
2991 5100 3174 5158 Filius
3205 5120 3266 5158 se
3295 5104 3487 5173 ipsum
3508 5108 3623 5160 tra-

1980 5174 2146 5231 didit.
2202 5175 2364 5231 Unde
2410 5177 2563 5235 idem
2611 5183 2926 5254 Apostolus
2958 5205 2972 5244 :
3006 5190 3249 5246 Tradidit
3276 5192 3622 5264 semetipsum

2002 5468 2011 5496 ;
2050 5412 2199 5496 (187)
2229 5414 2468 5496 Autogr.
2503 5410 2679 5496 habet
2706 5424 3146 5496 repromissione,
3180 5422 3281 5484 sed
3313 5428 3627 5491 emendan-

1979 5488 2351 5578 dumrvi‘sum‘
2370 5488 2475 5578 est.
2514 5488 2843 5578 Notandum
2864 5501 3055 5578 tamen
3091 5488 3314 5571 aliquot
3341 5488 3630 5578 exempla-

1981 5558 2066 5635 ria
2086 5558 2553 5635 Diblicahabere
2584 5566 2697 5630 hic,
2727 5568 3109 5635 promissione.

2050 5630 2198 5705 (188)
2232 5631 2400 5705 Vulg.
2431 5634 2522 5690 sed
2549 5639 2599 5690 et
2626 5630 2860 5709 propter.

3272 5776 3310 5833 6
