4116 6184
404 278 508 335 171
1417 273 1756 334 ATTONIS
1803 271 2260 334 VERCELLEN
2274 271 2391 332 SlS
2436 271 2789 333 EPISCOPI
3701 271 3816 330 172

390 425 494 480 pro
523 409 677 462 nobis
704 407 1052 477 oblationem,
1086 403 1468 460 nihilominus
1517 408 1574 458 et
1622 404 1882 473 Spiritus
1913 419 2044 457 san-
2075 406 2130 470 Α
2163 401 2537 474 delicet,quia
2558 418 2660 473 per
2687 401 2840 458 leves
2860 406 2918 457 et
2943 405 3384 457 momentaneas
3406 399 3820 458 tribulationes

394 501 545 560 ctus,
581 495 718 566 quia
751 494 1158 567 inseparabilis
1206 499 1292 547 est
1341 493 1520 547 totius
1569 491 1872 547 Trinitatis
1903 507 2036 562 ope-
2152 490 2570 562 intelliguntse
2591 490 2888 562 pervenire
2905 493 2976 546 ad
2999 490 3214 562 gaudia
3231 490 3358 546 sine
3383 490 3495 545 {ins
3514 507 3818 547 mansura.

397 585 565 640 ratio.
614 585 676 639 In
727 601 792 640 eo
841 585 1020 656 igitur
1065 583 1222 654 quod
1270 598 1330 636 se
1379 586 1583 652 sponte
1637 581 1899 648 tradidit,
1933 579 2039 633 mi-
2159 579 2322 636 Unde
2350 581 2609 636 Jacobus
2640 580 3015 636 dicit:0rmne
3041 580 3311 649 gaudium
3340 581 3677 650 existimate,
3702 583 3819 640 fra-

402 674 680 739 sericors;
712 674 770 728 in
801 691 867 729 eo
913 689 1046 727 vero
1095 671 1249 742 quod
1303 672 1536 741 propria
1584 670 1797 724 virtute
1851 685 2041 723 surre-
2153 673 2281 731 tres,
2313 685 2440 724 cum
2473 670 2533 723 in
2564 670 2898 723 tentationes
2939 671 3121 724 varias
3165 668 3470 724 incideritis
3500 669 3616 739 (Jac
3649 685 3708 736 .1,
3740 669 3820 736 2),

402 762 506 828 xit,
541 762 912 833 omnipotens
943 761 1395 815 demonstratur.
1431 760 1493 812 ln
1527 776 1640 830 quo
1684 759 1833 812 facto
1878 756 2047 812 nobis
2160 758 2225 812 Et
2257 760 2395 812 item
2433 776 2445 812 :
2481 761 2682 813 Beatus
2733 761 2818 811 vir
2863 759 2963 829 qui
3009 760 3201 829 suﬂ'ert
3249 761 3606 813 tentationem
3636 757 3823 829 (Ibat,

406 851 642 922 reliquit
700 848 1028 920 exemplum
1089 847 1373 901 moriendi
1424 847 1600 913 vitiis,
1635 853 1692 902 et
1746 862 2050 916 resurgen-
2163 848 2276 914 12),
2309 852 2366 900 et
2398 846 2644 917 reliqua.
2678 847 3017 902 Glorientur
3046 853 3104 902 et
3133 846 3321 902 sancti
3354 847 3411 901 in
3444 845 3824 902 interioribus

407 939 467 994 di
523 939 856 1003 virtutibus,
913 937 1032 992 sive
1092 941 1158 990 ut
1222 937 1281 989 in
1361 937 1652 1006 baptismo
1711 932 2055 990 commoria_
2162 934 2811 1005 tribulationibus,quia
2840 935 3133 990 luxuriam
3167 935 3481 1002 refrenant,
3516 936 3826 990 moderan-

413 1047 548 1084 mur
602 1033 658 1081 et
714 1025 1180 1097 consepeliamur
1235 1024 1306 1091 ei,
1370 1029 1425 1078 et
1485 1024 1543 1078 in
1605 1025 1861 1078 novitate
1925 1023 2052 1075 vitae
2162 1023 2479 1092 turgulam
2505 1023 3602 1095 etreprimuntcarnisillecebras.Cur
3624 1029 3827 1080 autem

410 1132 809 1188 resurgamus.
834 1113 1170 1168 Undeidem
1202 1113 1550 1184 Apostolus:
1577 1111 1896 1184 Conseputti
1911 1113 2057 1166 enim
2167 1112 2357 1166 sancti
2387 1113 2712 1184 glorientur
2741 1112 2800 1168 in
2834 1112 3338 1178 tribulationibus,
3373 1113 3653 1185 aperitur,
3684 1129 3826 1169 cum

410 1221 602 1261 sumus
628 1221 752 1258 cum
783 1204 883 1257 illo
901 1219 1003 1272 per
1035 1201 1360 1272 baptismum
1397 1203 1457 1255 in
1486 1211 1735 1266 mortem,
1788 1206 1867 1269 ut,
1918 1203 2059 1254 sicut
2169 1199 2443 1254 subditur
2464 1217 2476 1256 :
2497 1201 2732 1256 Scientes
2749 1201 2889 1272 quod
2911 1202 3200 1257 tribulatio
3223 1204 3546 1273 patientiam
3560 1211 3833 1274 operatur

410 1294 658 1349 Christus
685 1292 990 1347 resurrexit
1017 1308 1051 1345 a
1081 1292 1310 1345 mortuis
1339 1306 1435 1361 per
1465 1292 1700 1358 gloriam
1741 1291 1946 1354 Patris,
1978 1290 2058 1342 ita
2169 1289 2356 1360 (lbid.,
2406 1289 2483 1360 3).
2533 1290 2818 1346 Patientia
2847 1307 2881 1344 a
2909 1291 3164 1361 patiendo
3213 1291 3371 1346 dicta
3423 1295 3532 1357 est,
3590 1289 3707 1359 vel,
3767 1295 3834 1346 ut

407 1392 456 1438 et
485 1399 583 1436 nos
612 1384 668 1436 in
699 1383 936 1434 novitate
963 1381 1094 1434 vitae
1117 1379 1460 1434 ambulemus
1487 1380 1659 1449 (Rom.
1710 1396 1782 1443 Vl,
1837 1379 1910 1446 4).
1959 1377 2056 1430 Se-
2171 1377 2412 1449 quidam
2444 1377 2667 1445 volunt,
2701 1396 2734 1434 a
2765 1379 3007 1450 pavendo
3023 1397 3043 1439 ,·
3075 1385 3330 1451 utraque
3359 1384 3554 1436 autem
3588 1379 3705 1436 sibi
3738 1397 3834 1435 ar-

412 1471 617 1543 quitur
650 1489 661 1524 :
699 1470 844 1540 (189)
883 1469 1033 1537 (191))
1082 1469 1235 1537 (ΟΜ).
1293 1469 1378 1538 V.)
1430 1468 1725 1536 Justiﬁcati
1779 1468 1948 1536 igitur
1993 1481 2062 1518 ea;
2173 1467 2321 1520 ridet
2353 1466 2722 1537 etymologia.
2759 1467 2956 1522 Sancti
2987 1469 3168 1533 enim,
3201 1484 3334 1523 cum
3369 1469 3692 1539 patiuntur,
3728 1484 3832 1538 pa-

411 1561 520 1630 ﬁde
545 1576 735 1630 pacem
764 1559 1080 1612 habeamus.
1114 1557 1259 1620 Quia
1304 1558 1486 1611 Judmi
1540 1556 1944 1627 gloriabantur
1991 1553 2063 1607 de
2172 1560 2307 1610 vent
2334 1557 2600 1626 quidem;
2636 1558 2735 1610 sed
2761 1556 3046 1627 patienter
3066 1557 3626 1612 tolerant.Patientia
3646 1565 3837 1612 autem

414 1649 512 1704 Dei
546 1648 663 1702 sive
694 1647 838 1714 legis
870 1646 1100 1711 notitia;
1137 1645 1384 1716 gentiles
1415 1650 1609 1699 autem
1630 1645 1699 1699 de
1731 1662 1877 1698 nova
1898 1647 1954 1697 et
1975 1658 2062 1695 re-
2172 1645 2567 1715 probationem.
2588 1645 2859 1700 Probatio
2889 1649 2978 1699 est
3007 1646 3296 1717 perfectus
3325 1651 3382 1701 et
3411 1645 3648 1701 nobiliis
3670 1662 3836 1702 men-

419 1739 572 1793 centi
600 1736 927 1798 vocatione;
962 1739 1197 1805 prepter
1220 1735 1370 1804 quod
1398 1738 1454 1789 et
1477 1732 1796 1804 plurimum
1831 1733 1984 1786 inter
2004 1747 2065 1785 se
2099 1776 2144 1839 Β
2175 1734 2252 1788 tis
2284 1736 2491 1790 status.
2530 1735 2689 1791 Unde
2739 1734 2956 1805 probus
2986 1739 3142 1790 recte
3171 1735 3390 1791 dicitur
3419 1735 3518 1807 qui
3573 1739 3833 1807 emptam

419 1825 770 1882 dissidentes
800 1827 982 1879 erant.
1011 1822 1344 1894 Apostolus,
1370 1826 1434 1876 ut
1465 1822 1798 1876 ostenderet
1821 1837 1919 1875 eos
1941 1835 2064 1874 om-
2101 1822 2144 1839 υ
2176 1823 2346 1877 bonis
2378 1823 2568 1893 operis
2618 1822 2907 1878 actionem
2955 1824 3134 1894 probe
3184 1824 3449 1896 perducit
3479 1825 3550 1880 ad
3583 1824 3832 1880 calcem.

420 1932 524 1971 nes
555 1929 682 1969 esse
713 1917 1063 1984 peccatores,
1096 1911 1369 1980 superius
1395 1912 1514 1964 ait:
1543 1909 1738 1965 Omnes
1768 1911 1918 1964 enim
1943 1924 2066 1980 pec-
2178 1911 2434 1966 Probatio
2482 1927 2604 1966 vero
2645 1927 2814 1983 spem.
2859 1915 3001 1983 Spes
3049 1917 3138 1967 est
3185 1912 3541 1968 desiderium
3599 1913 3836 1970 futuro-

420 2009 679 2059 eaverunt
705 2006 758 2056 et
782 2005 938 2069 egent
964 2001 1144 2068 gloria
1175 2001 1296 2054 Dei.
1330 1999 1596 2054 Ostendit
1622 1998 1777 2053 enim
1802 2014 1900 2052 eos
1944 2013 2066 2052 om-
2178 2017 2312 2054 rum
2343 2000 2652 2055 bonorum.
2692 2000 2852 2060 Unde
2880 2005 2937 2055 et
2965 2016 3102 2072 spes
3132 1999 3368 2067 dicitur,
3393 2001 3564 2072 quasi
3595 2007 3677 2058 est
3694 2019 3837 2074 pes;

419 2109 524 2148 nes
557 2090 882 2147 declinasse
911 2093 970 2144 et
999 2088 1237 2143 inutiles
1269 2089 1472 2151 factos,
1533 2105 1637 2142 nec
1681 2104 1811 2142 esse
1855 2087 1952 2157 qui
1987 2087 2068 2140 ta-
2179 2088 2333 2143 sicut
2361 2089 2514 2142 enim
2547 2088 2760 2160 aliquis
2781 2090 2851 2143 ad
2876 2093 3098 2144 certum
3122 2088 3317 2144 locum
3343 2091 3594 2162 pedibus
3616 2091 3834 2157 tendit,

423 2185 577 2237 ceret
607 2181 1041 2247 bonum,usque
1073 2177 1144 2231 ad
1176 2176 1516 2232 unum.llac
1544 2175 1722 2246 igitur
1751 2174 2070 2229 intentione
2179 2177 2260 2232 ita
2290 2179 2346 2231 et
2377 2177 2560 2231 sancti
2585 2178 2708 2248 spei
2730 2177 2940 2232 virtute
2962 2177 3034 2232 ad
3056 2178 3656 2250 gaudia-sempiterna
3677 2179 3842 2237 festi-

423 2270 772 2335 ﬁnita,nunc
801 2266 1077 2320 admonet
1108 2281 1206 2319 eos
1236 2265 1375 2335 quid
1397 2281 1567 2335 agere
1597 2263 2070 2329 debeant,horta-
2181 2271 2341 2320 nant.
2377 2265 2539 2320 Unde
2571 2266 2861 2319 contrario
2895 2266 2953 2319 in
2988 2266 3160 2320 malis
3193 2267 3408 2322 dicitur
3452 2267 3791 2340 desperatio
3824 2287 3838 2334 ;

425 2364 638 2428 turque
684 2372 883 2411 secum
935 2370 1137 2426 pacem
1186 2353 1422 2419 habere,
1471 2354 1671 2407 dicens
1720 2379 1732 2408 :
1779 2352 2075 2420 Justiﬁcati
2181 2355 2280 2424 qui
2313 2354 2470 2408 enim
2502 2355 2793 2425 desperat,
2827 2355 3001 2408 eundi
3034 2356 3391 2411 voluntatem
3426 2373 3540 2410 non
3592 2357 3777 2412 habet
3824 2374 3839 2412 :

427 2450 602 2518 igitur
646 2462 717 2500 ex
761 2445 870 2515 ﬁde
914 2459 1102 2514 pacem
1145 2443 1458 2504 habeamus,
1495 2458 1559 2496 ac
1587 2443 1634 2495 si
1667 2442 1904 2503 diceret,
1935 2439 2075 2512 quia
2183 2443 2312 2514 Spes
2361 2451 2543 2497 autem
2594 2459 2704 2497 non
2749 2444 3060 2514 confundit,
3111 2445 3250 2515 quia
3297 2461 3411 2499 non
3464 2444 3660 2512 timet;
3723 2461 3842 2500 non

428 2535 630 2591 nullus
662 2532 905 2602 meritis,
939 2535 1040 2586 aut
1068 2530 1214 2602 legis
1243 2531 1612 2586 observantia
1660 2530 1937 2593 salvatur,
1972 2528 2072 2583 sed
2183 2531 2340 2586 enim
2375 2532 2642 2586 timorem
2696 2531 2924 2602 incutit,
2976 2531 3076 2587 sed
3127 2532 3322 2603 potius
3371 2531 3617 2603 repellit.
3677 2532 3849 2588 Unde

428 2639 634 2680 omnes
664 2621 764 2677 Dei
797 2620 986 2693 gratia
1016 2619 1220 2675 salvati
1251 2636 1460 2674 sumus
1491 2625 1548 2674 et
1590 2619 1700 2673 tide
1743 2617 2071 2688 justificati,
2183 2624 2438 2676 Joannes
2491 2639 2502 2675 :
2563 2622 2808 2691 Perfecta
2854 2621 3100 2676 c/zaritas
3153 2629 3305 2692 [oras
3359 2623 3528 2676 mittit
3583 2623 3852 2678 timorem

431 2729 547 2768 non
580 2712 706 2782 jam
734 2709 1087 2765 dissidentes
1118 2724 1244 2764 esse
1276 2709 1576 2777 debemus,
1612 2708 1710 2762 sed
1743 2723 1942 2778 pacem
1971 2705 2073 2759 ha-
2187 2709 2362 2778 (Joan.
2389 2725 2461 2776 ιν,
2491 2709 2596 2778 18).
2631 2708 2745 2762 Cur
2776 2712 2971 2763 autem
3021 2725 3136 2764 non
3181 2709 3520 2774 confundat,
3554 2711 3851 2782 aperitur,

430 2799 943 2869 beamus.Et,quia
972 2801 1060 2853 est
1090 2814 1198 2868 pax
1228 2795 1540 2866 malorum,
1574 2796 1702 2851 ideo
1734 2794 1946 2865 adjecit
1971 2812 1983 2849 :
2007 2794 2077 2848 ad
2186 2812 2319 2850 cum
2348 2797 2652 2862 subditur;
2686 2798 2818 2868 quia
2845 2797 3090 2852 charitas
3120 2799 3223 2853 Dei
3249 2797 3455 2869 diﬁusa
3483 2808 3561 2854 est
3606 2801 3666 2854 in
3719 2817 3848 2856 cor-

433 2895 630 2953 Deum,
681 2889 788 2943 boe
836 2892 945 2954 est,
998 2888 1321 2941 secundum
1377 2888 1578 2940 Deum.
1642 2884 1802 2940 Unde
1842 2884 1968 2955 ipse
2016 2883 2075 2936 in
2185 2885 2344 2938 dibus
2373 2884 2886 2940 nostris.DitI'usam
2915 2885 3257 2942 charitatem
3290 2887 3419 2942 ideo
3450 2888 3688 2955 dicit,ut
3715 2891 3854 2960 ejus

431 2977 737 3050 Evangelio
768 2976 910 3031 dicit
942 2991 955 3031 :
988 2981 1129 3042 Non,
1162 2976 1381 3046 qualem
1426 2974 1664 3028 mundus
1712 2974 1830 3041 dat,
1871 2988 1965 3043 ego
2012 2971 2078 3026 do
2187 2971 2555 3028 latitudinem
2583 2972 3096 3030 insinuaret.Unde
3116 2975 3450 3033 Psalmista:
3474 2977 3666 3032 Latum
3686 2995 3857 3033 man-

426 3069 576 3123 vobis
606 3068 781 3138 (Joan.
816 3081 928 3132 xw,
961 3064 1072 3134 27).
1106 3065 1210 3119 Per
1260 3065 1548 3119 Dominum
1591 3067 1845 3117 nostrum
1893 3063 2079 3117 Iesum
2128 3137 2137 3138 ί
2186 3062 2378 3116 datum
2409 3065 2564 3116 tuum
2596 3064 2767 3116 nimis
2799 3063 3298 3134 (Psal.cxvm,96).
3332 3064 3555 3121 DitI'usa
3588 3083 3864 3138 namque

431 3137 728 3226 Christum,
756 3171 858 3226 per
887 3169 1045 3224 quem
1073 3157 1123 3207 et
1151 3169 1424 3207 accessum
1455 3151 1711 3206 habemus
1741 3152 1888 3222 (191)
1929 3149 2076 3220 fidei.
2111 3137 2154 3202 C
2193 3154 2282 3205 est
2311 3150 2590 3216 charitas,
2615 3153 2754 3222 quia
2783 3169 2900 3208 non
2931 3152 3123 3208 solum
3155 3153 3362 3222 Deum,
3387 3155 3487 3210 sed
3521 3155 3699 3212 etiam
3729 3137 3868 3226 pro-

430 3245 680 3302 Pulchre
710 3243 852 3299 dicit
879 3257 1201 3308 accessum,
1235 3239 1538 3312 quoniam,
1561 3241 1713 3295 sicut
1741 3237 1956 3309 aliquis
1990 3253 2089 3306 per
2195 3237 2420 3294 ximum
2452 3239 2692 3312 diligere
2713 3241 3026 3312 jubemur;
3059 3257 3164 3297 nec
3187 3243 3358 3299 modo
3379 3243 3600 3300 amicos
3620 3243 3684 3299 in
3716 3250 3864 3314 beo,

441 3333 658 3390 ostium
691 3333 871 3386 intrat
901 3331 958 3385 in
991 3330 1232 3384 domum
1265 3328 1350 3384 vel
1379 3329 1436 3383 in
1465 3328 1880 3394 ecclesiam,ita
1903 3331 1960 3381 et
1989 3343 2091 3396 per
2199 3329 2298 3384 sed
2332 3328 2507 3384 etiam
2541 3329 2811 3385 inimicos
2841 3336 3076 3403 propter
3107 3336 3309 3388 Deum.
3339 3333 3550 3401 Sed,ne
3581 3333 3725 3406 quis
3751 3351 3868 3406 pu-

448 3423 766 3487 Cbristum,
798 3419 1164 3490 unigenitum
1191 3418 1287 3472 Dei
1321 3417 1783 3482 Filium,aditum
1804 3416 2093 3470 habemus
2198 3421 2350 3472 taret
2380 3417 2506 3472 suis
2537 3417 2762 3472 meritis
2795 3423 2896 3474 aut
2926 3418 3071 3491 legis
3100 3420 3468 3477 observantia
3488 3420 3780 3478 diffusam
3807 3423 3871 3478 in

445 3510 714 3566 veniendi
747 3509 818 3563 ad
850 3510 1100 3561 Patrem.
1137 3505 1296 3560 Unde
1322 3506 1445 3574 ipse
1476 3505 1535 3559 in
1567 3503 1872 3574 Evangelia
1903 3503 2043 3558 dicit
2076 3520 2090 3558 ε
2205 3523 2266 3561 se
2302 3507 2394 3560 Uei
2426 3505 2793 3572 charitatem,
2826 3507 3038 3578 adjecit
3071 3526 3084 3564 :
3115 3525 3214 3580 per
3253 3511 3530 3581 Spiritum
3574 3516 3874 3580 sanctum.

448 3601 618 3656 Nemo
662 3599 812 3653 venit
841 3598 914 3652 ad
941 3597 1180 3664 Patrem,
1232 3594 1342 3648 nisi
1384 3610 1482 3664 per
1528 3610 1613 3648 me
1659 3595 1841 3663 (Joan.
1873 3610 1985 3661 xw,
2016 3592 2094 3662 6).
2207 3595 2564 3664 Rursum,ne
2585 3597 2859 3652 eumdem
2883 3597 3163 3668 Spiritum
3186 3605 3454 3654 sanctum
3486 3617 3522 3655 a
3550 3616 3614 3655 se
3635 3600 3877 3657 habere

454 3690 523 3745 Et
568 3689 708 3744 item
743 3703 757 3741 :
791 3688 900 3755 Ego
945 3701 1068 3739 sum
1110 3685 1312 3738 ostium
1357 3684 1534 3754 (Joan.
1566 3700 1622 3751 x,
1653 3684 1730 3753 9),
1757 3687 1813 3738 et
1851 3681 2094 3753 reliqua.
2207 3688 2530 3756 putaretur,
2563 3685 2870 3756 subjunxit
2903 3704 2915 3741 :
2948 3689 3044 3758 qui
3063 3686 3223 3743 datus
3251 3697 3330 3744 est
3354 3689 3529 3744 nobis.
3555 3688 3658 3746 Ille
3687 3707 3874 3747 nam-

455 3779 577 3843 Quo
609 3781 805 3832 autem
834 3774 1157 3829 habeamus
1187 3789 1488 3828 accessum
1519 3772 1934 3842 aperitur,cum
1957 3773 2096 3826 sub-
2207 3789 2320 3844 que
2343 3773 2624 3844 Spiritum
2655 3778 2922 3829 sanetum
2946 3774 3288 3832 hominibus
3309 3777 3597 3850 dedit,qui
3619 3779 3882 3854 captivi-

454 3867 614 3923 ditur
647 3882 660 3920 :
693 3866 755 3920 In
785 3865 1030 3933 gratiam
1059 3861 1505 3917 istam.Gratiam
1536 3865 1701 3916 vocat
1724 3861 2097 3932 adoptionem
2207 3865 2385 3916 tatem
2421 3867 2678 3918 nostram
2712 3879 2820 3918 sua
2848 3863 3060 3919 virtute
3090 3865 3481 3937 captivavit,et
3510 3867 3680 3922 dedit
3707 3868 3882 3924 dona

452 3955 730 4022 ﬁliorum,
765 3970 882 4025 qua
912 3951 1132 4022 fideles,
1164 3949 1373 4007 laxatis
1404 3951 1674 4021 peccatis,
1706 3949 1961 4021 adoptivi
1991 3949 2097 4003 ﬁlii
2207 3949 2567 4006 hominibus.
2600 3950 2804 4022 Igitur,
2824 3955 2889 4006 ut
2918 3952 3163 4008 nimiam
3193 3954 3310 4008 vim
3339 3952 3677 4010 dilectionis
3705 3961 3883 4012 oten-

449 4045 549 4101 Dei
579 4044 932 4101 efficiuntur.
966 4043 1027 4097 In
1056 4058 1162 4114 qua
1191 4044 1398 4096 stamus
1444 4039 1606 4105 dicit,
1661 4045 1725 4094 ut
1769 4039 2100 4094 ostenderet
2207 4039 2389 4109 deret,
2437 4039 2693 4110 adjecit:
2728 4039 2878 4110 (192)
2923 4042 2985 4097 Ut
3033 4041 3166 4114 quid
3209 4044 3360 4099 enim
3406 4042 3688 4111 Christus,
3746 4060 3885 4100 cum

448 4133 586 4205 quia
630 4133 792 4203 prius
839 4132 897 4186 in
949 4147 1105 4184 caeno
1155 4133 1527 4201 peccatorum
1561 4129 1961 4198 jacueramus.
1998 4126 2096 4182 llle
2207 4127 2384 4182 adhuc
2414 4127 2630 4196 inﬁrmi
2656 4143 2913 4196 essemus,
2945 4131 3247 4186 secundum
3276 4139 3503 4204 tempus,
3529 4147 3631 4203 pro
3665 4133 3885 4205 impiis

445 4221 601 4278 enim
631 4221 691 4275 in
723 4235 855 4275 arce
903 4218 1036 4272 fidei
1085 4225 1140 4273 et
1192 4223 1475 4272 Virtutum
1527 4218 1739 4283 stabat,
1791 4217 1890 4287 qui
1941 4215 2093 4270 dice-
2205 4220 2452 4271 mortuus
2509 4219 2620 4271 est?
2669 4216 3172 4291 (subintelligitur,
3234 4220 3346 4274 nisi
3405 4224 3469 4276 ut
3521 4223 3887 4278 ostenderet

445 4310 547 4363 bat
577 4325 591 4363 :
634 4309 775 4364 Vivit
808 4307 1101 4374 Dominus,
1133 4308 1193 4360 in
1222 4306 1377 4366 cuius
1405 4309 1689 4376 conspectu
1715 4313 1792 4360 sto
1833 4305 1925 4375 (IV
1969 4305 2092 4374 Reg.
2206 4311 2490 4376 quantum
2514 4306 2782 4378 diligeret
2798 4323 2985 4378 genus
3003 4308 3328 4363 humanum
3345 4309 3392 4380 ?)
3416 4308 3677 4364 Nimiam
3708 4326 3890 4365 nam-

447 4415 502 4465 v,
539 4398 647 4463 16).
2205 4411 2318 4465 que
2340 4394 2768 4462 cbaritatem,et
2797 4397 3369 4452 abundantissimam
3402 4397 3689 4468 pietatem
3719 4403 3887 4454 Deus

518 4487 581 4540 Et
608 4485 918 4556 gloriamur
940 4484 995 4537 in
1014 4498 1104 4572 spe
1123 4483 1311 4551 gloria
1341 4480 1591 4552 ﬁliorum
1617 4482 2092 4537 Dci.Notandum.
2125 4507 2172 4572 D
2205 4483 2372 4538 Pater
2399 4499 2538 4555 erga
2567 4500 2752 4556 genus
2784 4484 3111 4540 humanum
3144 4485 3419 4555 ostendit,
3453 4501 3590 4540 cum
3641 4503 3766 4558 pro
3817 4503 3888 4542 eo

445 4574 583 4646 quia
612 4591 726 4628 non
759 4573 859 4643 ait,
896 4573 953 4626 in
987 4570 1188 4642 gloria,
1215 4571 1336 4637 sed,
1370 4569 1428 4623 in
1463 4585 1566 4640 spe
1597 4569 1813 4639 gloriae.
1835 4569 2093 4624 Gloriam
2126 4569 2161 4572 ”
2207 4571 2412 4625 Filium
2448 4589 2622 4626 suum
2655 4572 2977 4638 tradidit,et
3009 4573 3132 4645 ipse
3163 4573 3502 4639 Filius,cum
3527 4589 3632 4644 pro
3660 4573 3889 4646 impiis

444 4663 658 4734 quippe
688 4662 943 4717 ﬁliorum
975 4660 1075 4714 Dei
1108 4677 1264 4714 nunc
1296 4659 1537 4730 quidem
1572 4658 1878 4723 habemus,
1901 4659 2001 4714 sed
2037 4659 2092 4714 in
2207 4659 2352 4713 mori
2385 4658 2585 4713 voluit.
2618 4663 2761 4714 Cum
2793 4661 2948 4716 enim
2982 4662 3183 4716 subdit
3213 4659 3520 4733 Apostolus
3556 4679 3570 4716 :
3611 4663 3730 4719 Via:
3783 4679 3890 4735 pro

441 4768 747 4822 spe,quam
781 4755 975 4805 tamen
1009 4749 1357 4820 quandoque
1390 4747 1738 4802 habebimus
1762 4747 1818 4800 in
1847 4747 2095 4803 re.Unde
2195 4750 2345 4818 justo
2377 4749 2497 4817 quis
2526 4751 2792 4810 moritur;
2839 4765 2971 4804 nam
3000 4766 3100 4819 pro
3133 4750 3267 4805 bono
3294 4750 3528 4819 forsitan
3579 4752 3716 4820 quis
3773 4768 3889 4806 au-

440 4841 594 4896 idem
625 4840 936 4910 Apostolus
971 4837 1109 4893 alibi
1142 4853 1156 4892 :
1190 4839 1296 4892 Per
1324 4837 1486 4906 ﬁdem
1511 4838 1886 4903 ambulamus,
1911 4841 1961 4890 et
1985 4853 2095 4892 non
2202 4837 2326 4891 deat
2374 4838 2551 4898 mori;
2601 4842 2659 4892 et
2706 4837 2975 4893 Christus
3029 4854 3132 4908 pro
3183 4837 3380 4909 impiis
3432 4843 3722 4894 mortuus
3770 4845 3897 4910 est,

436 4945 540 4998 per
589 4931 822 4999 speciem
853 4929 924 4998 (II
951 4930 1073 4982 Cor.
1106 4944 1160 4996 v,
1190 4927 1266 4996 7).
1303 4927 1370 4979 Et
1399 4926 1654 4980 Joannes
1696 4944 1707 4981 :
1745 4925 2089 4995 Charissimi,
2203 4925 2606 4981 incredibilem
2635 4930 2692 4980 et
2722 4927 3048 4982 inauditam
3081 4926 3424 4982 charitatem
3455 4928 3891 4985 ostendit.Sed

436 5034 586 5074 nunc
613 5017 722 5089 ﬁlii
746 5018 846 5071 Dei
873 5033 1078 5085 sumus,
1119 5019 1168 5070 et
1209 5013 1450 5068 nondum
1500 5015 1757 5085 apparuit
1801 5015 1933 5085 quid
1978 5017 2089 5070 eri-
2201 5013 2504 5068 sciendum
2541 5014 2680 5086 quia
2704 5015 2858 5085 quod
2890 5015 3282 5087 dicitjustum
3313 5019 3369 5070 et
3392 5015 3788 5081 bonum,non
3815 5016 3896 5092 ad

434 5123 556 5162 mus
585 5108 634 5179 (I
656 5109 814 5163 Joan.
848 5123 932 5172 ιιι,
963 5106 1038 5175 2).
1713 5112 1715 5115 ·
2201 5102 2462 5174 aliquam
2493 5119 2802 5174 personam
2835 5103 3203 5159 referendum
3253 5107 3362 5168 est,
3408 5102 3564 5159 sicut
3613 5105 3894 5176 quidam

504 5197 623 5252 Non
646 5197 825 5252 solum
882 5201 1062 5249 autem
1107 5191 1610 5264 (subintelligitur,
1661 5191 1986 5263 gloriamur
2028 5192 2088 5246 in
2197 5191 2450 5247 hazretici
2478 5190 2812 5258 voluerunt,
2865 5191 2966 5264 qui
3019 5192 3241 5248 bonum
3289 5191 3502 5246 Filium
3536 5193 3892 5262 etjustum

435 5296 534 5347 spe
549 5281 744 5352 gloriae
766 5282 1020 5337 filiorum
1044 5279 1265 5348 Dei)sed
1284 5287 1335 5332 et
1353 5279 1662 5347 gloriamur
1682 5281 1741 5332 in
1762 5279 2088 5336 tribulatio-
2201 5281 2422 5335 Patrem
2455 5278 2884 5347 intellexerunt,
2913 5281 3037 5348 sed,
3071 5285 3135 5335 ut
3165 5280 3304 5335 dicit
3333 5280 3541 5336 beatus
3575 5280 3895 5357 Hierony-

431 5369 617 5424 nibus.
641 5373 754 5424 Cur
783 5369 966 5426 sancti
1000 5369 1059 5422 in
1091 5365 1571 5422 tribulationibus
1596 5367 1961 5438 gloriantur?
1984 5368 2086 5422 Vi-
2199 5385 2351 5438 mus,
2386 5368 2456 5421 ad
2490 5365 2747 5438 aliquam
2782 5385 2900 5423 rem
2925 5370 3152 5440 justam
3187 5368 3275 5426 vel
3310 5370 3544 5426 bonam.
3592 5369 3898 5433 Fuerunt

503 5509 1005 5583 (189lYtﬂs-cap-
1038 5509 1108 5562 νο
2265 5509 2413 5583 (l9!)
2443 5507 2612 5583 ναις.
2638 5525 2738 5582 per
2763 5510 2950 5583 ﬁdem-

503 5510 650 5578 (189)
679 5510 848 5581 Vulg.
879 5527 1005 5582 cap.
1038 5510 1108 5562 V.

503 5580 652 5662 (190)
684 5580 748 5637 In
781 5585 1004 5654 autogr.
1041 5594 1226 5652 marg.
1251 5595 1301 5634 ο.
1339 5576 1406 5634 XI

2263 5510 2413 5666 E1353
2443 5510 2738 5658 ἶζιυὲιίὲιὲἕῗ
2763 5510 2954 5658 ’3.έὲέέ
2991 5600 3005 5644 ς
3040 5600 3091 5644 ο.
3117 5583 3237 5647 x11.
