4094 6168
296 248 409 305 173

892 244 1308 323 EXPOSITIO
1353 244 1427 303 ΙΝ
1479 243 1902 304 EPISTULAS
1951 242 2204 302 PAULI.
2242 276 2318 287 -—-
2350 245 2424 303 IN
2472 246 2721 306 EPIST.
2766 246 2867 305 AD
2917 246 3107 306 ROM.

3578 249 3693 323 174

292 375 451 431 enim
478 375 875 447 nonnulli,qui
908 392 1011 449 per
1032 377 1261 447 justum
1292 373 1701 430 intellexerunt
1718 372 1941 428 Veteris
1971 375 2023 441 Α
2054 373 2318 436 dilectos,
2367 392 2501 430 cum
2553 376 2837 447 Propheta
2883 377 3039 431 dicat
3072 396 3084 432 :
3119 377 3295 433 Odisti
3342 392 3546 442 omnes,
3595 380 3693 448 qui

288 464 654 520 Testamenei
705 465 1031 535 justitiam;
1081 481 1181 535 per
1228 464 1445 518 bonum
1496 480 1625 517 vero
1686 462 1932 534 gratiam

2044 468 2339 532 operantur
2384 466 2731 534 iniquitatem
2762 466 2935 535 (Psal.
2969 483 3021 534 v,
3053 467 3109 535 7)
3145 483 3156 521 :
3193 466 3239 519 si
3282 466 3437 520 enim
3487 482 3687 537 pecca-

283 552 521 624 Novi,ut
551 555 631 629 sit
651 571 860 609 sensus
894 572 906 609 :
941 554 1033 607 vix
1059 554 1340 624 projusto
1363 552 1495 624 quis
1524 551 1936 621 moritur,quia
2044 557 2195 606 tores
2218 554 2850 625 eramus,iniquitatem
2869 556 3276 625 operabamur;
3300 555 3687 626 quomodoer-

279 659 558 714 perrarus
590 642 861 697 inventus
891 646 978 697 est
1006 642 1107 713 qui
1140 656 1243 712 pro
1276 640 1502 712 iustitia
1537 640 1765 695 Veteris
1819 640 1932 693 Tc-

277 732 558 787 stamenti
593 733 741 787 mori
771 730 1050 796 voluerit;
1087 747 1188 802 pro
1241 730 1389 784 bono
1442 734 1636 784 autem
1689 727 1930 782 forsitan

275 820 413 893 quis
444 820 656 875 audeat
689 819 832 873 mori
866 817 1182 887 dicit,quia
1211 817 1441 872 facilius
1474 815 1719 871 inveniri
1742 814 1930 887 potuit

275 910 376 981 qui
410 926 514 980 pro
545 908 732 980 gratia
763 905 1054 977 Evangelii
1086 923 1147 961 se
1178 906 1350 960 morti
1376 904 1927 975 tradiderit.(193)Et

274 997 599 1052 notandum
623 996 923 1067 quia,cum
956 994 1048 1048 vix
1076 994 1291 1065 aliquis
1316 994 1596 1066 projusto
1621 994 1923 1061 moriatur,

271 1101 379 1157 pro
405 1086 554 1140 bono
578 1088 776 1139 autem
811 1083 945 1156 quis
976 1082 1188 1138 audeat
1220 1081 1389 1151 mori,
1422 1080 1706 1137 Dominus
1728 1084 1923 1135 autem

271 1191 389 1229 non
421 1172 613 1229 solum
645 1188 750 1244 pro
779 1171 1001 1245 impiis,
1034 1172 1134 1227 sed
1163 1171 1337 1227 etiam
1362 1186 1619 1242 congruo
1661 1174 1923 1241 tempore

277 1262 430 1335 mori
459 1261 662 1317 voluit.
707 1262 771 1316 Et
801 1261 911 1317 hoc
958 1264 1044 1316 est
1074 1261 1228 1331 quod
1273 1257 1584 1330 Apostolus
1614 1257 1758 1313 dicit
1790 1275 1801 1313 :
1836 1274 1917 1313 se-

267 1351 507 1407 cundum
537 1359 769 1421 tempus,
818 1350 877 1405 id
921 1354 1030 1413 est,
1086 1349 1409 1405 secundum
1461 1346 1742 1418 temporis
1790 1364 1922 1401 con-

264 1440 622 1513 gruentiam.
655 1438 818 1495 Unde
845 1438 969 1510 ipse
1002 1439 1279 1510 propheta
1313 1436 1453 1491 dicit
1484 1453 1497 1491 :
1529 1428 1781 1507 Tempoi‘e
1827 1453 1917 1491 ac-

262 1537 414 1601 cepto
460 1528 730 1584 exaudiui
778 1536 846 1596 te,
900 1531 952 1581 et
1002 1529 1060 1581 in
1102 1528 1190 1581 die
1237 1526 1429 1580 salutis
1478 1524 1667 1596 adjuvi
1707 1530 1760 1578 te
1788 1526 1913 1595 (Isa.

257 1635 413 1689 XLIX,
443 1619 520 1684 8).
556 1617 717 1682 Quod
757 1632 1052 1689 exponens
1099 1613 1412 1687 Apostolus
1442 1614 1524 1667 ait
1554 1629 1567 1667 :
1600 1615 1741 1667 Ecce
1770 1630 1919 1668 nunc

254 1712 469 1779 tempus
496 1706 857 1778 acceptabile;
886 1722 1003 1760 ecce
1032 1720 1179 1758 nunc
1206 1704 1321 1758 dies
1352 1703 1556 1758 salutis
1586 1703 1659 1773 (II
1688 1703 1809 1758 Cor.
1833 1719 1906 1771 vr,

254 1797 421 1867 2).Eo
443 1812 699 1867 namque
721 1798 980 1865 tempore
1003 1792 1148 1848 mori
1170 1792 1349 1847 voluit
1371 1809 1485 1863 quo
1508 1806 1713 1846 omnes
1737 1790 1915 1845 decli-

254 1882 749 1949 naverunt,simul
766 1882 1003 1938 inutiles
1018 1882 1152 1937 facti
1171 1898 1237 1936 su
1249 1885 1440 1950 nt,nec
1453 1884 1574 1935 erat
1588 1880 1685 1951 qui
1704 1880 1916 1935 faceret

254 1974 477 2028 bonum
505 1987 691 2043 usque
712 1970 783 2026 ad
806 1987 1011 2025 unum.
1044 1969 1297 2040 Denique
1322 1968 1628 2023 sciendum
1654 1968 1795 2038 quia
1819 1968 1912 2022 di-

253 2062 438 2117 cendo
452 2059 896 2134 Apostolus,pro
914 2060 1066 2113 bono
1088 2059 1330 2113 forsitan
1350 2057 1481 2129 quis
1504 2058 1717 2112 audeat
1740 2057 1909 2127 mori,

258 2152 533 2222 quamvis
560 2150 846 2222 pudenter
874 2164 1042 2203 suam
1073 2146 1255 2202 voluit
1300 2145 1544 2218 intelligi
1579 2162 1909 2217 personam,

255 2238 516 2295 ostendit
542 2256 603 2294 se
624 2254 945 2309 omnesque
968 2235 1170 2291 fideles
1192 2240 1423 2307 paratos
1456 2251 1584 2290 esse
1625 2234 1771 2289 mori
1808 2251 1911 2305 pro

253 2328 509 2384 Christo.

328 2417 606 2489 Sequitur
666 2434 678 2471 :
733 2415 1084 2471 Commendat
1130 2417 1317 2468 autem
1363 2430 1519 2467 suam
1577 2411 1911 2467 charitatem

250 2507 395 2561 Deus
451 2508 511 2561 in
564 2506 739 2561 nobis.
799 2508 973 2559 Suam
1035 2502 1381 2558 charitatem
1430 2502 1583 2556 Deus
1634 2501 1689 2554 in
1741 2500 1909 2555 nobis

253 2594 649 2661 commendat,
684 2592 819 2665 quia
852 2592 1110 2647 indebite
1140 2590 1309 2645 nobis
1350 2589 1755 2645 remissionem
1806 2588 1908 2643 tri-

245 2683 376 2738 buit
410 2686 801 2755 peccatorum,
834 2684 890 2735 et
921 2680 1059 2753 quia
1089 2679 1301 2734 Filium
1334 2694 1508 2733 suum
1558 2695 1661 2749 pro
1709 2676 1908 2748 impiis

254 2771 455 2825 tradit.
490 2771 633 2826 Cum
664 2770 820 2824 enim
852 2768 968 2835 ille,
1002 2768 1104 2839 qui
1156 2784 1270 2822 non
1318 2767 1585 2831 debebat,
1642 2765 1905 2820 debitum

252 2859 463 2914 mortis
493 2858 720 2914 diabolo
770 2856 957 2923 solvit,
1010 2862 1074 2911 ut
1125 2872 1253 2923 nos,
1305 2855 1404 2926 qui
1454 2855 1661 2909 debitae
1704 2852 1909 2909 mortis

251 2948 459 3003 merito
494 2948 856 3015 tenebamur,
891 2950 1138 3012 erueret,
1172 2961 1340 2999 suam
1394 2943 1597 3015 utique
1650 2942 1906 2997 charita-

248 3042 372 3092 tem
405 3036 463 3091 in
496 3036 664 3091 nobis
697 3034 1144 3091 commendavit.
1196 3032 1358 3089 Unde
1404 3047 1506 3103 per
1554 3031 1904 3103 PrOphetam

2041 656 2112 711 go
2139 640 2603 712 diligebamur,si
2629 648 2778 699 Deus
2804 649 3109 715 operantes
3131 643 3497 714 iniquitatem
3525 643 3688 699 odit?

2038 731 2145 783 Sed
2182 728 2343 784 nulla
2372 735 2461 785 est
2490 733 2888 798 contrarietas,
2914 732 2963 786 si
2984 731 3290 803 diligenter
3318 731 3681 788 animadver-

2039 818 2417 874 tamus.Deus
2448 819 2603 874 enim
2635 821 2884 875 amando
2916 821 3133 888 odit,et
3163 820 3409 875 odiendo
3432 823 3680 876 amat.ln

2036 923 2383 979 unaquaque
2400 924 2653 979 namque
2685 925 2934 979 persona
2954 909 3128 964 habet
3148 908 3300 963 Deus
3322 910 3475 981 quod
3500 913 3678 977 amet,

2036 1001 2093 1050 et
2124 996 2278 1067 quod
2314 996 2442 1051 odio
2474 996 2713 1063 habeat;
2748 1001 2907 1051 amat
2936 998 3091 1052 enim
3141 997 3293 1068 quod
3342 998 3464 1069 ipse
3503 998 3677 1064 fecit;

2035 1084 2157 1139 odit
2188 1102 2337 1155 quae,
2371 1084 2599 1140 diabolo
2631 1090 3000 1158 suggerente,
3033 1086 3157 1157 ipse
3190 1085 3362 1141 homo
3406 1086 3539 1141 fecit
3572 1103 3585 1141 :
3619 1086 3680 1142 in

2035 1174 2283 1245 singulis
2316 1173 2470 1229 enim
2506 1174 2909 1245 peccatoribus
2939 1178 3097 1229 amat
3118 1174 3491 1229 miseratione
3510 1174 3681 1230 bene-

2032 1262 2316 1332 ﬁcium,et
2345 1262 2718 1318 damnatione
2738 1261 3338 1333 judicium.Praeterea
3359 1264 3678 1319 notandum

2032 1351 2171 1422 quia
2200 1351 2283 1405 sic
2314 1350 2585 1406 videntur
2614 1352 2737 1407 haec
2762 1351 2935 1406 verba
2966 1367 3264 1419 sonare,ac
3287 1351 3335 1405 si
3372 1356 3548 1407 Deum
3570 1355 3678 1408 Pa-

2028 1442 2176 1494 trem
2210 1439 2560 1494 haberemus
2592 1439 2828 1509 iratum,
2878 1443 2933 1494 et
2983 1438 3193 1494 Filium
3236 1444 3530 1511 pacatum.
3564 1441 3677 1496 Sed

2029 1544 2144 1582 non
2167 1528 2247 1582 ita
2261 1526 2572 1599 Apostolus
2597 1526 2901 1598 sentit,qui
2924 1526 3063 1583 alibi
3083 1527 3223 1582 dicit
3248 1546 3259 1583 :
3284 1530 3512 1598 Propria
3532 1529 3678 1585 Filio

2024 1632 2135 1672 non
2178 1617 2444 1688 pepercit,
2494 1616 2586 1670 sed
2629 1633 2727 1687 pro
2774 1617 2929 1671 nobis
2986 1617 3237 1672 omnibus
3280 1617 3506 1673 tradidit
3552 1634 3677 1673 eum

2024 1706 2197 1775 (Rom.
2233 1723 2353 1774 VIII,
2379 1706 2491 1775 32).
2525 1705 2649 1759 Non
2680 1721 2815 1776 ergo
2849 1711 2996 1760 Deus
3044 1709 3213 1760 Pater
3257 1706 3548 1761 nolentem
3578 1705 3674 1761 Fi-

2026 1794 2173 1849 lium
2204 1795 2469 1861 tradidit,
2520 1811 2625 1849 nec
2669 1794 2793 1865 ipse
2839 1794 3042 1858 Filius,
3096 1793 3326 1849 nolente
3376 1794 3564 1862 Patre,
3612 1811 3675 1851 se

2023 1883 2285 1948 tradidit,
2320 1884 2421 1937 sed
2455 1883 2694 1937 tradidit
2725 1899 2859 1937 eum
2892 1887 3079 1949 Pater,
3114 1886 3169 1937 et
3201 1882 3406 1953 Filius,
3440 1888 3496 1938 et
3544 1900 3673 1939 am-

2024 1972 2231 2026 borum
2256 1971 2508 2042 Spiritus
2540 1974 2798 2025 sanctus.

2097 2059 2245 2114 Illud
2278 2064 2471 2114 autem
2505 2059 2827 2113 notandum
2856 2058 2995 2129 quia
3022 2059 3254 2113 eosdem
3287 2059 3429 2113 dicit
3471 2076 3672 2131 pecca-

2022 2151 2196 2217 tores,
2232 2164 2378 2218 quos
2399 2146 2669 2201 inimicos
2692 2145 3425 2218 Dei,etipsosjustificatos
3447 2146 3505 2202 in
3536 2165 3668 2203 san-

2020 2237 2199 2309 guine
2229 2235 2466 2300 Christi,
2499 2252 2645 2305 quos
2690 2234 3095 2289 reconciliatos
3126 2251 3228 2305 per
3250 2239 3498 2290 mortem
3540 2235 3670 2290 Filii

2021 2328 2170 2397 ejus,
2223 2330 2280 2379 et
2328 2342 2427 2380 eos
2476 2322 2729 2379 salvatos
2761 2324 2832 2378 ab
2868 2322 2954 2376 ira
2984 2338 3087 2393 per
3117 2322 3335 2393 ipsum,
3367 2339 3515 2393 quos
3553 2322 3669 2378 sal-

2018 2415 2241 2469 vandos
2269 2414 2327 2467 in
2348 2413 2465 2469 vita
2486 2411 2768 2484 ipsius.Et
2790 2411 3092 2466 sciendum
3124 2412 3264 2482 quia
3292 2412 3407 2466 duo
3440 2412 3667 2484 praemi-

2019 2502 2337 2574 sit,impios
2372 2506 2427 2556 et
2457 2501 2809 2567 infirmos,et
2830 2499 3059 2555 duobus
3082 2499 3421 2555 nominibus
3443 2518 3547 2557 nos
3569 2518 3667 2556 vo-

2018 2591 2189 2658 cavit,
2224 2607 2474 2662 quorum
2508 2589 2753 2644 alterum
2786 2588 3192 2656 mitissimum,
3225 2588 3471 2644 alterum
3520 2594 3670 2645 atro-

2018 2680 2323 2735 cissimum
2372 2684 2481 2735 est.
2536 2679 2677 2733 Leve
2709 2677 2865 2733 enim
2900 2676 3180 2748 quiddam
3213 2681 3302 2732 est
3332 2677 3665 2747 infirmitas,

2018 2770 2116 2825 sed
2149 2768 2509 2823 infirmitatis
2541 2784 2728 2837 genus
2760 2771 2866 2834 est,
2893 2765 3048 2835 quod
3080 2765 3402 2837 impietatis
3433 2766 3667 2823 nomine

2019 2858 2380 2929 designatur,
2414 2855 2690 2927 quoniam
2734 2855 2845 2910 nisi
2893 2858 3049 2909 esset
3080 2869 3336 2923 necesse,
3374 2854 3667 2909 medicum

2017 2962 2132 3001 non
2182 2946 2441 3000 haberet.
2480 2946 2565 3009 Et,
2618 2944 2757 3015 quia
2810 2943 2924 2998 duo
2972 2943 3273 3015 praemisit,
3308 2942 3523 2999 idcirco
3553 2945 3668 2999 duo

2017 3034 2290 3101 reddidit,
2324 3033 2379 3088 id
2414 3037 2503 3088 est
2532 3036 2861 3104 peccatores
2884 3036 2940 3086 et
2970 3032 3240 3087 inimicos
3272 3032 3399 3098 Dei;
3432 3033 3668 3087 eosdem

249 3125 398 3189 dicit
430 3143 442 3180 :
474 3127 700 3195 lnjuste,
735 3139 852 3194 qua:
884 3139 993 3178 non
1022 3124 1353 3193 rapui,tunc
1380 3120 1904 3191 exsolvebam(Psal.
1940 3106 1981 3171 C
2019 3123 2175 3178 enim
2223 3126 2389 3177 vocat
2438 3120 2673 3192 impios,
2723 3136 2870 3191 quos
2920 3119 3188 3174 inimicos
3221 3119 3345 3186 Dei,
3376 3124 3433 3174 et
3473 3136 3670 3175 revera

253 3230 447 3282 vam,
475 3214 553 3281 5).
586 3215 885 3282 Quoniam,
917 3214 984 3278 si,
1030 3228 1153 3265 cum
1200 3209 1381 3264 adhuc
1423 3212 1725 3280 peccatores
1771 3224 1904 3262 esse-

251 3320 400 3369 mus,
435 3302 685 3359 Christus
730 3316 828 3369 pro
876 3301 1033 3353 nobis
1082 3303 1331 3353 mortuus
1378 3308 1476 3362 est,
1530 3296 1707 3351 multo
1736 3298 1911 3367 igitur

251 3393 437 3460 magis
458 3390 751 3461 justi/ictui
774 3404 922 3442 nunc
952 3390 1006 3441 in
1038 3388 1308 3456 sanguine
1332 3388 1503 3457 ipsius
1532 3386 1674 3439 salvi
1702 3386 1905 3439 erimus

251 3483 322 3536 ab
368 3482 461 3534 ira
508 3494 612 3550 per
642 3480 840 3549 ipsum.
883 3476 1246 3532 Justificatos
1278 3475 1415 3529 dicit
1463 3493 1496 3529 a
1534 3480 1902 3545 peccatorum

252 3569 502 3624 nexibus
543 3566 841 3623 liberatos.
892 3566 961 3620 Et
1010 3564 1249 3637 pulchre
1300 3563 1459 3627 dicit,
1512 3564 1568 3616 in
1620 3563 1905 3633 sanguine

250 3658 475 3730 ipsius;
508 3656 787 3728 quoniam
820 3654 946 3709 sine
978 3655 1106 3724 ejus
1137 3653 1423 3725 sanguine
1455 3651 1616 3706 nulla
1648 3652 1769 3705 fieri
1802 3668 1903 3722 po-

250 3729 369 3802 test
394 3729 758 3815 justiﬁcatio.
816 3744 960 3798 Hinc
1009 3747 1097 3797 est
1145 3742 1298 3813 quod
1352 3742 1406 3795 in
1456 3741 1646 3795 Veteri
1702 3741 1901 3794 Testa-

251 3840 449 3891 mento
482 3833 644 3889 nulla
673 3831 919 3903 expiatio
965 3831 1138 3885 ﬁebat
1186 3830 1311 3884 sine
1360 3828 1665 3900 sanguinis
1708 3845 1903 3897 asper-

249 3925 434 3980 sione.
466 3923 549 3977 Ab
580 3922 668 3977 ira
697 3926 892 3976 autem
923 3919 1065 3973 dicit
1096 3936 1129 3973 a
1158 3918 1413 3971 vindicta
1460 3922 1686 3971 αξιοι-ηαξ
1738 3916 1902 3969 dam-

248 4010 527 4067 nationis.

325 4100 391 4155 Si
418 4101 589 4166 enim,
620 4115 747 4153 cum
776 4098 994 4153 inimici
1014 4093 1504 4151 essemus.1nimici
1530 4110 1766 4149 eramus
1790 4093 1906 4147 Deo

249 4192 493 4260 propter
520 4186 802 4259 originale
832 4189 1131 4258 peccatum
1152 4227 1164 4251 ,
1199 4182 1343 4237 illud
1373 4182 1587 4253 quippe
1606 4197 1904 4253 separave-

250 4282 344 4332 rat
375 4293 483 4331 nos
508 4293 543 4330 a
574 4281 707 4330 Deo.
731 4274 833 4329 Sed
862 4272 1209 4329 reconciliati
1228 4288 1412 4325 sumus
1436 4272 1540 4324 Deo
1559 4286 1659 4341 per
1680 4274 1908 4324 mortem

250 4367 388 4421 Filii
403 4364 804 4437 ejus.Dicendo
826 4358 1513 4425 reconciliatos,ostendit
1535 4359 1675 4430 quia
1696 4358 1906 4429 captivi

2018 3208 2236 3265 talibus
2268 3209 2520 3280 peccatis
2542 3208 2722 3262 dediti
2744 3224 2979 3262 eramus
3005 3212 3068 3261 ut
3092 3208 3311 3262 inimici
3341 3208 3435 3263 Dei
3460 3209 3667 3264 merito

2016 3299 2362 3353 diceremur.
2392 3297 2494 3353 Sed
2541 3294 2895 3351 reconciliati
2924 3296 3027 3351 Deo
3056 3296 3199 3351 salvi
3229 3298 3434 3350 erimus
3466 3299 3525 3351 in
3556 3299 3667 3352 vita

2013 3386 2464 3459 ipsius.Pulcbre
2495 3385 2656 3452 dicit,
2681 3385 2738 3439 in
2766 3385 2881 3439 vita
2905 3385 3112 3456 ipsius,
3147 3385 3444 3457 quoniam,
3480 3387 3526 3441 si
3562 3404 3663 3455 pro

2013 3477 2212 3547 impiis
2244 3480 2300 3530 et
2326 3474 2577 3529 inimicis
2612 3477 2878 3529 mortuus
2908 3478 3017 3542 est,
3050 3472 3236 3529 multo
3270 3474 3457 3547 magis
3480 3475 3660 3531 vitam

2014 3565 2137 3621 suis
2169 3563 2329 3619 dabit
2357 3564 2707 3618 amicis.Non
2725 3563 2905 3616 solum
2934 3566 3120 3617 autem
3152 3562 3658 3635 (subintelligitur,

2013 3654 2155 3709 salvi
2187 3653 2450 3723 erimus),
2474 3653 2563 3707 sed
2585 3656 2634 3706 et
2658 3652 2965 3722 gloriamur
2984 3652 3043 3704 in
3068 3652 3188 3706 Deo.
3223 3651 3467 3706 Pulchre
3499 3654 3663 3721 dicit,

2014 3742 2072 3797 in
2130 3744 2261 3809 Deo,
2317 3742 2455 3813 quia
2504 3741 2789 3811 scriptum
2823 3743 2910 3794 est
2944 3757 2956 3793 :
2989 3741 3095 3807 Qui
3122 3741 3410 3810 gloriatur,
3459 3743 3519 3795 in
3568 3743 3666 3796 Do-

2013 3833 2163 3885 mino
2196 3832 2470 3902 glorietur
2501 3831 2573 3897 (Il
2602 3830 2721 3882 Cor.
2751 3846 2805 3893 x,
2844 3830 2949 3898 17).
2986 3830 3051 3881 Et
3082 3828 3217 3898 quia
3257 3846 3427 3884 nemo
3477 3834 3667 3899 potest

2013 3919 2248 3989 gloriari
2277 3918 2334 3970 in
2369 3916 2624 3981 Deo,nisi
2658 3932 2759 3986 per
2789 3916 3102 3969 Dominum
3125 3918 3325 3969 Jesum
3345 3915 3663 3982 Christum,

2015 4006 2229 4073 adiecit
2261 4022 2272 4059 :
2308 4007 2413 4059 Per
2444 4006 2730 4058 Dominum
2754 4008 3008 4057 nostrum
3035 4005 3218 4057 Jesum
3242 4002 3537 4073 Christum,
3565 4020 3669 4073 per

2016 4110 2175 4164 quem
2206 4109 2354 4146 nunc
2383 4092 2891 4147 reconciliationem
2937 4092 3260 4160 accepimus.
3312 4090 3666 4145 Reconcilia-

2016 4183 2233 4237 tionem
2267 4180 2407 4235 dicit
2431 4178 2932 4249 justiﬁcalioncm,
2967 4196 3094 4250 qua:
3127 4178 3278 4233 facta
3309 4183 3397 4233 est
3441 4178 3501 4233 in
3532 4197 3667 4235 san-

2016 4270 2192 4343 guine
2211 4269 2566 4342 ipsius.Nam
2584 4268 2884 4323 sciendum
2906 4267 3041 4339 quia
3055 4267 3306 4339 quadam
3329 4267 3425 4323 Dei
3443 4268 3672 4338 justitia

2017 4358 2298 4415 traditum
2332 4362 2419 4413 est
2456 4356 2687 4413 diabolo
2717 4372 2903 4429 genus
2930 4356 3293 4425 humanum;
3326 4374 3440 4411 non
3473 4362 3671 4412 tamen

253 4472 289 4509 a
309 4453 542 4509 diabolo
572 4452 933 4507 tenebamur.
967 4450 1076 4504 Sed
1100 4465 1213 4503 non
1238 4449 1319 4502 ita
1346 4446 1788 4519 intelligendum
1821 4450 1910 4500 est
1940 4466 1987 4531 D
2017 4447 2145 4519 ipse
2174 4446 2546 4515 tradidit,scd
2572 4445 2719 4500 tradi
2750 4444 3033 4517 permisit.
3058 4445 3191 4499 Mox
3221 4444 3377 4499 enim
3402 4450 3466 4499 ut
3488 4447 3673 4500 Adam

252 4550 340 4610 ut,
376 4543 532 4598 sicut
562 4541 831 4596 homines
861 4539 1024 4612 prius
1064 4538 1216 4593 inter
1238 4554 1298 4593 se
1325 4536 1611 4591 dissident
1631 4540 1689 4591 et
1711 4539 1911 4607 postea

252 4630 746 4686 reconciliantur:
770 4629 850 4683 ita
873 4632 929 4683 et
953 4644 1057 4683 nos
1073 4626 1235 4699 prius
1255 4624 1607 4680 dissidentes
1634 4623 1914 4679 fuerimus

254 4737 292 4776 a
317 4722 517 4787 Deo,et
539 4724 741 4790 postea
761 4715 1147 4782 reconciliati;
1174 4714 1471 4783 quoniam,
1491 4716 1547 4767 et
1568 4713 1915 4784 priusquam

253 4806 794 4872 reconciliaremur,
817 4804 1209 4876 diligebamur
1230 4820 1263 4856 a
1284 4800 1549 4855 Domino.
1580 4800 1741 4855 Unde
1763 4799 1917 4853 idem

252 4895 755 4969 Apostolus:Sicut
776 4895 938 4963 elegit
962 4909 1055 4948 nos
1078 4896 1137 4947 in
1163 4893 1273 4962 ipso
1295 4894 1423 4945 ante
1442 4888 1639 4943 mundi
1658 4891 1921 4944 constitu-

256 4989 468 5043 tionem
499 4985 714 5056 (Ephes.
750 5000 788 5051 ι,
824 4983 912 5053 4);
946 4987 1003 5036 et
1029 4980 1165 5036 alibi
1204 4998 1216 5035 :
1254 4981 1359 5047 Qui
1388 4979 1581 5033 dilexit
1600 4987 1771 5044 nos,et
1790 4979 1925 5032 lavit

256 5091 359 5130 nos
420 5092 453 5128 a
504 5074 741 5142 peccatis
797 5072 999 5127 nostris
1049 5071 1227 5141 (Apoc.
1278 5086 1314 5138 ι,
1364 5069 1451 5138 5);
1502 5071 1557 5121 et
1602 5066 1858 5122 Joannes
1910 5090 1924 5128 :

2024 4534 2302 4607 peccavit,
2337 4535 2640 4589 deserente
2671 4551 2733 4588 se
2764 4534 3053 4597 Creatore,
3090 4536 3291 4587 auctor
3320 4534 3540 4604 peccati
3572 4534 3675 4589 ho-

2026 4625 2244 4679 minem
2266 4623 2615 4679 invasit.Sed
2639 4639 2751 4677 non
2777 4638 2911 4676 eum
2944 4626 3093 4676 Deus
3114 4620 3379 4677 funditus
3396 4623 3677 4691 deseruit,

2027 4713 2167 4785 quia
2200 4728 2432 4783 semper
2464 4712 2587 4765 suis
2620 4710 2920 4765 beneﬁciis
2954 4710 3405 4765 sustentavit.Et
3428 4712 3563 4782 quia
3585 4714 3680 4783 ju-

2029 4801 2188 4857 stitia
2210 4801 2466 4871 quadam
2495 4799 2745 4853 traditus
2767 4798 3121 4870 cst,dignum
3148 4803 3271 4854 crat
3296 4803 3359 4853 ut
3380 4800 3677 4856 diabolum

2032 4908 2145 4945 non
2179 4891 2409 4955 virtute,
2446 4888 2546 4942 sed
2571 4888 2806 4957 justitia
2836 4888 3351 4951 vinceretur.Quod
3381 4906 3414 4943 a
3436 4889 3679 4944 Domino

2035 4978 2417 5047 Redemptore
2449 4979 2646 5029 nostro
2662 4975 2878 5029 factum
2912 4975 3197 5030 est.Venit
3220 4976 3375 5031 enim
3400 4977 3459 5031 in
3481 4974 3682 5030 simili-

2034 5065 2236 5120 tudine
2267 5063 2459 5119 carnis
2483 5062 2953 5135 peccati,nullum
2978 5064 3215 5119 omnino
3242 5064 3466 5119 habens
3487 5078 3683 5133 pecca-

259 5164 583 5231 Diligamus
632 5167 829 5231 Deum,
886 5160 1146 5232 quoniam
1211 5159 1325 5228 ipse
1382 5159 1538 5225 prior
1584 5155 1778 5210 dilexit
1834 5171 1930 5211 nos
2036 5152 2354 5209 tum.Unde
2377 5152 2645 5207 diabolus
2677 5169 2889 5223 purum
2924 5152 3220 5207 hominem
3246 5150 3683 5218 credens,inno-

262 5254 317 5323 (Ι
342 5253 501 5308 Joan.
536 5268 611 5317 1v,
651 5252 759 5320 19).
794 5250 906 5304 Sed
932 5248 1151 5303 orietur
1181 5246 1445 5317 quaestio,
1480 5245 1773 5317 quomodo
1826 5260 1931 5299 nos

2041 5247 2269 5298 centem
2302 5240 2532 5297 occidit.
2567 5241 2712 5305 Quia
2749 5257 2884 5311 ergo
2928 5240 3297 5294 innocentem
3341 5238 3571 5303 occidit,
3605 5239 3686 5294 di-

261 5341 425 5396 dicat
473 5338 789 5411 Apostolus
837 5342 971 5393 ante
1022 5334 1551 5391 reconciliationem
1606 5333 1819 5389 electos
1878 5338 1935 5388 et
2042 5347 2223 5403 gnum
2247 5330 2861 5398 erat,utcredentesin
2884 5328 3179 5383 Christum
3202 5326 3686 5398 amitteret,quos

339 5482 489 5554 (193)
520 5480 859 5554 Notandum
896 5478 1051 5532 hunc
1084 5480 1305 5554 textum
1356 5492 1367 5530 :
1412 5492 1514 5546 pro
1566 5476 1700 5533 bono
1748 5479 1929 5533 autem
1968 5476 2091 5550 quis
2121 5474 2323 5533 audeat
2352 5478 2534 5533 mori?
2563 5473 2660 5549 qui
2708 5468 3154 5542 interrogativus
3193 5473 3281 5526 est
3315 5469 3372 5526 in
3422 5470 3685 5550 Vulgata,

264 5547 367 5615 hic
402 5552 656 5629 positive
687 5551 971 5623 scriptum
1004 5554 1061 5605 et
1091 5547 1418 5621 expositum
1449 5562 1595 5602 esse.
