4094 6168
314 376 432 440 17⁸7

913 386 1332 468 EX_POSITIO
1374 390 1453 452 ΙΝ
1498 392 1919 456 EPISTOLAS
1962 392 2222 458 PAULI.
2254 427 2332 441 -—
2363 397 2438 458 1N
2484 395 2734 458 EPIST.
2779 395 2886 458 AD
2932 394 3126 459 ROM.

3608 390 3724 456 178

309 532 345 572 a
375 518 562 572 morte
590 516 905 577 liberatum
936 522 1102 593 (196),
1133 523 1440 595 subjunxit
1466 542 1479 580 :
1511 528 1690 583 Etiam
1721 528 1867 599 (197)
1897 528 1958 584 in
1987 534 2041 597 Α
2068 528 2400 600 Apostolus,
2436 547 2550 585 non
2582 530 2818 598 diceret,
2850 532 3039 600 gratia
3084 545 3155 586 ea:
3183 528 3372 617 multis
3400 526 3614 585 delictis
3656 532 3717 587 in

305 607 387 663 eis
415 610 516 676 qui
541 624 653 663 non
680 619 1037 680 peccaverunt
1081 614 1139 666 in
1167 614 1587 671 similitudinem
1615 620 1954 686 praevarica-

303 696 475 749 tionis
495 695 648 764 Adae,
671 697 729 751 id
755 702 864 762 est,
889 699 988 770 qui
1021 715 1134 754 non
1168 703 1405 773 propria
1433 706 1730 760 voluntate
1762 723 1956 778 pecca-

300 788 537 851 verunt,
568 789 633 840 ut
664 786 870 852 Adam,
903 788 1003 842 sed
1036 788 1229 845 carnis
1259 790 1620 865 inﬁrmitate,
1653 795 1807 851 sicut
1852 814 1952 867 pa-

2057 620 2509 691 justiﬁcationem
2532 637 2553 681 ,·
2603 620 2703 675 sed
2748 636 2817 674 ea:
2854 635 2982 674 uno.
3017 618 3330 675 Sciendum
3363 617 3540 674 etiam
3572 619 3715 690 quia

2064 708 2252 764 solent
2304 707 2599 780 Pelagiani
2650 708 2840 764 dicere
2887 705 3206 763 ﬁdelibus:
3259 706 3423 762 Unde
3473 707 3716 766 trahunt

2063 796 2329 852 homines
2353 795 2635 868 originale
2656 801 2978 867 peccatum,
3005 814 3038 851 a
3069 795 3311 868 nuptiis,
3337 812 3410 851 an
3441 813 3475 851 a
3503 813 3711 868 paren-

298 871 595 942 triarchaa,
619 878 677 930 et
700 874 995 946 prophetae
1023 881 1077 932 et
1098 878 1339 949 quidam
1361 882 1627 954 gentiles,
1651 883 1711 938 in
1736 884 1953 955 quibus
2060 885 2240 954 tibus,
2275 890 2373 939 aut
2403 902 2436 939 a
2465 884 2758 939 voluntate
2778 885 2805 938 ‘?
2834 889 2899 939 In
2930 883 3145 956 quibus
3177 883 3323 940 nihil
3352 883 3434 939 eis
3466 900 3707 956 respon—

298 960 447 1016 adeo
465 962 649 1033 viguit
672 962 971 1035 ingenium
999 967 1319 1038 sapientiae,
1340 975 1405 1024 ut
1426 970 1693 1042 originali
1716 978 1951 1044 peccato
2060 973 2340 1029 dendum.
2374 973 2523 1028 Audi
2556 973 2897 1046 Apostolum
2930 974 3220 1029 dicentem
3253 990 3265 1027 :
3318 974 3594 1029 Judicium
3637 991 3706 1030 ex

296 1047 465 1105 nulla
494 1051 956 1122 superaddereut
979 1056 1326 1112 eriminalia.
1352 1060 1459 1126 Qui
1484 1065 1564 1114 est
1591 1062 1777 1132 forma
1803 1065 1953 1132 fatu-

291 1139 375 1194 ris
405 1139 573 1210 (198).
606 1140 885 1204 Quaedam
917 1144 1272 1217 exemplaria
1297 1149 1481 1217 futuri
1508 1148 1744 1220 habent,
1779 1156 1843 1206 ut
1874 1153 1945 1208 ad

289 1226 590 1284 Christum
621 1230 924 1286 referatur.
956 1233 1143 1288 Adam
1175 1236 1330 1290 enim
1363 1236 1550 1292 forma
1591 1238 1697 1294 fuit
1743 1239 1945 1307 futuri,

2058 1079 2168 1119 uno
2218 1065 2279 1117 in
2326 1064 2853 1119 condemnationem.
2888 1063 2997 1117 Sed
3048 1062 3187 1133 quid
3230 1066 3320 1117 est
3358 1063 3511 1133 quod
3545 1062 3705 1135 dicit,

2049 1151 2344 1222 judicium
2368 1168 2436 1207 ex
2458 1168 2571 1207 uno
2606 1151 2663 1205 in
2688 1149 3281 1206 condemnationem?
3311 1150 3589 1221 Nunquid
3613 1152 3709 1223 ju-

2055 1240 2272 1296 dicium
2307 1258 2375 1296 ex
2405 1257 2521 1295 uno
2554 1239 2661 1295 soli
2694 1239 2749 1294 in
2782 1237 3050 1309 originali
3080 1243 3336 1309 peccato,
3369 1242 3425 1293 et
3468 1255 3583 1294 non
3636 1256 3706 1296 ex

291 1317 598 1387 quoniam,
630 1317 784 1374 sicut
815 1334 917 1390 per
944 1319 1115 1376 illum
1146 1339 1305 1379 mors
1336 1324 1594 1394 intravit,
1628 1327 1710 1382 ita
1748 1335 1804 1383 et
1843 1347 1947 1400 per
2055 1328 2296 1400 reliquis
2325 1329 2488 1385 ducit
2516 1329 2576 1383 in
2607 1328 3156 1385 condemnationem
3177 1327 3205 1380 Ἰ
3237 1326 3296 1381 Si
3329 1327 3483 1382 enim
3512 1328 3704 1399 gratia

288 1402 588 1460 Christum
610 1405 729 1462 vita
748 1406 950 1475 rediit;
985 1409 1140 1465 unde
1164 1410 1340 1482 paulo
1362 1412 1606 1471 inferius
1629 1418 1942 1488 Apostolus

287 1492 436 1551 dicit
467 1510 480 1547 :
514 1493 665 1549 Sicut
689 1511 793 1565 per
823 1498 1251 1555 inobedientiam
1280 1504 1449 1558 unius
1477 1505 1715 1560 hominis
1740 1523 1943 1577 pecca-

285 1588 432 1638 tores
457 1584 740 1639 constituti
767 1592 897 1641 sunt
916 1587 1183 1661 plurimi,
1214 1589 1294 1644 ita
1339 1599 1390 1646 et
1436 1610 1536 1663 per
1564 1596 1729 1650 unius
1757 1597 1938 1652 obedi-

285 1670 491 1726 tionem
528 1673 674 1742 justi
721 1676 1124 1731 constituentur
1171 1669 1351 1735 multi.
1395 1680 1454 1735 Si
1486 1686 1680 1739 autem
1711 1683 1942 1757 legatur

280 1759 525 1833 futuris,
543 1759 990 1833 intelligendum
1010 1769 1100 1820 est
1119 1767 1581 1836 posteris.Adam
1598 1788 1734 1844 ergo
1753 1774 1940 1830 forma

2052 1419 2151 1474 Dei
2186 1436 2300 1474 non
2334 1418 2524 1474 solum
2557 1417 2840 1490 originale
2872 1421 3199 1489 peccatum,
3228 1417 3329 1472 sed
3361 1417 3537 1473 etiam
3566 1435 3699 1490 pro-

2050 1508 2188 1579 prise
2214 1508 2525 1563 voluntatis
2556 1511 2790 1579 peccata
2812 1506 3051 1573 relaxat,
3072 1505 3155 1561 sic
3176 1509 3234 1561 et
3251 1504 3698 1576 judicium,non

2050 1613 2118 1652 ex
2148 1597 2413 1669 originali
2444 1600 2696 1666 tantum,
2728 1595 2830 1651 sed
2861 1594 3035 1650 etiam
3067 1611 3135 1649 ex
3180 1593 3402 1649 caeteris
3432 1610 3558 1664 quae
3590 1612 3697 1649 su-

2048 1686 2472 1757 peradduntur,
2505 1686 2667 1741 ducit
2694 1685 2752 1739 in
2783 1681 3351 1739 condemnationem.
3376 1680 3525 1747 Quid
3558 1698 3695 1755 ergo

2046 1774 2171 1830 vult
2202 1776 2506 1831 ostendere
2553 1775 2646 1830 his
2694 1773 2884 1829 verbis
2906 1772 2933 1827 ?
2964 1770 3209 1839 Scilicet,
3242 1776 3363 1826 tam
3410 1787 3694 1844 magnum

282 1846 399 1903 fuit
428 1848 667 1916 futuris,
693 1852 833 1922 quia
862 1853 1194 1926 exemplum
1225 1856 1334 1912 fuit
1364 1861 1583 1930 peccati
1614 1866 1672 1916 et
1701 1863 1941 1918 damna-
1968 1895 2015 1961 B
2048 1863 2229 1919 fuisse
2250 1863 2394 1919 illud
2418 1863 2696 1961 originale
2727 1864 3027 1961 peccatum
3059 1858 3450 1961 ut‘sufﬁ‘eeret
3478 1859 3539 1914 in
3562 1876 3695 1961 con-

279 1935 461 1993 tionis
493 1938 663 2010 (199).
695 1938 807 1996 Sed
850 1958 961 1997 non
1000 1944 1142 1999 sicut
1184 1944 1462 2015 delictum,
1497 1951 1584 2005 ita
1620 1954 1673 2006 et
1709 1951 1932 2009 donum.

278 2024 413 2081 Haec
456 2026 634 2082 verba
678 2026 881 2085 clausa
924 2031 1237 2095 videntur;
1269 2041 1460 2107 potest
1488 2042 1685 2095 tamen
1716 2042 1932 2097 subau-

279 2113 393 2170 diri
418 2132 431 2170 :
466 2132 584 2171 non
615 2115 768 2172 sicut
788 2118 1068 2176 delictum
1090 2139 1197 2178 nos
1223 2126 1504 2196 corrupit,
1531 2126 1612 2182 ita
1636 2133 1692 2183 et
1713 2130 1932 2185 donum

277 2201 381 2258 Dei
404 2220 512 2259 nos
540 2206 845 2276 reparavit.
871 2208 1091 2265 Horum
1124 2215 1318 2267 autem
1350 2214 1659 2271 verborum
1692 2234 1932 2275 sensum

275 2291 588 2363 sequentia
609 2294 1009 2365 manifestant,
1034 2314 1169 2354 cum
1193 2293 1500 2357 subditur:
1534 2304 1596 2359 Si
1614 2308 1761 2361 enim
1784 2308 1930 2379 (200)

275 2381 341 2435 in
371 2384 541 2438 unius
563 2382 757 2441 delicto
780 2387 946 2441 multi
970 2391 1176 2444 mortui
1193 2396 1343 2458 sunt,
1365 2395 1538 2449 multo
1558 2398 1732 2466 magis
1750 2401 1931 2468 gratia

272 2470 398 2538 Dei,
420 2474 473 2526 et
500 2471 705 2528 donum
734 2475 796 2528 in
824 2477 1014 2544 gratia
1041 2480 1210 2533 unius
1239 2480 1478 2538 hominis
1495 2485 1624 2540 Jesu
1643 2487 1849 2543 Christi
1868 2489 1928 2543 in

274 2559 466 2629 plures
496 2559 813 2618 abundavit.
836 2565 916 2619 Ac
945 2565 995 2621 si
1026 2566 1282 2624 diceret:
1318 2569 1460 2626 illud
1492 2572 1773 2645 originale
1803 2594 1927 2648 pee-

274 2652 477 2704 catum
508 2650 651 2706 adeo
680 2668 961 2725 magnum
993 2655 1125 2721 fuit,
1157 2660 1222 2711 ut
1250 2674 1461 2716 omnes
1490 2662 1731 2732 perdere
1759 2666 1924 2720 sufﬁ-

268 2741 460 2803 ceret;
487 2738 708 2795 donum
733 2757 867 2797 vero
887 2742 987 2798 Dei
1020 2760 1137 2800 non
1160 2745 1352 2802 solum
1374 2749 1445 2804 ab
1477 2748 1595 2818 illo,
1621 2752 1722 2807 sed
1748 2754 1923 2809 etiam

261 2842 299 2880 a
346 2827 577 2882 cunctis
624 2829 896 2897 absolvit,
937 2836 995 2887 et
1042 2833 1241 2890 donat.
1277 2837 1384 2892 Sed
1439 2838 1581 2910 quid
1629 2846 1719 2896 est
1766 2845 1922 2913 quod

258 2913 446 2969 dicit:
482 2914 670 2972 multo
701 2918 890 2991 magis
919 2920 1108 2991 gratia
1129 2922 1229 2978 Dei
1261 2924 1319 2978 in
1352 2925 1550 2997 plures
1577 2929 1920 2998 abundavit,

259 3017 398 3057 cum
431 3002 630 3075 plures
660 3008 984 3077 perdantur
1030 3027 1208 3081 quam
1264 3012 1608 3071 salvantur?
1656 3017 1736 3074 Ne
1782 3037 1919 3092 ergo

259 3093 622 3148 contrarium
653 3094 936 3164 videatur,
972 3100 1128 3170 quod
1172 3101 1334 3169 dicit,
1366 3105 1539 3161 multo
1568 3110 1764 3178 magis,
1802 3126 1918 3164 non

255 3180 329 3236 ad
366 3197 650 3253 personas
679 3184 1052 3241 referendum
1083 3192 1193 3256 est,
1223 3190 1281 3244 id
1313 3196 1421 3259 est,
1457 3192 1677 3263 plures,
1709 3198 1810 3251 sed
1843 3198 1913 3252 ad

2045 1953 2501 2019 demnationem,
2525 1953 2634 2007 etsi
2666 1950 2827 2007 nulla
2848 1949 3403 2022 superadderentur,
3426 1949 3696 2020 quamvis

2043 2042 2273 2114 gravior
2304 2041 2380 2098 sit
2408 2057 2609 2096 eorum
2642 2057 2836 2112 pcena,
2866 2038 2966 2109 qui
3000 2036 3234 2109 propria
3262 2037 3687 2105 superaddunt,

2043 2135 2102 2186 et
2129 2134 2290 2186 tanto
2321 2124 2570 2202 gravior,
2606 2132 2822 2201 quanto
2853 2126 3087 2200 gravius
3121 2124 3372 2197 quisque
3413 2124 3691 2197 peccavit.

2039 2220 2124 2275 Ab
2174 2236 2290 2274 uno
2346 2235 2504 2291 ergo,
2539 2218 2597 2272 id
2649 2220 2738 2273 est
2781 2218 2852 2271 ab
2891 2216 3078 2271 Adam
3112 2229 3229 2269 non
3262 2212 3460 2267 omnia
3491 2217 3695 2270 nostra

2039 2312 2295 2380 peccata,
2311 2309 2412 2363 sed
2440 2306 2630 2362 solum
2654 2302 2936 2377 originale
2961 2301 3288 2369 trahimus;
3319 2302 3389 2356 ab
3418 2318 3534 2356 uno
3554 2316 3689 2358 vero

2038 2396 2266 2453 Christo
2299 2414 2410 2452 non
2444 2400 2675 2451 tantum
2708 2391 3031 2464 originalis,
3064 2390 3165 2447 sed
3209 2394 3265 2445 et
3295 2389 3563 2445 omnium
3594 2406 3688 2445 re-

2038 2486 2378 2541 missionem
2402 2483 2819 2555 consequimur
2839 2486 3231 2554 peccatorum.
3257 2479 3519 2550 Cmperat
3537 2479 3690 2551 Apo-

2036 2574 2223 2631 stolus
2253 2574 2439 2630 facere
2470 2571 2857 2628 differentiam
2888 2566 3189 2642 originalis
3221 2566 3438 2640 peccati
3470 2571 3527 2622 et
3556 2583 3689 2640 gra-

2035 2664 2128 2719 tias
2171 2663 2290 2733 Dei,
2324 2668 2382 2718 et
2430 2669 2618 2733 empta
2656 2659 2980 2716 intentione
3012 2672 3406 2729 perseverans,
3440 2654 3521 2709 ait
3553 2672 3566 2711 :
3622 2656 3688 2712 Si

2032 2755 2180 2808 enim
2210 2753 2356 2821 (202)
2401 2753 2462 2807 in
2489 2752 2657 2807 unius
2685 2749 2880 2805 delicto
2909 2763 3055 2802 mors
3087 2745 3335 2817 regnavit
3359 2760 3460 2816 per
3487 2760 3684 2813 unum,

2030 2844 2206 2897 multo
2257 2843 2432 2913 magis
2479 2840 2877 2896 abundantiam
2926 2837 3147 2906 gratiae,
3179 2837 3228 2890 et
3275 2833 3605 2903 donationis,
3635 2840 3689 2889 et

2023 2932 2256 3003 iustitiae
2276 2918 2601 3001 accipientes
2623 2931 2683 2983 in
2702 2929 2836 2994 vita,
2857 2925 3165 2996 regnabant
3180 2940 3282 2995 per
3301 2938 3474 2978 unum
3495 2922 3684 2978 Iesum

2034 3020 2333 3075 Christum.
2350 3018 2535 3075 Unius
2560 3016 2865 3081 delictum,
2884 3016 3187 3086 peccatum
3210 3010 3352 3067 dicit
3380 3008 3684 3082 originale,

2032 3110 2186 3180 quod
2214 3108 2400 3163 Adam
2431 3108 2490 3162 in
2521 3106 2792 3179 paradiso
2817 3101 3135 3159 commisit.
3161 3100 3271 3156 Sed
3302 3098 3596 3170 quomodo
3625 3097 3686 3153 in

2036 3198 2211 3252 unius
2260 3196 2471 3252 delicto
2523 3210 2680 3250 mors
2712 3191 2974 3264 regnavit
3014 3206 3118 3262 per
3168 3186 3402 3243 unum?
3430 3185 3684 3253 Scilicet,

252 3269 506 3325 verbum
560 3271 882 3328 abundavit.
918 3274 1103 3331 Multo
1152 3279 1343 3349 magis
1395 3257 1552 3337 enim
1602 3257 1925 3341 abundavit
1953 3257 1995 3323 C
2035 3285 2176 3357 quia
2196 3299 2401 3339 omnes
2431 3281 2662 3337 vinculo
2694 3280 2901 3336 mortis
2931 3282 3098 3334 erant
3126 3274 3289 3349 ligati
3317 3274 3378 3329 in
3407 3273 3507 3330 illo
3537 3273 3685 3345 solo,

258 3356 456 3429 gratia
504 3357 629 3423 Dei,
664 3360 803 3430 quia
854 3378 970 3416 non
1018 3363 1209 3419 solum
1264 3366 1566 3439 originale,
1602 3373 1702 3427 sed
1746 3374 1922 3431 etiam

257 3443 513 3516 propria
560 3445 878 3504 voluntatis
910 3451 1193 3517 admissa
1244 3454 1481 3512 relaxat.
1527 3460 1702 3516 Sive:
1752 3465 1921 3519 multo

251 3534 432 3605 magis
462 3534 525 3588 in
550 3535 738 3605 plures
768 3537 928 3604 dicit,
967 3540 1109 3611 quia
1140 3543 1300 3607 mali,
1336 3546 1442 3600 etsi
1477 3548 1650 3603 multi
1680 3550 1915 3607 videan-

255 3618 375 3689 tur,
409 3622 584 3694 pauci
631 3631 792 3692 sunt,
824 3628 964 3698 quia
1013 3628 1159 3685 nihil
1210 3638 1366 3688 sunt.
1419 3635 1561 3691 Boni
1612 3655 1767 3708 vero,
1812 3642 1917 3696 etsi

260 3709 436 3781 pauci
457 3710 786 3782 videantur,
816 3716 984 3771 multi
1018 3722 1213 3775 tamen
1246 3726 1404 3789 sunt,
1427 3725 1567 3795 quia
1597 3744 1810 3799 magna
1831 3736 1925 3787 est

2033 3373 2263 3429 etiamsi
2314 3371 2495 3437 nulla,
2552 3369 2787 3444 propria
2828 3367 3151 3432 voluntate,
3201 3362 3684 3436 superadderent.

2033 3462 2257 3518 Fideles
2280 3460 2459 3532 igitur
2479 3457 2901 3515 abundantiam
2924 3454 3121 3527 gratias
3142 3458 3199 3509 et
3226 3450 3559 3508 donationis
3581 3468 3683 3507 ac—

2032 3548 2277 3620 cipiunt,
2302 3548 2441 3620 quia
2473 3564 2584 3603 non
2619 3545 2764 3601 illud
2797 3541 3081 3615 originale
3113 3541 3327 3607 solum,
3353 3538 3453 3595 sed
3483 3542 3541 3594 et
3568 3555 3676 3594 caa-

2032 3642 2155 3694 tera
2176 3655 2304 3710 quae
2328 3636 2879 3708 superaddiderunt,
2902 3632 2986 3687 eis
3012 3633 3247 3727 peccata
3268 3627 3680 3727 remittuntur.

2030 3727 2338 3798 Accipiunt
2366 3731 2422 3782 et
2452 3723 2874 3781 abundantiam
2900 3719 3167 3791 justitiaa,
3202 3716 3343 3791 quia
3372 3721 3534 3773 tanta
3562 3715 3685 3772 illis

259 3797 324 3852 in
355 3796 439 3853 eis
469 3800 659 3869 gratia
689 3801 811 3857 Dei.
842 3804 909 3858 Et
939 3821 1047 3861 non
1077 3809 1219 3864 sicut
1249 3826 1351 3881 per
1387 3828 1564 3868 unum
1593 3796 1740 3888 (20f)
1790 3833 1920 3887 pec—
2021 3796 2259 3887 justitia
2289 3833 2323 3870 a
2343 3814 2457 3870 Deo
2481 3800 3412 3881 retribuitur,quajustiﬁcentur,
3438 3809 3522 3874 ut,
3548 3821 3683 3860 cum

254 3895 496 3958 cantem,
524 3890 605 3943 ita
642 3894 695 3945 et
738 3892 963 3948 donum.
994 3895 1065 3950 Et
1095 3895 1215 3952 haec
1245 3900 1484 3969 quidem
1514 3905 1692 3958 verba
1721 3906 1921 3963 clausa

253 3975 568 4045 videntur;
599 3983 791 4049 potest
820 3985 1019 4037 tamen
1049 3985 1356 4042 subaudiri
1388 4004 1404 4043 :
1458 4006 1571 4045 non
1622 3993 1773 4046 sicut
1816 4010 1920 4065 per

256 4079 449 4119 unum
482 4071 817 4136 peccantem
848 4070 1059 4140 perditi
1092 4089 1323 4146 sumus,
1359 4076 1438 4132 ita
1477 4084 1534 4133 et
1564 4081 1786 4137 donum
1816 4083 1917 4138 Dei

257 4168 367 4207 nos
430 4154 685 4211 redimit.
720 4158 980 4222 Quorum
1030 4177 1270 4218 sensum
1312 4167 1630 4237 Apostolus
1661 4172 1914 4241 exponit,

252 4241 627 4315 subjungens
662 4263 675 4301 :
726 4263 856 4302 nam
889 4249 1172 4320 judicium
1205 4254 1424 4323 quidem
1453 4273 1522 4311 ea:
1564 4274 1673 4313 uno
1700 4262 1761 4314 in
1788 4277 1914 4315 con-

248 4328 681 4387 demnationem.
708 4334 869 4397 Quod
899 4337 1041 4392 dicit
1068 4356 1138 4394 ea:
1168 4358 1299 4409 uno,
1326 4344 1798 4402 subaudiendum
1826 4356 1918 4405 est

250 4417 466 4475 delicto
493 4445 507 4488 ;
540 4423 696 4492 quod
728 4423 853 4495 ipse
883 4428 1138 4496 exponit,
1164 4430 1569 4503 subjungens:
1605 4437 1790 4491 Gratia
1818 4455 1891 4493 au

252 4516 366 4564 tem
412 4523 484 4563 ex
534 4511 723 4566 multis
779 4512 995 4570 delictis
1054 4518 1114 4573 in
1164 4519 1638 4589 justi/icationem.
1691 4527 1913 4590 Quibus

2028 3904 2213 3958 Adam
2242 3903 2302 3957 in
2330 3902 2599 3973 paradiso
2627 3898 2858 3954 diabolo
2883 3897 2953 3952 ad
2979 3889 3279 3967 peccatum
3304 3891 3683 3965 persuadenti

2029 3991 2411 4056 consenserit,
2443 3989 2551 4055 illi,
2587 4005 2703 4042 non
2734 3986 2926 4042 solum
2959 3982 3252 4051 suadenti,
3286 3981 3385 4036 sed
3434 3995 3540 4035 nec
3588 3995 3685 4035 co-

2028 4079 2187 4151 genti
2218 4079 2450 4145 cedant,
2482 4082 2584 4132 aut
2625 4073 3010 4130 consentiant.
3043 4070 3148 4125 Sed
3203 4068 3345 4164 quid
3392 4072 3481 4122 est
3526 4068 3681 4164 quod

2029 4168 2189 4237 dicit,
2220 4167 2391 4222 multo
2437 4166 2625 4234 magis
2674 4161 3003 4230 regnabant,
3036 4173 3170 4212 cum
3224 4153 3445 4253 plures
3476 4154 3681 4253 mortis

2028 4272 2275 4328 regnum
2308 4255 2502 4311 trahat
2530 4255 2599 4310 ad
2636 4268 2889 4324 pcenam,
2924 4264 3101 4320 quam
3144 4245 3331 4319 gratia
3378 4245 3449 4300 ad
3500 4245 3679 4299 vitam

2025 4345 2352 4401 aeternam?
2396 4344 2519 4399 Non
2570 4358 2705 4414 ergo
2757 4340 2829 4396 ad
2880 4352 3159 4410 personas
3207 4333 3297 4390 vel
3338 4332 3678 4406 pluritatem

2026 4435 2395 4490 referendum
2443 4437 2555 4497 est,
2599 4432 2698 4486 sed
2748 4430 2821 4484 ad
2872 4428 3257 4498 augmentum
3305 4421 3505 4499 gratias
3553 4421 3678 4477 Dei.

2025 4522 2208 4579 Multo
2241 4530 2430 4595 magis
2461 4522 2619 4577 enim
2651 4518 3002 4591 regnabunt,
3035 4512 3175 4585 quia
3223 4510 3556 4582 quicunque
3604 4510 3679 4565 ab

253 4597 456 4652 verbis
514 4596 768 4655 destruit
824 4618 1079 4661 errorem
1141 4606 1606 4680 Pelagianorum.
1654 4613 1918 4670 Ostendit
1945 4626 1993 4690 D
2025 4612 2213 4667 Adam
2247 4614 2314 4667 ad
2340 4611 2660 4674 Christum,
2687 4608 2747 4662 id
2779 4610 2888 4670 est,
2912 4622 2946 4658 a
2970 4606 3157 4659 morte
3177 4600 3249 4690 ad
3276 4599 3457 4690 vitam
3487 4601 3680 4655 trans-

255 4684 418 4740 enim
446 4687 587 4757 quia
612 4704 726 4743 non
759 4690 1068 4761 imitando,
1094 4698 1196 4751 sed
1223 4702 1513 4755 nascendo
1539 4702 1780 4758 trahunt
1810 4705 1914 4759 ho-

254 4773 451 4865 mines
476 4774 759 4848 originale
783 4786 1109 4851 peccatum.
1134 4785 1243 4840 Sed
1267 4786 1408 4841 dicit
1427 4788 1730 4863 Pelagius:
1758 4794 1913 4865 quod

253 4861 405 4918 dicit
451 4879 524 4920 ea:
568 4881 700 4935 uno,
732 4867 804 4923 ad
852 4870 1041 4927 Adam
1081 4874 1448 4931 referendum
1481 4861 1611 4947 esti;
1645 4861 1914 4937 homines

250 4949 418 5006 enim
444 4968 513 5008 ex
536 4955 725 5010 Adam
749 4963 997 5014 sumunt
1019 4963 1347 5033 exemplum
1373 4968 1671 5036 peccandi,
1693 4976 1749 5024 et
1778 4988 1913 5025 eum

249 5039 548 5098 imitando
581 5044 654 5099 ad
687 5045 875 5101 multa
905 5049 1267 5118 perveniunt.
1299 5055 1390 5121 At,
1423 5055 1471 5109 si
1522 5055 1630 5111 hoc
1672 5059 1915 5115 sentiret

324 5270 480 5358 (.196)
508 5272 719 5358 Partic.
766 5293 912 5358 cum,
947 5295 1072 5358 quae
1094 5296 1434 5358 perperam,
1470 5302 1560 5341 me
1600 5287 1818 5358 judice,
1852 5287 1907 5343 in

249 5346 466 5424 antog._
502 5349 638 5402 ante
685 5346 927 5405 verbum
962 5346 1289 5423 subjuniit,
1315 5346 1491 5428 jacet,
1525 5346 1910 5415 omittendam

251 5430 490 5471 CCDSDI.

358 5484 488 5559 197)
515 5485 684 5559 ξζυῖεξ.
720 5490 778 5544 in
810 5506 917 5546 eos.

517 5556 693 5632 Yulg.
719 5564 921 5632 futuri.

332 5627 488 5766 ἔξω)
521 5628 583 5683 In
616 5627 842 5717 integr.
879 5651 1062 5707 marg.
1094 5653 1142 5689 e.
1177 5636 1322 5691 XIV.

360 5699 491 5766 -00)
523 5699 734 5759 Partic.
768 5722 828 5760 in
866 5706 1034 5766 Vulg.
1070 5724 1184 5764 non
1213 5708 1322 5765 hab

358 5699 491 5771 200)
523 5699 734 5759 Partic.
757 5699 828 5760 in
866 5699 1039 5778 Vulg'.
1070 5724 1184 5764 non
1213 5708 1408 5767 habet.

2024 4707 2185 4769 eunt,
2211 4718 2345 4758 eum
2381 4700 2508 4773 ipso
2543 4700 2669 4753 sine
2700 4698 2814 4751 ﬁne
2846 4692 3176 4761 regnabuut
3203 4688 3261 4743 in
3293 4688 3472 4743 vitam
3503 4692 3672 4744 aster-

2025 4808 2186 4846 nam.
2208 4790 2355 4856 Sive,
2379 4790 2552 4843 multo
2580 4787 2757 4854 magis
2790 4782 2931 4838 dicit
2956 4800 2970 4849 ;
3004 4780 3143 4851 quia
3164 4793 3311 4851 quos
3344 4793 3503 4832 mors
3529 4780 3675 4833 tem-

2023 4878 2302 4952 poraliter
2340 4876 2612 4949 perdidit,
2636 4875 2744 4929 hos
2766 4872 2864 4928 Dei
2896 4870 3086 4943 gratia
3114 4864 3464 4923 aaternaliter
3491 4865 3674 4922 viviﬁ-

2023 4968 2193 5023 cavit.
2224 4968 2372 5037 (203)
2402 4967 2582 5037 Igitur
2609 4964 2748 5018 sicut
2777 4979 2873 5034 per
2900 4961 3066 5016 unius
3098 4958 3370 5014 delictum
3392 4957 3459 5053 Ain

2024 5057 2269 5112 homines
2299 5058 2359 5111 in
2387 5054 2914 5119 condemnationem,
2946 5051 3026 5105 sic
3071 5056 3125 5103 et
3164 5064 3267 5119 per
3304 5044 3474 5100 unius
3501 5044 3669 5113 justi-

2094 5288 2241 5360 (201)
2275 5288 2358 5343 Ita
2389 5285 2684 5342 nonnullas
2714 5284 3040 5341 editiones:
3070 5277 3248 5348 Vulg.
3282 5275 3538 5329 attamen
3569 5270 3647 5328 ha

2020 5360 2118 5415 bet
2155 5362 2453 5431 peccatum.
2624 5428 2669 5431 __
2714 5428 2727 5431 _
2972 5422 2984 5431 _
3051 5421 3062 5431 ι
3128 5423 3137 5431 _
3376 5390 3383 5401 .

2093 5421 2241 5503 (202)
2274 5430 2484 5487 Partic.
2518 5432 2577 5483 in
2621 5428 2790 5500 Vulg.
2826 5442 2940 5503 nor}
2964 5421 3165 5503 liabet-
3218 5487 3249 5503 η
3368 5484 3407 5503 ί.

2093 5488 2240 5573 (203)
2275 5504 2335 5557 In
2369 5503 2632 5573 margine
2662 5488 2883 5568 autog.,
2919 5495 3011 5573 hic
3040 5488 3333 5573 invenitur
3360 5488 3657 5573 signatum

2020 5564 2107 5626 D.‘
2141 5576 2175 5627 ν
2224 5564 2349 5645 ’ροσε
2400 5564 2640 5645 Paulae,
2676 5564 2919 5645 fortasse
2970 5564 3247 5645 Dominica
3301 5564 3491 5645 quinta
3547 5569 3663 5645 post

2019 5633 2390 5701 Pentecostem
2420 5646 2533 5715 legi
2561 5642 2825 5699 solebant
2850 5637 2940 5715 hac
3098 5633 3246 5688 hanc
3284 5634 3508 5703 partem
3538 5633 3662 5701 epi-

2022 5716 2181 5773 stolae
2212 5719 2279 5776 D.
2313 5706 2684 5785 Paulivnotae,
2716 5726 2816 5768 seu
2848 5706 3120 5765 homiliaz.
