4080 6174
390 401 506 466 1⁸79

1415 400 1747 465 ATTONlS
1791 396 2374 463 VERCELLENSIS
2416 377 2774 461 EPISCOPI

3689 370 3811 455 no

391 531 533 593 tiam
553 537 610 592 in
631 552 817 594 omnes
838 537 1086 595 homines
1115 539 1171 592 in
1194 537 1646 609 justiﬁcationem
1667 537 1819 592 vitae.
1843 534 1907 588 In
1939 531 2033 587 his
2061 533 2116 599 Α
2144 547 2245 603 per
2265 532 2714 595 inobedientiam,
2733 535 2789 586 et
2808 528 3054 601 reliqua.
3071 527 3294 592 Quibus
3315 524 3514 583 verbis
3543 525 3802 599 gratiam

387 626 605 694 verbis,
655 627 705 683 si
756 626 1140 683 imitationem
1191 625 1586 692 attendamus,
1629 629 1694 679 ut
1737 620 2033 694 Pelagiani

2145 637 2262 691 qua
2282 620 2485 676 salvati
2512 636 2740 688 sumus,
2765 635 2898 674 cum
2921 633 3136 690 magna
3155 616 3462 672 devotione
3481 615 3798 673 ostendere

391 721 684 785 asserunt,
706 717 881 772 unius
901 714 1177 772 delictum
1201 711 1423 769 nullius
1445 711 1687 770 alterius
1707 712 1834 781 erit,
1856 725 2035 782 quam
2141 709 2345 765 voluit.

392 798 630 861 diaboli.
647 805 776 872 Sed,
804 805 941 874 quia
963 807 1092 872 apte
1113 801 1430 873 Apostolus
1452 802 1522 857 de
1544 803 1730 856 Adam
1752 799 2036 870 loquitur,

394 887 560 950 nulla
589 892 683 948 hic
714 890 965 946 imitatio
995 889 1374 963 intelligenda
1402 895 1528 958 est;
1565 891 1665 945 sed
1697 887 2037 960 propagatio

393 982 638 1055 peccati.
669 981 761 1035 Ait
805 995 940 1051 ergo
974 996 987 1033 :
1039 981 1175 1034 sicut
1201 997 1302 1051 per
1330 981 1498 1034 unius
1527 979 1784 1034 delictum
1814 975 2038 1048 (subin-

395 1070 702 1142 telligitur,
738 1085 895 1124 mors
927 1068 1209 1141 regnavit)
1241 1071 1300 1123 in
1331 1068 1860 1137 condemnationem,
1884 1065 1964 1121 ita
1993 1067 2042 1120 et

389 1152 494 1233 per
510 1159 671 1214 unius
676 1158 956 1229 justitiam
970 1155 1472 1229 (subintelligitur,
1487 1156 1673 1228 gratia
1691 1154 1969 1227 regnavit)
1984 1154 2045 1208 in

389 1247 846 1320 justiﬂcationem
873 1249 1019 1301 vitm.
1047 1246 1352 1300 Justitiam
1383 1245 1559 1300 unius
1583 1244 1858 1310 hominis,
1876 1242 2046 1313 justi-

397 1337 542 1392 tiam
574 1336 713 1390 dicit
733 1337 873 1391 Jesu
897 1335 1130 1406 Christi,
1156 1352 1272 1406 qua
1293 1334 1580 1406 justiﬁcat
1610 1334 1843 1404 impios,
1869 1348 2045 1403 quam

401 1421 548 1481 nulli
577 1425 927 1480 imitandam
955 1423 1278 1496 pr0posuit,
1303 1424 1402 1478 sed
1437 1423 1562 1496 ipse
1590 1421 1752 1477 solus
1774 1421 1924 1476 hanc
1946 1437 2047 1491 po-

399 1517 536 1585 test,
570 1514 670 1585 qui
720 1517 808 1568 est
853 1515 1000 1567 inter
1048 1520 1286 1567 mortuos
1317 1512 1459 1567 liber
1489 1511 1660 1582 (Psal.
1694 1527 1936 1576 Lxxxvn,
1968 1510 2047 1579 6).

401 1596 560 1659 Hanc
578 1603 1045 1675 nonPetrus,non
1057 1601 1270 1656 Paulus
1289 1600 1523 1667 habuit;
1545 1599 1684 1671 quia
1701 1597 2051 1670 impiumju-

401 1691 652 1760 stiﬁcare
676 1705 790 1744 non
815 1688 1096 1760 potuit.Si
1118 1704 1254 1759 ergo
1279 1688 1404 1743 sola
1424 1687 1674 1742 imitatio
1699 1686 1837 1742 facit
1857 1700 2054 1756 pecca-

399 1782 555 1835 tores
605 1795 706 1849 per
734 1778 942 1844 Adam,
977 1794 1081 1832 cur
1111 1795 1225 1832 non
1258 1776 1381 1831 sola
1414 1775 1662 1830 imitatio
1695 1774 1830 1829 facit
1853 1774 2050 1844 justos

2219 799 2329 854 Sed
2363 799 2504 870 quid
2536 802 2625 854 est
2654 798 2808 870 quod
2835 799 2906 853 de
2938 795 3342 868 peccatoribus
3371 794 3648 867 loquens,
3673 795 3759 850 ait
3788 811 3804 849 :

2145 889 2426 944 constituti
2469 891 2648 942 sunt:
2694 886 2764 942 de
2804 885 2984 957 justis
3027 902 3159 941 vero
3197 901 3208 938 :
3259 887 3706 940 constituentur?
3735 884 3805 940 Si

2149 975 2306 1031 enim
2335 976 2594 1030 nondum
2611 975 2759 1046 justi
2783 974 3082 1030 constituti
3106 978 3264 1038 sunt,
3281 974 3420 1045 quid
3443 974 3512 1028 de
3528 973 3806 1028 Patribus

2147 1063 2734 1121 VeterisTestamenti
2748 1062 3057 1118 dicendum
3072 1062 3199 1118 est?
3211 1062 3269 1117 Si
3283 1061 3438 1117 enim
3449 1068 3559 1117 Deo
3575 1062 3820 1133 placue-

2154 1159 2316 1219 runt,
2341 1155 2489 1224 justi
2537 1154 2736 1224 utique
2777 1153 3031 1219 fuerunt,
3063 1152 3266 1207 eadem
3299 1152 3516 1224 quippe
3549 1151 3659 1223 ipsi
3695 1152 3818 1207 fide

2158 1242 2360 1298 salvati
2385 1246 2524 1297 sunt
2546 1258 2662 1313 qua
2691 1247 2748 1296 et
2775 1259 2902 1296 nos.
2926 1241 3096 1308 Nam,
3119 1241 3276 1312 quod
3305 1257 3411 1296 nos
3434 1241 3561 1312 jam
3588 1240 3816 1295 factum

2157 1329 2473 1398 credimus,
2505 1329 2588 1384 illi
2636 1331 2949 1385 credebant
2979 1330 3263 1385 futurum.
3300 1331 3462 1384 Unde
3494 1329 3817 1400 Apostolus

2160 1419 2295 1475 alibi
2323 1436 2336 1474 :
2363 1420 2626 1474 Habentes
2653 1419 2902 1473 eumdem
2921 1421 3180 1490 spiritum
3199 1419 3333 1490 ﬁdei
3350 1420 3423 1487 (II
3441 1417 3566 1474 Cor.
3599 1435 3673 1483 ιν,
3698 1419 3815 1489 13).

2160 1509 2322 1574 Quod
2354 1507 2716 1563 enucleatius
2747 1508 3003 1563 ostendit
3033 1507 3240 1563 beatus
3270 1508 3476 1562 Petrus
3506 1507 3820 1579 apostolus

2162 1596 2363 1651 dicens
2391 1613 2403 1650 :
2440 1597 2548 1651 Sed
2574 1613 2676 1666 per
2702 1598 2943 1667 gratiam
2964 1596 3060 1651 Dei
3086 1595 3358 1651 credimus
3376 1596 3604 1663 salvari,
3629 1612 3820 1667 quem-

2163 1685 2470 1740 admodum
2490 1689 2541 1739 et
2569 1687 2678 1756 ipsi
2706 1685 2845 1756 (Act.
2878 1701 2969 1749 xv,
2997 1684 3102 1754 12).
3131 1683 3191 1738 Si
3220 1699 3356 1756 ergo
3379 1684 3530 1755 justi
3551 1684 3816 1751 fuerunt,

2165 1789 2347 1845 quare
2367 1772 2679 1844 Apostolus
2708 1774 2882 1828 verbo
2903 1772 3083 1827 futuri
3110 1773 3391 1843 temporis
3421 1789 3567 1827 usus
3595 1776 3704 1840 est,
3731 1773 3822 1828 di-

399 1884 504 1940 per
525 1867 818 1922 Christum
837 1867 864 1920 ?
891 1866 1026 1935 Sed,
1051 1866 1223 1920 absit.
1249 1865 1515 1921 Christus
1537 1864 1695 1919 enim
1720 1862 1935 1917 idcirco
1965 1878 2050 1916 re-
2087 1898 2134 1963 B
2165 1877 2324 1927 cens,
2355 1862 2796 1916 constituentur?
2824 1860 3072 1932 Scilicet,
3117 1861 3255 1932 quia
3303 1860 3567 1932 previdit
3616 1861 3820 1932 plures

401 1959 492 2012 cte
521 1971 674 2010 unus
696 1953 912 2009 dicitur
933 1973 945 2021 ;
983 1953 1121 2025 quia
1145 1971 1259 2008 non
1284 1954 1409 2008 sola
1433 1953 1563 2024 ejus
1593 1950 2055 2020 imitatiojustos

400 2043 573 2110 facit;
606 2042 706 2098 sed
740 2041 927 2114 gratia
952 2058 1301 2113 regenerans
1328 2057 1432 2113 per
1449 2040 1731 2113 Spiritum
1757 2043 2050 2095 sanctum.

402 2130 685 2187 Similiter
713 2135 769 2185 et
789 2131 972 2185 Adam
998 2147 1151 2185 unus
1173 2129 1388 2186 dicitur
1414 2148 1427 2197 ;
1461 2129 1600 2200 quia
1631 2145 1746 2183 non
1770 2128 1893 2183 sola
1924 2127 2054 2198 ejus

403 2219 653 2276 imitatio
678 2225 1006 2290 peccatores
1032 2219 1190 2283 facit,
1214 2220 1314 2274 sed
1348 2224 1404 2273 et
1434 2235 1603 2290 pmna
1625 2216 1844 2289 peccati
1876 2231 2051 2287 gene-

401 2324 540 2363 rans
573 2325 674 2380 per
704 2312 973 2363 mortem.
1010 2308 1260 2378 Ideoque
1293 2313 1444 2361 recte
1477 2307 1594 2362 illic
1625 2307 1743 2362 ait:
1776 2307 1837 2360 In
1867 2321 2052 2360 omnes

401 2393 648 2452 homines
679 2398 740 2451 in
764 2396 1270 2452 condemnationem
1288 2411 1309 2456 ;
1339 2396 1431 2449 hic
1459 2400 1653 2449 autem
1688 2395 1745 2448 in
1775 2409 1960 2448 omnes
1991 2393 2052 2447 in

399 2485 862 2556 iustiﬁcationem,
899 2499 1088 2554 neque
1117 2484 1273 2538 enim
1305 2499 1530 2552 omnes,
1567 2483 1662 2553 qui
1698 2487 2052 2554 generantur

397 2589 498 2645 per
510 2574 720 2643 Adam,
737 2573 913 2627 iidem
934 2572 1045 2643 ipsi
1065 2575 1482 2644 regenerantur
1499 2586 1600 2642 per
1612 2570 1904 2626 Christum
1917 2570 2047 2626 .Sed

395 2660 634 2731 idcirco,
660 2664 717 2716 et
747 2660 865 2715 illic
895 2676 1079 2716 omnes
1111 2659 1272 2724 dicit,
1295 2659 1454 2731 quia,
1487 2659 1639 2714 sicut
1668 2658 1890 2713 nullius
1922 2675 2048 2714 car-

397 2748 550 2805 nalis
569 2749 866 2821 generatio
888 2753 998 2815 est,
1025 2749 1138 2803 nisi
1172 2766 1273 2819 per
1294 2749 1497 2814 Adam,
1526 2748 1607 2802 ita
1635 2746 1858 2802 nullius
1880 2747 2049 2820 spiri-

395 2836 552 2905 talis,
571 2837 683 2894 nisi
711 2836 1142 2910 perChristum.
1160 2837 1377 2891 Omnes
1399 2835 1595 2908 itaque
1617 2836 1676 2891 in
1700 2838 2049 2892 condemna-

397 2926 617 2982 tionem
644 2926 787 2982 dicit
807 2942 926 2991 eos,
951 2926 1051 2997 qui
1076 2931 1399 2982 nascuntur
1426 2941 1528 2996 per
1546 2925 1729 2980 Adam
1753 2925 2048 2997 pertinen-

398 3018 488 3070 tes
510 3015 579 3069 ad
604 3013 895 3070 carnalem
921 3014 1356 3087 generationem
1381 3032 1392 3079 ;
1422 3030 1624 3068 omnes
1651 3019 1845 3069 autem
1877 3013 1934 3067 in
1954 3015 2048 3083 ju-

395 3102 829 3168 stiﬁcationem,
855 3119 978 3168 eos,
1002 3103 1102 3174 qui
1124 3107 1449 3158 nascuntur
1469 3118 1571 3174 per
1593 3101 1891 3158 Christum
1914 3117 2046 3174 per-

395 3192 652 3247 tinentes
684 3192 753 3246 ad
797 3190 1123 3262 spiritalem
1154 3191 1608 3263 generationem.
1641 3191 1711 3246 Et
1741 3198 1878 3246 nota
1908 3190 2048 3261 quia

2167 1950 2490 2006 credituros
2513 1951 2572 2004 in
2596 1950 2750 2005 Novo
2770 1951 3143 2006 Testamento
3164 1967 3341 2021 quam
3364 1950 3648 2020 inVeteri,
3669 1951 3818 2018 sive,

2164 2038 2324 2110 quia,
2345 2038 2483 2094 licet
2515 2039 2590 2094 sit
2612 2038 2670 2093 in
2704 2039 2972 2109 praesenti
2992 2037 3110 2093 vita
3131 2039 3820 2109 constitutiojustorum,

2164 2127 2474 2198 perfectior
2503 2131 2699 2182 tamen
2730 2126 2839 2181 erit
2867 2127 2926 2181 in
2973 2127 3189 2181 futura.
3225 2126 3465 2199 Propter
3494 2127 3819 2199 perfectam

2164 2231 2301 2288 ergo
2320 2219 2615 2287 justorum
2641 2214 3114 2271 constitutionem
3138 2215 3318 2270 futuri
3339 2215 3637 2287 temporis,
3665 2233 3820 2273 usus

2162 2309 2254 2359 est
2282 2305 2454 2358 verbo
2487 2303 2693 2375 [futuri
2725 2302 3030 2375 temporis)
3062 2304 3231 2375 (205).

2235 2393 2321 2463 Et,
2355 2409 2427 2447 ne
2455 2391 2642 2447 Judaei
2671 2408 2774 2462 pro
2807 2391 2930 2463 lege
2962 2391 3374 2464 gloriarentur,
3408 2391 3618 2462 adjecit
3650 2408 3664 2447 :
3698 2393 3818 2448 Lex

2159 2487 2346 2536 autem
2370 2482 2723 2547 subintravit,
2744 2489 2805 2534 ut
2832 2481 3138 2536 abundaret
3162 2480 3440 2536 delictum.
3465 2480 3815 2536 Subintrare

2159 2574 2246 2624 est
2260 2570 2502 2625 alterius
2519 2569 2644 2625 loco
2663 2587 2728 2625 su
2738 2569 3120 2636 ccedere,sive
3131 2569 3373 2625 alterius
3389 2569 3580 2625 locum
3601 2587 3817 2641 praeoc-

2158 2675 2392 2730 cupare.
2417 2658 2778 2714 Subintravit
2798 2673 2935 2730 ergo
2963 2657 3055 2713 lex
3082 2658 3318 2730 scripta,
3344 2658 3484 2730 quia
3513 2657 3637 2714 loco
3660 2658 3813 2731 legis

2158 2752 2297 2802 natu
2306 2765 2379 2801 ra:
2393 2747 2672 2803 successit
2688 2765 2700 2814 ;
2716 2748 2972 2802 ostendit
2983 2745 3455 2820 enimApostolus
3475 2747 3599 2803 suis
3614 2745 3813 2804 Verbis

2158 2835 2526 2890 annullatam
2567 2833 2692 2907 jam
2723 2852 2851 2891 esse
2880 2835 3070 2909 legem
3102 2842 3343 2908 naturae,
3379 2837 3480 2892 sed
3514 2837 3650 2893 data
3680 2837 3815 2910 lege

2158 2924 2378 2996 scripta
2399 2924 2645 2995 ccepisse
2666 2925 2878 2997 vigere.
2894 2923 3179 2980 Delictum
3203 2941 3356 2991 vero,
3381 2942 3496 2981 non
3525 2925 3816 2998 originale

2157 3013 2318 3084 dicit,
2344 3014 2445 3068 sed
2470 3014 2623 3084 quod
2648 3013 2914 3069 homines
2934 3017 3070 3085 post
3089 3013 3368 3086 originale
3391 3016 3813 3087 superaddide-

2158 3106 2316 3156 runt.
2333 3102 2632 3167 Quomodo
2649 3119 2806 3174 ergo,
2822 3103 3193 3158 subintrante
3215 3102 3362 3175 lege,
3377 3104 3699 3159 abundavit
3716 3104 3816 3160 de~

2156 3187 2358 3245 lictum
2379 3190 2406 3245 ‘I
2437 3190 2602 3259 Quia,
2626 3190 2761 3244 data
2792 3190 2918 3261 lege
2949 3191 3188 3262 scripta,
3210 3190 3361 3246 facta
3391 3195 3481 3246 est
3501 3191 3816 3263 originalis

397 3295 548 3352 quos
573 3280 667 3336 hic
695 3261 879 3335 omnes
903 3279 1064 3347 dicit,
1088 3261 1321 3336 eosdem
1349 3279 1523 3352 paulo
1550 3280 1796 3335 inferius
1825 3281 2042 3335 multos.
2075 3261 2119 3328 C
2159 3279 2377 3350 peccati
2427 3279 2704 3350 cognitio,
2739 3284 2795 3333 et
2840 3261 3216 3350 augmentata
3245 3296 3416 3351 poena
3445 3261 3660 3336 delicti.
3697 3285 3816 3336 Lex

399 3368 516 3426 Nec
549 3368 763 3422 mirum
801 3386 813 3423 :
849 3385 983 3423 nam
1018 3368 1184 3423 multi
1218 3368 1332 3423 dici
1363 3373 1614 3440 possunt
1643 3369 1704 3423 in
1735 3368 1932 3440 aliqua
1963 3386 2044 3440 re,

397 3457 571 3512 etiam
598 3473 733 3511 cum
758 3455 925 3526 pauci
949 3456 1273 3510 sint.Verbi
1294 3456 1500 3528 gratia,
1525 3457 1574 3511 si
1597 3457 1896 3512 dicamus:
1928 3475 2046 3513 una

395 3548 485 3600 est
505 3544 786 3600 obstetrix
809 3544 867 3598 in
895 3544 1147 3612 civitate,
1173 3562 1296 3615 quae
1326 3561 1528 3600 omnes
1550 3544 1780 3616 excipit,
1809 3549 1866 3600 et
1892 3563 2045 3602 unus

394 3632 724 3687 litterarum
749 3633 1050 3705 magister,
1075 3633 1175 3704 qui
1197 3649 1399 3688 omnes
1423 3634 1610 3688 docet.
1635 3637 1762 3688 Non
1784 3633 1940 3688 enim
1965 3635 2046 3689 in-

394 3720 655 3793 telligere
673 3737 992 3792 possumus
1007 3721 1162 3792 quod
1182 3737 1386 3776 omnes
1403 3720 1761 3777 habitatores
1772 3723 2042 3792 civitatis,

392 3809 484 3866 vel
507 3809 607 3865 illa
628 3810 899 3882 excipiat,
922 3809 1009 3865 vel
1039 3812 1146 3865 iste
1168 3810 1385 3866 doceat.
1413 3811 1523 3865 Sed
1554 3811 1682 3866 ideo
1715 3811 1814 3866 illa
1842 3829 2045 3868 omnes

395 3897 613 3953 dicitur
633 3898 916 3970 excipere,
941 3899 1081 3970 quia
1102 3897 1302 3954 nullus
1326 3904 1533 3970 praeter
1551 3899 1679 3970 ejus
1706 3916 1915 3956 manus
1939 3918 2041 3956 na-

395 3986 580 4042 scitur
604 4007 617 4056 ;
652 3990 708 4041 et
737 3987 846 4042 iste
868 4003 1075 4042 omnes
1105 3988 1331 4054 docere,
1357 3987 1496 4059 quia
1527 3993 1732 4058 praeter
1758 3989 1886 4058 ejus
1920 4006 2044 4044 ma-

395 4075 702 4148 gisterium
728 4092 900 4131 nemo
923 4075 1115 4130 discit.
1139 4075 1324 4130 Habet
1343 4076 1541 4146 itaque
1562 4075 1780 4132 multos
1803 4076 1901 4132 illa
1923 4094 2045 4133 car-

393 4163 544 4221 nalis
567 4165 886 4236 generatio,
909 4163 1086 4218 habet
1106 4169 1163 4219 et
1183 4163 1464 4235 spiritalis
1487 4188 1500 4229 ;
1525 4164 1623 4219 sed
1647 4163 1847 4235 plures
1870 4166 2046 4221 habet

394 4250 646 4306 carnalis
695 4267 870 4322 quam
917 4251 1217 4322 spiritalis.
1253 4255 1490 4320 Verum,
1525 4253 1678 4307 sicut
1723 4251 1824 4308 illa
1870 4253 2043 4309 habet

393 4355 598 4394 omnes
625 4339 913 4407 homines,
940 4339 1024 4394 ita
1055 4344 1111 4394 et
1140 4341 1262 4394 haec
1295 4356 1500 4395 omnes
1522 4341 1721 4409 justos
1750 4341 2039 4411 homines,

393 4432 450 4482 et
482 4427 634 4484 sicut
666 4435 872 4500 praeter
899 4428 1061 4482 illam
1093 4428 1292 4483 nullus
1322 4429 1496 4484 homo
1519 4431 1688 4500 (204).
1717 4429 1879 4487 Unde
1910 4449 2043 4488 mox

395 4517 706 4572 subditur:
743 4517 892 4572 Sicut
922 4519 1072 4571 enim
1097 4534 1194 4588 per
1222 4517 1653 4572 inobedienttam
1675 4522 1842 4574 unius
1872 4521 2044 4576 homi-

2157 3383 2292 3440 ergo
2323 3366 2696 3433 subintravit,
2722 3372 2784 3422 ut
2813 3367 3141 3422 abundaret
3172 3367 3473 3435 delictum,
3501 3368 3559 3423 id
3591 3372 3680 3424 est
3710 3387 3814 3426 co-

2118 3460 2126 3468 '
2154 3456 2336 3528 gnitio
2368 3461 2425 3512 et
2453 3473 2621 3527 paena
2651 3455 2869 3523 delicti,
2899 3461 3133 3526 propter
3161 3456 3272 3511 hoc
3300 3458 3457 3512 enim
3489 3457 3690 3529 solum,
3716 3459 3816 3515 lex

2155 3545 2374 3615 scripta
2395 3545 2533 3598 data
2554 3548 2661 3612 est,
2689 3548 2751 3598 ut
2777 3543 3078 3614 originalis
3099 3545 3318 3614 peccati
3340 3546 3592 3617 cognitio
3615 3547 3810 3603 fieret.

2230 3635 2329 3690 Ubi
2355 3641 2538 3688 autem
2568 3632 2866 3687 abundavit
2891 3636 3174 3703 peccatum
3203 3634 3349 3704 (206)
3381 3633 3461 3704 (id
3493 3640 3582 3690 est
3611 3637 3818 3707 cogni-

2154 3720 2234 3776 tio
2283 3727 2341 3777 et
2389 3739 2558 3792 poena
2610 3721 2850 3793 peccati)
2897 3721 3360 3792 superabundavit
3402 3725 3601 3793 gratia.
3635 3723 3812 3789 Quia,

2155 3826 2304 3881 quos
2332 3810 2423 3865 lex
2456 3815 2919 3882 transgressores
2948 3815 3182 3865 tantum
3211 3812 3551 3868 ostendebat
3581 3817 3635 3868 et
3666 3829 3814 3869 con-

2155 3898 2489 3966 demnabat,
2505 3899 2613 3954 hos
2630 3899 2823 3953 divina
2845 3899 3033 3971 gratia
3044 3899 3387 3970 justilicavit
3401 3905 3459 3955 et
3473 3901 3812 3970 vivificavit,

2155 3986 2403 4059 ideoque
2429 3987 2646 4042 dicitur
2668 3989 3328 4058 superabundasse.Lex
3351 3988 3506 4044 enim
3535 3989 3809 4046 minaba-

2154 4078 2269 4143 tur,
2301 4077 2402 4131 sed
2435 4093 2548 4131 non
2583 4075 2982 4147 opitulabatur
3005 4095 3018 4145 ;
3043 4078 3307 4146 jubebat,
3342 4079 3442 4134 sed
3476 4096 3592 4134 non
3625 4097 3812 4135 sana-

2155 4163 2289 4231 bat;
2323 4165 2670 4220 ostendebat
2689 4163 3054 4235 languorem,
3079 4167 3179 4221 sed
3208 4183 3321 4221 non
3345 4168 3666 4223 auferebat.
3698 4173 3814 4226 Lex

2152 4268 2289 4325 ergo
2316 4254 2451 4307 data
2472 4257 2579 4320 est,
2604 4257 2670 4308 ut
2688 4254 2876 4324 gratia
2900 4260 3291 4324 qutereretur;
3325 4256 3512 4327 gratia
3532 4257 3672 4312 data
3694 4264 3809 4324 est,

2153 4345 2218 4396 ut
2248 4342 2337 4396 lex
2371 4341 2732 4413 impleretur.

2227 4433 2306 4501 Ut,
2330 4432 2474 4485 sicut
2496 4432 2751 4499 regnavit
2779 4439 3062 4499 peccatum
3083 4433 3138 4486 in
3165 4435 3409 4487 mortem.
3435 4431 3581 4487 Illud
3605 4433 3810 4488 scien-

2153 4521 2294 4574 dum
2319 4521 2456 4591 quia
2481 4523 2620 4574 sunt
2641 4519 2909 4590 quaedam
2933 4524 3168 4590 peccata
3189 4525 3394 4591 praeter
3410 4521 3615 4575 Adam.
3635 4520 3810 4577 Unde

393 4607 484 4660 nis
511 4609 819 4676 peccatores
849 4606 1137 4660 constituti
1163 4608 1292 4659 sunt
1321 4605 1506 4669 multi,
1539 4606 1620 4660 ita
1649 4609 1703 4660 et
1741 4623 1844 4674 per
1873 4609 2043 4662 unius
2077 4629 2124 4693 D
2155 4608 2468 4679 Apostolus
2500 4608 2610 4663 hoc
2644 4608 2767 4662 loco
2800 4624 2914 4661 non
2945 4607 3186 4675 addidit,
3220 4624 3325 4680 per
3352 4625 3533 4664 unum
3566 4614 3672 4664 aut
3701 4626 3812 4681 per

395 4694 763 4749 obeditionem
786 4694 932 4764 justi
960 4695 1361 4747 constituentur
1387 4693 1575 4747 multi.
1606 4693 1819 4749 Multos
1851 4700 2047 4751 autem

397 4798 512 4837 non
534 4782 788 4853 exceptis
808 4781 1163 4852 quibusdam
1182 4780 1343 4846 dicit,
1359 4782 1458 4835 sed
1477 4781 2050 4840 omnes.0bedientia

398 4875 507 4938 est,
533 4875 654 4926 tam
680 4871 738 4924 in
761 4869 1104 4925 hominibus
1128 4886 1304 4940 quam
1327 4869 1386 4924 in
1413 4872 1568 4925 omni
1597 4871 1865 4926 rationali
1886 4889 2048 4928 crea-

396 4964 550 5027 tura,
574 4958 1012 5028 totiusjustitize
1036 4956 1194 5030 origo
1219 4964 1391 5030 atque
1413 4960 1705 5031 perfectio.
1723 4960 1884 5016 Unde
1900 4963 2049 5034 Apo-

396 5050 605 5118 stolus,
629 5048 829 5104 volens
855 5047 1160 5102 ostendere
1183 5048 1431 5103 duorum
1456 5047 1759 5105 hominum
1783 5050 2047 5106 differen-

393 5138 558 5205 tiam,
577 5139 632 5190 id
656 5141 763 5202 est,
781 5136 955 5206 primi
978 5137 1134 5208 Adae,
1152 5136 1251 5207 qui
1279 5140 1366 5191 est
1386 5142 1560 5208 caput
1583 5144 1791 5195 nostra:
1815 5140 2041 5207 mortis,

392 5229 452 5281 et
481 5225 746 5292 secundi,
783 5225 883 5295 qui
914 5229 1003 5279 est
1032 5229 1207 5297 caput
1238 5231 1449 5282 nostra:
1481 5225 1712 5292 salutis,
1746 5228 1827 5282 ait
1859 5244 1870 5282 :
1903 5229 2045 5282 sicut

464 5421 612 5490 (20’s,)
644 5420 769 5475 Haec
803 5421 998 5491 verba,
1022 5421 1109 5476 vel
1140 5419 1695 5491 similiadesiderari
1727 5417 2035 5477 videntur:

392 5494 474 5546 ita
502 5496 707 5560 pl'JL’t't’I‘
736 5494 898 5547 istam
928 5490 1118 5546 nullus
1146 5495 1316 5557 justus
1347 5490 1523 5553 homo,
1559 5495 1622 5545 ut
1650 5507 1860 5546 sensus
1890 5493 2041 5549 vide-

392 5562 523 5617 licet
559 5565 966 5634 perfectionem
1001 5563 1283 5634 acquirat.

466 5631 612 5705 (205)
642 5635 830 5689 Verba
848 5631 1126 5704 futuri
1153 5633 1430 5705 temporis,
1451 5631 1679 5705 aliquas
1700 5638 1831 5704 post
1853 5631 2036 5689 lineas

392 5703 690 5776 leguntur,
723 5712 779 5761 et
823 5703 992 5775 signo
1021 5703 1449 5776 expunctionis,
1485 5703 1681 5775 idest,
1704 5703 1869 5762 linea
1898 5706 2036 5763 sub-

2159 4696 2454 4752 hominem
2480 4697 2637 4768 quia,
2655 4702 2719 4751 ut
2739 4697 2960 4751 dictum
2983 4701 3073 4752 est
3093 4697 3266 4768 paulo
3288 4699 3711 4769 superius,non
3732 4700 3808 4754 de

2158 4785 2425 4858 originali
2455 4785 2743 4854 loquitur;
2769 4786 3030 4856 regnavit
3057 4785 3216 4840 enim
3238 4792 3536 4856 peccatum
3560 4786 3619 4840 in
3644 4803 3804 4843 mor-

2157 4879 2296 4940 tem,
2331 4874 2469 4946 quia
2499 4874 2642 4929 illud
2677 4879 3000 4945 peccatum,
3037 4874 3191 4945 quod
3231 4873 3498 4930 homines
3527 4874 3806 4948 originali

2157 4963 2708 5034 superaddiderunt,
2743 4963 2905 5016 auxit
2952 4967 3219 5018 mortem.
3271 4963 3404 5030 Sed,
3447 4964 3585 5034 quia
3636 4965 3810 5022 nulla

2155 5058 2348 5122 potest
2374 5070 2500 5107 esse
2515 5051 2882 5122 justilicatio,
2903 5050 3017 5106 nisi
3040 5067 3141 5122 per
3156 5049 3484 5120 Christum;
3511 5052 3638 5107 ideo
3665 5070 3807 5109 cum

2156 5139 2399 5196 dixisset
2432 5158 2444 5194 :
2496 5143 2577 5195 Ita
2609 5145 2660 5195 et
2688 5141 2870 5210 gratia
2901 5145 3084 5210 regnet
3114 5156 3215 5208 per
3233 5142 3513 5212 justitiam
3541 5144 3602 5196 in
3629 5145 3812 5198 vitam

2152 5232 2434 5294 aeternum,
2459 5227 2670 5298 adjecit
2694 5244 2705 5283 :
2738 5244 2844 5300 per
2870 5233 3064 5286 Jesum
3085 5228 3365 5284 Christum
3386 5231 3678 5286 Dominum
3707 5247 3814 5288 no-

2151 5422 2348 5496 ducta,
2373 5439 2674 5496 perperam
2699 5425 2913 5496 scripta
2936 5425 3117 5480 fuisse
3148 5424 3431 5480 innuitur.
3457 5425 3574 5482 Nos
3598 5431 3803 5484 autem

2151 5495 2395 5564 propriae
2429 5495 2548 5548 sedi
2582 5495 2942 5551 restituenda
2969 5498 3327 5551 censuimus.

2222 5565 2367 5634 (206)
2400 5566 2569 5638 Vulg.
2603 5567 2874 5621 delictum.
2912 5567 3214 5624 Nonnullae
3259 5576 3454 5622 autem
3504 5567 3802 5625 editiones

2148 5651 2281 5691 cum
2316 5643 2511 5710 autog.
2543 5639 2934 5694 consentiunt.
