4094 6168
291 366 411 429 185

886 372 1300 435 EXPOSITIO
1346 371 1423 434 IN
1470 371 1893 434 EPISTOLAS
1937 370 2197 433 PAULI.
2232 404 2309 415 -—
2339 372 2415 432 IN
2462 372 2713 433 EPIST.
2759 370 2863 431 AD
2908 366 3099 431 ROM.

3580 360 3697 422 186

293 502 570 559 admonet
598 504 912 576 Apostolus
941 509 1024 571 ut,
1058 521 1190 559 cum
1224 504 1471 576 alicujus
1504 506 1581 559 rei
1616 505 1858 576 species,
1878 504 1935 559 id
1968 518 2011 577 Α
2052 520 2163 558 non
2196 508 2285 558 est
2314 503 2403 561 lex
2451 522 2576 575 qua:
2609 521 2715 559 nos
2763 506 2977 558 terreat
3007 504 3065 557 et
3110 502 3416 570 peccatum
3464 494 3699 567 puniat’

294 596 407 659 est,
443 592 726 659 mulieris,
760 594 905 663 auri,
940 594 1026 648 vel
1077 594 1299 664 argenti
1350 600 1405 649 et
1452 601 1811 658 caeterarum,
1845 598 1948 648 aut

296 680 519 735 inimici
573 682 871 752 persuasio
927 682 1095 737 nobis
1148 683 1445 753 irrepserit
1497 684 1947 755 pestiferamque

296 769 705 841 cogitationem
726 769 1007 841 genuerit,
1033 771 1234 825 statim
1259 772 1661 827 existimemus
1683 789 1789 826 nos
1814 788 1947 843 pec-

296 858 444 913 catis
478 864 775 923 mortuos;
810 858 892 913 sic
942 860 1121 925 enim,
1156 861 1379 914 favente
1432 862 1564 926 Deo,
1597 877 1946 915 venenosam

297 947 709 1017 cogitationem
741 964 1016 1018 superare
1046 949 1403 1019 poterimus:
1430 950 1551 1003 ﬁeri
1586 950 1801 1020 quippe
1823 948 1948 1003 nul-

294 1035 527 1091 latenus
558 1039 747 1107 potest
777 1042 842 1090 ut
876 1041 984 1091 Deo
1016 1042 1073 1091 et
1124 1044 1358 1109 peccato
1391 1041 1674 1093 vivamus.
1708 1038 1781 1093 Ut
1811 1054 1946 1109 ergo

292 1124 411 1180 Deo
437 1125 625 1180 vivere
648 1124 966 1195 possimus,
1000 1131 1227 1196 Oportet
1256 1128 1504 1197 peccatis
1531 1127 1949 1181 moriamur.Et

294 1213 405 1268 hoc
436 1218 523 1267 est
575 1214 731 1283 quod
783 1215 946 1281 dicit,
980 1216 1219 1269 viventes
1263 1225 1444 1270 autem
1473 1217 1578 1271 Deo
1626 1218 1684 1269 in
1733 1216 1947 1271 Christo

290 1303 439 1357 Jesu.
472 1304 534 1356 In
568 1301 779 1356 Christo
826 1304 968 1368 Jesu,
1005 1303 1059 1357 id
1115 1309 1202 1357 est
1233 1320 1336 1373 per
1386 1304 1685 1359 Christum
1718 1305 1942 1371 Jesum,

297 1390 459 1461 quia,
493 1391 645 1445 sicut
676 1391 799 1460 ipse
830 1391 1010 1445 dicit:
1039 1393 1203 1447 Nemo
1232 1394 1385 1447 novit
1412 1394 1559 1463 (217)
1583 1396 1807 1448 Patrem
1834 1395 1950 1447 nisi

292 1495 395 1550 per
420 1495 523 1533 me.
576 1480 723 1547 (218)
768 1482 893 1534 Νοη
940 1496 1069 1549 ergo
1116 1491 1304 1549 regnet
1344 1491 1624 1552 peccatum
1674 1485 1735 1537 in
1776 1492 1949 1537 vestro

294 1568 524 1623 mortali
551 1584 791 1638 corpore.
826 1567 1158 1623 Notandum
1213 1571 1349 1641 quia
1384 1588 1498 1626 non
1550 1572 1652 1637 ait,
1706 1588 1817 1626 non
1852 1572 1947 1641 sit,

298 1657 402 1712 sed
436 1674 549 1711 non
582 1662 801 1728 regnet.
835 1658 1105 1721 Quandiu
1156 1658 1311 1713 enim
1343 1659 1401 1714 in
1434 1659 1542 1714 hac
1572 1661 1691 1714 vita
1722 1678 1949 1727 sumus,

297 1745 426 1801 sine
457 1751 692 1816 peccato
723 1762 851 1801 esse
884 1764 998 1801 non
1032 1764 1368 1817 possumus.
1394 1750 1544 1803 Atin
1578 1749 1693 1804 illis
1725 1748 1947 1804 solum-

298 1835 476 1889 modo
508 1839 731 1905 regnat,
764 1834 887 1905 qui,
906 1836 1047 1889 dum
1074 1837 1515 1907 concupiscunt,
1539 1838 1951 1909 concupiscen-

294 1924 394 1977 tiis
457 1924 717 1994 praebent
761 1939 1110 1991 assensum;
1146 1926 1303 1980 unde
1354 1941 1487 1980 mox
1536 1927 1851 1982 subditur:
1886 1938 1947 1983 ut

293 2011 561 2067 obediatis
608 2016 1070 2082 concupiscentiis
1116 2016 1252 2085 ejus.
1316 2015 1555 2071 Mortale
1601 2033 1835 2089 corpus,
1888 2026 1952 2071 ut

296 2101 657 2173 quibusdam
708 2102 916 2172 placet,
967 2102 1303 2173 Apostolus,
1354 2120 1468 2158 non
1519 2110 1753 2176 propter
1800 2106 1949 2160 hanc

298 2206 675 2245 communem
718 2195 966 2245 mortem
1021 2190 1358 2261 appellavit,
1392 2192 1491 2245 sed
1526 2198 1758 2264 propter
1788 2199 1949 2249 reter-

302 2294 441 2333 nam
474 2279 952 2345 damnationem;
986 2280 1086 2333 sed
1120 2280 1190 2333 de
1220 2280 1327 2335 hac
1358 2284 1415 2334 et
1443 2282 1514 2335 de
1542 2281 1641 2336 illa
1672 2280 1817 2335 nihil
1850 2283 1950 2336 ob-

304 2372 423 2422 stat
454 2367 721 2439 intelligi.

378 2456 581 2527 Igitur,
615 2464 679 2510 ut
725 2456 1055 2511 ostenderet
1098 2456 1238 2527 quid
1270 2462 1423 2511 esset
1472 2473 1715 2528 regnare
1748 2474 1950 2529 pecca-

304 2549 454 2611 tum,
490 2545 714 2600 addidit
744 2562 755 2600 :
786 2545 890 2601 Sed
920 2562 1093 2615 neque
1142 2546 1451 2600 exhibeatis
1507 2547 1751 2601 membra
1778 2557 1952 2603 vestra

300 2651 461 2688 arma
524 2636 835 2704 iniquitatis
879 2644 1115 2705 peccato.
1166 2635 1481 2689 Sciendum
1533 2636 1675 2706 quia
1718 2636 1950 2706 singula

298 2739 411 2777 sua
460 2722 677 2777 habent
723 2722 955 2787 officia;
992 2723 1327 2793 quicunque
1375 2740 1511 2794 ergo
1559 2723 1651 2777 his
1683 2740 1949 2794 perverse

299 2812 508 2875 utitur,
542 2812 807 2867 membra
836 2828 943 2866 sua
987 2812 1220 2867 exhibet
1265 2829 1429 2866 arma
1459 2812 1786 2883 iniquitatis
1820 2830 1947 2884 pec-

300 2906 451 2967 cato,
485 2900 623 2971 quia
658 2900 804 2955 vires
836 2901 1051 2971 praebet
1099 2900 1354 2967 diabolo,
1386 2917 1500 2971 quo
1543 2900 1772 2956 facilius
1801 2901 1950 2956 occi-

297 2989 495 3044 datur.

369 3078 469 3133 Sed
495 3079 741 3134 exhibete
770 3095 861 3135 vos
894 3082 1000 3135 Deo
1049 3080 1442 3149 (subauditur,
1478 3080 1655 3149 vivos)
1688 3089 1950 3151 tanquam

291 3184 365 3223 ex
392 3169 622 3223 mortuis
653 3171 917 3232 viventes,
968 3169 1022 3222 id
1056 3174 1163 3235 est,
1197 3174 1480 3239 tanquam
1514 3186 1546 3223 a
1580 3171 1827 3225 mortuis
1860 3187 1947 3224 re-

292 3262 627 3328 surgentes.
688 3257 757 3311 Et
832 3261 920 3310 est
976 3272 1186 3311 sensus
1244 3274 1256 3310 :

293 3344 515 3399 mortui
549 3344 714 3409 estis,
748 3344 901 3399 ultra
931 3344 990 3398 in
1032 3344 1115 3398 eis
1146 3344 1289 3400 velle
1332 3346 1519 3401 vivere
1553 3364 1666 3401 non
1699 3348 1942 3417 debetis,

291 3433 488 3488 instar
545 3449 768 3498 eorum,
802 3433 902 3503 qui
952 3433 1333 3488 resurrecturi
1381 3440 1537 3503 sunt,
1573 3436 1788 3506 quibus
1842 3454 1945 3492 nec

290 3536 467 3593 posse
498 3522 607 3575 erit
638 3537 892 3592 peccare.

289 3612 358 3665 Et
388 3611 634 3666 membra
679 3619 851 3666 vestra
882 3628 1045 3665 arma
1086 3613 1321 3681 justitia:
1352 3614 1475 3667 Deo.
1511 3613 1615 3677 Qui
1652 3616 1941 3670 membro-

291 3716 427 3753 rum
458 3715 701 3754 suorum
732 3699 939 3755 ofﬁciis
981 3701 1244 3755 ordinate
1301 3704 1507 3769 utitur,
1542 3704 1807 3758 membra
1838 3722 1945 3760 sua

292 3804 456 3844 arma
478 3787 722 3857 justitize
753 3788 868 3843 Deo
918 3789 1175 3845 exhibet.
1206 3789 1375 3844 Verbi
1408 3791 1616 3862 gratia,
1652 3793 1699 3846 si
1733 3795 1801 3847 ad
1834 3793 1943 3849 hoc

289 3883 599 3931 versantur
647 3876 794 3931 oculi
849 3878 1034 3932 nostri
1084 3878 1140 3931 in
1175 3879 1366 3949 capite
1418 3886 1481 3932 ut
1528 3882 1945 3950 concupiscant

289 3965 639 4036 rapiantque
669 3966 881 4031 aliena,
905 3983 1069 4021 arma
1094 3973 1233 4021 sunt
1262 3968 1493 4022 diabolo
1519 3985 1532 4033 ;
1566 3985 1595 4023 e
1628 3970 1939 4038 contrario,

291 4053 346 4108 si
378 4054 446 4107 ad
479 4054 586 4109 hoc
616 4060 928 4111 versantur
958 4060 1022 4109 ut
1055 4072 1169 4109 non
1221 4062 1668 4127 concupescant,
1705 4075 1808 4112 nec
1854 4076 1943 4113 ra-

289 4141 461 4213 piant
515 4142 724 4209 aliena,
772 4144 873 4198 sed
918 4160 1027 4199 sua
1083 4143 1222 4198 aliis
1271 4144 1646 4213 distribuant,
1682 4148 1946 4202 membra

290 4234 494 4285 nostra
522 4230 783 4301 gladium
832 4231 1176 4286 exhibemus
1218 4233 1354 4297 Deo,
1387 4251 1503 4304 quo
1553 4241 1610 4289 et
1640 4241 1941 4306 peccatum

292 4319 615 4385 occidatur,
633 4325 691 4375 et
711 4320 1252 4390 nosjustificemur.
1278 4323 1439 4385 Quod
1463 4330 1699 4393 agentes
1722 4326 1943 4394 peccati

290 4407 621 4463 dominium
651 4409 923 4465 vitamus.
950 4409 1113 4464 Unde
1143 4426 1277 4465 mox
1307 4411 1582 4465 subditur
1609 4430 1621 4467 :
1656 4414 1945 4468 Peccatum

288 4499 442 4550 enim
470 4499 621 4552 vobis
649 4514 758 4553 non
780 4498 1157 4566 dominabitur
1179 4519 1197 4565 ;
1229 4515 1337 4554 non
1356 4502 1507 4554 enim
1535 4502 1633 4555 sub
1665 4502 1777 4571 lege
1797 4504 1941 4569 estis,

2052 593 2229 648 libere
2247 600 2304 648 et
2324 610 2524 647 secure
2551 610 2785 664 peccare
2810 591 3129 663 poterimus
3154 607 3166 644 :
3194 589 3438 658 ideoque
3459 588 3701 656 Aposto-

2056 681 2169 751 lus,
2202 683 2585 753 quazstionem
2641 682 2751 736 sibi
2801 696 3151 752 proponens,
3185 678 3266 733 ait
3299 694 3311 731 :
3347 676 3488 744 Quid
3536 676 3699 742 ergo?

2054 772 2426 843 (subauditur
2464 771 2748 840 dicemus)
2794 771 3157 837 peccabimus,
3190 769 3334 840 quia
3378 781 3489 821 non
3515 779 3703 819 sumus

2055 862 2156 916 sub
2185 861 2321 928 tege,
2352 860 2443 914 sed
2484 861 2579 914 sub
2624 862 2804 926 gratia
2826 864 2849 911 :7
2876 862 2953 913 Ac
3002 859 3051 913 si
3106 857 3319 912 diceret
3352 872 3364 909 :
3399 854 3523 908 Non
3574 853 3701 907 ideo

2056 950 2256 1021 gratiae
2291 948 2538 1019 subjecti
2590 949 2754 1014 estis,
2808 952 2871 1001 ut
2918 947 3097 1001 libere
3147 944 3400 1017 peccetis
3452 959 3464 995 :
3516 940 3703 1013 gratia

2056 1038 2233 1103 enim,
2259 1055 2384 1107 quae
2416 1055 2517 1092 vos
2546 1036 2829 1102 liberavit,
2855 1053 2971 1107 qua
3000 1036 3221 1090 ratione
3242 1050 3343 1088 vos
3376 1032 3527 1087 sinet
3556 1030 3700 1084 libe-

2058 1144 2117 1181 re
2150 1127 2431 1197 peccare?
2462 1127 2527 1179 Et
2564 1126 2673 1179 hoc
2719 1129 2808 1179 est
2853 1124 3006 1194 quod
3056 1124 3325 1193 sequitur
3359 1137 3374 1176 :
3407 1121 3575 1175 Absit.
3612 1120 3698 1183 Et,

2058 1216 2335 1287 quoniam
2370 1216 2564 1269 minus
2615 1214 2806 1269 adhuc
2838 1211 3297 1283 intelligenlibus
3330 1210 3699 1281 loquebatur,

2060 1304 2271 1373 adjecit
2303 1321 2314 1357 :
2350 1304 2577 1359 Nescitis
2610 1304 2867 1372 quoniam
2898 1302 2989 1355 cui
3011 1300 3279 1354 exhibetis
3308 1316 3400 1354 vos
3427 1313 3609 1352 servos
3634 1296 3704 1350 ad

2057 1393 2433 1459 obedientium,
2492 1393 2637 1447 servi
2688 1392 2818 1445 estis
2866 1393 2919 1445 ei
2962 1390 3051 1444 cui
3092 1388 3343 1443 obedistis
3394 1386 3590 1456 (219)?
3642 1386 3707 1439 Et

2058 1487 2147 1538 est
2177 1498 2422 1537 sensus:
2448 1481 2591 1535 Vere
2621 1480 2782 1535 scitis
2806 1480 2944 1550 quia
2977 1495 3089 1533 non
3123 1476 3387 1541 alterius,
3422 1476 3521 1530 sed
3554 1475 3703 1543 ejus,

2060 1570 2152 1626 cui
2184 1570 2437 1635 servitis,
2469 1569 2617 1624 servi
2648 1568 2829 1623 eritis.
2862 1567 3023 1622 Unde
3047 1565 3328 1621 Dominus
3355 1564 3413 1617 in
3444 1564 3701 1633 Evange-

2058 1659 2135 1714 lio
2169 1676 2181 1713 :
2214 1660 2383 1714 Nemo
2413 1666 2582 1729 potest
2608 1658 2813 1712 duobus
2859 1658 3101 1711 dominis
3148 1656 3353 1709 servire
3382 1651 3591 1723 (Matth.
3625 1667 3703 1716 v1,

2059 1749 2169 1819 24).
2202 1749 2544 1819 Quicunque
2575 1763 2711 1817 ergo
2743 1750 2975 1817 peccato
3009 1744 3269 1799 serviunt
3300 1739 3523 1813 peccati
3554 1737 3701 1793 servi

2060 1837 2431 1903 efﬁciuntur;
2462 1842 2519 1892 et
2547 1836 2647 1907 qui
2682 1835 2917 1903 iustitiae
2948 1832 3289 1901 obediendo,
3324 1829 3470 1885 servi
3502 1827 3703 1883 obedi-

2060 1926 2235 1981 tionis
2266 1926 2617 1981 efﬁciuntur.
2646 1925 2807 1979 Unde
2842 1941 2975 1979 mox
3004 1922 3270 1993 sequitur
3303 1938 3314 1975 :
3355 1920 3473 1974 Sive
3498 1919 3707 1988 peccati

2060 2017 2123 2070 in
2171 2018 2401 2069 mortem
2452 2016 2623 2083 (220),
2662 2016 2773 2068 sive
2822 2012 3147 2068 obeditionis
3199 2010 3269 2064 ad
3307 2010 3605 2079 justitiam.
3640 2006 3709 2059 Et

2062 2108 2193 2174 apte
2225 2104 2367 2157 dicit
2398 2120 2409 2155 :
2444 2104 2557 2157 sive
2581 2102 2793 2173 peccati
2822 2104 2883 2155 in
2912 2109 3164 2164 mortem,
3190 2097 3469 2168 quoniam
3502 2110 3704 2165 pecca-

2061 2197 2187 2247 tum
2238 2195 2712 2247 consummatum
2765 2190 2976 2260 mergit
3021 2189 3079 2242 in
3135 2191 3400 2241 mortem.
3462 2182 3707 2238 Pulchre

2061 2282 2238 2335 etiam
2283 2281 2531 2335 subdit:
2578 2281 2702 2335 Sive
2748 2279 3070 2334 obeditionis
3122 2276 3191 2331 ad
3230 2275 3533 2346 justitiam,
3568 2270 3707 2342 quia

2063 2369 2395 2440 quicunque
2426 2369 2642 2423 divinis
2666 2366 2966 2438 praeceptis
2995 2360 3583 2433 obediuntjustitiam
3616 2373 3706 2413 ac-

2060 2459 2324 2529 quirunt,
2358 2458 2637 2529 quoniam
2662 2456 2975 2526 justiticari
3010 2457 3326 2508 merentur.

2133 2548 2453 2618 Sequitur:
2489 2546 2705 2601 Gratias
2751 2553 2933 2599 autem
2988 2545 3110 2610 Deo,
3142 2542 3280 2613 quod
3328 2541 3514 2610 fuistis
3564 2538 3708 2592 servi

2058 2639 2290 2708 peccati,
2322 2637 2574 2691 obedistis
2603 2645 2788 2689 autem
2835 2651 2905 2689 ex
2933 2633 3113 2695 corde,
3147 2636 3255 2686 etc.
3287 2631 3432 2685 Nota
3461 2631 3707 2699 Aposto-

2062 2725 2187 2778 lun:
2216 2742 2329 2779 non
2360 2724 2487 2778 ideo
2519 2724 2737 2793 gratias
2768 2737 2937 2793 agere
2970 2721 3125 2791 quod
3156 2719 3305 2773 servi
3338 2715 3555 2789 peccati
3584 2716 3704 2770 fue-

2060 2814 2197 2880 rint,
2231 2814 2329 2868 sed
2382 2814 2520 2884 quia
2551 2820 2750 2883 postea
2794 2810 3141 2865 obedierint.
3174 2809 3253 2863 Ex
3301 2808 3472 2861 corde
3510 2810 3703 2859 autem

2060 2903 2221 2971 dicit,
2250 2907 2484 2973 propter
2514 2902 2766 2955 filiorum
2791 2901 3136 2971 dignitatem
3163 2916 3175 2963 ;
3210 2896 3376 2951 aliter
3404 2895 3557 2950 enim
3592 2910 3709 2948 ser-

2058 3008 2195 3055 vus;
2220 2991 2384 3045 aliter
2407 2990 2833 3056 mercenarius;
2859 2987 3224 3053 alitertilius;
3249 3002 3450 3040 servus
3470 2984 3703 3048 timore,

2060 3080 2455 3135 mercenarius
2476 3079 2669 3133 studio
2694 3075 3161 3145 mercedis,ﬁlius
3183 3091 3314 3128 vero
3339 3072 3463 3127 solo
3484 3088 3700 3126 amore.

2066 3170 2131 3222 Hi
2157 3185 2293 3240 ergo
2327 3185 2395 3223 ex
2425 3168 2595 3222 corde
2614 3164 3273 3236 obedierunt,quoniam
3306 3162 3411 3215 filii
3445 3161 3542 3215 Dei
3569 3159 3703 3214 facti

1320 3258 1419 3327 qui
1479 3259 1659 3312 semel
1714 3264 1946 3329 peccato
1978 3246 2019 3311 C
2060 3263 2214 3313 sunt.
2248 3258 2409 3328 Saepe
2441 3255 2655 3310 etenim
2680 3256 3104 3324 Deus,propter
3132 3250 3424 3306 interioris
3452 3249 3707 3304 hominis

2057 3347 2351 3412 affectum;
2385 3345 2633 3415 suscipit
2679 3361 2895 3398 munus
2942 3340 3245 3397 exterioris
3276 3357 3288 3404 ;
3325 3339 3481 3410 quod
3520 3337 3707 3392 mani-

2056 3435 2302 3489 festatur
2333 3436 2391 3489 in
2414 3435 2560 3488 libro
2584 3432 2846 3503 Genesis,
2872 3432 2971 3485 ubi
3002 3430 3214 3501 legitur
3244 3446 3258 3484 :
3296 3429 3550 3499 Respexit
3573 3428 3709 3482 Deus
3804 3434 3807 3435 ⁷

2053 3525 2203 3594 Abel,
2236 3528 2286 3579 et
2316 3524 2385 3578 ad
2412 3540 2650 3577 munera
2694 3526 2816 3593 ejus
2847 3520 2999 3592 (Gen.
3038 3537 3111 3586 1v,
3146 3520 3219 3587 4).
3253 3520 3337 3574 Ad
3372 3516 3511 3573 Abel
3544 3517 3705 3586 dicit,

2054 3613 2111 3668 id
2142 3619 2248 3679 est,
2281 3614 2351 3667 ad
2384 3613 2765 3667 intentionem
2797 3610 2961 3665 Abel.

2126 3704 2210 3757 Ad
2246 3702 2387 3771 quid
2418 3707 2612 3757 autem
2654 3699 2979 3755 obedierint
3005 3697 3283 3770 aperitur,
3316 3713 3451 3751 cum
3500 3695 3701 3750 subdi-

2052 3796 2150 3846 tur
2182 3808 2194 3844 :
2231 3794 2290 3847 In
2320 3808 2443 3845 eam
2486 3793 2724 3860 formam
2772 3789 3056 3853 doctrinm,
3086 3789 3145 3841 in
3193 3803 3300 3857 qua
3332 3786 3479 3855 (221)
3510 3784 3705 3838 traditi

2052 3883 2180 3936 estis
2215 3879 2724 3950 [subintelligitur,
2756 3878 2917 3946 Deo].
2953 3877 3221 3931 Formam
3256 3873 3530 3928 doctrina:
3563 3872 3703 3927 dicit

2054 3969 2387 4039 exemplum
2421 3966 2710 4037 Evangelii
2744 3983 2756 4019 :
2794 3982 2907 4035 quo
2940 3965 3093 4019 dicto
3125 3962 3381 4017 ostendit
3414 3962 3707 4015 Romanos

2045 4057 2217 4127 juxta
2246 4058 2373 4125 ejus
2400 4055 2731 4124 exemplum
2779 4052 3018 4105 Domino
3051 4051 3319 4104 obedisse
3350 4048 3409 4101 in
3444 4065 3561 4118 qua
3587 4048 3707 4101 for-

2055 4161 2150 4199 ma
2185 4146 2295 4199 Deo
2327 4142 2523 4198 traditi
2559 4148 2715 4202 sunt,
2759 4140 2897 4210 quia
2926 4139 3053 4207 ejus
3085 4136 3187 4191 filii
3221 4136 3427 4190 effecti.

2125 4233 2365 4287 Liberati
2393 4239 2575 4285 autem
2604 4247 2638 4283 α
2684 4232 2920 4299 peccato.
2951 4225 3320 4299 Singularem
3354 4241 3456 4296 pro
3490 4223 3704 4295 plurali

2056 4323 2290 4394 posuit;
2326 4321 2479 4375 unde
2527 4318 3002 4373 subaudiendum
3033 4321 3143 4381 est,
3174 4314 3351 4370 omni.
3386 4314 3543 4369 Servi
3568 4314 3703 4384 facti

2054 4414 2184 4467 estis
2219 4412 2479 4481 justitiaz.
2531 4408 2776 4462 Justitite
2827 4407 2988 4472 dicit,
3038 4406 3092 4459 id
3145 4409 3253 4469 est,
3286 4402 3513 4459 Domini
3560 4407 3699 4456 Jesu

2055 4501 2267 4556 Christi
2300 4498 2400 4570 qui
2431 4504 2519 4553 est
2561 4497 2795 4567 justitia
2840 4495 3048 4562 Patris,
3084 4493 3467 4563 omniumque
3516 4492 3699 4544 virtu-

288 4586 384 4640 sed
414 4586 515 4640 sub
543 4589 752 4655 gratia,
785 4586 843 4640 id
891 4592 999 4653 est,
1034 4603 1148 4641 non
1199 4588 1339 4642 estis
1391 4589 1636 4659 parvuli,
1670 4592 1771 4646 sed
1813 4610 1943 4663 per-
1977 4613 2023 4676 D
2060 4594 2183 4645 tum
2215 4607 2340 4660 quae
2371 4589 2427 4642 in
2460 4589 2587 4658 ipso
2618 4587 3095 4656 interpretantur.

289 4674 447 4730 fecti.
484 4676 599 4729 Sub
622 4676 745 4747 lege
777 4678 1034 4747 suntqui
1067 4675 1253 4747 legem
1280 4678 1592 4734 carnaliter
1612 4685 1668 4734 et
1702 4682 1948 4752 implent

293 4769 353 4818 et
383 4763 761 4836 intelligunt;
797 4766 907 4820 sub
939 4765 1126 4837 gratia
1153 4782 1308 4833 vero,
1344 4767 1443 4837 qui
1476 4770 1677 4823 eadem
1709 4770 1942 4840 spirita-

290 4851 428 4907 liter
456 4857 513 4908 et
562 4852 899 4925 intelligunt
948 4859 1004 4907 et
1050 4853 1314 4924 implent.
1349 4856 1429 4909 Ac
1472 4872 1574 4925 per
1620 4856 1728 4911 hoc
1774 4859 1949 4914 datur

291 4940 543 5013 intelligi
578 4942 719 5014 quia
770 4942 942 4997 multi
1001 4948 1140 4996 sunt
1189 4943 1246 4997 in
1298 4942 1425 5015 lege
1454 4946 1554 5014 qui
1603 4947 1711 5001 sub
1761 4949 1949 5018 gratia

289 5030 520 5097 vivunt,
550 5036 609 5086 et
645 5031 704 5085 in
725 5030 934 5102 gratia,
958 5031 1058 5101 qui
1087 5031 1196 5085 sub
1237 5030 1362 5103 lege
1401 5031 1622 5087 vivunt.
1646 5036 1753 5089 Sed
1788 5042 1946 5105 pote-

288 5124 430 5175 rant
449 5119 745 5191 simplices
768 5125 824 5174 et
846 5118 1043 5173 minus
1063 5119 1458 5190 intelligentes
1481 5122 1553 5175 ad
1572 5121 1692 5176 hac
1715 5140 1949 5194 respon-

291 5209 471 5264 dere:
499 5210 556 5264 Si
589 5226 703 5265 non
736 5224 941 5264 sumus
961 5208 1070 5261 sub
1104 5206 1247 5280 lege,
1282 5209 1382 5263 sed
1416 5209 1525 5263 sub
1557 5210 1765 5281 gratia,
1810 5212 1949 5283 quia

364 5404 515 5475 (217)
549 5406 610 5459 In
657 5408 884 5476 autogr.
919 5403 1001 5458 sic
1052 5402 1286 5476 legitur,
1320 5420 1481 5476 nemo
1531 5409 1682 5462 novit
1713 5409 1786 5463 ad
1831 5410 1944 5464 Pa-

288 5484 454 5531 trem.
508 5477 773 5553 Fortasse
820 5492 977 5553 nemo
1008 5479 1170 5553 venit,
1196 5475 1365 5546 juxta
1416 5475 1559 5553 illud
1613 5479 1780 5534 Joan.
1816 5498 1940 5553 cap.

288 5566 410 5610 xw,
448 5565 499 5600 v.
532 5551 565 5599 ὓ
599 5568 609 5603 :
640 5550 802 5603 Nemo
832 5550 980 5603 venit
1008 5548 1079 5601 ad
1105 5549 1330 5601 Patrem
1360 5549 1473 5601 nisi
1496 5566 1594 5617 per
1621 5568 1725 5606 me.

362 5620 515 5691 (218)
553 5622 611 5673 In
646 5624 839 5690 autog.
876 5635 1057 5691 marg.
1093 5619 1213 5673 XVI
1243 5644 1255 5685 ;
1290 5635 1415 5688 cap.
1453 5625 1644 5675 autem
1683 5622 1775 5676 XV
1810 5624 1938 5679 uul-

290 5693 397 5749 libi
427 5692 789 5764 designatur.

2132 4681 2442 4733 Humanum
2468 4677 2586 4730 dico
2614 4683 2833 4745 propter
2862 4672 3244 4740 inﬁrmitatem
3272 4671 3455 4723 carnis
3484 4679 3702 4726 vestrae.

2060 4768 2209 4838 (222)
2245 4767 2361 4821 Hoc
2396 4766 2519 4819 loco
2552 4778 2833 4833 magnum
2887 4761 3010 4815 suis
3043 4758 3409 4814 auditoribus
3460 4758 3706 4814 incussit

2058 4857 2362 4930 pudorem.
2389 4854 2533 4917 Quid
2558 4868 2689 4905 vero
2723 4851 2797 4905 sit
2819 4850 2926 4905 hoc
2950 4848 3697 4920 manifesta,subjungens:

2058 4945 2210 5000 Sicut
2241 4944 2564 4999 exhibuistis
2594 4942 2837 4995 membra
2868 4949 3069 5005 vestra,
3105 4943 3210 4993 etc.
3243 4943 3327 4992 Ac
3357 4937 3404 4992 si
3436 4938 3654 4992 diceret
3688 4952 3701 4991 :

2059 5034 2207 5097 Quid
2237 5032 2579 5099 humanius,
2615 5030 2755 5101 quid
2788 5029 2992 5095 levius,
3016 5044 3192 5098 quam
3227 5030 3311 5094 ut,
3335 5028 3487 5080 sicut
3508 5024 3701 5079 fuistis

2057 5122 2311 5195 prompti
2336 5122 2405 5176 ad
2431 5120 2671 5188 malum,
2697 5118 2777 5173 ita
2795 5118 2922 5173 sitis
2948 5118 3017 5172 ad
3043 5116 3304 5172 bonum?
3328 5117 3443 5185 Ego
3467 5113 3703 5182 quidem

2058 5212 2242 5268 multo
2266 5215 2490 5283 majora
2512 5227 2545 5265 a
2564 5209 2727 5265 vobis
2749 5208 2974 5279 exigere
2996 5206 3254 5272 debui,et
3272 5219 3373 5258 vos
3386 5200 3705 5272 promptio-

2150 5411 2277 5479 219)
2307 5406 2478 5479 Vulg.
2509 5407 2758 5463 obeditis.

2146 5478 2272 5551 220)
2304 5478 2476 5551 Vulg.
2510 5480 2580 5533 ad
2610 5482 2863 5532 mortem.

2126 5552 2470 5622 (221)Vuls-
2508 5555 2567 5606 ίη
2596 5567 2819 5624 91‘4"“
2964 5615 2973 5624 -
3138 5614 3149 5624 '

2125 5615 2270 5693 (222)
2308 5626 2364 5678 ln
2402 5615 2616 5693 autogf
2635 5622 2933 5692 signatum
2962 5615 3254 5669 invenitur
3282 5615 3432 5669 Dom.
3461 5615 3704 5685 Vlllpost

2052 5700 2207 5752 Pent.
