4080 6174
418 349 538 422 18⁸7

1435 361 1772 426 ATTONIS
1817 359 2408 426 VERCELLENSIS
2451 359 2806 426 EPISCOPI

3699 349 3828 425 ⁸188

413 489 513 549 res
544 491 615 548 ad
646 462 865 549 bonum
896 507 1024 550 esse
1045 493 1352 563 deberetis,
1377 511 1552 568 quam
1584 497 1656 552 ad
1690 497 1910 552 malum
1939 496 2066 550 fue-
2096 499 2150 563 Α
2181 493 2304 550 rius
2333 493 2414 551 ait
2447 511 2460 551 :
2493 496 2664 552 libere
2690 496 2879 567 fuistis
2905 495 3155 564 iustitia,
3187 491 3344 551 nunc
3370 509 3508 552 vero
3537 493 3768 551 liberati
3795 509 3828 553 a

420 581 553 639 ritis
578 600 591 650 ;
625 584 726 638 sed
755 583 1413 655 propterinfirmitatem
1443 593 1646 642 vestrm
1677 587 1870 641 carnis
1901 602 2066 656 aequa

412 671 655 742 requiro
705 690 718 729 :
767 675 824 728 id
869 679 978 740 est,
1028 675 1177 730 Sicut
1221 675 1548 730 exhibuistis
1597 677 1841 730 membra
1885 678 2066 728 vestra

417 763 626 818 servire
672 762 1044 820 immunditiae
1070 763 1217 834 (223)
1255 763 1326 818 ad
1371 765 1717 836 iniquitatem
1739 781 1758 826 ,ο
1807 766 1884 819 ita
1915 779 2066 820 nunc

419 851 670 907 exhibete
698 853 942 907 membra
969 862 1149 908 vestra
1177 855 1383 908 servire
1400 854 1638 924 justitiae
1666 856 1726 908 in
1751 854 2062 924 sanctiﬁca-

415 940 644 995 ‘tionem.
677 941 848 995 Verbi
899 941 1106 1011 gratia,
1139 941 1294 996 sicut
1324 943 1576 1013 prompti
1626 943 1862 998 luerunt
1909 941 2062 996 oculi

418 1029 596 1084 vestri
648 1030 716 1084 ad
771 1029 1327 1101 concupiscendum,
1362 1031 1443 1084 ita
1485 1031 1603 1086 sint
1649 1032 1721 1086 ad
1771 1031 2060 1086 miseran-

415 1116 578 1172 dum.
611 1116 703 1172 Sic
729 1121 784 1172 et
816 1134 917 1189 per
945 1122 1150 1174 caetera
1181 1120 1463 1175 membra.

486 1203 622 1259 Cum
654 1207 802 1259 enim
827 1208 972 1260 servi
999 1209 1180 1262 essetis
1216 1210 1440 1278 peccati,
1475 1209 1638 1263 liberi
1686 1209 1870 1279 fuistis
1891 1209 2059 1279 justi-

414 1295 528 1350 tize.
565 1294 800 1349 Liberos
839 1295 1084 1364 justitias
1115 1296 1256 1350 dicit
1303 1295 1522 1352 alienos
1555 1297 1861 1367 ajustitia.
1899 1297 2061 1352 Unde

415 1382 589 1438 dator
618 1381 864 1453 intelligi
889 1383 1028 1454 quia
1045 1385 1198 1439 sicut
1214 1383 1314 1439 illa
1335 1390 1424 1440 est
1449 1385 1763 1440 laudabilis
1785 1386 2056 1453 servitus,

417 1470 501 1526 sic
529 1476 585 1526 et
606 1472 949 1527 detestanda
972 1472 1212 1528 libertas
1235 1491 1248 1540 ;
1282 1474 1529 1529 liberum
1549 1490 1803 1546 namque
1813 1475 2059 1545 justitiaa

417 1575 564 1626 esse,
599 1561 940 1616 detestanda
971 1561 1210 1618 libertas
1239 1567 1346 1628 est,
1371 1579 1603 1618 servum
1634 1581 1766 1619 vero
1789 1563 2056 1632 justitiae,

416 1647 731 1704 laudabilis
763 1655 853 1705 est
883 1650 1132 1706 servitus
1181 1668 1308 1722 qua:
1342 1651 1616 1722 pracellit
1644 1653 1792 1724 (224)
1824 1667 2057 1708 omnem

415 1736 765 1806 libertatem.
799 1739 867 1794 Et
895 1740 1241 1805 notandum,
1274 1741 1414 1812 quia
1442 1741 1689 1796 liberum
1723 1741 2055 1809 arbitrium,

413 1825 589 1925 etiam
613 1826 671 1880 in
698 1827 867 1883 malis
887 1827 1074 1899 viget:
1101 1830 1257 1883 unde
1275 1846 1409 1884 mox
1430 1835 1494 1884 ut
1514 1830 1636 1884 suis
1659 1829 2058 1900 voluptatibus
2089 1865 2138 1930 Β

407 1909 806 1983 satisfaciunt,
841 1915 1001 1971 liberi
1028 1916 1279 1986 justitiae
1311 1918 1478 1972 fiunt.
1512 1916 1782 1989 Alioquin
1815 1934 1929 1972 non
1961 1934 2060 1972 eos

415 2001 633 2058 diceret
661 2003 976 2074 Apostolus
1025 2005 1238 2061 liberos
1260 2006 1523 2076 justitiae.
1558 2006 1704 2061 Nam
1755 2007 2058 2062 sciendum

413 2089 553 2164 quia
582 2091 664 2146 ita
686 2091 839 2147 Deus
863 2094 1119 2164 primum
1141 2093 1438 2150 hominem
1462 2100 1683 2151 rectum
1707 2095 2062 2160 condidit,ut

411 2179 474 2235 in
502 2179 633 2248 ejus
662 2181 959 2236 voluntate
989 2188 1045 2237 et
1074 2200 1194 2238 suae
1214 2184 1578 2240 rectitudinis
1599 2189 1754 2240 statu
1787 2185 1912 2239 sine
1932 2186 2061 2256 ejus

413 2269 704 2339 adjutorio
734 2285 1074 2341 permanere
1099 2288 1213 2327 non
1237 2277 1469 2344 posset;
1502 2289 1608 2328 suo
1631 2279 1824 2328 tamen
1858 2274 2063 2329 cadere

415 2361 614 2428 posset
643 2362 869 2413 conatu.
904 2358 1066 2414 Unde
1088 2375 1241 2425 mox,
1266 2366 1330 2415 ut
1361 2361 1487 2417 suis
1518 2361 1823 2416 desideriis
1840 2361 2062 2417 satisfe-

415 2444 512 2515 cit,
546 2447 784 2502 corruit.
815 2446 1104 2504 Voluntas
1133 2465 1268 2521 ergo
1297 2450 1418 2516 Dei,
1451 2451 1560 2505 etsi
1592 2467 1707 2506 non
1741 2452 1804 2505 ﬁt
1834 2451 1906 2505 ab
1938 2450 2057 2518 illo,

414 2533 676 2606 quotidie
705 2540 903 2592 tamen
933 2538 998 2593 fit
1026 2538 1097 2592 de
1118 2538 1237 2594 illo.
1265 2539 1366 2594 Ille
1385 2538 1540 2594 enim
1573 2540 1672 2610 qui
1704 2555 1839 2595 eum
1860 2540 2059 2595 condi-

412 2623 519 2692 dit,
553 2624 625 2679 de
655 2624 848 2691 illo,id
878 2628 1075 2695 est,de
1106 2644 1304 2683 massa
1323 2628 1653 2700 iniquitatis
1682 2628 1840 2683 illius
1863 2629 2058 2700 quoti-

416 2711 510 2767 die
540 2712 754 2769 format
783 2713 897 2770 alia
926 2731 1066 2771 vasa
1093 2716 1151 2770 in
1184 2716 1486 2784 honorem,
1521 2716 1636 2772 alia
1664 2732 1799 2772 vero
1830 2717 1888 2771 in
1922 2733 2057 2772 con-

412 2799 719 2856 tumeliam
747 2819 760 2868 ;
793 2820 934 2858 vasa
971 2809 1166 2860 autem
1216 2806 1276 2860 in
1308 2807 1589 2862 honorem
1641 2807 1778 2862 facit
1805 2806 2060 2878 gratuita

415 2905 524 2945 sua
555 2884 811 2947 benitate
834 2909 849 2956 ;
875 2909 1016 2949 vasa
1059 2893 1119 2948 in
1152 2895 1588 2961 contumeliam,
1614 2897 1776 2965 justo
1825 2911 1931 2951 suo
1954 2897 2059 2966 ju-

411 2977 562 3034 dicio
594 2983 652 3035 et
679 2980 848 3036 nobis
877 2983 1122 3039 occulto.

482 3072 660 3140 Quem
685 3086 812 3141 ergo
839 3073 1083 3141 fructum
1103 3073 1366 3130 habuistis
1381 3081 1511 3129 tunc
1529 3075 1591 3128 in
1621 3075 1756 3145 illis,
1779 3075 1840 3129 in
1860 3075 2057 3145 quibus

410 3173 561 3212 nunc
588 3159 946 3215 erubescitis?
973 3160 1099 3217 Haec
1131 3161 1246 3218 illis
1277 3162 1507 3218 dicebat
1527 3161 1964 3234 Apostolus,qui
1994 3162 2053 3218 in

2170 594 2404 656 peccato.
2440 585 2689 652 Scilicet,
2715 592 2780 642 ut
2796 585 3084 642 cautelam
3107 589 3361 641 servaret
3381 586 3439 640 in
3463 586 3658 642 verbis
3680 585 3824 642 suis.

2175 674 2299 730 Illic
2328 676 2484 731 enim
2517 675 2732 731 liberos
2753 675 2973 730 alienos
3008 690 3021 728 :
3055 673 3151 730 hic
3184 678 3378 731 autem
3410 674 3688 730 liberatos
3709 691 3827 731 ere-

2174 769 2304 836 ptos
2326 764 2485 820 dicit.
2510 765 2579 820 Et
2599 770 2732 835 apte
2753 765 2917 830 dicit,
2939 766 3084 819 servi
3099 765 3237 835 facti
3254 765 3383 830 Deo,
3407 762 3547 835 quia
3569 764 3670 835 qui
3693 779 3824 836 pec-

2173 852 2318 908 catis
2349 853 2701 920 moriuntur,
2725 853 2872 908 servi
2896 852 3095 924 utique
3116 851 3216 907 Dei
3243 852 3826 909 efficiunturﬂabetis

2170 944 2413 1012 fructum
2440 946 2684 996 vestrum
2713 944 2773 997 in
2799 943 3289 1012 sanctiﬁcationem
3307 959 3330 1006 ;
3359 942 3415 996 id
3435 945 3544 1009 est,
3563 941 3622 996 in
3647 941 3822 996 casti-

2173 1030 2433 1085 moniam
2491 1047 2670 1102 quam
2720 1030 3035 1102 Apostolus
3092 1029 3408 1101 aliquando
3465 1030 3822 1102 specialiter,

2171 1119 2485 1188 aliquando
2517 1135 2649 1175 cum
2681 1119 2905 1174 caeteris
2947 1119 3263 1174 virtutibus
3293 1118 3641 1190 generaliter
3663 1135 3824 1174 com-

2171 1208 2431 1263 mendat.
2457 1209 2676 1264 Habetis
2695 1210 2941 1278 fructum
2966 1210 3208 1263 vestrum
3229 1209 3288 1273 in
3311 1209 3822 1279 sanctiﬁcationem.

2171 1299 2241 1353 Et
2269 1302 2401 1368 apte
2431 1297 2572 1352 dicit
2602 1297 2750 1369 (226)
2787 1321 2801 1354 :
2833 1296 3052 1352 habetis
3079 1299 3320 1368 fructum
3347 1305 3586 1352 vestrum
3617 1299 3676 1351 in
3692 1313 3824 1352 san-

2170 1386 2584 1456 ctiﬁcationem,
2635 1385 2935 1456 quoniam,
2969 1384 3068 1455 qui
3124 1384 3225 1440 Dei
3257 1384 3408 1440 servi
3457 1385 3821 1450 efﬁciuntur,

2170 1474 2525 1531 sanctiﬁcari
2574 1478 2894 1529 merentur.
2926 1475 3115 1529 Finem
3167 1489 3290 1528 vero
3336 1475 3507 1529 vitam
3537 1477 3822 1529 aeternam.

2171 1563 2349 1619 Paulo
2373 1563 2644 1634 superius
2666 1563 2746 1617 ait
2766 1563 3031 1627 ﬁnem,id
3061 1563 3503 1628 est,mercedem
3530 1562 3824 1618 malorum

2170 1669 2413 1724 cperum
2444 1669 2572 1708 esse
2590 1656 2837 1707 mortem
2863 1669 2876 1717 ;
2911 1651 3004 1706 hic
3027 1666 3163 1706 vero
3182 1651 3622 1706 retributionem
3647 1653 3826 1706 bono-

2170 1757 2300 1796 rum
2324 1741 2466 1796 dicit
2479 1757 2606 1796 esse
2617 1743 2971 1810 vitam:et,ne
2984 1739 3118 1810 quis
3136 1741 3396 1795 crederet
3413 1739 3821 1811 temporalem,

2169 1830 2386 1899 adjecit
2414 1833 2704 1886 zternam.
2737 1831 2872 1895 Quae
2903 1828 2980 1884 sit
3028 1828 3149 1882 vita
3175 1832 3412 1894 aeterna,
3445 1829 3733 1883 Dominus
3765 1828 3822 1882 in

2173 1917 2482 1990 Evangelio
2525 1918 2879 1984 manifestat,
2921 1917 3124 1972 dicens
3155 1931 3169 1972 :
3200 1917 3329 1973 Haec
3357 1920 3437 1972 est
3464 1918 3578 1972 vita
3619 1926 3827 1972 κίεν-πα

2172 2016 2233 2063 ut
2261 2014 2582 2077 cognoscant
2609 2014 2657 2062 te
2685 2022 2874 2062 verum
2901 2006 3091 2075 Deum,
3123 2009 3234 2061 etc.
3265 2007 3452 2077 (Joan.
3483 2021 3620 2073 xvn,
3653 2003 3732 2071 3).

2245 2096 2584 2168 Stipendium
2614 2096 2762 2167 (227)
2792 2096 2940 2150 enim
2963 2096 3178 2166 peccati
3190 2109 3358 2150 mors.
3393 2094 3766 2165 Stipendium
3792 2111 3827 2150 a

2174 2185 2373 2257 stipite
2411 2184 2644 2239 dicitur.
2681 2184 2852 2255 Apud
2903 2181 3175 2254 antiquos
3225 2182 3380 2238 enim
3427 2181 3674 2254 pecunia
3707 2199 3825 2238 non

2172 2275 2647 2340 enumerabatur,
2681 2273 2782 2328 sed
2813 2273 2870 2328 in
2924 2271 3124 2343 stipite
3153 2271 3634 2343 appendebatur;
3667 2271 3828 2326 mili-

2173 2367 2261 2418 tes
2291 2379 2427 2434 ergo
2449 2366 2634 2429 erant,
2661 2361 2761 2433 qui
2784 2361 3148 2433 stipendium
3172 2359 3537 2432 accipiebant
3560 2385 3574 2426 ;
3608 2359 3828 2432 quibus

2174 2467 2289 2506 non
2321 2456 2442 2506 tam
2490 2451 2741 2506 dabatur
2772 2449 3038 2521 pecunia,
3073 2465 3251 2521 quam
3284 2463 3508 2505 merces
3539 2449 3826 2506 reddeba-

2174 2545 2290 2595 tur.
2325 2539 2668 2611 Quicunque
2699 2539 2878 2611 igitur
2927 2543 3167 2610 peccato
3199 2536 3477 2604 militant,
3511 2538 3682 2609 quasi
3716 2537 3829 2593 sti-

2170 2629 2449 2700 pendium
2476 2627 2591 2684 illis
2623 2644 2780 2683 mors
2811 2628 3001 2682 datur.

2246 2718 2435 2773 Gratia
2465 2721 2647 2772 autem
2666 2718 2765 2772 Dei
2791 2719 2908 2772 vita
2931 2724 3160 2773 aeterna.
3181 2716 3327 2783 Quia
3347 2716 3592 2786 dixerat,
3615 2717 3827 2786 stipen-

2167 2807 2322 2861 dium
2364 2808 2600 2878 peccati,
2649 2821 2844 2870 mors;
2891 2820 3257 2876 consequens
3305 2810 3430 2861 erat
3478 2810 3544 2860 ut
3579 2804 3824 2874 diceret,

2169 2895 2532 2967 stipendium
2557 2895 2830 2965 justitize,
2863 2893 2984 2949 vita
3012 2898 3248 2950 aeterna.
3280 2894 3476 2949 Noluit
3500 2899 3728 2961 tamen,
3753 2908 3827 2948 ne

2167 2985 2532 3040 occasionem
2583 2985 2750 3039 daret
2818 2983 3299 3055 reprehendendi.
3351 2982 3467 3038 Cur
3526 2999 3664 3055 ergo
3717 2983 3825 3045 ait.

2165 3075 2349 3145 gratia
2380 3075 2496 3140 Dei,
2531 3074 2642 3128 vita
2666 3076 2880 3130 aeterna
2906 3075 2932 3126 .9
2956 3071 3178 3127 scilicet
3223 3076 3290 3127 ut
3319 3071 3650 3127 ostenderet
3681 3070 3828 3144 quia

2166 3162 2320 3218 bona
2349 3167 2708 3232 sanctorum,
2741 3178 2857 3216 non
2887 3160 3152 3233 ipsorum
3188 3164 3347 3228 sunt,
3372 3160 3474 3215 sed
3506 3159 3608 3215 Dei
3635 3177 3670 3216 a
3703 3174 3829 3232 quo

407 3246 1090 3319 prmteritorum'suorum
1105 3251 1393 3307 malorum
1406 3231 1643 3307 actuum
1658 3231 2057 3307 recordatione
2085 3231 2129 3298 C
2167 3251 2716 3317 dantur.Quotiescu
2727 3266 2881 3321 nque
2892 3231 3048 3305 enim
3063 3249 3217 3305 Deus
3229 3248 3442 3305 electos
3456 3231 3827 3315 remunerat,

410 3336 937 3394 confundebantur.
971 3341 1050 3394 Ac
1079 3340 1130 3396 si
1161 3341 1412 3396 diceret:
1448 3340 1507 3396 Si
1538 3340 1768 3396 nullum
1801 3342 2056 3395 fructum

411 3424 706 3480 habuistis
735 3431 874 3482 tunc
903 3427 964 3482 in
998 3427 1138 3493 illis,
1165 3429 1223 3483 in
1253 3429 1470 3500 quibus
1501 3446 1659 3484 nunc
1689 3429 2055 3496 erubescitis,

411 3513 895 3585 quarejactantite
916 3515 1043 3570 vitae
1066 3521 1263 3572 vestrae
1284 3519 1496 3572 ﬂuctus
1520 3518 1576 3572 in
1599 3517 1784 3572 altum
1808 3517 2054 3589 erigitis,

412 3618 549 3658 cum
572 3603 631 3658 in
661 3604 1096 3677 vobismetipsis
1124 3607 1466 3678 frangamur
1482 3607 1508 3660 ‘l
1534 3609 1760 3672 Quanto
1778 3607 1935 3662 enim
1956 3623 2058 3662 vos

411 3693 613 3748 eadem
645 3694 932 3766 superbos
961 3699 1020 3749 et
1046 3695 1230 3750 elatos
1260 3694 1450 3767 erigit,
1474 3700 1637 3750 tanto
1669 3695 1925 3750 humiles
1956 3697 2056 3750 de—

398 3783 709 3854 jectosque
740 3783 948 3838 reddit.
982 3783 1052 3838 Et
1082 3785 1407 3839 notandum
1439 3784 1578 3854 quia
1607 3785 1834 3839 fructus
1861 3783 1919 3838 in
1952 3784 2056 3838 bo-

405 3887 482 3926 no
506 3875 564 3926 et
594 3871 745 3927 malo
789 3872 1044 3944 ponitur.
1081 3872 1242 3929 Unde
1271 3873 1558 3928 Dominus
1604 3873 1664 3928 in
1699 3871 2005 3944 Evangelia
2039 3890 2054 3928 :

405 3965 528 4020 Non
580 3965 755 4033 potest
803 3962 969 4018 arbor
1023 3962 1162 4018 bona
1203 3966 1415 4035 fructus
1463 3964 1640 4018 malos
1685 3965 1895 4033 facere,
1943 3967 2053 4017 etc.

405 4050 616 4123 (latth.
648 4068 746 4119 vn,
782 4053 888 4125 18).

480 4141 619 4196 Nam
639 4142 769 4212 ﬁnis
788 4143 1020 4199 illorum
1041 4159 1188 4199 mors
1206 4148 1302 4199 est.
1337 4143 1536 4199 Finem
1565 4143 1706 4198 dicit
1729 4142 2055 4197 mercedem

405 4235 464 4286 et
474 4229 916 4286 retributionem
935 4250 948 4299 ;
964 4231 1100 4286 ﬁnis
1119 4231 1317 4302 itaque
1329 4232 1616 4286 malorum
1631 4247 1872 4302 operum
1895 4246 2054 4285 mors

406 4323 512 4385 est,
543 4317 681 4389 quia
727 4325 965 4390 peccata
1011 4324 1418 4375 consummata
1467 4324 1750 4391 generant
1782 4324 2050 4374 mortem.

401 4405 628 4462 Aliter:
663 4408 797 4463 finis
847 4407 1138 4463 malorum
1193 4424 1456 4478 operum,
1490 4407 1548 4462 id
1597 4413 1707 4473 est,
1759 4409 2052 4463 terminus

403 4510 562 4551 mors
592 4500 681 4551 est
718 4497 840 4568 sed,
875 4497 934 4551 in
984 4496 1334 4567 baptismate
1369 4522 1381 4553 :
1414 4495 1751 4568 quicunque
1800 4497 1957 4552 enim
1991 4499 2050 4553 in

2167 3357 2277 3397 sua
2305 3340 2364 3396 in
2387 3341 2470 3396 eis
2492 3341 2645 3395 dona
2665 3342 3022 3408 remunerat,
3045 3339 3184 3410 quia
3207 3338 3334 3409 ipse
3354 3338 3438 3394 eis
3459 3338 3620 3393 dedit
3638 3337 3832 3406 bona,

2171 3445 2273 3500 pro
2306 3429 2523 3500 quibus
2555 3431 3024 3483 remunerentur.
3057 3431 3125 3482 In
3171 3425 3391 3482 Christo
3436 3429 3564 3482 Iesu
3590 3427 3834 3481 Domino

2167 3522 2369 3573 nostro.
2402 3516 2735 3572 Notandum
2769 3516 2907 3588 quia
2957 3516 3297 3586 frequenter
3321 3513 3635 3586 Apostolus
3669 3514 3838 3570 hanc

2168 3607 2494 3662 clausulam
2518 3621 2637 3661 suae
2662 3604 3070 3675 narrationi,et
3085 3604 3337 3659 maxime
3354 3603 3414 3658 in
3436 3603 3546 3658 hac
3564 3603 3842 3676 Epistola

2167 3694 2496 3767 subjungit,
2528 3694 2727 3749 volens
2775 3693 3102 3758 ostendere,
3133 3691 3274 3764 quia
3302 3706 3406 3764 per
3434 3691 3742 3748 Christum
3777 3697 3842 3748 et

2165 3785 2354 3841 Patris
2385 3783 2638 3856 cognitio
2669 3785 2862 3855 datur,
2895 3788 2952 3839 et
3002 3783 3263 3838 humano
3294 3781 3489 3854 generi
3521 3781 3688 3837 salus
3725 3782 3836 3837 ad-

2166 3872 2554 3928 ministratur.

2237 3964 2390 4033 (CAP.
2423 3961 2570 4031 VII.)
2601 3961 2750 4032 (228)
2783 3961 2986 4032 Igitur,
3022 3960 3161 4032 quia
3210 3960 3436 4016 dixerat
3463 3975 3528 4016 se
3557 3975 3838 4032 suosque

2165 4052 2459 4122 adjutores
2472 4066 2584 4105 non
2599 4065 2728 4104 esse
2740 4049 2850 4104 sub
2863 4047 2992 4121 lege
3003 4054 3242 4120 propter
3252 4048 3406 4121 quod
3419 4052 3477 4104 et
3488 4047 3833 4120 plurimum

2163 4140 2504 4212 disputavit,
2539 4141 2605 4193 ut
2634 4137 2743 4192 hoc
2788 4137 3046 4209 apertius
3077 4137 3427 4207 ostenderet,
3459 4137 3786 4208 subjunxit
3819 4155 3835 4193 :

2164 4230 2248 4284 An
2279 4229 2564 4298 ignoratis,
2588 4227 2843 4296 fratres?
2869 4226 3176 4298 Tanquam
3208 4225 3423 4282 diceret
3452 4243 3466 4281 :
3501 4241 3618 4281 non
3647 4226 3836 4299 igno-

2164 4317 2328 4373 ratis.
2362 4317 2512 4385 (229)
2534 4315 2650 4370 Cur
2675 4320 2868 4370 autem
2893 4331 3010 4370 non
3036 4315 3373 4387 ignorarent
3399 4314 3839 4381 ostendit,cum

2164 4406 2362 4462 subdit
2383 4423 2396 4461 :
2415 4406 2716 4460 scientibus
2732 4405 2882 4459 enim
2901 4404 3073 4475 legem
3097 4404 3422 4476 lo‘quor.Ubi
3437 4405 3716 4475 quierend
3729 4421 3838 4460 um

2163 4498 2271 4564 est,
2303 4495 2596 4566 quomodo
2619 4509 2682 4548 se
2702 4492 3028 4548 scientibus
3048 4492 3238 4564 legem
3261 4492 3421 4563 loqui
3443 4492 3837 4559 dixerit,cum

404 4585 757 4656 baptismate
788 4585 958 4659 aquis
1008 4585 1270 4642 immersi
1322 4585 1654 4640 moriuntur
1701 4592 1758 4640 et
1786 4602 1854 4641 ex
1883 4587 2054 4659 aquis
2087 4601 2134 4666 Ι)
2167 4582 2446 4638 Romanis
2466 4582 2806 4653 loqueretur
2829 4598 2842 4647 ;
2865 4596 2980 4635 non
3003 4580 3158 4636 enim
3182 4581 3778 4648 Romani,sedJudaai
3805 4599 3841 4637 a

411 4681 820 4744 renascuntur,
841 4680 1208 4747 peccatorum
1232 4689 1475 4729 suorum
1497 4673 1902 4729 remissionem
1925 4692 2060 4730 con-

414 4769 762 4835 sequuntur.
800 4768 885 4829 Et,
919 4763 1186 4835 quamvis
1233 4764 1327 4819 hic
1375 4779 1587 4819 sensus
1634 4779 1929 4836 congruus
1961 4764 2056 4833 sit,

416 4852 748 4924 praecedens
781 4857 977 4908 tamen
1002 4853 1416 4925 congruentior
1444 4856 1568 4919 est;
1601 4869 1737 4906 nam
1757 4869 1890 4908 mox
1920 4853 2060 4908 sub-

383 4942 574 5007 ditur
605 4958 618 4998 :
652 4943 808 4998 Nunc
853 4949 1036 4996 autem
1082 4942 1227 5012 (225)
1277 4942 1500 4998 liberati
1546 4957 1581 4996 a
1624 4950 1866 5013 peccato,
1913 4943 2062 4998 servi

408 5039 597 5089 autem
623 5033 761 5104 facti
791 5036 922 5101 Deo,
966 5029 1173 5086 habetis
1202 5033 1443 5102 fructum
1490 5035 1727 5087 vestrum
1767 5033 1825 5086 in
1855 5033 2058 5087 sancti-

403 5124 755 5195 ﬁcationem;
786 5121 952 5192 ﬁnem
977 5137 1107 5175 varo
1136 5123 1308 5176 vitam
1339 5129 1636 5177 ceternam.
1670 5121 1852 5176 Paulo
1886 5137 2058 5191 supe-

477 5229 626 5302 (223)
657 5225 829 5300 Vulg.
862 5227 1237 5284 Immunditia:
1263 5231 1316 5282 et
1364 5226 1652 5297 iniquitati
1695 5226 1765 5280 ad
1795 5227 2058 5297 iniquita-

404 5307 530 5355 tem.

481 5372 628 5441 (224)
664 5369 950 5443 Ιῐινιιυῐοες.
995 5371 1234 5426 verbum
1283 5369 1439 5443 istud
1471 5366 1883 5437 compendiose
1913 5366 2056 5422 scri-

413 5447 578 5514 ptum
599 5439 706 5512 est,
727 5442 805 5496 ita
820 5439 1025 5512 chllit.
1043 5443 1262 5514 Sensus
1285 5439 1523 5510 quidem
1541 5443 1660 5492 tam
1679 5454 1858 5514 unum
1879 5455 2055 5514 quam

412 5509 591 5584 aliud,
625 5509 829 5586 idest,
855 5523 970 5568 tam
1002 5509 1498 5584 praecellit,’quam
1516 5509 2059 5586 percellilindicare

411 5581 620 5656 potest,
656 5581 1126 5658 atqueiutro'que
1173 5581 1485 5658 contentus
1535 5598 1699 5648 csse;
1734 5581 1845 5636 nisi
1878 5582 2057 5658 quod,

406 5653 536 5736 cum
565 5653 987 5736 regatverbum
1012 5653 1323 5736 libertatem
1341 5653 1410 5736 in
1449 5658 1670 5736 quarto.
1693 5669 1852 5736 casu,
1884 5653 2057 5708 alicui

409 5729 556 5795 forte
587 5724 948 5799 probabilius
977 5726 1288 5800 videbitur,
1301 5730 1360 5783 et
1375 5724 1562 5785 satius
1592 5724 1916 5798 intelligere
1931 5741 2058 5798 per-

2172 4672 2289 4728 Deo
2321 4671 2507 4742 legem
2536 4673 2905 4740 acceperunt.
2928 4669 3054 4725 Non
3085 4674 3282 4725 tamen
3311 4671 3676 4726 contrarium
3714 4675 3838 4738 est,

2170 4761 2312 4832 quia
2341 4758 2589 4815 Romani
2617 4759 2742 4830 jam
2768 4758 2948 4814 Graeci
2972 4762 3140 4814 erant
3168 4762 3226 4814 et
3255 4759 3328 4814 ab
3357 4759 3841 4816 Atheniensibus

2170 4848 2359 4921 legem
2379 4847 2893 4919 acceperant.Quid
2916 4851 3113 4902 autem
3146 4846 3232 4902 eis
3262 4845 3600 4919 loqueretur
3619 4852 3842 4904 osten-

2169 4937 2818 5010 dit,subjungens:Quia
2837 4937 3004 4992 lexin
3028 4935 3251 4992 homine
3266 4935 3602 5005 dominatur,
3611 4941 3845 5008 quanto

2169 5035 2410 5099 tempore
2444 5028 2600 5082 vivit.
2634 5029 2698 5080 In
2748 5041 2864 5095 quo
2915 5025 3242 5081 notandum
3290 5025 3448 5097 quia,
3482 5041 3613 5081 cum
3647 5026 3843 5098 dixit,

2167 5118 2324 5185 vivit,
2341 5113 2705 5185 subintelligi
2728 5113 2928 5185 voluit,
2938 5115 3298 5185 peccato.Lex
3313 5115 3469 5171 enim
3492 5113 3550 5168 in
3577 5113 3848 5171 homine

2169 5221 2527 5294 cellit,quod
2558 5224 2832 5294 quartum
2854 5237 3089 5293 semper
3115 5236 3319 5277 casum
3349 5220 3847 5294 exposcit,quam

2167 5291 2467 5367 praecellit,
2488 5291 2642 5367 quod
2673 5291 2928 5348 tertium.

2241 5364 2388 5436 (225)
2418 5363 2590 5436 Vulg.
2617 5377 2761 5419 vero.

2242 5433 2390 5506 (226)
2425 5435 2485 5489 In
2541 5433 2762 5506 autog.,
2814 5438 2946 5507 post
2988 5434 3234 5507 verbum
3282 5433 3436 5507 dicit,
3467 5435 3850 5507 compendio

2171 5507 2251 5562 ita
2283 5505 2538 5562 scriptus
2571 5510 2659 5560 est
2687 5505 2878 5561 textus
2903 5506 3012 5562 iste
3042 5505 3102 5562 h.
3131 5505 3170 5560 f.
3201 5523 3258 5560 u.
3293 5505 3335 5560 i.
3368 5522 3416 5562 s.

2259 5579 2385 5650 227)
2409 5578 2585 5650 Vulg.
2617 5579 2912 5650 stipendia.

2261 5649 2387 5721 228)
2418 5649 2586 5721 Vulg.
2621 5666 2671 5721 c.
2688 5649 2823 5705 ’VIl.

2260 5717 2388 5794 229)
2420 5717 2622 5794 Autog.
2656 5719 2716 5778 in
2745 5734 2929 5794 marg.
2963 5736 3014 5777 c.
3048 5717 3222 5775 XVII.

2239 5580 2256 5793 ἓ
