4080 6174
395 278 514 340 195
1412 267 1750 332 ATTONIS
1797 265 2381 329 VERGELLENSIS
2426 262 2778 329 EPISCOPI
3687 271 3806 334 196

397 428 510 468 non
542 413 781 468 invenio.
814 409 1150 465 Notandum
1180 406 1320 479 quia
1365 421 1480 460 non
1519 403 1619 470 ait,
1674 403 1881 466 facere,
1939 399 2041 455 sed
2073 401 2126 468 Α
2159 402 2344 454 autem
2373 401 2620 456 scientiae
2649 399 2777 454 boni
2803 403 2854 455 et
2881 400 3020 455 mali
3045 415 3157 456 non
3203 401 3505 457 comedent
3551 402 3706 473 (Gen.
3743 421 3809 472 ιι,

399 502 676 573 perﬁcere
705 498 872 571 quasi
905 499 1124 554 diceret
1153 513 1166 551 :
1205 496 1430 565 adjacet
1462 491 1626 562 velle,
1680 492 1736 546 id
1769 487 2039 559 est,uolle
2151 489 2239 557 16,
2278 489 2366 558 17)
2401 506 2413 554 ;
2448 494 2590 543 tunc
2627 488 2783 543 enim
2815 488 2987 554 coepit
3016 505 3146 544 esse
3175 488 3288 545 iste
3328 490 3656 548 conﬂictus.
3690 492 3814 548 Cur

395 589 839 661 concupiscere;
859 588 1086 658 adjacet
1117 584 1320 650 facere,
1347 581 1404 637 id
1435 577 2039 650 est,concupiscentiis
2149 581 2346 632 autem
2376 576 2478 631 illa
2509 576 2680 643 mala,
2724 577 2780 630 id
2811 583 2922 644 est,
2953 578 3356 634 membrorum
3377 585 3434 635 et
3466 581 3689 652 peccati
3717 581 3815 638 lex

391 677 796 743 resistere,sed
820 693 932 730 non
966 675 1192 744 adjacet
1222 670 1580 744 perficere,id
1611 673 1717 734 est,
1744 667 1870 722 sine
1900 681 2037 720 con-
2148 666 2364 721 dicitur
2389 665 2417 723 ‘I
2447 665 2593 729 Quia
2621 666 2878 738 legitime
2909 666 3127 722 factum
3175 671 3265 722 est
3294 672 3378 735 ut,
3438 668 3666 725 homini
3702 671 3812 742 qui

401 765 780 838 cupiscentiis
802 780 948 819 esse.
981 762 1096 816 Cur
1131 777 1266 832 ergo
1299 760 1406 815 hoc
1437 759 1784 822 mandatum
1815 759 1905 810 est
1933 755 2036 809 da-
2149 753 2336 809 noluit
2365 755 2600 810 obedire
2632 754 2745 809 Deo
2771 771 3020 820 suo,non
3052 755 3316 811 obediret
3348 773 3481 813 caro
3503 758 3815 830 ipsius.Ex

394 859 556 924 tum,
591 856 639 912 si
672 852 868 926 perﬁci
900 867 1016 906 non
1044 849 1287 922 potest?
1317 849 1482 918 Quia,
1517 847 1624 902 etsi
1658 846 1717 900 in
1774 844 1882 899 hac
1921 843 2039 898 vita
2149 859 2318 913 poena
2349 843 2565 915 quippe
2599 842 2816 914 peccati
2845 844 3243 900 descendit.Et
3271 850 3362 900 est
3389 862 3602 902 sensus
3627 863 3640 901 :
3663 846 3812 902 Cen-

399 943 530 1002 sine
562 939 1034 1014 concupiscentia
1056 939 1244 994 vivere
1265 954 1379 993 non
1404 951 1742 1009 possumus:
1761 933 2038 1002 Quoniam
2146 931 2380 987 delector
2409 947 2558 987 enim
2589 931 2698 1002 legi
2721 932 2820 986 Dei
2845 932 3143 988 secundum
3173 935 3499 990 interiorem
3529 934 3816 992 hominem

385 1047 581 1102 corpus
606 1030 745 1102 quod
773 1029 1167 1098 corrumpitur,
1199 1029 1467 1098 aggravat
1497 1025 1824 1091 animam,et
1847 1021 2033 1092 depri-
2145 1020 2293 1092 (251)
2323 1018 2700 1076 Condelector
2726 1019 2838 1093 legi
2871 1019 2969 1076 Dei
3002 1022 3328 1077 secundum
3381 1018 3709 1092 hominem,
3746 1024 3810 1081 id

382 1122 488 1175 mit
533 1125 752 1176 terrena
808 1117 1134 1173 inhabitatio
1187 1132 1407 1172 sensum
1474 1113 1652 1168 multa
1709 1112 2036 1182 cogitantem
2143 1112 2254 1177 est,
2287 1109 2419 1165 nolo
2449 1108 2876 1181 concupiscere.
2916 1109 3071 1166 Video
3101 1119 3287 1166 autem
3314 1109 3497 1167 aliam
3535 1113 3716 1182 legem
3745 1114 3812 1170 in

383 1210 537 1280 (Sap.
571 1225 649 1271 1x,
685 1207 793 1278 14),
823 1204 1159 1278 perficietur
1185 1209 1383 1260 tamen
1417 1204 1474 1258 in
1509 1204 1730 1264 futuro,
1761 1215 1897 1256 cum
1929 1197 2034 1254 eri-
2142 1199 2408 1255 membris
2437 1200 2592 1266 meis,
2627 1206 3022 1268 repugnantem
3052 1200 3162 1270 legi
3207 1203 3406 1256 mentis
3433 1217 3594 1268 meae,
3627 1207 3680 1258 et
3710 1219 3812 1260 ca-

384 1312 518 1352 mus
549 1296 664 1352 Deo
698 1299 755 1349 et
784 1293 1006 1366 angelis
1052 1291 1285 1348 sociati.
1348 1290 1418 1347 Ut
1447 1295 1643 1346 autem
1701 1287 2035 1344 ostenderet
2136 1288 2438 1357 ptivantem
2494 1303 2585 1342 me
2613 1289 2674 1342 in
2713 1289 2828 1358 lege
2852 1288 3078 1358 peccati,
3112 1303 3240 1360 qua
3283 1293 3361 1345 est
3417 1291 3478 1345 in
3528 1293 3807 1348 membri;

389 1384 683 1456 quomodo
743 1383 1016 1455 perficere
1072 1397 1186 1436 non
1247 1379 1551 1440 inveniret.
1611 1376 1826 1448 adjecit
1868 1393 1882 1431 :
1917 1376 2034 1430 Non
2141 1378 2295 1444 meis,
2329 1375 2386 1430 id
2418 1380 2527 1442 est,
2559 1380 2772 1432 coactus
2793 1377 2940 1448 (252)
2971 1378 3342 1449 concupisco.
3383 1379 3793 1452 Captivantem

385 1475 536 1530 enim
567 1471 705 1544 quod
734 1471 850 1526 volo
869 1470 1088 1536 bonum,
1119 1470 1217 1524 hoc
1245 1484 1344 1539 ago
1373 1467 1468 1523 sed
1499 1465 1639 1538 quod
1666 1465 1792 1519 nolo
1820 1464 2032 1518 malum
2142 1463 2305 1533 dicit,
2339 1463 2632 1534 captivare
2664 1463 2980 1531 volentem,
3014 1465 3100 1521 vel
3133 1471 3285 1522 certe
3332 1467 3404 1522 ad
3451 1469 3805 1525 exteriorem

388 1562 486 1618 hoc
509 1559 976 1632 facio.Sed,quod
1001 1562 1090 1613 est
1120 1556 1340 1612 malum
1373 1555 1528 1627 quod
1561 1553 1764 1610 nolens
1786 1551 2032 1625 agebat?
2140 1551 2440 1608 hominem
2475 1553 2744 1620 refertur,
2772 1553 2872 1625 qui
2905 1553 3165 1625 quotidie
3188 1557 3607 1628 corrumpitur.
3640 1563 3710 1612 In
3732 1574 3804 1614 eo

382 1650 825 1721 Concupiscere.
861 1647 1022 1702 Sicut
1052 1653 1109 1702 et
1141 1648 1381 1712 bonum,
1417 1644 1572 1716 quod
1602 1641 1802 1698 volens
1857 1655 2030 1712 agere
2142 1655 2282 1695 sane
2315 1641 2469 1711 quod
2502 1641 2675 1697 homo
2709 1642 3032 1698 secundum
3093 1642 3429 1700 interiorem
3488 1645 3802 1703 hominem

382 1756 497 1794 non
529 1741 866 1810 poterat,est
895 1737 1020 1791 sine
1051 1732 1523 1806 concupiscentia
1552 1730 1870 1787 esse.Unde
1893 1729 2026 1783 bea-
2058 1773 2107 1838 Β
2139 1728 2252 1800 legi
2288 1729 2389 1785 Dei
2420 1730 2873 1801 condelectatur,
2901 1747 3115 1803 magna
3146 1731 3242 1787 Dei
3277 1732 3576 1790 miseratio
3599 1741 3802 1792 osten-

384 1833 392 1838 .
514 1833 523 1838 .
709 1825 744 1838 ιι
944 1826 978 1838 Α
1085 1825 1098 1838 -
1214 1822 1226 1838 ι
1383 1821 1397 1838 1
1558 1820 1661 1838 ιη
1705 1835 1799 1838 ___
1837 1818 1888 1838 ε,
1923 1820 2001 1838 --ι
2144 1817 2296 1838 μη
2333 1835 2342 1838 _
2386 1819 2626 1838 ,ηιηςη
3636 1823 3673 1838 ι.

379 1833 476 1883 tus
495 1825 866 1898 Augustinus
895 1842 907 1880 :
940 1825 1102 1890 Quod
1136 1822 1266 1878 nolo
1287 1821 1529 1889 malum,
1558 1820 1668 1875 hoc
1699 1818 1893 1890 ago,id
1916 1820 2024 1884 est,
2058 1817 2107 1838 υ
2137 1817 2299 1873 ditur
2332 1835 2345 1885 ;
2379 1819 2631 1874 exterior
2659 1819 2814 1876 enim
2849 1819 3022 1876 homo
3055 1821 3316 1890 quotidie
3353 1823 3801 1896 corrumpitur;

378 1915 725 1986 concupisco
759 1939 772 1982 ;
805 1915 906 1970 sed
945 1929 1060 1969 non
1091 1913 1313 1980 vincor,
1348 1911 1489 1982 quia
1519 1908 1687 1964 malae
1719 1907 2024 1978 concupis-
2137 1905 2383 1961 interior
2411 1923 2544 1962 vero
2574 1906 2770 1962 divina
2801 1908 3173 1964 miseratione
3208 1909 3529 1982 inspiratus
3558 1913 3804 1984 proﬁcit

377 2002 469 2058 tite
500 2019 616 2057 non
643 2002 918 2059 assentio.
955 2003 1111 2058 Idem
1160 2017 1292 2057 vero
1350 2001 1410 2055 B:
1449 1997 1809 2069 Augustinus
1861 1995 2022 2063 dicit,
2137 1999 2194 2048 et
2226 1995 2540 2051 innovatur
2569 1996 2639 2051 de
2669 1995 2762 2051 die
2782 1996 2841 2051 in
2873 1997 3049 2052 diem.

381 2091 522 2162 quia
553 2089 774 2145 malum
807 2090 962 2160 quod
994 2105 1165 2161 agere
1223 2086 1458 2143 nolebat
1505 2093 1561 2141 et
1589 2087 1815 2158 agebat,
1843 2082 2024 2138 libido
2211 2084 2419 2154 Infelix
2448 2101 2546 2153 ego
2597 2084 2752 2140 homo
2785 2090 2804 2138 !
2834 2084 2980 2152 Quia
3036 2086 3262 2143 viderat
3315 2089 3628 2161 Apostolus
3685 2091 3797 2148 hoc

380 2179 615 2234 erat.Do
647 2195 760 2250 quo
793 2178 947 2233 malo
969 2177 1106 2232 alibi
1130 2177 1276 2233 dicit
1309 2193 1322 2231 :
1357 2177 1528 2231 Datus
1557 2183 1632 2231 est
1662 2175 1800 2229 mihi
1827 2175 2024 2228 stimu-
2137 2171 2356 2226 bellum
2384 2171 2496 2226 sibi
2524 2173 2735 2243 inesse,
2768 2189 3033 2244 querens
3063 2175 3615 2249 refugium,nullum
3647 2179 3708 2234 in
3729 2197 3797 2235 se

377 2269 461 2322 lus
491 2269 678 2322 carnis
706 2281 864 2336 meae,
918 2267 1146 2337 angelus
1187 2265 1431 2332 Satanw,
1462 2265 1559 2336 qui
1612 2279 1699 2317 me
1725 2263 2026 2332 colaphizet
2137 2261 2390 2331 reperire
2422 2261 2610 2332 potuit
2643 2279 2656 2328 ;
2691 2261 2941 2334 ideoque
2997 2263 3348 2321 exclamavit
3379 2281 3392 2320 :
3425 2267 3632 2338 Infelix
3687 2283 3794 2339 ego

381 2356 455 2426 (11
487 2356 607 2411 Cor.
637 2373 740 2422 xu,
771 2355 848 2426 7).
885 2353 1214 2409 Libidinem
1247 2354 1464 2425 quippe
1495 2352 1620 2407 suis
1654 2349 1873 2405 viribus
1898 2350 2023 2404 vin-
2137 2349 2338 2404 homo!
2370 2348 2665 2404 Infelicem
2697 2367 2758 2405 se
2783 2350 2944 2419 dicit,
2978 2357 3216 2424 propter
3245 2353 3437 2409 carnis
3498 2354 3784 2428 fragilita-

377 2461 507 2500 cere
537 2443 916 2510 volebat;sed
951 2442 1087 2514 quia
1118 2459 1234 2498 non
1266 2440 1700 2514 potuit,idcirco
1737 2439 2024 2496 exclama-
2135 2443 2274 2508 tem,
2308 2437 2366 2492 in
2399 2454 2516 2510 qua
2547 2454 2810 2509 manens,
2834 2438 3010 2494 etiam
3044 2441 3248 2497 nolens
3303 2443 3786 2516 concupiscebat.

372 2533 454 2588 vit
486 2550 498 2587 :
528 2549 639 2588 non
668 2535 820 2588 enim
846 2531 986 2603 quod
1013 2532 1130 2588 volo
1162 2531 1381 2598 bonum,
1415 2535 1527 2585 etc.
2133 2527 2405 2592 Sed,cum
2428 2543 2632 2582 omnes
2653 2529 3002 2596 moriantur,
3019 2533 3140 2585 tam
3168 2531 3304 2586 boni
3323 2548 3501 2603 quam
3532 2537 3592 2588 et
3623 2533 3794 2602 mali,

448 2622 508 2677 Si
536 2626 719 2677 autem
748 2621 887 2692 quod
915 2625 1040 2676 noto
1067 2619 1216 2675 illud
1240 2621 1383 2691 facio
1415 2619 1472 2675 id
1501 2623 1580 2674 est
1617 2626 1837 2674 coactus
1875 2615 2022 2687 (250)
2133 2615 2214 2686 pii
2235 2620 2293 2670 et
2321 2615 2671 2687 impii,quod
2699 2617 3346 2674 manifestatextremus
3367 2621 3494 2676 dies
3519 2621 3790 2690 illorum;

375 2713 696 2782 concupisco
730 2711 881 2782 gjam
910 2726 1021 2765 non
1050 2725 1144 2779 ego
1184 2725 1376 2780 operor
1439 2708 1600 2762 illud.
1661 2706 1823 2771 Quod
1883 2705 2024 2760 dicit
2131 2703 2272 2774 quid
2303 2702 2414 2758 sibi
2446 2701 2570 2757 vult
2597 2703 2750 2774 quod
2781 2703 3096 2776 Apostolus
3120 2705 3340 2763 subdit:
3379 2707 3512 2774 Quis
3542 2723 3626 2763 me
3647 2709 3798 2764 libe-

367 2800 490 2870 jam
523 2799 792 2870 superius
821 2798 1226 2870 accipiendum
1258 2795 1600 2867 est.thuia
1629 2798 1853 2866 poterat
1883 2792 2018 2848 dici:
2131 2791 2278 2847 rabit
2320 2791 2386 2847 de
2439 2807 2666 2858 corpore
2718 2795 2909 2848 mortis
2961 2793 3122 2865 hujus
3150 2795 3178 2850 ?
3211 2795 3276 2850 Et
3329 2795 3440 2851 hoc
3503 2813 3609 2868 pro
3649 2813 3782 2852 ma-

377 2889 511 2960 quis
542 2905 676 2960 ergo
709 2892 984 2960 operatur
1010 2877 1358 2957 ?subjunxit
1391 2903 1403 2942 :
1437 2883 1698 2956 sed,quod
1729 2885 1940 2938 habitat
1962 2884 2023 2936 in
2130 2896 2244 2952 gno
2273 2881 2421 2951 (253)
2452 2881 2650 2951 gratiae
2683 2880 2779 2936 Dei
2815 2882 3036 2937 tribuit.
3082 2883 3193 2938 Sed
3252 2885 3576 2940 notandum
3635 2885 3791 2956 quia

373 2993 480 3043 me,
508 2985 813 3049 peccatum,
844 2975 901 3031 id
930 2979 1039 3046 est,
1073 2976 1264 3031 carnis
1316 2973 1601 3046 fragilitas
1634 2998 1648 3041 ;
1681 2973 1833 3028 hanc
1863 2970 2020 3026 enim
2130 2986 2245 3024 non
2280 2969 2361 3025 ait
2389 2974 2644 3035 tantum,
2665 2969 2730 3025 de
2755 2985 2976 3040 corpore
3011 2973 3207 3027 mortis
3263 2988 3465 3028 verum
3526 2974 3788 3042 addidit,

374 3065 556 3123 voluit
585 3066 805 3138 peccati
837 3065 1072 3121 nomine
1103 3063 1419 3136 designari.
2129 3058 2312 3130 hujus.
2347 3057 2482 3112 Mali
2514 3059 2809 3128 enim,etsi
2840 3059 3161 3115 liberentur
3190 3060 3264 3117 de
3297 3077 3538 3134 corpore
3568 3063 3790 3119 mortis

454 3155 601 3222 Quid
632 3171 766 3210 vero
792 3158 880 3210 est
909 3155 1062 3226 quod
1098 3153 1412 3225 Apostolus
1444 3168 1599 3206 nunc
1630 3165 1693 3206 se
1723 3166 1839 3204 non
1881 3164 2013 3219 ope-
2046 3139 2089 3206 C
2127 3147 2324 3218 hujus,
2356 3153 2550 3203 tamen
2583 3152 2944 3204 revertentur
2973 3149 3046 3203 ad
3078 3165 3290 3221 corpus
3329 3151 3536 3206 mortis
3568 3150 3784 3222 hujus,

378 3243 517 3315 rari,
551 3261 706 3299 nunc
738 3259 800 3299 se
825 3243 1051 3316 operari
1082 3241 1244 3309 dicit,
1297 3240 1407 3296 nisi
1470 3238 1610 3312 quia
1665 3236 2018 3310 operabatur
2127 3235 2404 3307 quoniam
2419 3237 2716 3292 mortuiad
2736 3235 3091 3310 supplicium
3115 3238 3498 3308 deducentur;
3515 3256 3786 3312 cumque

375 3331 864 3404 concupiscentiis
891 3331 1216 3386 resistendo
1244 3329 1271 3384 ‘l
1301 3328 1661 3400 Operabatur
1709 3324 2018 3398 fragilitate
2127 3323 2570 3394 resurrexerint,
2610 3325 2718 3380 etsi
2765 3325 3123 3382 immortalia
3167 3343 3411 3399 corpora
3465 3328 3782 3400 recipient,

375 3437 490 3477 non
521 3421 870 3489 operabatur
911 3418 1209 3474 voluntate
1246 3436 1258 3486 ;
1290 3416 1640 3489 operabatur
1685 3430 1876 3480 carne,
1901 3429 2016 3468 non
2129 3419 2326 3468 tamen
2358 3413 2921 3486 corruptibilia,cum
2953 3415 3168 3486 quibus
3199 3417 3325 3470 sine
3357 3417 3473 3472 fine
3503 3417 3782 3473 crucien-

372 3507 728 3580 operabatur
758 3513 970 3562 mente.
2126 3508 2242 3558 tur.
2277 3501 2394 3557 Soli
2425 3518 2562 3574 ergo
2592 3501 2760 3558 electi
2790 3503 2862 3558 de
2890 3519 3129 3576 corpore
3160 3505 3364 3560 mortis
3412 3506 3594 3576 hujus
3624 3506 3794 3563 libe-

443 3599 664 3653 Invenio
695 3599 869 3664 igitur
899 3597 1091 3666 legem,
1122 3595 1328 3650 volenti
1356 3592 1498 3647 mihi
1552 3595 1738 3662 facere
1795 3591 2014 3656 bonum,
2127 3596 2353 3658 rantur,
2386 3591 2836 3662 quoniam,dum
2870 3593 3221 3664 moriuntur,
3245 3594 3316 3649 ab
3348 3593 3456 3650 hoc
3487 3595 3781 3652 conﬂictu

373 3688 638 3756 quoniam
666 3685 876 3739 malum
905 3683 1046 3738 mihi
1074 3684 1312 3754 adjacet.
1363 3681 1433 3736 Et
1459 3686 1549 3736 est
1579 3695 1790 3734 sensus
1823 3695 1836 3732 :
1872 3678 2014 3734 mihi
2127 3678 2376 3746 liberati,
2409 3679 2481 3734 ad
2511 3678 2792 3751 gaudium
2826 3685 3217 3751 transeunt,et
3248 3688 3789 3754 resurgentes,cor-

371 3772 588 3828 volenti
622 3773 806 3828 facere
838 3772 1080 3838 bonum,
1113 3769 1344 3825 invenio
1390 3767 1574 3839 legem
1635 3766 1872 3820 bonum.
1911 3771 2018 3820 Lex
2129 3783 2269 3839 pora
2298 3766 2764 3840 incorruptibilia
2792 3773 2850 3824 et
2888 3769 3244 3825 immortalia
3302 3771 3604 3842 recipient,
3639 3788 3789 3828 cum

371 3863 528 3917 enim
558 3861 782 3918 bonum
813 3864 922 3930 est,
954 3859 1094 3932 quia
1123 3859 1278 3914 bona
1307 3857 1600 3930 praedicat.
1646 3855 1755 3910 Sed
1787 3854 1892 3909 hoc
1924 3854 2017 3909 bo-
2127 3855 2342 3927 quibus
2365 3855 2492 3910 sine
2515 3856 2628 3911 fine
2654 3855 3132 3930 lmtenturJgitur
3155 3875 3336 3914 unum
3357 3859 3548 3914 solum
3571 3863 3790 3932 gratiae

370 3969 513 4007 num
544 3950 690 4008 meis
718 3949 943 4007 viribus
973 3946 1216 4020 implere
1269 3963 1386 4003 non
1416 3961 1680 4018 possum,
1737 3943 2016 4015 quoniam
2126 3945 2226 3999 Dei
2258 3945 2404 4016 (254)
2437 3945 2727 4016 refugium
2761 3945 2997 4012 invenit,
3033 3948 3280 4020 ideoque
3310 3949 3793 4020 subjunxitzgra-

372 4041 594 4098 malum
633 4039 778 4096 mihi
826 4040 1074 4109 adjacet,
1105 4037 1163 4093 id
1195 4040 1304 4104 est,
1355 4034 1546 4092 carnis
1605 4032 1890 4106 fragilitas
1943 4033 2012 4086 ad
2127 4035 2204 4089 tia
2235 4035 2334 4089 Dei
2367 4077 2380 4103 ,
2410 4051 2476 4089 ac
2510 4034 2558 4088 si
2591 4034 2806 4090 diceret
2837 4051 2850 4090 :
2887 4035 3010 4091 Non
3045 4037 3190 4092 meis
3221 4038 3462 4104 viribus,
3490 4055 3607 4094 non
3633 4055 3793 4110 meo

372 4129 587 4186 malam
638 4128 1180 4200 concupiscentiam
1231 4125 1406 4197 cogit.
1456 4125 1526 4178 Et
1581 4123 1720 4194 quia
1768 4123 2018 4177 obscura
2128 4128 2361 4188 conatu,
2393 4123 2494 4178 sed
2527 4121 2626 4178 Dei
2662 4123 3037 4179 miseratione
3067 4125 3378 4181 liberabor.
3413 4127 3478 4181 Et
3525 4126 3792 4198 pulchre

370 4223 537 4274 erant
567 4235 698 4289 quae
727 4216 1153 4286 dixerat,quasi
1185 4212 1816 4285 exponens,subjunxit
1849 4210 2017 4280 gCon-
2127 4211 2434 4282 subjungit
2465 4228 2478 4266 :
2506 4226 2606 4282 per
2632 4214 2818 4267 Jesum
2845 4211 3128 4268 Christum
3172 4215 3468 4270 Dominum
3494 4220 3789 4285 nostrum,

371 4306 607 4362 delector
629 4307 777 4360 enim
809 4305 916 4375 legi
946 4306 1065 4368 Dei,
1099 4307 1208 4358 etc.
1241 4306 1305 4355 In
1343 4301 1559 4372 quibus
1588 4298 1779 4354 verbis
1810 4304 2015 4354 notan-
2127 4298 2426 4371 quoniam,
2453 4298 2605 4354 sicut
2635 4316 2736 4371 per
2781 4317 2964 4356 unum
3012 4318 3190 4373 mors,
3245 4303 3327 4359 ita
3357 4309 3414 4359 et
3443 4320 3547 4375 per
3577 4321 3789 4361 unum

373 4395 513 4450 dum
545 4394 684 4465 quia
715 4397 968 4465 quatuor
999 4390 1193 4462 legum
1228 4389 1364 4444 facit
1421 4387 1735 4460 Apostolus
1768 4388 2016 4444 mentio-
2127 4388 2472 4443 resurrectio
2500 4393 2888 4458 mortuorum;
2925 4390 3078 4446 sicut
3096 4393 3252 4448 enim
3275 4391 3331 4446 in
3359 4393 3544 4448 Adam
3563 4408 3796 4450 omnes

374 4501 506 4539 nem
545 4501 557 4538 :
593 4483 713 4548 Dei,
749 4481 988 4548 mentis,
1051 4479 1267 4552 peccati
1326 4483 1383 4532 et
1440 4477 1856 4534 membrorum.
1923 4478 2014 4531 Hae
2047 4501 2096 4566 D
2129 4477 2480 4546 moriuntur,
2509 4476 2588 4532 ita
2618 4477 2676 4532 in
2709 4477 2936 4534 Christo
2965 4495 3169 4536 omnes
3188 4479 3796 4554 vivificabunturJgi-

377 4577 572 4628 autem
600 4577 852 4642 quatuor
879 4569 1007 4624 duae
1039 4572 1178 4624 sunt
1205 4585 1217 4635 ;
1252 4583 1386 4622 nam
1437 4565 1528 4622 lex
1581 4567 1672 4623 Dei
1707 4571 1762 4622 et
1805 4567 2016 4624 mentis
2048 4564 2081 4566 ⁷
2128 4570 2242 4634 tur,
2277 4566 2442 4636 quasi
2474 4564 2690 4621 diceret
2719 4564 2933 4638 aliquis
2966 4584 2979 4623 :
3006 4584 3134 4639 quis
3166 4573 3253 4625 est
3282 4569 3402 4625 haec
3432 4586 3615 4636 mors,
3640 4573 3798 4642 (pro

375 4678 494 4715 una
523 4665 613 4715 est
646 4677 658 4728 ;
694 4658 1091 4713 membrorum
1125 4661 1182 4712 et
1207 4657 1425 4728 peccati
1457 4653 1728 4711 similiter
1757 4672 1895 4710 una.
2128 4671 2245 4726 qua
2271 4658 2498 4708 tantum
2527 4671 2561 4709 a
2581 4671 2820 4727 corpore
2842 4655 3077 4712 liberari
3107 4658 3406 4714 desideras
3429 4661 3452 4713 Ρ
3479 4659 3801 4716 Continuo

449 4748 558 4804 Sed
592 4748 827 4819 quando
859 4750 995 4802 ortis
1026 4750 1165 4801 sunt
1222 4745 1307 4799 hae
1360 4744 1518 4817 leges
1547 4743 1576 4798 7
1600 4743 1847 4810 Scilicet,
1881 4760 2015 4799 cum
2129 4742 2293 4798 addit
2324 4758 2335 4797 :
2371 4743 2544 4811 Igitur
2572 4758 2666 4813 ego
2708 4744 2824 4814 ipse
2865 4749 3046 4801 mente
3097 4747 3269 4802 servio
3299 4747 3409 4818 legi
3433 4747 3551 4815 Dei,
3609 4763 3808 4804 carne

377 4837 606 4909 primus
640 4835 815 4891 homo
850 4835 908 4889 in
943 4834 1214 4906 paradiso
1243 4833 1430 4904 legem
1478 4833 1577 4888 Dei
1611 4838 2016 4905 transgressus
2128 4839 2326 4899 autem,
2361 4832 2470 4902 legi
2494 4833 2717 4903 peccati,
2753 4831 2875 4888 haec
2905 4839 2994 4889 est
3025 4837 3205 4907 mors)
3235 4837 3401 4908 (255).
3423 4837 3586 4902 Quod
3609 4837 3798 4906 dicit,

368 4929 497 4993 est;
542 4925 604 4982 Ut
631 4924 699 4978 de
726 4925 878 4979 omni
911 4922 1067 4994 ligno
1109 4922 1363 4995 paradisi
1391 4921 1688 4980 comederet
1718 4939 1738 4984 ;
1769 4923 1838 4977 de
1867 4923 2017 4992 ligno
2126 4937 2220 4992 ego
2251 4919 2831 4993 ipse,intelligendum
2865 4927 3084 4996 est,ego
3115 4929 3172 4979 et
3199 4941 3314 4980 non
3344 4924 3532 4981 alius:
3570 4927 3803 4997 praevi-

439 5085 594 5158 (250)
623 5085 850 5158 Coactus
884 5083 1128 5158 fortasse
1159 5082 1472 5158 legendum
1530 5081 1708 5137 etiam
1753 5081 1811 5136 in
1843 5099 2015 5154 supe-
2167 5082 2345 5158 _(253)
2372 5079 2916 5158 Epitetho_n_magno
2947 5087 3220 5139 truncum
3279 5100 3522 5140 sensum
3581 5084 3806 5142 sinere

372 5151 511 5229 rigori
541 5151 700 5229 nota,
735 5156 835 5210 ubi
868 5156 939 5210 ad
970 5155 1127 5229 hunc
1157 5151 1428 5210 eu‘mdem
1495 5157 1718 5208 textum
1752 5170 1866 5208 non
1897 5151 2018 5209 om-
2127 5151 2372 5229 videtur.
2406 5151 2484 5207 Ex
2513 5151 2605 5229 his
2635 5151 2815 5229 igitur
2843 5169 2968 5224 quas
2999 5161 3331 5228 sequuntur
3388 5172 3669 5229 arguere,
3695 5163 3812 5214 est

373 5228 510 5282 nino
542 5227 696 5283 clare
716 5233 936 5282 vocatus
966 5226 1197 5299 legitur.
1325 5296 1336 5299 _
1455 5293 1469 5299 _
2128 5224 2462 5299 addendum
2495 5223 3169 5299 substantivu’mnom‘en
3202 5223 3811 5299 tiortasse'beneﬁcio,

447 5299 595 5370 (251)
623 5301 683 5354 ln
716 5304 911 5371 autog.
941 5293 1203 5371 quatuor
1221 5296 1398 5352 verba
1452 5293 1577 5371 haec
1633 5299 1765 5371 post
1819 5300 2016 5352 notam
2127 5294 2213 5371 vel
2247 5294 2440 5365 potius
2471 5296 2708 5371 refugio,
2733 5295 2905 5371 juxta
2935 5297 3000 5371 id_
3020 5299 3176 5368 quod
3210 5298 3455 5354 inferius
3483 5293 3757 5371 habetur
3789 5293 3809 5358 Ξ

374 5365 463 5423 ita
485 5365 703 5440 scripta
732 5365 886 5425 sunt'
900 5365 1331 5441 compendiose.
1361 5382 1414 5441 ρ.
1445 5366 1482 5418 ι.
1515 5366 1568 5420 d.
1599 5365 1649 5441 δέ
1677 5366 1732 5418 Ιι.
2128 5365 2939 5441 igitunun‘um‘solumgratiae
2966 5365 3068 5424 Dei
3094 5371 3372 5441 refugium
3400 5370 3630 5425 invenit.

446 5435 708 5524 (2§2)'Dn
736 5441 952 5524 iterum
990 5435 1235 5524 repetita
1272 5437 1476 5524 eadem
1509 5435 1726 5524 .verbga,
1758 5453 1861 5524 per
1889 5454 2016 5524 quae
2154 5435 2163 5436 7
2377 5437 2588 5524 genter
2616 5435 2791 5524 verba
2821 5439 2943 5494 haec
2975 5456 3111 5523 cum
3143 5435 3622 5524 notasuperiori.

370 5505 1555 5588 confirmatur_intelligentia'expositionis
1579 5505 1844 5588 unius—ex
1863 5505 2017 5566 notis
2198 5505 2347 5588 (255)
2377 5507 2504 5565 Haec
2535 5509 2730 5580 verba,
2754 5509 2816 5567 in
2848 5511 3112 5587 margine
3144 5505 3406 5572 inferiori
3468 5515 3676 5588 autog.
3717 5512 3823 5575 le.

364 5581 542 5667 paulo
573 5579 991 5670 superioribus
1016 5583 1089 5642 ad
1110 5579 1287 5644 verba
1318 5586 1537 5639 vocatus
1565 5579 1836 5638 invenior.
2128 5583 2368 5655 guntur.
