4094 6168
274 307 387 366 19⁸1

878 303 1289 367 EXPOSITIO
1332 306 1409 365 IN
1458 306 1891 369 EPISTOLAS
1935 307 2196 372 PAULI.
2229 340 2309 356 -—
2340 311 2415 372 IN
2452 310 2694 373 EPIST.
2740 310 2844 371 AD
2889 312 3081 374 ROM.

3567 318 3683 387 198

278 438 367 494 dit
396 436 553 492 enim
584 451 687 507 per
705 435 991 508 Spiritum
1020 440 1309 505 sanctum,
1338 436 1568 493 futuros
1600 438 1922 507 hareticos,
1954 441 2007 507 Α
2107 441 2297 503 Quare
2318 446 2513 499 autem
2537 441 2901 513 impossibile
2920 448 3092 513 esset,
3116 446 3373 503 ostendit
3392 463 3523 503 cum
3546 450 3682 505 sub-

274 526 379 597 qui
431 525 693 580 dicerent
750 530 1021 581 naturam
1080 525 1287 580 animae
1344 542 1471 581 esse
1502 544 1536 581 a
1571 528 1703 597 Deo,
1736 527 1927 583 carnis

270 632 413 676 vero
446 632 480 669 a
511 614 774 686 principe
814 614 1216 680 tenebrarum;
1251 614 1497 684 ideoque
1539 616 1641 681 ait,
1672 632 1764 686 ego
1796 618 1927 686 ipse,

273 710 569 776 tanquam
600 703 817 758 diceret
850 719 862 756 :
896 719 1009 757 non
1060 706 1149 758 est
1191 710 1252 757 ul
1283 703 1574 771 asseritis;
1609 721 1723 759 non
1773 704 1931 760 enim

276 795 409 851 duae
444 797 501 848 et
530 792 832 848 contraria
872 791 930 845 in
976 807 1069 846 me
1100 796 1241 847 sunt
1271 797 1512 859 naturae,
1549 810 1665 848 una
1711 810 1744 848 a
1792 793 1928 860 Deo,

282 884 471 939 altera
500 899 534 937 a
560 881 931 937 tenebrarum
980 880 1265 952 principe,
1299 881 1402 937 sed
1450 897 1555 952 ego
1599 882 1745 951 ipse,
1777 898 1932 938 unus

278 972 558 1041 idemque
588 969 760 1024 homo
809 985 982 1024 carne
1034 969 1220 1024 servio
1277 968 1388 1041 legi
1446 971 1688 1041 peccati,
1715 969 1935 1026 scilicet

279 1057 778 1129 concupiscendo;
812 1061 1007 1112 mente
1048 1074 1202 1126 vero,
1232 1056 1347 1130 legi
1396 1057 1520 1124 Dei,
1554 1059 1610 1112 id
1658 1064 1766 1129 est,
1798 1074 1934 1113 con-

279 1146 660 1221 cupiscentiis
688 1146 1034 1202 resistendo.

352 1240 587 1293 Poterat
630 1235 703 1291 ad
737 1235 858 1290 haec
889 1234 1103 1307 aliquis
1132 1235 1325 1292 dicere
1360 1253 1372 1290 :
1417 1236 1556 1307 quia
1602 1252 1774 1292 carne
1822 1237 1936 1308 legi

281 1325 502 1400 peccati
559 1324 765 1391 servis,
820 1329 1057 1395 propter
1102 1324 1254 1379 hanc
1312 1324 1652 1380 servitutem
1711 1326 1935 1399 aliquid

282 1413 683 1470 damnationis
718 1414 997 1484 acquiris,
1020 1429 1094 1468 an
1127 1412 1284 1467 non?
1308 1413 1553 1484 Ideoque
1584 1415 1889 1484 subjunxit
1920 1434 1934 1472 :

282 1505 435 1574 (256)
475 1503 631 1574 (CAP.
654 1501 826 1571 VIII.)
856 1500 1010 1556 Nihil
1038 1518 1164 1569 ergo
1193 1502 1342 1573 (%7)
1373 1519 1522 1557 nunc
1568 1503 1938 1560 damnationis

282 1602 362 1649 est
395 1594 485 1659 iis,
524 1593 622 1661 qui
668 1595 800 1646 sunt
852 1592 910 1644 in
963 1589 1175 1645 Christo
1223 1595 1376 1656 Jesu,
1408 1596 1516 1646 etc.
1550 1598 1630 1645 Ac
1683 1594 1730 1647 si
1782 1593 1936 1648 dice-

280 1686 373 1737 ret
401 1700 413 1737 :
447 1680 594 1752 (258)
629 1678 775 1734 nihil
818 1678 965 1734 mihi
994 1679 1391 1734 damnationis
1440 1685 1529 1735 est
1561 1696 1574 1734 :
1610 1697 1715 1735 nec
1746 1681 1936 1737 solum

286 1770 455 1838 mihi,
488 1769 589 1825 sed
635 1773 693 1823 et
738 1768 1015 1823 omnibus
1065 1768 1164 1839 qui
1212 1772 1351 1823 sunt
1398 1768 1457 1823 in
1490 1768 1723 1825 Christo
1773 1771 1936 1841 Jesu,

284 1860 384 1932 qui
410 1874 521 1914 non
548 1856 849 1914 secundum
876 1873 1101 1912 carnem
1145 1858 1454 1913 ambulant.
1490 1857 1578 1911 Illi
1610 1860 1934 1915 secundum

285 1963 524 2003 carnem
555 1962 671 2001 non
701 1944 1028 2011 ambulant,
1047 1946 1169 2017 qui,
1192 1946 1302 2002 etsi
1332 1946 1775 2018 concupiscunt,
1798 1964 1934 2004 con-

285 2035 669 2108 cupiscentiis
698 2039 897 2091 tamen
945 2034 1168 2089 fortiter
1216 2035 1520 2100 resistunt,
1543 2041 1599 2091 et
1626 2036 1843 2092 idcirco
1875 2037 1935 2093 in

284 2124 519 2182 Christo
545 2123 687 2179 Jesu
736 2126 904 2189 sunt;
945 2123 1181 2194 quique,
1214 2123 1322 2178 etsi
1371 2129 1507 2178 ante
1551 2125 1934 2195 baptismum,

284 2212 767 2286 concupiscentiae
791 2212 1166 2284 praebuerunt
1182 2228 1556 2279 consensum,
1578 2218 1677 2267 aut
1698 2214 1935 2285 aliquod

286 2302 576 2375 ﬂagitium
626 2300 1071 2365 commiserunt,
1116 2316 1214 2370 per
1264 2307 1696 2357 sacramentum
1742 2307 1935 2358 tamen

289 2391 573 2464 baptismi
605 2394 663 2445 et
688 2389 985 2445 lavacrum
1036 2389 1490 2461 regenerationis
1544 2395 1731 2445 totum
1761 2391 1821 2445 in
1852 2392 1936 2445 eis

285 2480 546 2536 deletum
573 2483 686 2546 est,
719 2479 966 2549 ideoque
997 2477 1144 2532 nihil
1184 2482 1271 2534 est
1303 2478 1387 2533 eis
1419 2479 1835 2534 damnationis.
1871 2480 1939 2535 Et

288 2575 573 2640 tanquam
606 2571 888 2639 quaereret
930 2564 1145 2637 aliquis
1175 2568 1468 2637 quomodo
1499 2584 1533 2622 a
1563 2568 1938 2623 damnatione

287 2656 573 2712 liberatus
620 2655 720 2722 sit,
770 2654 1041 2709 addidit:
1075 2656 1193 2709 Lex
1239 2657 1388 2710 enim
1432 2657 1667 2725 spiritus
1720 2658 1849 2713 vitae
1878 2657 1940 2710 in

291 2746 505 2801 Christo
561 2746 685 2801 Jesu
740 2744 994 2800 liberavit
1023 2760 1107 2799 me
1154 2761 1189 2800 a
1234 2745 1346 2814 lege
1397 2746 1607 2815 peccati
1631 2748 1683 2799 et
1724 2749 1936 2800 mortis.

289 2835 436 2890 Ecce
464 2832 779 2906 Apostolus
827 2834 1007 2888 tertia:
1053 2833 1199 2904 legis
1248 2833 1605 2889 mentionem
1635 2834 1792 2890 facit.
1827 2835 1938 2889 Sed

293 2939 425 2996 qua:
454 2927 541 2978 est
572 2922 692 2977 hac
727 2922 815 2977 lex
853 2921 1098 2994 spiritus
1127 2927 1185 2977 et
1212 2922 1377 2977 vitae?
1407 2926 1535 2977 Haec
1566 2927 1655 2978 est
1684 2923 1775 2979 lex
1806 2924 1939 2979 ﬁdei

292 3017 351 3068 et
382 3010 823 3078 misericordiae;
855 3012 946 3066 lex
975 3010 1098 3065 haec
1122 3017 1211 3065 est
1250 3011 1447 3083 gratiae
1474 3011 1787 3083 Evangelii,
1812 3028 1942 3083 quin

294 3102 426 3157 ideo
462 3098 554 3156 lex
582 3102 715 3156 vitae
757 3099 988 3168 dicitur,
1022 3099 1123 3170 qui
1154 3116 1187 3153 a
1217 3104 1402 3155 morte
1440 3099 1680 3167 liberat;
1714 3102 1805 3155 lex
1830 3103 1941 3172 spi-

2040 529 2195 582 ditur
2229 548 2241 583 :
2278 531 2341 584 in
2379 547 2482 600 quo
2541 532 2945 601 inﬁrmabaiur
2995 549 3100 603 per
3155 550 3398 589 carnem.
3430 536 3684 595 Jubebat

2038 617 2223 684 enim,
2246 620 2347 674 sed
2381 637 2497 675 non
2531 621 2878 690 adjuvabat;
2913 622 3145 677 inﬁrma
3176 630 3462 696 praecepta
3482 626 3679 695 dabat,

2041 706 2140 760 sed
2175 723 2286 761 non
2320 711 2581 763 sanabat.
2615 708 2721 762 Per
2751 725 2983 764 carnem
3021 727 3149 765 vero
3177 711 3336 779 dicit,
3358 730 3460 783 per
3490 715 3682 772 carnis

2041 793 2521 865 intelligentiam;
2556 813 2692 850 nam
2742 796 2833 850 lex
2880 796 3220 868 spiritaliter
3269 800 3560 858 intellecta
3590 820 3683 859 ea-

2042 883 2172 937 dem
2205 889 2295 938 est
2323 889 2379 938 et
2406 885 2593 956 gratia
2624 885 2936 949 Evangelii.

2110 972 2250 1027 Deus
2281 974 2489 1029 Filium
2534 990 2695 1027 suum
2742 976 2965 1028 mittens
3022 978 3079 1029 in
3136 978 3506 1036 similitudine
3539 981 3686 1053 (259)

2042 1061 2231 1115 carnis
2282 1063 2509 1132 peccati.
2574 1062 2825 1116 Dicendo
2879 1079 3071 1131 suum,
3122 1067 3378 1123 ostendit
3434 1069 3573 1139 quia
3629 1074 3687 1126 et

2044 1149 2391 1220 priusquam
2424 1151 2751 1206 mitteretur
2774 1150 2952 1206 Filius
2982 1158 3124 1207 erat.
3152 1155 3217 1209 Et
3245 1160 3381 1211 nota
3411 1158 3548 1228 quia
3570 1176 3685 1215 non

2044 1237 2126 1292 ait
2157 1254 2169 1291 :
2202 1239 2263 1291 In
2294 1255 2461 1293 came
2487 1240 2720 1310 peccati,
2751 1241 2848 1294 sed
2877 1240 2934 1293 in
2962 1242 3329 1298 similitudine
3356 1247 3539 1300 carnis
3563 1264 3684 1319 pec-

2044 1328 2158 1380 cati
2187 1343 2205 1379 :
2239 1326 2416 1381 Filius
2446 1327 2602 1382 enim
2634 1326 2735 1382 Dei
2766 1328 3024 1399 veniens,
3057 1346 3171 1384 non
3198 1347 3433 1387 carnem
3466 1336 3685 1405 peccati

2046 1414 2117 1469 de
2144 1414 2403 1485 Virgine,
2437 1417 2538 1471 sed
2580 1415 3039 1472 similitudinem
3062 1420 3255 1474 carnis
3301 1423 3519 1490 peccati
3549 1441 3685 1480 sus-

2046 1503 2218 1575 cepit.
2254 1505 2319 1559 In
2350 1520 2524 1559 carne
2556 1505 2771 1576 quippe
2820 1508 3057 1575 peccati,
3092 1524 3250 1563 mors
3291 1508 3468 1564 simul
3501 1518 3588 1567 est
3629 1517 3690 1569 et

2046 1596 2382 1663 peccatum;
2444 1594 2504 1646 in
2562 1593 2947 1649 similitudine
3005 1610 3137 1649 vero
3196 1597 3387 1653 carnis
3444 1600 3687 1669 peccati,

2048 1680 2173 1736 sola
2203 1698 2359 1736 mors
2408 1698 2584 1751 quam
2617 1682 2900 1737 Dominus
2932 1701 3033 1754 pro
3067 1684 3233 1740 nobis
3274 1687 3534 1757 pertulit,
3560 1688 3688 1744 nul-

2048 1768 2171 1823 lum
2216 1770 2455 1825 omnino
2488 1771 2708 1825 habens
2748 1776 3079 1841 peccatum;
3113 1774 3267 1828 unde
3314 1775 3518 1831 Petrus
3548 1794 3691 1849 apo-

2046 1857 2232 1913 stolus
2265 1876 2277 1913 :
2311 1862 2600 1915 Peccatum
2630 1877 2743 1914 non
2767 1862 2895 1930 fecit
2928 1862 2974 1931 (1
3001 1866 3151 1917 Petr.
3189 1879 3250 1927 ιι,
3280 1866 3392 1934 22),
3423 1870 3535 1921 etc.

2117 1948 2179 2000 Et
2210 1948 2277 2001 de
2300 1956 2517 2017 peccato
2567 1947 2848 2002 damnavit
2889 1952 3173 2018 peccatum
3220 1952 3281 2004 in
3326 1968 3510 2008 carne.
3543 1954 3693 2016 Quid

2045 2034 2154 2089 sibi
2188 2034 2313 2089 vult
2333 2036 2486 2106 quod
2512 2035 2610 2102 ait,
2632 2035 2701 2093 de
2716 2041 2960 2107 peccato,
2984 2054 3116 2091 cum
3143 2042 3341 2095 Petrus
3371 2040 3695 2112 dicat,quia

2046 2129 2349 2194 peccatum
2383 2141 2498 2178 non
2529 2125 2700 2179 fecit?
2718 2126 2826 2179 Sed
2851 2125 3154 2181 sciendum
3179 2128 3318 2197 quia
3340 2145 3467 2184 mos
3492 2129 3601 2186 fuit
3631 2131 3690 2186 in

2044 2212 2234 2266 Veteri
2260 2213 2635 2268 Testamento
2659 2220 2722 2268 ut
2742 2230 2913 2269 omne
2935 2216 3291 2270 sacriﬁcium
3322 2234 3425 2287 pro
3459 2230 3693 2288 peccato

2046 2308 2348 2371 peccatum
2402 2301 2710 2356 diceretur.
2759 2301 2897 2356 Tale
2954 2302 3305 2359 sacriﬁcium
3359 2306 3546 2362 factus
3606 2313 3696 2363 est

2046 2389 2352 2455 Dominus,
2387 2405 2520 2442 cum
2579 2391 2840 2461 seipsum
2883 2408 2985 2461 pro
3019 2391 3187 2446 nobis
3237 2392 3295 2447 in
3346 2411 3447 2449 ara
3502 2399 3693 2452 crucis

2046 2477 2279 2533 obtulit.
2306 2478 2465 2533 Unde
2496 2479 2650 2534 idem
2681 2479 2995 2549 Apostolus
3026 2478 3165 2534 alibi
3196 2481 3337 2535 dicit
3369 2500 3381 2537 :
3413 2483 3576 2551 Eum,
3598 2486 3695 2555 qui

2047 2567 2201 2637 [non]
2219 2568 2366 2637 (260)
2390 2576 2612 2622 noverat
2638 2577 2942 2636 peccatum,
2956 2578 3241 2641 peccatum
3262 2587 3362 2641 pro
3385 2571 3541 2626 nobis
3564 2574 3693 2643 fecit

2047 2655 2123 2725 (11
2154 2656 2277 2711 Cor.
2300 2673 2353 2722 v,
2374 2657 2487 2727 22),
2512 2656 2569 2711 id
2601 2661 2689 2712 est
2719 2655 2971 2711 hostiam
3004 2674 3107 2728 pro
3138 2664 3391 2728 peccato.
3418 2664 3494 2715 De
3523 2678 3693 2717 carne

2047 2760 2205 2815 ergo,
2231 2761 2407 2815 quam
2439 2746 2509 2800 de
2530 2744 2766 2817 Virgine
2798 2746 2926 2800 sine
2975 2750 3209 2816 peccato
3241 2748 3519 2819 sumpsit,
3546 2767 3693 2805 nun-

2049 2850 2226 2903 quam
2248 2835 2562 2904 peccando,
2585 2850 2757 2888 omne
2777 2834 2837 2889 in
2857 2833 3024 2889 nobis
3048 2842 3349 2906 peccatum
3372 2837 3689 2905 damnavit,

2049 2938 2182 2976 cum
2214 2938 2340 2975 eam
2367 2923 2517 2992 (261)
2538 2938 2639 2992 pro
2673 2926 2907 2993 peccato
2938 2921 3125 2977 Patris
3156 2924 3511 2979 sacriﬁcium
3539 2925 3692 2981 fecit.

2122 3010 2201 3065 Ad
2259 3010 2398 3079 quid
2454 3015 2759 3080 peccatum
2819 3011 3199 3079 damnaverit,
3242 3013 3499 3083 aperitur
3556 3030 3692 3069 cum

2051 3098 2371 3153 subditur:
2417 3099 2479 3154 Ut
2524 3098 2838 3167 jastiﬁcatio
2867 3100 2999 3168 legis
3042 3100 3363 3170 impleretur
3412 3104 3472 3156 in
3518 3103 3695 3157 nobis.

292 3191 457 3259 ritus,
504 3189 643 3261 quia
696 3188 969 3243 viviﬁcat.
1002 3188 1303 3253 Quomodo
1363 3192 1557 3243 autem
1614 3188 1735 3243 haec
1790 3188 1881 3243 lex
1912 3205 1946 3245 a
1974 3172 2016 3239 C
2052 3186 2539 3241 Justiﬁcationem
2571 3186 2715 3257 legis
2746 3186 2887 3241 dicit
2924 3186 3248 3257 spiritalem
3287 3189 3345 3242 in
3376 3188 3503 3261 lege
3532 3189 3699 3245 intel-

290 3278 423 3351 lege
447 3277 668 3349 peccati
699 3282 755 3332 et
782 3277 987 3332 mortis
1040 3275 1282 3332 liberat?
1329 3276 1559 3331 Scilicet
1588 3293 1691 3346 per
1718 3277 1942 3348 baptis-

291 3383 463 3423 mum
486 3364 892 3421 remissionem
915 3364 1180 3420 omnium
1201 3365 1509 3420 tribuendo
1541 3369 1942 3436 peccatorum;

291 3456 511 3511 liberat
566 3452 743 3509 etiam
796 3470 829 3509 a
881 3451 1008 3524 lege
1064 3468 1349 3524 corporeae
1406 3454 1629 3521 mortis,
1662 3454 1942 3525 quoniam

293 3542 509 3611 sancti,
541 3540 651 3597 etsi
680 3542 739 3596 in
768 3557 1008 3613 corpore
1038 3546 1334 3607 maneant,
1366 3558 1469 3612 per
1498 3538 1664 3614 spem
1696 3560 1731 3598 a
1760 3548 1945 3599 morte

297 3632 495 3689 carnis
516 3631 643 3702 jam
670 3629 900 3686 liberati
938 3634 1099 3700 sunt,
1132 3630 1272 3701 quia
1300 3633 1652 3703 quandoque
1685 3649 1943 3688 resurre-

298 3720 450 3777 cturi
481 3723 639 3775 sunt.
664 3719 755 3786 Et,
777 3718 915 3791 quia
940 3717 1031 3773 lex
1053 3719 1403 3790 Evangelicm
1424 3721 1621 3792 gratia:
1649 3720 1944 3777 neminem

296 3810 529 3875 liberat,
557 3808 669 3863 nisi
701 3824 803 3879 per
830 3807 1126 3863 Christum
1154 3809 1377 3878 Jesum,
1399 3809 1529 3865 ideo
1561 3810 1642 3865 ait
1665 3828 1677 3865 :
1702 3810 1947 3880 Spiritus

298 3900 426 3955 vita:
454 3900 511 3952 in
546 3896 757 3952 Christo
785 3898 936 3952 Jesa.

377 3987 447 4042 Ut
475 3990 671 4042 autem
701 3986 1035 4041 ostenderet
1064 3986 1354 4056 quomodo
1385 3986 1445 4041 id
1478 3986 1695 4041 factum
1727 3986 1823 4057 sit,
1848 3988 1948 4041 ad-

290 4075 484 4149 jecit:
516 4092 646 4130 nam
703 4074 848 4146 quod
906 4074 1243 4145 impossibile
1298 4083 1417 4130 erat
1467 4075 1595 4143 legi,
1646 4080 1755 4131 etc.
1806 4076 1951 4131 Ecce

303 4163 619 4236 Apostolus
650 4165 777 4233 jam
812 4167 1032 4235 quartae
1082 4163 1228 4234 legis
1260 4164 1616 4219 mentionem
1648 4164 1805 4219 facit.
1837 4163 1949 4218 Sed

300 4270 433 4325 quae
458 4257 551 4308 est
581 4251 736 4307 haec?
764 4251 1041 4323 Nunquid
1072 4251 1161 4306 lex
1192 4253 1406 4307 mentis
1429 4257 1529 4308 aut
1552 4253 1951 4307 membrorum

301 4348 479 4413 atque
511 4340 774 4413 peccati?
828 4341 953 4395 Non
1014 4340 1237 4411 utique,
1272 4342 1373 4396 sed
1435 4340 1523 4397 lex
1582 4340 1865 4395 factorum
1898 4344 1954 4395 et

301 4447 581 4503 operum;
613 4430 705 4485 lex
743 4429 864 4485 hinc
896 4433 985 4484 est
1031 4446 1157 4499 quia
1205 4428 1421 4501 populo
1452 4429 1553 4484 Dei
1588 4446 1688 4500 per
1717 4429 1952 4501 Moysen

2051 3272 2375 3345 ligentiam.
2410 3274 2759 3329 Justiﬁcatio
2807 3291 2943 3346 ergo
2973 3274 3119 3347 legis
3150 3276 3208 3330 in
3241 3277 3410 3333 nobis
3456 3278 3699 3349 impleta

2053 3368 2162 3430 est,
2191 3379 2323 3417 cum
2358 3362 2544 3435 legem
2589 3362 2930 3434 spiritaliter
2967 3362 3376 3435 intelligentes,
3410 3382 3512 3437 per
3540 3366 3697 3422 lava-

2054 3467 2219 3506 crum
2252 3452 2527 3522 baptismi
2549 3456 2604 3507 et
2625 3451 2873 3523 gratiam
2899 3452 3087 3508 sancti
3110 3453 3366 3524 Spiritus
3394 3455 3697 3525 iustiﬁcati

2054 3557 2283 3595 sumus.
2317 3541 2386 3594 Et
2419 3557 2491 3595 ne
2522 3540 2785 3607 dicendo,
2820 3542 2881 3595 in
2907 3542 3062 3597 nobis
3088 3558 3291 3598 omnes
3322 3544 3700 3615 comprehen-

2054 3628 2210 3684 disse
2241 3629 2553 3696 videretur,
2587 3629 2850 3685 addidit:
2886 3631 2992 3698 Qui
3019 3647 3130 3687 non
3158 3632 3452 3688 secundum
3479 3649 3702 3689 carnem

2054 3718 2421 3786 ambulamus,
2443 3718 2536 3773 sed
2563 3717 2858 3774 secundum
2883 3720 3164 3790 spiritum,
3188 3721 3257 3776 de
3280 3722 3495 3793 quibus
3526 3722 3702 3795 paulo

2056 3808 2327 3879 superius
2358 3807 2579 3861 dictum
2612 3812 2720 3862 est.

2129 3897 2234 3963 Qui
2262 3896 2412 3951 enim
2439 3896 2736 3950 secundum
2765 3912 2987 3951 carnem
3032 3903 3161 3952 sunt
3191 3914 3317 3969 qua?
3363 3901 3549 3954 carnis
3578 3908 3708 3954 sunt

2056 3986 2306 4055 sapiunt.
2330 3984 2663 4038 Secundum
2685 4000 2919 4039 carnem
2954 3989 3091 4039 sunt
3120 3985 3219 4057 qui
3252 3985 3490 4061 inimico
3521 3986 3706 4042 vicem

2058 4073 2333 4139 reddunt,
2364 4071 2552 4126 aliena
2599 4072 2855 4142 rapiunt,
2890 4078 2946 4126 et
2992 4089 3101 4126 sua
3133 4088 3245 4127 non
3292 4072 3623 4144 largiuntur
3654 4077 3712 4128 et

2061 4160 2175 4216 alia
2204 4160 2295 4214 his
2353 4159 2568 4214 similia
2598 4163 2808 4231 agunt;
2850 4159 3096 4231 ideoque
3142 4177 3267 4231 quae
3317 4160 3511 4216 carnis
3570 4165 3711 4216 sunt

2060 4249 2348 4316 sentiunt;
2383 4265 2412 4303 e
2445 4248 2758 4316 contrario,
2789 4247 2873 4303 illi
2907 4249 3231 4304 secundum
3266 4250 3537 4322 spiritum
3570 4257 3713 4306 sunt

2062 4338 2161 4411 qui
2194 4338 2306 4393 ista
2336 4355 2451 4393 non
2482 4342 2686 4409 agunt,
2728 4338 2851 4405 sed,
2886 4338 3107 4410 Spiritu
3140 4344 3340 4395 sancto
3371 4339 3710 4411 adjuvante,

2061 4433 2292 4483 terrena
2321 4426 2675 4499 despiciunt,
2704 4431 2761 4482 et
2781 4426 3040 4482 cmlestia
3067 4433 3372 4499 appetunt,
3394 4427 3465 4482 de
3495 4429 3713 4499 quibus

301 4521 443 4576 data
473 4523 561 4574 est
592 4519 651 4573 in
682 4524 882 4574 monte
912 4518 1070 4588 Sina,
1104 4518 1175 4572 de
1206 4534 1323 4589 qua
1352 4517 1627 4589 superius
1662 4535 1675 4572 :
1710 4518 1802 4572 lex
1832 4518 1953 4589 qai-
1984 4538 2031 4601 D
2064 4517 2338 4572 subditur
2370 4534 2382 4571 :
2418 4517 2523 4584 Qui
2562 4532 2685 4572 vero
2736 4517 3037 4572 secundum
3092 4518 3353 4587 spiritum
3408 4532 3534 4587 quae
3589 4520 3718 4571 sunt

301 4610 431 4665 dem
462 4615 679 4662 sancta.
712 4607 859 4670 Quid
892 4624 1027 4678 ergo
1074 4613 1197 4661 erat
1227 4606 1359 4661 huic
1391 4606 1505 4678 legi
1553 4606 1955 4679 impossibile?

302 4705 370 4752 ut
397 4713 572 4752 suum
606 4696 931 4751 auditorem
966 4696 1333 4750 obedientem
1364 4700 1421 4751 et
1451 4695 1771 4767 perfectum
1804 4696 1953 4750 face-

302 4791 413 4853 ret,
433 4786 715 4857 quoniam
744 4784 833 4840 lex
855 4784 977 4840 haec
1000 4785 1293 4840 neminem
1320 4785 1391 4839 ad
1425 4784 1743 4855 perfectum
1768 4784 1951 4838 addu-

301 4876 403 4930 cit.
438 4873 586 4930 Hinc
638 4874 845 4929 beatus
874 4873 1243 4945 Augustinus
1292 4874 1455 4940 dicit,
1488 4873 1629 4944 quia
1676 4871 1811 4927 huic
1841 4871 1955 4943 legi

300 4962 676 5036 impossibile
704 4966 829 5018 erat
858 4962 1103 5017 liberare
1128 4979 1163 5017 a
1192 4961 1321 5034 lege
1353 4961 1571 5034 peccati
1604 4965 1661 5017 et
1693 4960 1916 5016 mortis.

378 5088 526 5159 (256)
559 5086 663 5159 Hic
694 5085 897 5157 incipit
926 5084 1092 5159 Vulg.
1125 5102 1175 5139 c.
1202 5084 1349 5140 VIII.

378 5155 527 5229 (257)
559 5158 622 5211 In
653 5155 866 5228 Autog.
898 5156 1141 5229 verbum
1184 5172 1312 5226 ergo
1361 5156 1610 5229 hujusce
1657 5158 1851 5229 textus
1883 5155 1955 5210 si-

302 5225 551 5312 gnatum
582 5234 757 5312 esteo
779 5225 971 5312 signo,
994 5225 1569 5312 quodnexpung’endis
1592 5225 1781 5312 verbis
1814 5228 1950 5281 sub-

301 5297 436 5357 ésse
457 5300 627 5356 solet.
646 5297 1047 5371 Supraipsum
1072 5297 1265 5353 autem
1289 5297 1573 5371 scriptum
1593 5297 1807 5369 legitur
1830 5313 1955 5371 ver:

301 5374 449 5428 bum
480 5388 644 5426 nunc.
672 5368 807 5427 Post
824 5368 1064 5427 verbum
1086 5385 1220 5425 vero
1240 5373 1338 5436 est,
1366 5374 1499 5423 ante
1526 5368 1774 5423 alterum
1798 5368 1955 5439 quod

300 5443 691 5514 subsequitur
719 5445 815 5509 iis,
849 5442 1061 5514 legitur
1088 5457 1219 5501 nec;
1260 5440 1415 5514 quod
1458 5440 1729 5495 similiter
1759 5438 1954 5494 subsi-

300 5512 554 5594 gnatum
584 5519 672 5594 est
700 5512 1268 5594 eodemisi‘gno,‘quo
1296 5512 1695 5594 verbumergo
1727 5527 1954 5594 expun-l

302 5582 569 5666 gendum
599 5586 927 5645 denotatur.
952 5582 1328 5645 Illud’tamen
1359 5582 1705 5653 notandum,
1733 5582 1958 5642 scilicet

2060 4607 2285 4677 spiritus
2313 4607 2582 4659 sentiant.
2614 4605 2757 4659 Caro
2788 4606 2945 4659 enim
2977 4605 3049 4658 de
3079 4608 3233 4660 terra
3263 4605 3413 4658 facta
3441 4610 3558 4671 est;
3593 4606 3713 4676 spi-

2064 4695 2211 4749 ritus
2241 4696 2311 4749 de
2342 4693 2484 4748 cmlo
2515 4694 2687 4747 datus
2716 4698 2823 4759 est,
2852 4697 2909 4747 et
2936 4692 3151 4747 idcirco
3186 4691 3420 4765 singula
3451 4710 3557 4748 sua
3587 4693 3715 4750 loca

2063 4784 2387 4853 requirunt.
2413 4781 2573 4836 Unde
2601 4782 2648 4835 si
2673 4781 2968 4852 contingat
3001 4786 3063 4835 ut
3087 4798 3219 4837 caro
3243 4799 3276 4837 a
3298 4782 3505 4853 spiritu
3538 4799 3710 4855 supc-

2064 4878 2243 4935 retur,
2274 4876 2433 4925 totus
2480 4869 2653 4923 homo
2685 4869 2899 4924 dicitur
2946 4869 3259 4941 spiritalis;
3294 4875 3353 4926 at
3382 4872 3431 4926 si
3463 4871 3709 4942 spiritus

2066 4977 2100 5014 a
2142 4976 2333 5025 carne,
2393 4960 2552 5013 totus
2608 4963 2845 5013 vocatur
2902 4958 3172 5015 carnalis.
3233 4959 3371 5015 Nam
3414 4960 3713 5031 prudentia

2064 5084 2304 5138 verbum
2330 5072 2467 5152 'ergo
2496 5081 2668 5136 etiam
2704 5082 2761 5135 in
2790 5082 2965 5155 Vulg.
3000 5084 3249 5155 aliisque
3278 5084 3532 5139 textibus
3560 5080 3705 5151 legi;

2064 5155 2306 5211 verbum
2337 5169 2470 5207 vero
2498 5169 2596 5207 nec
2632 5153 2924 5223 nuspiam.

2136 5227 2283 5294 (258)
2323 5226 2381 5279 In
2415 5231 2623 5296 Autog.
2659 5240 2845 5294 marg.
2880 5227 2942 5280 D.
2983 5226 3085 5282 VII.
3121 5228 3189 5295 Il,
3221 5242 3276 5295 p.
3314 5225 3372 5276 P.

2137 5298 2285 5367 (259)
2318 5296 2490 5367 Vulg.
2522 5296 2962 5351 similitudinem.

2137 5367 2284 5437 (260)
2320 5367 2522 5422 Deﬁcit
2552 5367 2755 5437 partio.
2787 5384 2898 5421 non
2930 5372 3126 5436 autog.

2138 5433 2284 5512 (261)
2319 5439 2377 5493 In
2401 5433 2601 5512 autog.
2625 5437 2839 5512 legitur
2863 5454 2956 5501 ea;
2984 5433 3247 5504 sed—eam,
3270 5433 3328 5491 id
3350 5440 3440 5494 est
3469 5453 3706 5496 carnem

2066 5509 2377 5583 legendum
2410 5509 2626 5584 putavi.
