4080 6174
407 288 524 349 199

1432 265 1767 335 ATTONIS
1811 263 2391 331 VERCELLENSIS
2440 264 2792 333 EPISCOPI

3690 276 3813 336 900

407 420 613 485 carnis,
643 431 794 471 mors
820 416 899 469 est
926 412 1091 483 (262).
1125 406 1442 465 Prudentia
1479 404 1672 460 carnis
1704 402 1938 476 propria
1967 404 2055 456 est
2081 402 2135 467 Α
2166 417 2280 457 non
2307 404 2717 471 contemnatis,
2741 419 2928 475 neque
2950 417 3054 475 pro
3075 418 3250 473 parvo
3271 401 3505 459 ducatis
3525 364 3817 476 Spiritum

409 513 640 564 terrena
671 505 913 577 diligere
945 506 1002 558 et
1020 497 1274 556 caelestia
1299 496 1622 567 despicere;
1656 499 1715 548 et
1744 493 1871 547 ideo
1900 506 2056 546 mors

411 613 539 653 esse
588 593 825 663 dicitur,
861 591 1139 664 quoniam
1188 589 1434 641 mortem
1485 582 1718 655 ingerit.
1756 581 2057 638 Prudentia

410 701 535 743 vero
564 685 815 756 spiritus,
865 683 976 737 vita
1029 686 1083 733 et
1132 693 1266 748 pax.
1325 674 1643 728 Prudentia
1695 670 1938 743 spiritus
1967 673 2057 724 est

410 772 756 846 temporalia
815 774 1184 826 contemnere
1237 767 1295 820 et
1337 768 1552 818 aeterna
1596 764 1885 833 appetere.
1930 759 2054 812 Haec

411 862 724 938 prudentia
773 860 890 913 vita
946 855 1181 918 dicitur,
1217 853 1355 924 quia
1408 850 1587 905 vitam
1616 849 1896 938 confert;
1942 862 2054 938 pax

406 934 566 1016 vero,
598 949 735 1020 quia
765 948 825 1000 in
875 960 1015 1016 pace
1046 942 1346 1014 quiescere
1393 939 1549 995 facit.
1582 937 1751 1002 Nam,
1784 934 2052 1007 quamvis

409 1041 598 1097 multa
614 1033 955 1108 temporalia
978 1034 1195 1088 damna
1215 1029 1433 1086 sanctis
1456 1027 1816 1099 ingerantur,
1830 1030 2051 1091 tamen,

409 1132 548 1186 dum
582 1123 930 1197 temporalia
971 1124 1181 1176 cuncta
1209 1117 1561 1190 despiciunt,
1595 1116 1653 1169 in
1686 1129 1827 1186 pace
1856 1112 2051 1184 quies-

407 1221 568 1273 cunt.
598 1214 722 1281 Vel,
759 1230 869 1286 pax
917 1210 1150 1278 dicitur,
1185 1207 1324 1280 quia
1365 1206 1436 1261 ad
1487 1203 1875 1278 cognitionem
1905 1217 2049 1257 verte

406 1307 590 1380 pacis,
622 1321 749 1376 qua:
778 1301 1045 1358 Christus
1075 1302 1185 1365 est,
1219 1295 1500 1369 perducit.

469 1394 746 1467 Quoniam
773 1390 1047 1462 sapientia
1077 1386 1265 1443 carnis
1295 1385 1522 1439 inimica
1552 1384 1626 1437 est
1657 1385 1787 1437 Deo.
1812 1377 2048 1467 Sapien-

396 1465 701 1541 tiaﬁcarnis
730 1481 936 1535 eadem
966 1481 1055 1532 est
1101 1480 1157 1531 et
1198 1472 1508 1547 prudentia
1549 1471 1678 1541 ejus
1727 1485 1873 1539 quas,
1906 1465 2047 1539 quia

399 1574 499 1629 Dei
519 1567 821 1645 praeceptis
845 1584 960 1623 non
985 1564 1200 1631 obedit,
1225 1563 1327 1618 sed
1356 1562 1484 1633 ejus
1506 1557 1803 1614 mandatis
1822 1560 2044 1645 contra:

395 1643 559 1729 dicit,
593 1656 833 1714 inimica
866 1656 977 1710 Deo
1027 1653 1263 1719 dicitur,
1294 1648 1593 1721 quoniam,
1626 1646 1778 1701 sicut
1826 1645 1950 1716 ipse
1981 1643 2041 1697 in

395 1747 705 1821 Evangelia
727 1744 886 1813 dicit,
908 1744 963 1798 si
979 1742 1103 1812 quis
1117 1740 1309 1812 diligit
1321 1735 1727 1834 me,_maiidata
1747 1732 2041 1834 mea
2068 1762 2120 1828 Β

388 1839 628 1894 servabit
646 1837 822 1902 (Joan.
847 1833 986 1901 x1v),
1006 1830 1120 1901 23);
1146 1830 1394 1898 ideoque
1429 1825 1538 1895 legi
1560 1825 1660 1879 Dei
1686 1838 1796 1879 non
1815 1823 2037 1894 subjici-

391 1933 483 1982 tur
502 1925 669 1997 (264).
694 1921 958 1978 Charitas
988 1918 1229 1990 quidem
1267 1915 1378 1987 legi
1411 1913 1509 1968 Dei
1542 1912 1874 1982 subjicitur,
1898 1911 2037 1981 quia

388 2014 480 2070 lex
512 2014 610 2068 Dei
641 2026 769 2067 esse
801 2008 1109 2081 probatur;
1141 2004 1433 2075 cupiditas
1476 2017 1630 2069 vero,
1654 2016 1783 2071 quae
1820 2004 1911 2055 est
1942 2015 2035 2055 sa-

389 2102 611 2176 pientia
631 2099 847 2164 carnis,
871 2114 985 2152 non
1010 2092 1344 2165 subjicitur,
1366 2089 1667 2162 quoniam.
1691 2088 1740 2144 si
1761 2105 1830 2144 ex
1856 2088 2037 2172 altera

387 2196 552 2264 parte
581 2190 775 2245 videat
798 2186 1092 2258 justitiam
1116 2188 1173 2239 et
1198 2181 1555 2253 aequitatem,
1574 2196 1643 2234 ex
1671 2178 1854 2233 altera
1881 2194 2035 2233 com-

387 2281 630 2335 modum
669 2283 998 2341 terrenum;
1051 2271 1239 2343 magis
1292 2271 1401 2325 hoc
1450 2267 1693 2340 adipisci
1741 2267 2035 2323 desiderat

392 2385 570 2441 quam
596 2366 891 2437 justitiam
922 2366 978 2417 et
1008 2360 1341 2432 aequitatem
1371 2371 1622 2414 servare.

459 2458 571 2513 Sed
604 2455 743 2527 quid
792 2458 883 2508 est
931 2451 1088 2522 quod
1136 2448 1455 2504 subditur:
1487 2461 1588 2500 nec
1633 2445 1782 2499 enim
1819 2447 2035 2515 potest?

390 2544 669 2617 Nunquid
703 2559 817 2597 non
849 2544 1039 2613 potest
1066 2538 1242 2593 homo
1287 2535 1500 2604 subjici
1527 2533 1641 2605 legi
1678 2533 1810 2589 Dei?
1840 2535 2036 2588 Potest

391 2634 624 2707 utique;
653 2633 751 2689 sed
786 2627 1098 2703 prudentia
1120 2625 1313 2682 carnis
1344 2641 1457 2679 non
1489 2627 1683 2694 potest
1714 2639 1726 2677 :
1760 2626 1849 2677 est
1876 2622 2033 2676 enim

392 2721 606 2777 mentis
634 2718 929 2789 corruptio
958 2720 1015 2772 et
1038 2715 1267 2779 vitium,
1294 2728 1409 2767 non
1433 2729 1466 2766 a
1489 2711 1604 2767 Deo
1625 2714 1907 2774 creatum,
1932 2710 2032 2765 sed

392 2827 427 2865 a
458 2808 691 2865 diabolo
708 2806 1048 2871 inventum;
1080 2802 1255 2858 homo
1278 2817 1409 2856 vero
1436 2799 1632 2855 sanari
1653 2799 1791 2854 vitio
1822 2802 2029 2870 potest.

386 2898 604 2954 Verum
636 2896 776 2968 quid
807 2899 896 2951 est
918 2892 1073 2965 quod
1102 2890 1412 2946 subditur:
1438 2891 1539 2961 qui
1567 2897 1747 2943 autem
1775 2890 1840 2943 in
1867 2904 2034 2943 carne

383 2992 533 3055 sunt,
565 2987 671 3041 Deo
700 2986 913 3057 placere
939 2997 1051 3036 non
1088 2981 1355 3051 possunt?
1394 2981 1600 3032 Annon
1633 2980 1690 3032 et
1717 2976 2031 3047 Apostolus

2166 490 2379 546 Christi
2409 492 2927 565 habere,quoniam
2958 491 3129 548 aliter
3157 493 3286 563 ejus
3315 508 3443 548 esse
3476 509 3593 549 non
3617 498 3819 564 potes-

2162 579 2259 635 tis.
2286 582 2539 652 Spiritus
2569 581 2782 638 Christi
2826 581 2980 637 idem
3012 584 3101 636 est
3129 584 3185 635 et
3213 580 3464 652 Spiritus
3510 581 3636 652 Dei,
3667 599 3818 654 quo-

2166 669 2323 724 niam
2357 670 2565 736 Patris,
2587 676 2643 725 et
2668 669 2795 725 Filii
2829 686 2984 725 unus
3005 673 3094 725 est
3113 668 3387 739 Spiritus.
3412 668 3502 723 Illi
3523 685 3663 742 ergo
3684 671 3821 743 Spi-

2164 759 2340 814 ritum
2398 758 2614 814 Christi
2675 758 2914 829 habent,
2953 757 3055 829 qui
3103 757 3400 813 Christum
3447 757 3727 831 diligunt,
3760 763 3821 817 et

2163 848 2292 918 ejus
2347 853 2635 919 praecepta
2686 848 3052 914 custodiunt;
3097 845 3343 918 ideoque
3374 846 3593 903 Christi
3650 856 3817 920 sunt,

2163 934 2439 1006 quoniam
2471 934 2736 991 Christus
2765 935 2823 989 in
2856 936 2940 990 eis
2989 939 3207 991 manet.
3240 935 3367 1006 Ipse
3412 935 3573 991 enim
3623 936 3770 993 dicit
3800 956 3816 994 :

2162 1024 2266 1091 Qui
2295 1024 2480 1096 diligit
2506 1042 2592 1080 me
2622 1026 2791 1095 (266),
2822 1025 3088 1079 mandata
3117 1040 3240 1079 mea
3264 1026 3529 1095 servabit,
3560 1033 3615 1081 et
3643 1031 3820 1083 Pater

2157 1129 2310 1169 meus
2338 1115 2541 1186 diliget
2571 1115 2719 1185 (267)
2750 1130 2895 1180 eum,
2926 1122 2978 1169 et
3006 1113 3077 1167 ad
3107 1129 3233 1168 eum
3258 1116 3535 1169 veniemus
3568 1119 3621 1170 et
3648 1132 3819 1171 man-

2157 1204 2373 1258 sionem
2402 1203 2547 1274 apud
2577 1219 2704 1258 eum
2726 1204 2993 1271 faciemus
3014 1201 3218 1273 (Ibid.).
3242 1200 3350 1257 Ubi
3380 1206 3577 1258 autem
3611 1209 3820 1261 manet

2159 1291 2344 1359 Pater,
2377 1296 2435 1347 et
2462 1291 2664 1361 Filius,
2698 1291 2778 1346 ibi
2817 1296 2875 1346 et
2913 1291 3222 1346 amborum
3253 1289 3507 1361 Spiritus
3537 1296 3814 1349 sanctus.

2157 1381 2263 1446 Qui
2295 1396 2427 1436 vero
2460 1379 2611 1436 male
2634 1378 2938 1450 resistunt,
2960 1377 3332 1434 maledicenti
3356 1377 3719 1435 maledicunt
3749 1386 3816 1437 et

2155 1474 2368 1525 cuncta
2390 1469 2727 1540 hujusmodi
2756 1472 2959 1540 agunt,
2981 1468 3266 1540 Spiritum
3298 1467 3398 1523 Dei
3420 1485 3539 1523 non
3562 1468 3814 1539 habent,

2153 1558 2399 1629 ideoque
2443 1574 2557 1613 non
2604 1562 2744 1613 sunt
2800 1557 2948 1628 ejus.
2983 1556 3148 1612 Unde
3204 1559 3385 1612 restat
3412 1562 3480 1612 ut
3511 1557 3632 1612 sint
3662 1558 3813 1614 alte-

2152 1647 2296 1713 rius,
2322 1647 2381 1701 id
2412 1652 2500 1702 est
2528 1646 2769 1715 diaboli,
2794 1646 2934 1717 quia
2955 1647 3124 1717 cujus
3156 1661 3331 1717 opera
3350 1646 3486 1716 quis
3505 1647 3646 1701 facit
3674 1649 3814 1717 ejus

2151 1735 2310 1790 ﬁlius
2336 1734 2681 1807 appellatur.

2221 1825 2292 1878 Et
2320 1827 2387 1878 ut
2417 1824 2748 1879 ostenderet
2787 1822 3099 1894 Apostolus
3135 1827 3424 1894 quantum
3473 1840 3697 1881 munus
3728 1826 3811 1882 sit

2149 1913 2447 1968 Christum
2497 1913 2733 1980 habere,
2784 1912 3078 1983 subjecit:
3112 1912 3173 1967 Si
3217 1922 3397 1968 autem
3449 1913 3699 1969 Christus
3746 1917 3814 1970 in

2146 2001 2302 2057 vobis
2327 2005 2427 2069 est,
2461 2016 2655 2073 corpus
2685 2001 2903 2073 quidem
2931 2008 3216 2057 mortuum
3253 2004 3331 2056 est
3356 2010 3579 2073 propter
3604 2018 3809 2074 pecca-

2147 2102 2281 2161 tum,
2314 2094 2425 2145 etc.
2458 2089 2565 2145 Ubi
2600 2091 2925 2146 notandum
2956 2090 3096 2161 quia
3123 2106 3239 2145 non
3279 2090 3381 2158 ait,
3416 2096 3656 2163 propter
3685 2096 3809 2148 ter-

2146 2195 2347 2234 renam
2380 2178 2794 2251 fragilitatem;
2830 2178 3056 2251 primus
3101 2178 3258 2233 enim
3306 2179 3482 2235 homo
3512 2196 3629 2236 non
3667 2181 3806 2238 ideo

2146 2278 2414 2323 mortuus
2462 2274 2570 2335 est,
2594 2268 2733 2339 quia
2764 2268 2835 2323 de
2865 2272 3030 2323 terrae
3080 2267 3315 2338 pulvere
3344 2268 3531 2324 factus
3560 2273 3673 2336 est,
3697 2271 3804 2325 sed

2146 2357 2285 2429 quia
2306 2356 2582 2428 peccavit.
2598 2356 2753 2412 Talis
2776 2372 3032 2427 namque
3054 2373 3088 2410 a
3106 2356 3224 2412 Deo
3249 2355 3577 2428 plasmatus
3597 2362 3690 2415 est
3710 2363 3801 2430 ut,

2145 2445 2195 2501 si
2230 2461 2345 2500 non
2378 2449 2664 2516 peccaret,
2696 2445 2767 2501 ad
2824 2444 3166 2516 angelorum
3216 2445 3583 2516 dignitatem,
3618 2447 3804 2503 etiam

2147 2533 2274 2588 sine
2326 2539 2530 2599 morte,
2564 2532 2859 2588 transiret.
2895 2533 3168 2587 Liberum
3210 2533 3428 2605 quippe
3481 2533 3803 2590 arbitrium

2144 2621 2230 2677 illi
2262 2637 2601 2677 concessum
2632 2626 2720 2676 est
2766 2624 2849 2685 ut,
2884 2621 2931 2675 si
2962 2620 3151 2691 vellet,
3186 2637 3302 2675 non
3355 2627 3643 2693 peccaret,
3674 2622 3801 2679 imo

2144 2726 2381 2783 peccare
2411 2726 2527 2765 non
2570 2713 2786 2781 posset.
2821 2709 3130 2773 Quoniam,
3162 2725 3295 2764 cum
3345 2710 3804 2780 pradestinato—

2142 2816 2275 2855 rum
2299 2815 2579 2855 numerus
2601 2803 2754 2854 esset
2776 2798 3074 2870 impletus,
3092 2798 3218 2869 ipse
3234 2814 3369 2853 cum
3388 2799 3666 2854 omnibus
3685 2800 3801 2870 qui

2142 2906 2211 2945 ex
2248 2906 2313 2945 eo
2358 2892 2713 2957 crearentur,
2745 2888 2815 2942 ad
2867 2885 3208 2959 angelorum
3252 2886 3609 2943 soliditatem
3641 2889 3798 2961 (268)

2139 2978 2418 3034 transiret
2461 2994 2474 3031 :
2525 2977 2646 3048 sed,
2680 2976 2821 3047 quia
2867 2976 3056 3049 magis
3105 2974 3280 3047 elegit
3326 2992 3567 3047 peccare
3612 2977 3792 3050 (269),

382 3084 440 3132 et
471 3074 719 3131 Romani
748 3073 807 3127 in
840 3086 1012 3128 carne
1052 3068 1258 3124 erant?
1287 3070 1371 3122 An
1421 3082 1536 3121 non
1585 3081 1790 3121 omnes
1841 3064 2027 3121 sancti
2065 3127 2099 3137 _
2138 3072 2405 3123 mortuus
2446 3071 2555 3133 est,
2586 3070 2643 3122 et
2690 3082 2913 3134 omnes,
2938 3081 3086 3137 quos
3134 3065 3355 3136 genuit,
3385 3070 3654 3121 mortuos
3687 3082 3795 3137 ge-

385 3127 751 3235 ma—rt'vresin
775 3127 948 3216 carne
977 3156 1147 3231 positi
1172 3162 1283 3212 Deo
1313 3154 1822 3228 placueruntPSed
1848 3152 2030 3209 scien-
2058 3127 2101 3194 (ἶ
2139 3157 2294 3225 nuit;
2329 3127 2577 3227 ideoque
2628 3155 2709 3235 ait
2754 3127 3068 3226 Apostolus
3098 3127 3352 3224 {Corpus
3400 3127 3800 3211 mortuumvest

389 3253 530 3308 dum
553 3251 691 3324 quia
710 3249 794 3304 illi
815 3264 1051 3304 carnem
1083 3245 1418 3318 portabant;
1446 3260 1562 3299 non
1585 3242 1969 3315 portabantur
1997 3259 2033 3297 a

388 3356 582 3396 carne.
607 3340 672 3394 In
704 3353 876 3393 carne
914 3352 1045 3391 vero
1077 3334 1157 3388 illi
1188 3338 1347 3398 sunt,
1371 3332 1471 3403 qui
1502 3349 1676 3403 Opera
1723 3331 1917 3386 carnis
1947 3331 2030 3386 fa-

387 3427 677 3499 ciunt,qui
729 3424 1065 3480 carnalibus
1111 3421 1508 3493 voluptatibus
1555 3420 1944 3486 oblectantur,
1978 3422 2035 3474 et

389 3515 607 3570 idcirco
628 3519 743 3569 Deo
775 3512 1001 3584 placere
1032 3527 1147 3565 non
1183 3513 1448 3582 possunt.
1472 3508 1553 3562 Ne
1582 3524 1718 3579 ergo
1748 3506 2034 3562 scandali-

382 3607 661 3659 zarentur
688 3600 954 3667 Romani,
979 3601 1255 3672 putantes
1279 3595 1622 3669 Apostolum
1654 3595 1870 3651 dixisse
1901 3594 2034 3652 illos

384 3691 574 3748 solum
609 3691 725 3746 Deo
779 3689 1027 3761 placere,
1059 3688 1156 3760 qui
1200 3687 1327 3758 jam
1371 3686 1784 3755 occubuerant,
1816 3685 2033 3740 idcirco

386 3781 657 3852 subjecit,
679 3778 878 3834 volens
901 3794 1000 3833 eos
1030 3777 1103 3831 ad
1136 3775 1379 3831 meliora
1409 3773 1687 3828 incitare:
1715 3773 1809 3829 Vos
1852 3776 2034 3829 autem

378 3872 448 3925 in
478 3885 645 3925 carne
672 3883 786 3926 non
817 3869 965 3935 estis,
987 3865 1077 3922 sed
1106 3867 1166 3920 in
1186 3865 1407 3937 spiritu.
1432 3864 1495 3917 In
1528 3862 1740 3935 spiritu
1764 3869 1903 3919 sunt
1931 3862 2033 3935 qui

384 3974 560 4031 opera
590 3959 762 4025 bona,
785 3973 904 4013 non
935 3971 1062 4023 suo,
1089 3954 1193 4011 sed
1236 3952 1425 4010 sancti
1457 3952 1711 4025 Spiritus
1744 3953 2031 4025 adjutorio

382 4048 627 4120 implere
674 4063 849 4120 posse
898 4045 1222 4102 conﬁdunt.
1258 4043 1507 4114 Ideoque
1554 4042 1859 4112 subjunxit
1908 4059 1922 4097 :
1973 4042 2035 4098 Si

381 4140 567 4192 tamen
597 4136 746 4209 (265)
779 4136 1021 4207 Spiritus
1047 4134 1150 4190 Dei
1177 4133 1388 4189 habitat
1417 4132 1477 4187 in
1505 4131 1689 4191 vobis:
1734 4131 1791 4186 id
1839 4136 1947 4202 est,
1982 4131 2033 4187 si

382 4223 603 4295 Spiritu
637 4224 737 4278 Dei
771 4222 1103 4296 agitamini,
1138 4222 1187 4277 si
1218 4222 1438 4293 Spiritu
1470 4219 1571 4274 Dei
1604 4219 1915 4275 docemini.

455 4311 661 4383 Igitur,
694 4326 768 4366 ne
799 4310 1047 4366 Romani
1088 4325 1191 4380 pro
1233 4325 1410 4380 parvo
1441 4308 1720 4362 ducerent
1750 4307 2031 4378 Spiritum

382 4399 480 4455 Dei
538 4399 772 4467 habere,
820 4397 1131 4468 subjunxit
1176 4414 1189 4452 :
1241 4396 1302 4450 Si
1355 4397 1478 4468 quis
1527 4403 1707 4451 autem
1762 4397 2033 4468 Spiritum

2133 3252 2358 3318 propter
2384 3254 2663 3317 peceatum
2691 3244 2863 3315 (270).
2909 3244 3241 3300 Notandum
3281 3246 3372 3298 est
3420 3244 3598 3299 etiam
3649 3244 3800 3315 quia

2140 3352 2253 3391 non
2312 3335 2394 3390 ait
2447 3335 2802 3403 moriturum,
2850 3332 2948 3387 sed
3007 3334 3304 3398 mortuum,
3336 3331 3644 3403 quoniam,
3674 3332 3804 3387 etsi

2142 3440 2355 3496 corpus
2388 3423 2857 3492 uniuscujusque
2903 3421 3096 3476 vivere
3119 3420 3406 3490 videatur,
3432 3421 3559 3491 jam
3590 3425 3801 3477 tamen

2142 3515 2440 3565 mortuum
2474 3514 2583 3579 est,
2607 3509 2885 3580 quoniam
2914 3508 2975 3563 in
3005 3524 3071 3562 eo
3102 3508 3353 3563 necdum
3384 3507 3664 3563 innovato
3689 3524 3804 3579 per

2143 3599 2652 3667 resurrectionem,
2676 3598 2896 3669 peccati
2925 3596 3225 3668 meritum,
3246 3596 3305 3652 id
3334 3601 3424 3652 est
3454 3597 3663 3652 mortis
3694 3613 3803 3653 ne-

2142 3688 2388 3744 cessitas
2417 3691 2633 3742 manet.

2214 3777 2460 3849 Spiritus
2506 3792 2629 3831 vero
2676 3779 2788 3831 vita
2835 3776 2984 3848 (271)
3035 3779 3255 3847 propter
3306 3775 3798 3845 justiﬁcatwnem.

2141 3866 2630 3923 Justiﬁcationem
2650 3864 2811 3920 illam
2829 3864 2969 3920 dicit
2989 3880 3116 3935 quae
3136 3864 3196 3919 in
3218 3864 3511 3935 baptismo
3533 3863 3803 3920 celebra-

2141 3961 2256 4011 tur.
2277 3955 2487 4011 Anima
2507 3955 2665 4010 enim
2687 3953 2936 4025 alicujus
2956 3951 3147 4009 fidelis
3167 3952 3227 4009 in
3255 3953 3549 4025 baptismo
3570 3952 3801 4009 relaxa-

2142 4046 2219 4101 tis
2246 4044 2522 4116 peccatis,
2541 4059 2644 4114 per
2672 4043 2920 4115 gratiam
2951 4042 3136 4098 sancti
3158 4042 3406 4114 Spiritus
3434 4042 3800 4113 vivificatur,

2144 4134 2389 4205 ideoque
2418 4132 2537 4187 vita
2564 4137 2672 4188 est.
2704 4131 2813 4186 Sed
2856 4136 3125 4203 poterant
3153 4131 3398 4187 Romani
3432 4132 3503 4186 ad
3549 4131 3673 4186 haec
3701 4131 3798 4187 di-

2144 4238 2307 4278 cere:
2333 4222 2474 4277 Ecce
2503 4219 2788 4291 Spiritum
2820 4219 3031 4276 Christi
3071 4219 3379 4286 habemus,
3406 4220 3561 4292 quod
3596 4221 3801 4276 mani-

2145 4312 2392 4369 festatur
2428 4326 2499 4366 ex
2550 4309 2778 4381 integra
2805 4312 2863 4364 et
2892 4307 3178 4365 catholica
3207 4309 3322 4364 fide
3368 4325 3494 4381 quae
3527 4308 3586 4363 in
3617 4308 3803 4365 nobis

2143 4404 2251 4472 est,
2276 4406 2333 4456 et
2362 4417 2431 4455 ex
2474 4396 2784 4454 dilectione
2805 4396 3072 4469 justitise,
3115 4397 3254 4469 quid
3285 4398 3395 4453 erit
3423 4398 3495 4453 de
3519 4397 3671 4467 (272)
3693 4396 3806 4454 illa

380 4489 584 4545 Christi
610 4506 728 4543 non
774 4487 953 4553 habet,
989 4484 1077 4541 hic
1121 4501 1234 4541 non
1281 4492 1361 4540 est
1410 4484 1563 4555 ejus;
1595 4499 1662 4540 ac
1694 4485 1741 4540 si
1776 4486 1992 4543 diceret
2024 4505 2037 4545 ε
2069 4483 2118 4548 D
2151 4506 2325 4548 carne
2346 4487 2671 4553 mortali,et
2688 4487 2760 4542 de
2780 4485 2906 4559 lege
2928 4502 3057 4558 quas
3076 4487 3245 4543 estin
3267 4486 3548 4542 membris
3568 4486 3805 4542 nostris

451 4595 600 4667 (>362)
632 4599 699 4667 In
730 4598 928 4664 autog.
961 4608 1151 4665 marg.
1180 4608 1233 4667 c._
1263 4590 1403 4647 XIX.

455 4663 605 4736 (263)
654 4666 828 4738 Vulg.
879 4663 1002 4719 non
1064 4663 1329 4720 mandata
1383 4677 1543 4729 mea,
1602 4663 1702 4717 sed
1758 4679 2031 4721 sermones

382 4754 549 4795 M608.

455 4809 606 4880 (264)
632 4806 804 4880 Vulg.
836 4825 951 4866 non
978 4814 1058 4864 est
1083 4807 1345 4880 subjecta.

455 4876 602 4955 (265)
636 4876 783 4933 Sunt
805 4884 860 4934 et
883 4879 977 4934 alii
1001 4876 1206 4955 textus
1222 4877 1342 4955 qui,
1368 4876 1494 4932 loco
1512 4877 1560 4931 si
1591 4883 1791 4955 tamen,
1812 4876 2031 4955 habent

383 4954 434 5008 si
462 4948 714 5025 quidem:
746 4966 874 5020 quae
906 4955 1062 5025 certe
1094 4948 1273 5025 lectio
1319 4964 1594 5025 magnam
1645 4948 2031 5025 differentiam

384 5020 829 5106 parereposset.
860 5021 1211 5106 Adyerbium
1239 5021 1393 5076 enim
1426 5024 1607 5075 tamen
1635 5020 2030 5106 conditionem

388 5091 629 5157 indicat,
649 5092 776 5148 sine
796 5110 915 5166 qua
941 5093 1000 5149 in
1025 5093 1232 5165 spiritu
1256 5109 1371 5166 non
1394 5107 1523 5166 esse
1545 5107 1716 5166 posse
1738 5091 2032 5166 Romanos

392 5170 704 5233 assereret;
738 5160 1076 5221 adverbium
1107 5181 1240 5220 vero
1269 5165 1323 5219 si
1350 5160 1587 5234 quidem,
1613 5160 1662 5215 si
1693 5165 2030 5234 separatim,

390 5238 447 5292 id
481 5243 572 5293 est
601 5236 782 5293 diviso
814 5240 867 5292 si
896 5254 930 5292 a
958 5236 1177 5308 quidem
1196 5238 1485 5302 sumatur,
1508 5234 1803 5308 idem‘etsi
1836 5235 2033 5308 minus

393 5314 570 5374 arcte,
598 5308 928 5379 significare
957 5302 1181 5380 posset;
1217 5322 1333 5380 non
1365 5308 1445 5360 ita
1470 5319 1642 5380 vero,
1674 5302 1792 5380 imo
1840 5305 2034 5380 diver-

392 5395 525 5435 sum
556 5375 795 5435 omnino
823 5375 1065 5435 sensum
1113 5378 1422 5434 sortiretur
1462 5378 1689 5440 textus;
1720 5375 1769 5430 si
1820 5377 2032 5433 unitim

389 5448 664 5522 siquidem
698 5449 1006 5522 legeretur,
1038 5450 1218 5522 quod
1242 5446 1577 5522 absolutum
1607 5461 1848 5522 sensum
1880 5448 2033 5505 face-

388 5516 494 5593 ret,
516 5520 578 5593 id
607 5523 697 5593 est
719 5516 1018 5593 Romanos
1042 5516 1103 5577 i‘n
1135 5520 1503 5593 spiritu_ver_e
1536 5516 1757 5593 positos
1786 5535 1934 5593 esse,
1960 5522 2033 5577 si-

386 5592 651 5675 quidem,
678 5589 736 5647 id
768 5596 858 5649 est
885 5592 1025 5667 quia
1051 5587 1303 5667 Spiritus
1334 5589 1435 5649 Dei
1466 5587 1759 5647 habitaret
1785 5589 1845 5645 in
1868 5591 1974 5650 eis.

2234 4596 2362 4665 266)
2391 4593 2564 4665 Vulg.
2594 4608 2895 4665 sermonem
2926 4608 3127 4649 meum.

2232 4664 2359 4735 267)
2386 4666 2449 4720 In
2481 4664 2680 4735 autog.
2714 4664 2919 4734 diligit.

2214 4735 2362 4810 (268)
2392 4735 2781 4810 Soliditatem,
2813 4735 2871 4790 id
2901 4738 2993 4791 est
3019 4736 3201 4810 vitam
3228 4738 3525 4810 aeternam,
3551 4735 3803 4810 immar-

2142 4806 2495 4875 ceScibilem,
2526 4812 2585 4863 et
2615 4806 2724 4862 hoc
2767 4823 2945 4863 sensu
2975 4806 3245 4873 solidam,
3279 4806 3393 4863 nisi
3437 4807 3801 4875 felicitatem,

2140 4882 2227 4938 vel
2256 4880 2586 4937 soliditatem
2616 4878 2789 4934 scribi
2824 4878 3096 4934 debuisse
3128 4878 3225 4933 alii
3248 4879 3537 4949 judicent,
3571 4878 3675 4932 ubi
3703 4882 3802 4933 ta-

2143 4971 2276 5009 men
2307 4953 2651 5007 sodalitatem
2681 4949 3003 5005 clarissime
3036 4950 3267 5022 legitur.

2214 5025 2362 5093 (269)
2395 5024 2460 5078 In
2489 5025 2696 5092 Autog.
2727 5036 2971 5091 peccare,
3004 5021 3162 5078 ruere
3189 5021 3421 5092 legitur.

2213 5089 2359 5165 (270)
2394 5094 2477 5151 Ibi
2528 5089 2831 5165 perperam
2866 5094 3147 5165 repetitae
3202 5089 3480 5164 leguntur
3527 5089 3805 5146 initiales

2140 5161 2838 5235 litteraa'hujusoejtextus
2864 5161 2993 5235 ita}
3028 5182 3102 5219 m.
3134 5181 3180 5219 c.
3210 5161 3349 5234 pip.

2213 5233 2586 5316 (271)_Vulg.,
2616 5233 2742 5316 loco
2788 5236 2922 5316 vita,
2953 5233 3095 5316 legit
3126 5233 3258 5316 vivit
3271 5233 3460 5316 {sunt
3501 5237 3700 5289 tamen
3732 5235 3805 5289 et

2143 5305 2242 5365 alii
2272 5305 2489 5372 tentus,
2519 5305 2578 5360 in
2610 5306 2824 5377 quibus
2854 5305 3069 5377 legitur
3096 5308 3209 5362 vita
3245 5314 3337 5362 est.

2213 5381 2361 5451 (272)
2392 5380 2457 5451 In
2486 5381 2736 5451 autogr.,
2770 5375 2893 5451 loco
2918 5375 3019 5433 _de
3062 5377 3275 5451 legitur
3302 5378 3409 5442 die,
3444 5375 3601 5451 quod
3644 5390 3805 5451 sane

2141 5449 2359 5524 optime
2389 5449 2500 5522 legi
2524 5454 2739 5524 posset,
2765 5449 2813 5505 si
2840 5450 3168 5521 prapositio
3194 5449 3279 5515 de,
3301 5465 3429 5521 quas
3460 5449 3625 5503 deest
3653 5449 3808 5505 ante

2141 5520 2384 5581 verbum
2415 5520 2579 5579 carne
2607 5520 2938 5578 adderetur.
