4080 6174
232 324 325 387 201

781 317 1206 380 EXPOSITIO
1249 320 1330 380 IN
1377 318 1814 382 EPISTOLAS

1966 323 2122 384 ULI.
2149 344 2227 369 -‘-
2254 325 2332 385 ΙΝ
2377 327 2629 389 ΕΡιεΤ.
2672 328 2775 388 AD
2819 328 3009 390 ROM.

3494 338 3614 399 302

232 463 521 524 repugnans
549 446 660 520 legi
694 449 917 506 mentis
966 449 1220 507 nostrai?
1268 450 1343 507 Ut
1390 465 1531 522 ergo
1581 453 1855 535 ostendat
1882 454 1937 521 Α
1965 462 2048 509 est
2074 457 2513 526 fornicationem,
2557 463 2667 515 etc.
2691 459 2827 528 (Col.
2862 477 2949 527 ιιι,
2979 460 3057 532 5).
3090 460 3181 516 Illi
3223 463 3430 535 spiritu
3464 468 3619 526 facta

230 537 502 612 Apostolus
543 552 830 608 magnum
878 540 1101 594 donum
1130 540 1439 611 redempta
1473 539 1700 595 homini
1727 558 1857 598 esse

231 628 490 692 collatum,
522 625 825 695 respondit
863 627 937 682 ad
983 627 1103 683 haec
1137 644 1150 683 :
1189 628 1339 696 Quod
1370 629 1426 682 si
1456 629 1691 698 spiritus
1737 631 1859 701 ejus

228 718 309 789 (qui
330 716 593 772 suscitavit
635 717 835 770 Jesum
863 732 899 771 a
924 718 1181 783 mortuis,
1214 716 1434 772 habitat
1460 717 1519 771 in
1547 718 1727 781 vobis,
1762 720 1859 789 qui

228 805 474 865 suscitavit
517 808 701 861 Jesum
749 802 1038 860 Christum
1075 823 1111 861 a
1147 805 1401 875 mortuis,
1454 802 1766 874 viviﬁcabit
1806 816 1859 862 et

230 892 461 949 mortalia
485 906 707 962 corpora
749 896 957 960 uestra,
987 897 1206 964 propter
1234 892 1642 947 inhabitantem
1673 894 1858 964 Spiri-

230 991 323 1037 tum
347 981 450 1051 ejus
479 982 540 1034 in
567 979 729 1035 vobis.
762 980 1078 1051 Tanquam
1112 982 1327 1036 diceret
1362 997 1376 1036 :
1418 996 1710 1052 magnum
1743 984 1859 1037 uti-

232 1086 324 1142 que
368 1085 575 1124 munus
622 1068 933 1139 redempto
982 1069 1205 1125 homini
1257 1068 1536 1125 collatum
1557 1070 1718 1141 (273)
1750 1077 1859 1137 est,

233 1156 474 1229 quoniam
501 1173 617 1213 non
634 1156 832 1212 solum
853 1158 1054 1213 anima
1069 1158 1337 1214 relaxatis
1352 1157 1602 1229 peccatis
1625 1158 1691 1212 in
1720 1176 1861 1230 prse-

234 1245 359 1301 senti
385 1244 538 1312 vivit,
559 1245 660 1301 sed
688 1245 869 1300 etiam
906 1262 1119 1317 corpus
1138 1246 1523 1301 viviticabitur
1548 1249 1607 1300 et
1636 1247 1716 1301 ad
1748 1248 1857 1302 im-

237 1333 581 1390 mortalitatis
611 1333 865 1405 gloriam
896 1334 1264 1391 transibit.ln
1281 1350 1346 1390 eo
1368 1351 1508 1391 sane
1529 1335 1688 1405 quod
1718 1336 1861 1392 dicit

230 1422 312 1494 qui
354 1421 648 1477 suscitavit
691 1422 901 1477 Jesum
933 1422 1231 1478 Christum
1279 1440 1314 1479 a
1357 1422 1633 1491 mortuis,
1669 1424 1855 1481 Deum

226 1512 423 1567 Patrem
450 1510 577 1566 vult
604 1509 890 1582 intelligi;
924 1528 1041 1566 non
1083 1516 1280 1567 tamen
1330 1512 1456 1584 ipse
1503 1511 1672 1569 solus
1719 1530 1855 1569 eum

226 1598 516 1667 suscitavit,
548 1600 651 1655 sed
701 1602 761 1655 et
808 1598 1015 1665 Filius,
1042 1610 1099 1655 et
1128 1601 1383 1672 Spiritus
1414 1606 1682 1668 sanctus,
1717 1602 1857 1674 quia

226 1688 381 1744 totius
409 1687 715 1743 Trinitatis
748 1704 865 1742 una
895 1692 985 1743 est
1012 1690 1293 1759 operatio.
1318 1691 1388 1744 Et
1416 1694 1554 1747 nota
1573 1691 1718 1761 quia
1737 1708 1853 1747 non

223 1776 291 1830 ait
315 1780 535 1831 mortua
582 1791 851 1847 corpora,
882 1776 983 1831 sed
1030 1779 1313 1833 mortalia.
1344 1780 1530 1833 Adam
1583 1779 1743 1834 enim
1794 1779 1854 1834 in

224 1865 463 1936 paradiso
497 1864 767 1920 mortalis
812 1868 935 1920 erat
972 1870 1106 1920 ante
1148 1871 1480 1937 peccatum,
1512 1870 1656 1938 quia
1704 1868 1853 1923 mori

220 1959 436 2027 poterat,
456 1954 509 2011 si
540 1958 837 2027 peccaret;
866 1953 1016 2011 sicut
1043 1959 1101 2010 et
1123 1962 1399 2013 mortuus
1424 1962 1533 2023 est,
1556 1974 1694 2013 cum
1726 1974 1855 2029 pec-

221 2044 363 2098 cavit.
396 2045 489 2100 Sic
522 2043 680 2100 enim
712 2042 977 2100 mortalis
1006 2044 1317 2101 dicebatur
1346 2045 1695 2117 priusquam
1725 2062 1855 2116 pec-

218 2138 441 2203 caverat,
474 2132 631 2189 sicut
661 2148 874 2204 corpus
903 2132 1245 2189 infirmitate
1277 2150 1483 2189 carens
1518 2133 1855 2206 aagrotabile

216 2221 427 2289 dicitur,
453 2238 571 2277 non
598 2226 902 2293 aegrotum.
922 2222 1085 2285 Quod
1117 2223 1165 2277 si
1195 2222 1507 2294 contigerit
1537 2227 1603 2278 ut
1630 2223 1855 2293 absque

214 2308 539 2366 infirmitate
569 2310 899 2378 occumbat,
931 2311 1267 2383 mgrotabile
1312 2314 1463 2367 recte
1494 2310 1610 2365 dici
1640 2315 1851 2381 potest,

210 2402 395 2454 etnon
445 2403 755 2472 aegrotum.
786 2399 880 2454 Sic
933 2400 1129 2471 itaque
1186 2399 1533 2470 sancti,etsi
1582 2399 1853 2453 mortalia

207 2492 428 2559 agerent
453 2491 961 2561 corpora,propter
982 2488 1192 2545 mortis
1213 2488 1650 2556 necessitatem,
1664 2487 1723 2540 in
1746 2503 1852 2559 spe

208 2577 386 2632 tamen
417 2576 785 2634 immortalia
813 2577 1053 2646 habent,
1082 2577 1256 2649 quale
1277 2576 1485 2632 habuit
1506 2576 1693 2631 Adam
1716 2580 1853 2632 ante

204 2670 522 2735 peccatum,
548 2666 683 2739 quia
719 2682 886 2739 spem
930 2672 1283 2738 acceperunt
1316 2682 1353 2720 a
1378 2665 1518 2732 Deo,
1554 2667 1612 2718 et
1641 2663 1853 2719 ﬁrmis-

204 2753 336 2809 sime
366 2756 619 2811 credunt
650 2755 791 2826 quia
839 2754 1225 2811 resurrecturi
1258 2754 1615 2825 quandoque
1644 2752 1716 2807 ad
1747 2770 1849 2808 an-

204 2842 459 2912 gelorum
493 2844 840 2916 dignitatem
883 2844 1247 2913 transibunt,
1281 2842 1353 2897 ad
1393 2857 1570 2913 quam
1622 2840 1850 2911 primus

202 2929 385 2999 homo,
421 2932 539 2988 nisi
575 2937 859 3004 peccaret,
883 2932 1009 2987 sine
1041 2937 1228 2987 morte
1248 2929 1489 2985 veniret.
1512 2930 1677 2984 Tunc
1699 2930 1847 3001 jam,

205 3034 297 3074 nec
328 3026 589 3091 mortua,
622 3038 727 3076 nec
760 3019 1030 3076 mortalia
1058 3035 1305 3090 corpora
1336 3018 1656 3083 habebunt,
1689 3018 1849 3088 quia,

202 3122 296 3162 nec
319 3109 540 3165 mortis
561 3111 879 3164 necessitas
902 3106 1018 3161 illis
1041 3107 1237 3169 inerit,
1262 3122 1367 3161 nec
1390 3122 1558 3177 posse
1581 3121 1847 3176 peccare;

1965 544 2159 600 carnis
2199 547 2572 615 mortiﬁcant,
2606 548 2727 619 qui,
2779 548 3001 621 Spiritu
3056 556 3261 607 sancto
3317 562 3613 626 cperante,

1965 632 2108 686 vitia
2138 638 2194 687 et
2225 639 2459 704 peccata
2495 636 2554 691 in
2600 638 2936 709 semetipsis
2968 638 3373 711 exstinguunt,
3405 649 3463 700 et
3491 662 3616 701 cor-

1968 736 2110 791 pora
2162 738 2270 777 sua
2322 725 2637 796 castigant,
2699 729 2757 780 et
2812 726 2873 780 in
2926 728 3269 786 servitutem
3344 734 3619 807 redigunt

1968 809 2015 879 (1
2043 812 2172 866 Cor.
2205 828 2282 877 ιχ,
2312 812 2426 883 27),
2460 813 2705 883 ideoque
2732 813 2949 883 vivent,
2975 832 3091 871 non
3123 820 3244 874 tam
3274 820 3394 877 vita
3421 839 3621 896 corpo-

1968 896 2049 952 ris
2089 915 2265 969 quam
2314 900 2434 954 vita
2481 900 2689 955 anime
2736 906 2793 957 et
2836 907 3067 959 aeternas
3116 905 3518 969 beatitudinis.
3551 913 3618 968 Et

1969 987 2139 1056 quasi
2170 988 2470 1044 dicerent:
2508 990 2661 1044 unde
2692 991 3076 1060 probabimus
3115 995 3394 1066 Spiritum
3425 999 3526 1055 Dei
3556 1001 3616 1056 in

1969 1074 2147 1130 nobis
2180 1076 2355 1132 esse?
2401 1078 2715 1149 Subjungit
2766 1095 2779 1132 :
2833 1080 3161 1153 Quicunque
3206 1087 3361 1140 enim
3404 1088 3618 1159 Spiritu

1969 1163 2067 1217 Dei
2094 1174 2363 1233 aguntur,
2395 1168 2441 1220 ii
2468 1167 2577 1234 ﬁlii
2621 1174 2748 1221 sunt
2795 1168 2908 1222 Dei.
2945 1169 3021 1224 Et
3068 1176 3158 1227 est
3202 1190 3411 1231 sensus
3446 1192 3459 1230 :
3494 1176 3615 1233 haec

1968 1255 2058 1306 est
2087 1268 2220 1308 vera
2249 1254 2514 1324 probatio
2546 1254 2796 1309 ﬁliorum
2831 1254 2957 1325 Dei,
2984 1257 3034 1311 si
3067 1260 3277 1330 spiritu
3306 1263 3407 1317 Dei
3438 1279 3617 1335 agun-

1964 1343 2080 1394 tur.
2112 1341 2333 1412 Spiritu
2368 1341 2469 1396 Dei
2500 1342 2585 1397 illi
2616 1347 2892 1414 aguntur,
2927 1344 2990 1398 id
3032 1351 3143 1413 est,
3174 1349 3488 1422 ducuntur,
3512 1352 3614 1423 qui

1964 1428 2212 1498 Spiritus
2243 1430 2430 1485 sancti
2462 1432 2652 1503 gratia
2682 1432 2754 1487 ad
2794 1448 2914 1485 suze
2966 1436 3185 1491 mentis
3214 1440 3611 1509 compunctio-

1965 1532 2099 1571 nem
2128 1518 2200 1572 ad
2232 1518 2521 1591 lacrymas
2558 1524 2616 1574 et
2656 1524 2860 1575 cetera
2890 1520 2988 1577 his
3018 1522 3238 1579 similia
3264 1526 3612 1594 excitantur,

1960 1608 2019 1661 et
2048 1604 2176 1662 ideo
2210 1606 2313 1661 ﬁlii
2342 1612 2484 1662 sunt
2509 1607 2628 1663 Dei.

2033 1694 2244 1767 Magna
2301 1700 2499 1751 autem
2547 1696 2800 1767 dignitas
2851 1696 3198 1755 hominibus
3237 1700 3446 1758 collata
3498 1707 3612 1772 est,

1963 1782 2242 1854 quoniam
2273 1785 2375 1854 qui
2418 1801 2535 1841 non
2583 1789 2749 1840 erant
2774 1786 2937 1857 digni
2979 1792 3045 1842 ut
3073 1794 3419 1845 vocarentur
3465 1791 3616 1847 servi

1963 1871 2083 1937 Dei,
2109 1875 2335 1927 tantam
2362 1877 2706 1943 potestatem
2740 1879 3093 1945 acceperunt
3113 1880 3178 1932 ut
3201 1876 3320 1932 sint
3337 1885 3394 1933 et
3413 1896 3619 1936 vocen-

1961 1962 2058 2013 tur
2087 1959 2190 2014 filii
2231 1959 2334 2015 Dei
2364 1961 2412 2031 (1
2436 1962 2596 2016 Joan.
2628 1978 2715 2031 ιιι,
2748 1964 2821 2029 1).
2856 1963 3063 2033 itaque
3094 1963 3193 2035 qui
3243 1964 3462 2036 Spiritu
3510 1967 3614 2024 Dei

1962 2053 2237 2117 aguntur,
2261 2048 2542 2104 charitate
2565 2053 2855 2120 aguntur:
2883 2050 3165 2121 quoniam
3195 2051 3350 2107 idem
3369 2054 3615 2126 Aposto-

1961 2134 2054 2191 lus
2084 2137 2164 2193 ait
2196 2153 2210 2190 :
2245 2136 2501 2191 Charitas
2551 2138 2658 2192 Dei
2682 2137 2890 2207 iii/fusa
2918 2146 2998 2193 est
3026 2140 3089 2193 in
3114 2140 3365 2196 cordibus
3407 2142 3613 2198 nostris

1957 2239 2059 2294 per
2088 2223 2360 2294 Spiritum
2388 2233 2646 2279 sanctum
2675 2225 2888 2294 (supra,
2921 2242 2977 2291 v,
3010 2226 3084 2297 3).
3114 2226 3276 2283 Unde
3307 2245 3441 2284 mox
3469 2231 3610 2286 sub-

1953 2312 2152 2383 jungit
2186 2329 2197 2367 :
2231 2328 2342 2368 non
2388 2314 2539 2367 enim
2575 2315 2859 2382 accepistis
2888 2314 3149 2383 spiritum
3178 2318 3458 2372 servitutis
3508 2320 3612 2376 ite-

1958 2416 2085 2455 rum
2143 2402 2201 2456 in
2255 2402 2510 2456 timorem
2558 2400 2727 2470 (276).
2777 2399 2946 2472 Nam,
2997 2405 3063 2457 ut
3119 2401 3372 2460 Joannes
3428 2392 3609 2463 dicit:

1958 2491 2211 2558 Perfecta
2268 2490 2507 2544 obtritas
2569 2488 2726 2558 foras
2781 2491 2956 2545 mittit
3028 2492 3277 2548 timorem
3339 2492 3397 2564 (Ι
3450 2495 3608 2550 Joan.

1958 2594 2035 2647 ιν,
2072 2578 2178 2648 18).

2029 2666 2141 2720 Sed
2174 2665 2313 2736 quid
2344 2668 2434 2721 est
2460 2664 2617 2736 quod
2666 2665 2749 2719 ait
2797 2668 3047 2722 iterum?
3093 2668 3152 2725 id
3202 2672 3312 2735 est,
3346 2670 3503 2725 sicut
3548 2668 3610 2726 in

1960 2760 2155 2809 monte
2186 2754 2343 2821 Sina,
2379 2770 2493 2826 quo
2517 2752 2674 2808 dicto
2704 2756 2964 2811 ostendit
2984 2772 3082 2812 eos
3114 2756 3298 2812 fuisse
3319 2757 3429 2814 sub
3460 2757 3608 2831 lege.

1956 2842 2108 2898 Dicit
2155 2842 2371 2914 aliquis
2407 2859 2419 2897 :
2457 2842 2601 2897 alter
2648 2842 2759 2897 fuit
2805 2844 3046 2916 spiritus
3089 2845 3151 2900 in
3180 2845 3375 2902 Veteri
3406 2847 3611 2902 Testa-

1959 2936 2156 2987 mento
2188 2933 2362 2987 datus
2389 2929 2602 3002 populo
2630 2931 2753 2999 Dei,
2782 2936 2839 2987 et
2869 2933 3013 2989 alter
3044 2933 3104 2989 in
3134 2938 3291 2990 Novo
3326 2952 3338 2991 :
3374 2935 3529 3005 quod
3559 2935 3611 2991 si

1957 3024 2130 3085 esset,
2163 3035 2538 3091 nequaquam
2580 3020 2893 3089 Apostolus
2945 3024 3145 3077 iterum
3176 3022 3411 3078 diceret.
3446 3024 3607 3078 Idem

1958 3122 2092 3179 ergo
2118 3114 2209 3164 est
2236 3108 2480 3179 spiritus
2526 3108 2819 3164 servitutis
2851 3112 2907 3165 et
2935 3110 3250 3180 libertatis;
3297 3111 3398 3167 sed
3430 3110 3603 3182 spiri-

200 3198 342 3265 quod
374 3202 526 3252 tunc
549 3197 664 3261 ﬁet,
683 3212 817 3250 cum
845 3194 1154 3266 impletum
1183 3194 1358 3249 fuerit
1379 3192 1521 3247 illud
1546 3194 1701 3264 quod
1724 3211 1849 3264 pro-
1874 3183 1919 3249 C
1958 3199 2056 3251 tus
2084 3197 2312 3251 timoris
2341 3200 2399 3253 et
2429 3194 2726 3251 servitutis
2771 3197 2829 3251 in
2870 3198 3089 3255 tabulis
3119 3198 3394 3270 lapideis;
3430 3197 3604 3270 spiri-

187 3282 346 3352 pheta
373 3285 564 3339 dicit:
599 3284 865 3355 Absorpla
895 3290 973 3337 est
999 3298 1148 3337 mors
1187 3283 1248 3336 in
1286 3282 1522 3336 victoria
1549 3279 1692 3348 (Ose.
1726 3297 1846 3350 xm,

190 3370 286 3439 ii);
322 3372 389 3429 id
427 3377 543 3438 est,
568 3386 691 3425 cum
710 3370 942 3424 mortale
961 3371 1065 3425 hoc
1085 3370 1331 3424 induerit
1354 3368 1825 3425 immortalitatem

183 3466 222 3512 et
264 3458 645 3530 corruptibile
699 3459 1162 3529 incorruptionem
1204 3458 1278 3529 (II
1307 3457 1425 3512 Cor.
1460 3474 1551 3525 xv,
1596 3458 1690 3526 53,
1730 3453 1844 3537 54):

183 3545 369 3619 Igitur,
394 3547 550 3635 quia
579 3563 855 3635 magnum
888 3562 1107 3635 munus
1139 3544 1368 3635 homini
1396 3544 1675 3601 collatum
1695 3548 1845 3635 (274)

183 3636 434 3691 ostendit
479 3651 493 3689 :
529 3634 746 3690 idcirco
780 3634 1044 3691 subdidit
1077 3651 1089 3688 :
1122 3634 1275 3703 (275)
1308 3637 1467 3704 Ergo,
1497 3637 1722 3705 fratres,
1753 3634 1843 3691 de?

189 3723 375 3797 bilores
404 3739 625 3792 sumus,
651 3726 786 3795 etc.,
819 3724 960 3794 quia
1007 3722 1274 3779 absolute
1326 3722 1408 3777 ait
1453 3723 1738 3789 debitores,
1772 3741 1843 3780 ne

187 3812 306 3881 quis
336 3816 585 3884 putaret
615 3811 797 3879 carni,
830 3811 1054 3866 addidit
1098 3828 1211 3868 non
1242 3812 1422 3878 carni,
1458 3822 1517 3866 ut
1545 3812 1844 3867 secundum

185 3913 403 3956 carnem
464 3902 740 3955 vivamus.
787 3900 957 3955 Carni
1015 3900 1311 3955 debitores
1367 3904 1505 3954 sunt
1554 3900 1655 3970 qui
1714 3901 1842 3969 ejus

185 3988 694 4062 concupiscentias
761 3992 1135 4060 sequuntur;
1199 3987 1355 4058 quod
1421 3991 1708 4058 quantum
1767 3988 1843 4043 sit

181 4075 395 4132 malum
446 4078 582 4150 ipse
614 4076 894 4145 ostendit,
930 4077 1297 4148 subjungens
1326 4091 1340 4128 :
1372 4075 1434 4129 Si
1460 4076 1611 4129 enim
1655 4090 1842 4131 secun-

180 4162 300 4219 dum
326 4182 565 4222 carnem
621 4165 892 4233 vixeritis,
924 4166 1243 4221 moriemini
1254 4180 1274 4224 ;
1306 4164 1361 4217 id
1393 4168 1502 4230 est,
1530 4164 1579 4220 si
1626 4180 1841 4220 secun-

182 4251 310 4308 dum
370 4272 483 4311 vos
547 4254 708 4325 ipsos
764 4252 1042 4309 vixeritis.
1076 4252 1311 4307 Primus
1364 4250 1518 4307 enim
1570 4252 1837 4325 angelus,

182 4341 309 4408 quia
368 4343 714 4398 secundum
761 4359 823 4397 se
871 4341 1032 4407 vixit,
1063 4341 1193 4396 ideo
1247 4339 1482 4395 corruit.
1534 4340 1698 4402 Quod
1747 4342 1840 4397 di-

180 4428 251 4483 cit
278 4433 641 4498 moriemini,
676 4447 791 4486 non
834 4431 904 4485 de
954 4434 1140 4485 morte
1182 4429 1461 4499 corporis,
1492 4429 1591 4483 sed
1641 4429 1838 4500 potius

1957 3285 2054 3339 tus
2084 3285 2302 3340 amoris
2336 3290 2394 3339 et
2422 3283 2713 3339 libertatis
2741 3284 2801 3339 in
2832 3286 3047 3341 tabulis
3079 3286 3290 3342 cordis.

2025 3373 2131 3427 Sed
2161 3375 2443 3445 accepistis
2470 3374 2730 3443 spiritum
2761 3374 3071 3445 adoptionis
3093 3375 3372 3445 ﬁliorum;
3403 3376 3459 3431 id
3492 3380 3606 3445 est,

1955 3461 2239 3531 Spiritum
2270 3464 2565 3530 sanctum,
2601 3476 2703 3532 per
2746 3463 2916 3532 cujus
2965 3464 3217 3534 gratiam
3267 3462 3489 3531 fideles,
3515 3464 3603 3522 di-

1954 3548 2154 3605 missis
2208 3550 2265 3604 in
2327 3550 2680 3621 baptismate
2728 3551 3001 3622 peccatis,
3044 3550 3298 3624 adoptivi
3347 3552 3449 3607 ﬁlii
3500 3552 3604 3609 Dei

1951 3637 2377 3694 efﬁciunturJn
2406 3654 2512 3711 quo
2540 3637 2878 3694 clamamus:
2902 3640 3047 3695 Abba
3071 3640 3300 3711 (Pater).
3327 3642 3602 3707 Quaedam

1951 3727 2307 3799 exemplaria
2348 3727 2683 3783 clamantem
2732 3728 2970 3799 habent,
3002 3729 3159 3799 quod
3207 3732 3315 3797 est,
3349 3729 3603 3786 clamare

1952 3814 2283 3869 iacientem.
2308 3814 2601 3886 Expositio
2631 3819 2719 3870 est
2734 3832 2870 3887 ergo
2893 3817 3044 3886 quod
3073 3817 3130 3872 in
3158 3818 3375 3873 nostris
3407 3832 3600 3874 exem-

1951 3900 2214 3971 plaribus
2246 3902 2558 3957 invenitur.
2579 3901 2811 3957 Clamor
2832 3907 3029 3959 autem
3060 3904 3191 3975 iste,
3216 3921 3329 3959 non
3354 3906 3470 3961 oris
3502 3910 3603 3961 aut

1952 3988 2210 4043 faucium
2251 3994 2359 4058 est,
2394 3989 2494 4043 sed
2540 3989 2752 4044 cordis.
2783 3990 2933 4046 Abba
2981 3991 3191 4063 Syrum
3244 3995 3332 4047 est
3381 3996 3438 4047 et
3490 3996 3599 4048 He-

1952 4075 2175 4132 braeum
2193 4094 2206 4143 ;
2227 4081 2404 4148 pater,
2429 4080 2689 4131 Graecum
2713 4082 2770 4132 et
2790 4077 3083 4133 Latinum.
3108 4078 3444 4134 Clamamus
3465 4095 3601 4151 ergo

1949 4164 2007 4218 in
2072 4164 2324 4236 spiritu:
2356 4165 2533 4231 Abba,
2575 4166 2763 4233 Pater,
2814 4181 2948 4219 cum
3007 4170 3240 4222 orantes
3299 4165 3597 4223 dicimus:

1948 4258 2118 4309 Pater
2144 4257 2348 4324 noster,
2380 4256 2490 4308 etc.
2516 4252 2625 4308 Sed
2662 4270 2841 4325 quare
2876 4258 3197 4327 utrumque
3222 4254 3441 4325 posuit,
3466 4271 3599 4311 cum

1951 4359 2137 4397 unum
2172 4342 2327 4397 sint?
2361 4342 2614 4408 Scilicet,
2640 4343 2778 4414 quia
2808 4343 3070 4414 praevidit
3100 4342 3316 4400 multos
3347 4360 3415 4399 ex
3441 4348 3599 4400 utro-

1950 4446 2064 4500 que
2094 4430 2311 4501 populo
2342 4432 2413 4486 ad
2444 4447 2618 4485 unam
2653 4430 2868 4486 Christi
2900 4432 3074 4487 ﬁdem
3098 4438 3393 4487 venturos.
3427 4432 3601 4504 Prop-

180 4517 413 4589 animas,
478 4518 575 4575 vel
644 4524 870 4575 aeternas
937 4516 1333 4573 damnationis
1399 4522 1490 4572 est
1547 4518 1837 4591 accipien-
1865 4539 1914 4604 D
1952 4521 2039 4572 ter
2068 4518 2323 4589 lapidem
2353 4534 2490 4590 ergo
2539 4520 2881 4591 angularem
2929 4525 3247 4591 utrumque
3288 4519 3502 4592 posuit,
3535 4525 3601 4575 ut

187 4604 341 4663 dum.

244 4699 484 4754 Poterat
518 4697 591 4752 ad
623 4696 744 4752 haec
776 4694 989 4768 aliquis
1033 4696 1222 4752 dicere
1254 4713 1268 4751 :
1304 4694 1355 4749 si
1391 4712 1509 4751 non
1540 4696 1723 4762 carni,
1750 4698 1844 4752 cui

182 4797 307 4856 ergo
340 4786 425 4842 rei
464 4785 767 4840 debitores
798 4783 1049 4840 sumus?
1078 4785 1161 4839 Ad
1194 4783 1316 4838 hinc
1336 4784 1504 4855 quasi
1536 4786 1845 4855 respondet

184 4873 502 4943 Apostolus
540 4888 553 4925 :
585 4873 849 4942 Spiritui,
875 4870 1154 4943 quoniam
1178 4888 1295 4928 non
1326 4869 1411 4925 illi
1441 4871 1523 4926 rei
1553 4872 1844 4929 debitores

186 4975 412 5029 sumus,
450 4961 782 5017 secundum
816 4976 992 5031 quam
1044 4962 1349 5028 morimur,
1383 4961 1483 5015 sed
1518 4963 1843 5017 secundum

188 5063 359 5117 quam
399 5050 684 5106 vivimus.
717 5049 834 5104 Hoc
892 5048 1048 5103 enim
1096 5049 1219 5104 vult
1270 5049 1427 5119 quod
1487 5050 1841 5122 subjungit:

187 5135 241 5190 Si
262 5144 463 5195 autem
495 5141 700 5210 spiritu
726 5140 879 5210 facta
907 5139 1096 5193 carris
1124 5137 1608 5206 mortiﬁcaveritis,
1634 5140 1843 5194 vivens.

184 5225 355 5283 Facta
386 5228 612 5294 carnis,
646 5228 786 5284 dicit
827 5242 1004 5299 opera
1050 5226 1261 5293 carnis,
1286 5227 1357 5281 de
1389 5226 1607 5296 quibus
1658 5226 1796 5282 alibi
1829 5244 1842 5281 :

192 5314 517 5386 Mortiﬁcate
542 5316 785 5371 membra
814 5317 993 5372 vestra
1034 5329 1157 5385 qua?
1184 5323 1312 5370 sunt
1340 5331 1504 5387 super
1531 5320 1757 5388 terram,
1792 5316 1847 5372 id

276 5438 418 5512 273)
454 5444 667 5512 ᾼιιιοε.
699 5440 1038 5496 collocatum.

275 5510 420 5583 4)
455 5510 671 5583 Iterum
701 5512 761 5566 in
794 5514 1002 5583 Autog.
1033 5511 1376 5583 collocatum.

260 5580 424 5653 (275)
457 5581 561 5637 Hic
592 5583 652 5637 in
696 5587 907 5654 Autog.
942 5580 1127 5654 marg.
1162 5581 1377 5653 legitur
1424 5586 1588 5637 Dom.
1622 5581 1685 5637 Χ.
1720 5585 1851 5655 post

497 5709 754 5773 Panos.
800 5708 1112 5795 CXXXIV.

1951 4623 2193 4679 quaeque
2226 4622 2370 4678 gens
2388 4606 2628 4663 haberet
2647 4608 2939 4678 quomodo
2969 4609 3028 4663 in
3052 4625 3160 4663 sua
3189 4606 3393 4680 lingua
3412 4608 3597 4664 Deum

1954 4695 2326 4768 gloriﬁcaret.

2024 4786 2138 4855 Ipse
2167 4786 2313 4838 enim
2344 4784 2581 4854 Spiritus
2628 4784 2996 4839 testimonium
3022 4783 3201 4839 reddit
3246 4787 3473 4856 spiritui
3506 4802 3600 4843 no-

1952 4882 2065 4927 stro
2096 4873 2245 4944 quod
2272 4888 2464 4927 sumus
2494 4871 2603 4940 ﬁlii
2630 4873 2744 4927 Dei.
2769 4872 2935 4941 Nota,
2961 4874 3099 4945 quia
3119 4890 3234 4929 non
3265 4875 3349 4931 ait
3367 4878 3596 4930 tantum

1952 4961 2327 5031 Spiritus,sed
2352 4960 2634 5031 praemisit
2654 4963 2789 5032 ipse,
2814 4962 2873 5015 id
2896 4968 3004 5034 est,
3024 4963 3082 5017 in
3106 4980 3221 5034 quo
3243 4964 3595 5021 clamamus:

1954 5050 2119 5115 Abba,
2148 5050 2331 5103 Pater.
2354 5048 2608 5120 Spiritus
2656 5050 2873 5123 quippe
2906 5057 3145 5108 sanctus
3177 5054 3347 5108 arrha
3398 5056 3600 5105 nostra

1955 5138 2219 5209 est,quia
2258 5137 2472 5209 pignus
2501 5139 2668 5193 nobis
2702 5156 2818 5193 suae
2867 5142 3064 5211 gratiae
3096 5140 3341 5195 contulit
3388 5155 3490 5209 pro
3538 5152 3599 5192 re

1956 5243 2134 5299 quam
2166 5242 2373 5281 sumus
2404 5228 2717 5298 accepturi.
2743 5228 2875 5284 Ideo
2902 5230 3042 5284 dicit
3065 5246 3079 5284 :
3100 5231 3220 5299 Ipse
3239 5229 3478 5298 Spiritus
3498 5234 3600 5283 tes-

1956 5317 2246 5371 timonium
2265 5314 2447 5370 reddit
2466 5318 2691 5387 spiritui
2717 5326 2902 5374 nostro
2912 5336 2933 5380 ;
2966 5319 3023 5372 in
3051 5332 3117 5371 eo
3148 5316 3304 5371 enim
3335 5315 3599 5373 testimo-

1957 5441 2176 5638 Pe(02:7:6)
2205 5509 2377 5636 tVulg.
2412 5514 2626 5571 timore.
2660 5512 2770 5569 Alii
2816 5528 2949 5567 vero
2990 5511 3173 5565 textui
3215 5515 3415 5569 nostro
3463 5530 3600 5570 con-

1960 5598 2063 5638 sen
2096 5600 2197 5638 mn
2232 5622 2245 5636 .

1960 5598 2245 5638 sentiunt.

3252 5712 3287 5799 7.
