4080 6174
424 303 542 364 203

1437 297 1777 360 ATTONIS
1818 292 2414 361 VERCELLENSIS
2458 293 2811 357 EPISCOPI

3708 299 3830 362 204

426 436 589 491 ιιὶιιιιι
639 431 830 488 reddit
872 431 1105 504 spiritui
1150 433 1347 486 nostro
1395 429 1549 501 quod
1582 428 1685 484 filii
1723 428 1823 485 Dei
1853 428 2064 495 simus,
2096 436 2152 502 Α
2179 426 2312 499 tive,
2346 427 2448 483 sed
2482 426 2827 482 afflrmativs
2864 426 3157 499 prolatum
3202 430 3309 482 est.
3342 427 3439 485 Sic
3470 426 3613 485 alibi
3645 444 3658 484 :
3690 431 3833 487 Puto

425 524 564 596 quia
592 521 807 595 pignus
828 521 998 576 nobis
1019 535 1140 576 suae
1164 519 1366 591 gratiis
1386 517 1662 588 contulit;
1686 519 1842 591 quod
1866 518 2068 589 utique

424 630 540 669 non
565 611 872 676 conferret,
904 609 1017 664 nisi
1048 608 1152 663 ﬁlii
1189 608 1283 663 Dei
1316 623 1602 663 essemus.

495 700 702 773 Igitur,
725 700 863 772 quia
892 697 1029 753 ﬁliis
1057 697 1304 752 debetur
1332 696 1639 752 hisreditas
1671 695 1875 768 patris,
1910 693 2069 749 addi-

425 790 513 846 dit
541 808 554 847 :
585 790 647 845 Si
674 794 862 845 autem
910 787 1038 856 ﬁlii,
1069 788 1118 841 et
1149 785 1405 842 haredes.
1431 784 1591 840 Filiis
1640 783 1855 856 quippe
1886 782 2068 854 patris

422 878 731 935 hereditas
762 877 1026 932 debetur.
1059 874 1168 929 Sed
1217 890 1333 930 non
1383 874 1535 930 sicut
1566 872 1704 927 ﬁliis
1735 872 2064 939 hominum,

423 968 509 1025 ita
536 966 675 1023 filiis
703 966 824 1022 Dei.
851 964 1035 1020 Homo
1066 978 1321 1033 namque
1351 960 1489 1017 ﬁliis
1515 962 1639 1017 suis
1670 960 2066 1017 hereditatem

423 1055 724 1127 relinquit,
758 1069 934 1126 quam
964 1068 1099 1108 cum
1142 1049 1261 1107 illis
1318 1051 1615 1123 possidere
1664 1066 1781 1106 non
1839 1053 2063 1121 potest:

423 1145 578 1200 Deus
609 1148 805 1199 autem
860 1140 996 1197 ﬂliis
1050 1138 1176 1195 suis
1232 1140 1627 1194 hereditatem
1659 1139 1855 1205 donat,
1889 1153 2065 1209 quam

421 1250 557 1289 cum
587 1232 704 1288 illis
736 1233 795 1288 in
820 1234 1101 1287 aeternum
1143 1228 1496 1300 possidebit;
1529 1228 1648 1282 imo
1695 1227 1819 1299 ipse
1847 1231 1938 1282 est
1964 1241 2066 1281 eo-

421 1339 554 1378 rum
585 1321 915 1389 haereditas,
938 1319 1093 1375 sicut
1115 1316 1428 1373 Psalmista
1447 1316 1591 1372 dicit
1614 1332 1627 1370 :
1648 1318 1914 1373 Dominus
1928 1330 2067 1387 pars

422 1411 756 1468 haereditatis
784 1424 924 1466 mea
953 1408 1127 1481 (Psal.
1159 1424 1253 1476 xv,
1275 1407 1355 1477 5).

493 1500 629 1569 Sed,
649 1514 721 1555 ne
743 1500 974 1571 putaret
988 1496 1122 1568 quis
1147 1509 1389 1567 parvum
1410 1509 1539 1549 esse
1558 1492 1815 1549 haredes
1830 1491 2068 1561 Christi,

423 1588 748 1660 subjunxit,
768 1588 925 1660 quod
946 1584 1137 1657 magis
1159 1583 1520 1655 gaudeamus
1545 1599 1558 1637 :
1586 1582 1827 1639 haredes
1848 1581 2066 1653 quidem

422 1680 542 1746 Dei,
568 1677 874 1734 coharedes
902 1683 1091 1731 autem
1121 1672 1344 1728 Christi.
1368 1671 1709 1729 Cohaeredes
1728 1670 1943 1726 Christi
1976 1687 2071 1726 su-

423 1765 863 1839 mus,quoniam
893 1779 1136 1834 corpora
1164 1765 1366 1817 nostra
1394 1760 1922 1834 conﬁgurabuntur
1940 1775 2070 1816 cor-

423 1857 546 1929 pori
568 1853 851 1911 claritatis
876 1852 1065 1925 ipsius
1086 1852 1353 1922 (Philipp.
1378 1866 1465 1921 ιιι,
1482 1850 1595 1921 21).
1616 1850 1783 1917 Nam,
1808 1864 1943 1904 cum
1975 1864 2064 1906 re-

420 1942 800 2008 surrexerint,
824 1943 895 1997 ad
927 1938 1389 1996 immortalitatis
1412 1938 1657 2011 gloriam
1680 1938 2063 2005 deducentur,

421 2035 494 2091 ad
526 2048 705 2105 quam
735 2030 948 2087 Christi
980 2045 1192 2101 corpus
1228 2027 1489 2099 pervenit
1518 2032 1653 2099 post
1685 2027 2066 2083 resurrectio-

420 2139 577 2179 nem.
602 2122 867 2178 Hairsdes
890 2119 989 2174 Dei
1020 2134 1249 2174 sumus.
1274 2116 1611 2172 Cohzsredes
1633 2120 1827 2171 autem
1848 2113 2065 2170 Christi

418 2211 665 2278 erimus,
686 2225 820 2265 cum
852 2206 1187 2279 apparuerit
1236 2206 1389 2277 quod
1439 2222 1667 2260 sumus.
1696 2205 1859 2260 Unde
1886 2208 2064 2260 Joan-

417 2317 521 2357 nes
555 2315 569 2355 :
603 2298 947 2367 Charissimi,
968 2310 1117 2350 nunc
1139 2292 1254 2365 ﬁlii
1280 2295 1379 2350 Dei
1397 2310 1606 2359 sumus,
1629 2298 1680 2349 et
1700 2294 1943 2349 nondum
1972 2310 2067 2364 ap-

412 2390 602 2463 paruit
629 2387 761 2461 quid
788 2388 1015 2443 erimus.
1043 2384 1179 2439 Cum
1206 2389 1390 2439 autem
1420 2384 1760 2455 apparuerit,
1783 2383 1994 2438 simites
2013 2382 2068 2438 ei

415 2480 629 2536 erimus
657 2478 707 2550 (ι
730 2477 892 2533 Joan.
926 2491 1012 2541 ιιι,
1042 2474 1116 2544 2).
1144 2472 1309 2529 Unde
1336 2489 1469 2528 vero
1514 2471 1736 2527 similes
1770 2470 1821 2527 ei
1852 2471 2061 2530 simus.

416 2570 544 2641 ipse
572 2565 849 2633 ostendit,
897 2563 1198 2620 subdens:
1229 2561 1537 2618 videbimus
1591 2577 1718 2616 eum
1767 2562 1935 2615 sicuti
1988 2567 2066 2615 est

420 2655 636 2730 (Ibid)
658 2655 863 2726 Igitur,
897 2657 963 2708 ut
1008 2651 1338 2708 ostenderet
1384 2648 1637 2721 qualiter
1679 2649 1749 2705 ad
1801 2648 1949 2704 hanc
1981 2648 2067 2703 di-

420 2745 707 2819 gnitatem
736 2741 1191 2815 perveniendum
1217 2738 1315 2805 sit,
1339 2738 1599 2793 addidit:
1634 2738 1694 2792 Si
1713 2744 1893 2792 tamen
1915 2736 2065 2808 (277)

420 2834 791 2906 compatimur
805 2830 975 2904 (278),
995 2838 1056 2885 ut
1074 2837 1124 2886 et
1141 2827 1637 2897 congloriﬁcemur.
1664 2826 2067 2897 Compatlmur

420 2923 582 2991 dicit,
616 2922 769 2978 sicut
796 2919 1220 2976 commorimur
1251 2933 1263 2971 :
1300 2918 1454 2972 unde
1489 2914 1628 2971 alibi
1663 2933 1676 2971 :
1711 2914 1773 2971 Si
1798 2915 2063 2985 compati-

418 3029 569 3083 mur,
600 3015 653 3068 et
681 3008 1162 3081 conregnabimus;
1190 3007 1242 3062 si
1270 3006 1684 3076 commorimur,
1724 3008 1776 3059 et
1817 3005 2063 3060 convive-

418 3118 540 3158 mus
568 3099 737 3170 (279).
761 3097 999 3170 Oportet
1027 3094 1185 3152 enim
1215 3099 1281 3150 ut
1312 3092 1509 3166 qualia
1531 3092 1796 3149 Christus
1826 3090 2067 3164 pertulit

2096 1811 2144 1875 B

2176 522 2367 573 autem
2387 516 2559 589 (283),
2582 516 2731 587 quod
2766 520 2821 571 et
2860 531 2955 586 ego
2994 516 3264 588 Spiritum
3290 518 3391 572 Dei
3422 517 3595 575 habeo
3626 519 3675 590 (I
3705 519 3831 576 Cor.

2176 623 2278 672 vn,
2310 608 2399 678 40)
2430 605 2600 677 (284).
2638 604 2705 659 Et
2754 604 2893 660 item
2929 620 2941 660 :
2974 612 3105 675 puto
3133 606 3283 677 quod
3329 609 3655 663 novissimos
3697 625 3832 681 apo-

2174 696 2338 751 stolos
2384 712 2484 750 nos
2530 695 2670 749 Deus
2715 694 2961 764 elegerit,
3008 698 3273 766 tanquam
3314 697 3485 751 morti
3528 696 3834 755 destinatos

2176 784 2225 855 (I
2253 783 2370 839 Cor.
2396 801 2472 855 ιν,
2511 782 2592 854 9).
2620 782 2871 838 Dicendo
2902 786 3097 838 autem
3127 785 3290 855 hujus
3321 778 3597 857 temporis,
3624 791 3833 843 osten-

2176 873 2264 927 dit
2301 872 2453 929 leves
2484 877 2541 928 et
2572 876 3013 928 momentaneas
3044 873 3348 945 praesentis
3390 875 3519 930 vitae
3551 891 3835 948 persecu-

2175 960 2387 1028 tiones,
2420 961 2576 1016 unds
2606 965 2664 1016 et
2693 960 2994 1031 praemisit,
3025 976 3137 1017 non
3162 964 3291 1016 sunt
3315 962 3631 1033 condigna;
3664 964 3832 1021 nullo

2175 1050 2333 1105 enim
2363 1054 2530 1121 pacto
2561 1054 2793 1104 terrena
2834 1048 3186 1118 scelestibus,
3221 1052 3565 1123 temporalia
3594 1054 3832 1111 sternis

2177 1138 2524 1211 aquiparari
2570 1141 2837 1209 possunt.
2870 1138 3015 1193 Hinc
3055 1137 3374 1210 Origenes:
3410 1141 3469 1195 Si
3519 1142 3707 1209 omni,
3740 1144 3833 1199 in-

2178 1228 2325 1300 quit,
2356 1233 2620 1301 tempore
2649 1226 2780 1282 vitae
2810 1242 2950 1282 mea:
2998 1226 3139 1283 talia
3169 1245 3381 1300 passus
3411 1230 3596 1298 fuero,
3628 1232 3836 1303 qualia

2178 1333 2389 1389 passus
2414 1322 2503 1373 est
2528 1318 2661 1389 Job,
2696 1331 2813 1371 non
2845 1331 2939 1371 me
2977 1316 3223 1388 dignum
3270 1322 3500 1376 aeternas
3529 1320 3660 1376 vitae
3692 1321 3835 1378 bea-

2176 1405 2429 1462 titudine
2459 1406 2731 1462 arbitror.

2249 1495 2342 1550 Λα
2375 1496 2640 1565 futuram
2683 1495 2947 1567 gloriam.
3000 1493 3253 1550 Dicendo
3300 1497 3574 1567 futuram,
3627 1515 3836 1573 perpe-

2176 1587 2339 1638 tuam
2371 1583 2655 1649 ostendit;
2689 1599 2818 1653 quae
2858 1582 2999 1653 quia
3025 1582 3220 1638 verbis
3268 1584 3542 1656 explicari
3568 1603 3689 1642 non
3722 1605 3831 1660 po-

2177 1674 2312 1742 test,
2344 1672 2473 1727 ideo
2518 1672 2644 1743 ipse
2690 1670 2829 1726 alibi
2868 1671 3056 1726 dicit:
3089 1672 3241 1738 Quod
3284 1690 3386 1728 nec
3433 1675 3620 1730 oculus
3675 1678 3833 1746 vidit,

2176 1776 2281 1816 nec
2309 1762 2469 1817 auris
2491 1760 2707 1815 audivit
2736 1774 2856 1830 qua
2898 1763 3240 1831 praeparavit
3285 1761 3426 1818 Deus
3470 1762 3835 1833 diligentibus

2176 1865 2234 1905 se
2263 1850 2312 1919 (ι
2339 1849 2465 1904 Cor.
2499 1866 2563 1919 ιι,
2592 1848 2668 1921 9).

2251 1938 2312 1992 [ιι
2341 1954 2407 1993 eo
2435 1954 2569 1993 vero
2590 1938 2745 2008 quod
2778 1937 3014 1993 subdit:
3043 1954 3163 2010 qua
3190 1940 3527 1996 revelabitur
3552 1943 3614 1998 in
3642 1943 3832 2013 nobis,

2176 2026 2432 2082 ostendit
2451 2042 2607 2081 nunc
2629 2042 2758 2082 esse
2774 2026 3085 2084 occultam.
3101 2027 3261 2084 Unde
3276 2028 3532 2086 Joannes
3550 2048 3563 2086 :
3583 2033 3835 2089 nondum

2175 2117 2436 2187 apparuit
2461 2116 2607 2187 quod
2636 2130 2843 2171 sumus.
2866 2116 3012 2171 Cum
3043 2120 3239 2173 autem
3260 2118 3403 2173 dicit
3429 2120 3491 2173 in
3517 2122 3696 2189 nobis,
3732 2138 3834 2178 os-

2174 2203 2365 2259 tendit
2393 2204 2534 2274 quia
2564 2202 2818 2258 multum
2848 2204 3093 2259 distabit
3137 2206 3533 2278 apostolorum
3567 2210 3833 2282 dignitas

2178 2309 2213 2348 a
2241 2291 2601 2366 reliquorum
2634 2292 2887 2348 ﬁliorum
2912 2293 3222 2365 dignitate;
3257 2295 3474 2369 quippe
3500 2298 3686 2354 multo
3712 2316 3837 2357 ma-

2169 2381 2269 2452 jor
2299 2381 2358 2436 in
2379 2380 2498 2437 illis
2522 2381 2642 2436 haec
2659 2380 2844 2453 gloria
2868 2382 3237 2439 revelabitur.
3258 2385 3536 2457 Sed,quid
3560 2392 3649 2443 est
3670 2390 3833 2460 quod

2178 2469 2454 2525 subditur
2498 2486 2511 2524 :
2560 2472 2905 2541 Exspectatio
2935 2471 3085 2544 (285)
3114 2477 3390 2532 creatura
3437 2477 3836 2533 reuelationem

2177 2559 2425 2629 ﬁliorum
2451 2560 2551 2616 Dei
2576 2562 2897 2631 exspectat?
2926 2561 3060 2626 Quae
3085 2565 3174 2617 est
3193 2563 3349 2618 enim
3381 2563 3502 2619 haec
3524 2566 3838 2621 creatura?

2178 2652 2296 2703 Aut
2326 2648 2424 2720 qui
2477 2647 2579 2702 lilii
2616 2647 2758 2704 Dei?
2787 2648 3065 2705 Creatura
3109 2655 3249 2706 sunt
3297 2652 3507 2725 angeli,
3541 2653 3836 2711 sublimes

2177 2740 2494 2807 potestates
2553 2740 2610 2791 et
2667 2737 2912 2793 virtutes
2966 2738 3249 2807 caelestes,
3291 2741 3523 2810 caelum,
3556 2747 3713 2799 terra
3774 2748 3836 2800 et

2177 2824 2377 2880 omnia
2406 2842 2532 2897 qua:
2563 2825 2717 2881 Deus
2747 2830 2919 2882 Pater
2963 2843 3067 2899 per
3110 2827 3319 2884 Filium
3350 2830 3629 2886 condidit.
3661 2830 3832 2889 Unde

2176 2918 2401 2970 constat
2438 2914 2577 2986 quia
2607 2914 2733 2987 ipse
2761 2914 2943 2986 solus,
2976 2933 3093 2973 non
3143 2922 3428 2987 creatura,
3457 2921 3560 2976 sed
3592 2924 3835 2978 Creator

2174 3006 2283 3073 est,
2307 3019 2340 3058 a
2370 3018 2486 3074 quo
2516 3007 2574 3059 et
2598 3004 2853 3075 perfecta
2885 3010 3025 3060 sunt
3055 3006 3271 3062 omnia.
3295 3007 3420 3063 Non
3451 3009 3635 3082 igitur
3662 3009 3829 3066 aliud

2174 3095 2522 3163 creaturam,
2554 3096 2612 3147 et
2641 3090 2799 3148 aliud
2833 3091 2986 3149 filios
3029 3094 3129 3150 Dei
3160 3094 3485 3169 intelligere
3515 3098 3828 3170 debemus,

421 3206 527 3263 pro
558 3192 763 3245 nostra
812 3185 1019 3254 salute,
1049 3183 1191 3240 talia
1237 3200 1343 3239 nos
1392 3182 1755 3254 perferamus
1804 3198 1907 3253 pro
1934 3180 2063 3251 ejus
2093 3171 2137 3238 C
2176 3179 2454 3250 quoniam
2484 3196 2666 3235 unum
2698 3184 2855 3237 sunt.
2890 3182 3231 3253 Exspectatio
3274 3200 3402 3241 vero
3436 3190 3713 3258 exspectat
3742 3187 3833 3243 sic

422 3294 649 3347 amore;
684 3275 839 3350 quod
868 3274 1166 3338 facientes,
1195 3272 1267 3328 ad
1297 3271 1406 3327 hoc
1448 3287 1632 3343 usque
1663 3270 2066 3343 perveniemus

421 3372 489 3425 ut
516 3371 575 3423 et
603 3364 780 3421 simul
802 3362 1217 3436 glorificemur,
1241 3360 1519 3431 quoniam
1542 3360 1615 3414 ad
1645 3358 1806 3413 illam
1829 3359 2067 3413 immor-

420 3454 666 3512 talitatis
722 3451 969 3524 gloriam
1028 3449 1403 3519 deducemur,
1437 3448 1509 3503 ad
1569 3464 1747 3519 quam
1796 3446 2067 3502 Christus

422 3541 684 3617 pervenit
714 3542 847 3612 post
875 3536 1378 3594 resurrectionem.

492 3631 602 3687 Sed
643 3628 786 3684 dicit
839 3626 1053 3699 aliquis
1087 3643 1100 3681 :
1134 3625 1425 3697 quomodo
1480 3623 1622 3679 talia
1681 3641 1782 3696 pro
1839 3623 2065 3679 Christo

420 3719 541 3793 pati
572 3714 1112 3791 possumus,qualia
1131 3713 1396 3769 Christus
1426 3728 1528 3785 pro
1554 3711 1723 3767 nobis
1746 3728 1956 3782 passus
1978 3716 2068 3767 est

420 3825 556 3864 cum
597 3806 792 3862 desint
840 3802 1170 3876 corporales
1221 3806 1641 3875 persecutores,
1668 3806 1726 3856 et
1775 3804 2067 3856 tormenta

420 3896 714 3954 exterius?
744 3897 1030 3960 Attamen,
1060 3892 1195 3947 licet
1236 3890 1566 3963 corporales
1614 3888 1826 3956 desint,
1850 3888 2068 3943 adsunt

421 3984 715 4058 spiritales
743 3988 801 4040 et
827 3985 1227 4056 persecutores
1265 3983 1322 4035 et
1368 3978 1824 4051 persecutiones,
1862 3977 2064 4032 adver-

418 4092 523 4132 sus
567 4092 693 4148 quae
743 4089 851 4129 nos
905 4085 1138 4143 semper
1183 4068 1463 4124 dimicare
1519 4071 1767 4139 oportet,
1800 4065 2064 4138 quandiu

415 4165 478 4221 in
509 4179 682 4220 carne
711 4177 942 4218 sumus.
968 4160 1149 4215 Nemo
1181 4159 1337 4214 enim
1372 4154 1854 4212 incontinentiam
1885 4154 2065 4209 conti-

414 4253 636 4318 nentia,
669 4254 726 4306 et
773 4253 980 4305 caetera
1009 4248 1157 4319 (280)
1204 4246 1345 4301 vitia
1389 4242 1706 4300 virtutibus
1752 4242 2060 4314 Oppositis,

413 4339 530 4396 nisi
558 4354 693 4394 cum
725 4352 939 4409 magno
970 4335 1188 4401 labore,
1220 4333 1431 4405 poterit
1460 4346 1756 4403 superare.

483 4428 572 4495 Et,
607 4442 679 4482 ne
710 4426 803 4481 cui
832 4422 982 4496 (281)
1010 4423 1223 4478 durum
1246 4426 1304 4477 et
1324 4436 1599 4492 asperum
1630 4419 1921 4475 videretur
1940 4420 2061 4492 pati

412 4532 519 4589 pro
540 4514 791 4582 Christo,
811 4512 943 4601 ideo
963 4509 1212 4583 levigare
1234 4508 1479 4601 curavit,
1504 4508 1868 4601 subjungens
1894 4525 1907 4601 ξ
1933 4510 2062 4564 Exi-
2093 4537 2137 4601 Β

409 4605 572 4660 stimo
599 4604 769 4673 enim,
803 4598 944 4672 quod
970 4615 1077 4656 non
1107 4602 1237 4654 sunt
1266 4598 1551 4669 condigna
1577 4599 1855 4661 passiones
1887 4598 2058 4669 hujus

409 4693 692 4765 temporis,
716 4695 825 4746 etc.
850 4688 1011 4753 Quod
1036 4688 1177 4744 dicit
1206 4689 1460 4744 existimo
1481 4688 1651 4758 (282),
1680 4704 1795 4742 non
1826 4687 2060 4744 dubita-

485 4831 628 4915 (277)
661 4833 725 4888 In
757 4831 888 4887 aliis
933 4830 1210 4901 textibus,
1258 4830 1383 4886 loco
1430 4831 1484 4885 si
1524 4834 1727 4901 tamen,
1768 4829 1983 4901 legitur
2009 4833 2061 4886 si

412 4903 651 4976 quidem.

483 4975 631 5046 (278)
664 4972 830 5046 Vulg.
862 4974 1211 5029 sustinemus.
1247 4972 1305 5046 I[_
1326 4971 1395 5027 ad
1426 4972 1556 5027 Tim.
1589 4990 1636 5027 c.
1671 4990 1734 5039 ii,
1768 4973 1852 5028 12.

504 4976 631 5045 278)
664 4976 830 5046 Vulg.
862 4976 1211 5029 sustinemus.
1247 4976 1293 5026 ΙΙ
1326 4976 1395 5027 ad
1426 4976 1556 5027 Tim.
1589 4990 1636 5027 c.
1671 4990 1734 5039 ιι,
1768 4976 1852 5028 12.

410 5118 444 5129 η
474 4976 828 5129 £279.).Vulg.
876 5047 927 5101 si
976 5044 1308 5101 commortui
1333 5059 1542 5112 sumus,
1591 5052 1643 5099 et
1686 5047 2050 5117 convivemus,

407 5259 556 5315 bene
584 5259 847 5329 legerim,
879 5259 1081 5324 lector,
1106 5259 1287 5329 judex
1304 5261 1460 5329 esto.

477 5331 624 5402 (281)
646 5327 756 5385 Hic
786 5331 1017 5403 legitur,
1053 5327 1213 5384 Dom.
1246 5328 1505 5452 XL€ost
1534 5327 1696 5382 Pent.

477 5402 620 5452 {282)
651 5405 714 5452 In
745 5404 953 5452 Autoq.
989 5415 1172 5452 mum.
1206 5416 1256 5452 ο.
1290 5398 1355 5451 Χ.
1393 5441 1404 5452 .

484 5398 620 5467 282)
651 5405 714 5455 In
745 5398 953 5474 Aufog.
989 5415 1172 5471 marg.
1206 5416 1256 5454 c.
1290 5398 1404 5452 ΧΧ.

474 5405 621 5544 (283)
649 5472 837 5528 Verba
861 5476 993 5544 puto
1023 5475 1235 5535 autem,
1267 5486 1397 5544 qua;

495 5472 621 5542 283)
649 5472 837 5528 Verba
861 5468 993 5544 puto
1023 5468 1235 5535 autbm,
1267 5486 1421 5551 qua.
1448 5468 1506 5522 in
1540 5468 1657 5549 .Ep.
1686 5468 1963 5595 leggintur
1990 5476 2046 5527 et
2154 5474 2293 5525 tunc
2321 5472 2605 5554 temporis
2652 5473 2735 5528 fre

495 5545 694 5595 Autog.
729 5544 963 5595 desunt.
997 5556 1195 5595 ouaave
1244 5538 1690 5595 similitudinem
1726 5557 1759 5595 ι)
1807 5559 1954 5595 rasis
1985 5548 2043 5595 et
2152 5541 2290 5595 data
2317 5558 2444 5595 ioca
2468 5568 2482 5595 ι
2514 5560 2689 5595 quam
2718 5560 2735 5595 ε

398 5542 459 5597 in
480 5538 694 5616 'Autog.
729 5538 963 5616 desunt,
988 5556 1195 5616 quisve
1244 5538 1690 5616 similitudinem
1724 5538 1759 5613 p

396 5611 762 5701 momentum
792 5611 1034 5677 rationis
1066 5612 1307 5689 faciunt,
1343 5611 1612 5671 addenda
1643 5611 1864 5675 censui.

2175 3268 2396 3324 dictum
2427 3273 2535 3338 est,
2569 3270 2722 3325 sicut
2762 3270 2823 3325 in
2853 3269 3079 3327 Joanne
3111 3288 3124 3326 :
3158 3274 3381 3330 Amicus
3408 3276 3595 3346 sponsi
3621 3277 3835 3347 gaudio

2174 3356 2373 3425 gaudet
2402 3358 2581 3429 (Joan.
2614 3374 2702 3425 ιιι,
2730 3358 2846 3429 29).
2880 3360 3190 3432 Exspectat
3232 3361 3431 3435 itaque
3476 3365 3840 3436 exspectatio

2175 3453 2477 3512 creaturis,
2498 3463 2613 3502 non
2637 3446 2876 3504 alterius
2901 3454 3121 3504 naturas
3145 3467 3274 3521 quis
3299 3468 3413 3508 non
3439 3453 3516 3508 sit
3541 3458 3843 3521 creatura,

2176 3534 2277 3589 sed
2311 3551 2480 3590 suam
2511 3536 2699 3608 ipsius
2730 3537 3162 3595 revelationem.
3187 3539 3281 3595 Sic
3310 3540 3470 3596 enim
3517 3542 3661 3597 dixit
3708 3557 3845 3598 exs-

2170 3625 2404 3695 pectatio
2424 3626 2695 3682 creatura
2722 3626 3111 3682 reuelationem
3139 3627 3385 3698 ﬁliorum
3405 3631 3505 3686 Dei
3523 3640 3808 3704 exspectat
3818 3648 3847 3694 ;

2177 3713 2346 3783 quasi
2376 3712 2593 3769 diceret
2626 3730 2639 3768 :
2675 3716 3027 3787 exspectatio
3059 3726 3261 3773 nostra
3284 3723 3582 3791 exspectat
3614 3720 3849 3776 revela-

2174 3801 2415 3869 tionem,
2441 3818 2569 3873 quas
2601 3803 2712 3857 erit
2742 3804 2802 3858 in
2835 3804 3005 3861 nobis
3037 3805 3138 3877 qui
3186 3823 3395 3863 sumus
3426 3807 3534 3863 ﬁlii
3566 3807 3702 3875 Dei;
3738 3826 3843 3865 ex-

2176 3893 2400 3960 spectat
2426 3895 2491 3945 ut
2517 3895 2794 3963 appareat
2814 3894 2970 3964 quod
2995 3895 3352 3965 promissum
3384 3900 3492 3963 est,
3520 3897 3842 3969 quoniam,

2168 3978 2339 4048 juxta
2368 3978 2611 4035 Joannis
2639 3996 2859 4049 vocem,
2889 3982 3082 4038 adhuc
3112 3982 3253 4039 latet
3285 4001 3297 4040 :
3332 3989 3651 4057 exspectat,
3671 3991 3745 4042 ut
3776 3988 3842 4043 in

2175 4066 2346 4123 nobis
2379 4068 2479 4139 qui
2501 4069 2627 4139 jam
2676 4085 2907 4137 sumus,
2965 4071 3374 4129 manifestatur
3404 4075 3560 4146 quod
3605 4076 3845 4133 erimus

2175 4155 2227 4226 (Ι
2250 4160 2414 4212 Joan.
2450 4174 2536 4226 ιιι,
2556 4157 2643 4228 2);
2678 4164 2971 4230 exspectat
3001 4160 3195 4232 qualis
3226 4179 3383 4218 nunc
3414 4168 3505 4219 est
3535 4169 3842 4237 creatura,

2174 4249 2393 4315 quanto
2424 4246 2501 4301 sit
2526 4245 2660 4302 talis
2691 4246 2885 4319 qualis
2915 4250 3111 4305 futura
3136 4255 3243 4307 est.
3269 4251 3363 4306 Sic
3397 4252 3682 4309 nimirum
3722 4252 3845 4311 hoc

2172 4332 2394 4388 dictum
2424 4338 2534 4405 est,
2565 4352 2631 4391 ac
2679 4335 2727 4392 si
2778 4337 2983 4408 pictori
3015 4340 3164 4413 (286)
3195 4346 3539 4413 praeparato,
3572 4346 3631 4399 et
3678 4342 3850 4399 mul-

2169 4425 2261 4476 tos
2327 4421 2546 4479 colores
2621 4424 2861 4480 habenti
2927 4426 3157 4483 dicatur
3226 4446 3240 4485 :
3310 4431 3663 4501 exspectatio
3737 4449 3847 4489 co-

2170 4508 2360 4565 lorum
2446 4516 2686 4568 tuorum
2762 4514 3300 4573 manifestationem
3366 4519 3646 4591 imaginis
3734 4539 3844 4578 ex-

2168 4603 2448 4669 spectat:
2505 4617 2620 4655 non
2681 4602 2836 4672 quod
2896 4620 3008 4659 non
3068 4609 3240 4660 erunt
3297 4605 3542 4677 colores,
3573 4608 3662 4663 vel
3728 4610 3845 4665 alii

2166 4691 2357 4750 erunt.
2391 4687 2492 4743 sed
2521 4688 2662 4760 quia
2690 4690 2973 4762 majorem
3021 4692 3322 4749 habebunt
3352 4695 3735 4768 dignitatem;
3770 4699 3844 4755 id

2237 4830 2385 4901 (284)
2416 4828 2587 4901 Vulg.
2621 4829 2870 4887 habeam.

2258 4900 2386 4975 285)
2414 4900 2585 4975 Vulg.
2617 4918 2749 4957 nam
2778 4908 3125 4975 exspectatio.

2256 4972 2382 5044 286)
2434 4972 2583 5028 Nota
2640 4972 3049 5046 perpulchram
3110 4976 3583 5036 similitudinem.
3633 4982 3845 5040 Occa-

2163 5042 2329 5127 sione
2360 5042 2592 5127 arrepta
2621 5042 2992 5127 observatum
3029 5064 3067 5127 _a
3110 5048 3321 5127 lectore
3349 5051 3649 5127 velim__vix
3681 5071 3841 5127 spe-

2163 5120 2353 5191 ratum
2412 5115 2735 5191 iriiposse
2779 5117 2851 5172 ab
2909 5124 3146 5175 auctore
3212 5120 3552 5191 hujusmodi
3613 5115 3843 5183 saeculi

2160 5189 2443 5267 majorem
2489 5187 2840 5267 elegantiam
2890 5191 3047 5263 styli,
3081 5198 3138 5267 et
3184 5187 3487 5267 troporum
3536 5199 3596 5249 et
3644 5196 3843 5253 sche-

2159 5264 2408 5342 matum,
2441 5262 2846 5342 omnino_v_ero_
2875 5262 3297 5342 sententiarum
3345 5265 3841 5342 prudentiorem,

2158 5328 2618 5414 pulchrioremve
2639 5330 2981 5414 "delectum.
3013 5332 3192 5414 Nugai
3220 5328 3419 5414 etiam,
3453 5341 3511 5391 et
3559 5328 3844 5414 puerilia

2154 5401 2461 5455 verborum
2521 5400 2789 5474 similiter
2842 5400 3273 5474 desinentium,
3315 5400 3416 5462 vel'
3460 5400 3842 5471 sonantium

2783 5474 3127 5531 uentissimo
3168 5494 3283 5533 usu
3330 5482 3451 5535 tam
3499 5495 3841 5544 commen-

1807 5543 1954 5625 rasis
1985 5548 2043 5599 et
2152 5541 2290 5598 data
2309 5541 2482 5614 joca‘;
2514 5560 2689 5617 quam
2718 5541 2790 5601 ab
2820 5544 2956 5611 hinc
2985 5545 3155 5626 longe
3184 5548 3197 5609 l
