4094 6168
311 314 433 375 205

915 315 1334 378 EXPOSITIO
1378 316 1456 376 ΙΝ
1502 315 1934 378 EPISTOLAS
1981 317 2342 378 PAULL—
2372 318 2451 379 ΙΝ
2495 318 2741 380 EPIST.
2787 319 2888 379 AD
2935 320 3124 382 ROM.
3220 384 3237 397 ,

3600 322 3716 385 206

309 447 403 501 est
431 442 938 517 pulchritudinem
980 446 1277 520 imaginis.
1337 447 1651 520 Sequitur:
1719 448 1960 503 Vanitati
1986 449 2042 514 Α
2071 447 2300 519 (Coloss.
2336 467 2375 515 ι,
2405 450 2497 522 23)
2524 475 2536 516 ;
2570 450 2626 505 id
2658 454 2747 506 est
2774 450 2834 506 in
2864 450 3123 517 homine,
3143 452 3245 523 qui
3275 453 3469 510 omnis
3498 458 3724 511 creatu-

300 536 463 589 enim
490 539 754 592 creatura
782 538 1023 600 subiecta
1078 545 1156 593 est
1207 554 1319 593 non
1366 538 1569 607 volens,
1599 537 1691 594 sed
1745 541 1967 609 propter

306 640 439 678 eum
466 625 567 696 qui
593 626 833 698 subjecit
860 628 919 681 in
947 643 1039 698 spe
1066 626 1236 695 (287).
1270 626 1399 683 Haec
1427 627 1721 683 sententia
1748 627 1904 682 varie
1932 645 1966 683 a

308 712 648 770 doctoribus
678 715 941 788 exposita
970 720 1094 771 est:
1130 716 1286 771 unde
1337 715 1581 772 solerter
1610 716 1965 789 investigan-

308 800 455 856 dum
489 808 598 870 est,
640 820 768 875 quae
799 803 877 858 sit
922 803 1043 858 haec
1090 804 1357 871 vanitas;
1391 809 1493 860 aut
1542 821 1669 876 quae
1700 810 1967 860 creatura

308 890 557 946 vanitati
589 892 867 963 subjecta.
903 891 975 947 Ut
1005 893 1246 964 quidam
1274 893 1494 963 volunt,
1522 910 1624 965 per
1651 895 1964 949 vanitatem

309 979 490 1035 homo
523 978 907 1052 intelligitur;
946 983 1103 1037 unde
1135 981 1409 1039 Salomon
1443 1001 1455 1038 :
1495 984 1715 1039 Vanitas
1744 986 1964 1038 vanita-

308 1071 448 1139 tum,
481 1068 625 1123 dixit
654 1067 1016 1126 Ecclesiastes
1043 1087 1056 1127 :
1088 1072 1276 1128 omnia
1306 1073 1526 1127 vanitas
1558 1072 1779 1140 (Eccles.
1812 1090 1857 1139 Ι,
1886 1072 1963 1144 2).

310 1158 502 1213 Item:
540 1158 802 1215 Universa
830 1160 932 1214 sub
963 1160 1101 1226 sole,
1150 1162 1365 1217 vanitas
1411 1161 1598 1229 (Ibid,
1652 1161 1763 1232 14.)
1821 1160 1966 1216 Item

310 1246 630 1303 Psalmista
651 1263 664 1302 :
690 1249 951 1305 Universa
972 1250 1392 1321 vanitas,omnis
1414 1249 1569 1305 homo
1588 1252 1773 1306 vivens
1796 1250 1964 1322 (Psal.

311 1354 552 1403 xxxvm,
582 1336 679 1409 6);
713 1336 763 1392 si
793 1353 930 1411 ergo
963 1338 1237 1394 universa
1266 1338 1495 1395 vanitas
1543 1339 1735 1395 omnis
1764 1338 1964 1406 homo,

310 1430 370 1482 et
400 1424 675 1482 universa
702 1426 813 1481 sub
845 1426 968 1482 sole
1024 1428 1270 1494 vanitas,
1317 1427 1705 1484 nihilominus
1740 1428 1968 1484 vanitas

310 1514 643 1571 vanitatum
676 1518 767 1571 est
794 1516 990 1572 homo.
1025 1517 1094 1572 Et
1143 1533 1341 1573 revera
1382 1516 1527 1573 nihil
1572 1517 1706 1589 plus
1732 1517 1970 1574 homine

314 1604 623 1675 vanum,in
647 1604 980 1677 receptione
1006 1606 1361 1674 oiborum,in
1380 1604 1725 1678 digestionis
1746 1606 1966 1673 faetore,

314 1692 375 1748 in
397 1693 612 1748 rubore
634 1698 691 1748 et
710 1693 987 1750 sordibus
1006 1696 1377 1766 procreanda:
1401 1694 1708 1767 sobolis,et
1729 1694 1971 1767 reliquis

2073 555 2138 593 ra
2167 537 2400 606 dicitur,
2435 557 2547 593 non
2581 542 2737 612 quod
2769 555 3003 597 omnem
3038 545 3362 597 creaturam
3395 543 3455 598 in
3486 559 3547 599 se
3575 560 3719 600 con-

2072 626 2383 694 tineat,sed
2417 628 2557 699 quia
2587 631 2801 701 partim
2833 634 2921 686 est
2948 630 3288 701 corporalis,
3346 632 3561 703 partim
3591 632 3718 689 ani-

2074 715 2268 781 malis,
2305 716 2519 787 partim
2551 717 2873 788 spiritalis:
2906 718 3224 790 corporalis
3254 718 3469 791 quippe
3513 736 3615 792 per
3639 720 3720 777 lo-

2073 819 2141 858 ca
2170 805 2452 871 tenditur,
2485 805 2759 861 animalis
2805 806 3166 879 corporalem
3211 808 3502 875 vivificat;
3545 809 3717 879 spiri-

2073 892 2207 947 talis
2240 893 2551 949 animalem
2586 894 2751 967 regit,
2783 900 2838 951 et
2867 901 3008 951 tunc
3040 897 3207 962 bene,
3239 913 3371 951 cum
3405 912 3467 952 se
3488 897 3604 953 Deo
3626 914 3717 954 re-

2073 983 2331 1053 gendum
2365 983 2623 1053 subjicit.
2675 987 2859 1040 Homo
2908 985 3088 1057 igitur
3117 985 3327 1057 spiritu
3357 986 3557 1053 sentit,
3590 987 3718 1041 ani-

2075 1088 2173 1126 ma
2202 1070 2548 1139 vivificatur,
2583 1070 2848 1128 localiter
2891 1089 3130 1146 corpore
3181 1079 3463 1130 movetur.
3507 1076 3719 1131 Beatus

2072 1176 2208 1215 vero
2235 1160 2546 1232 Gregorius
2577 1161 2720 1217 dicit
2748 1162 2904 1233 quod
2936 1162 3065 1218 ideo
3094 1162 3269 1219 homo
3317 1163 3512 1219 omnis
3561 1180 3719 1220 crea-

2072 1252 2207 1304 tura
2235 1248 2467 1317 dicitur,
2501 1250 2640 1322 quia
2669 1250 2846 1306 habet
2896 1250 3119 1322 aliquid
3169 1251 3362 1307 omnis
3402 1257 3719 1323 creatum;

2074 1337 2252 1394 habet
2280 1338 2436 1394 enim
2467 1340 2786 1395 essentiam
2839 1356 2974 1394 cum
3020 1338 3337 1412 lapidibus,
3367 1341 3558 1397 vivere
3587 1358 3720 1398 cum

2076 1427 2406 1495 arboribus,
2439 1431 2497 1483 et
2526 1427 2744 1499 herbis,
2778 1428 2996 1484 sentire
3049 1444 3183 1483 cum
3231 1427 3421 1485 brutis
3452 1431 3727 1487 animali-

2077 1516 2209 1583 bus,
2242 1516 2573 1572 discernere
2603 1533 2736 1572 cum
2773 1517 3030 1590 Angelis.
3066 1517 3197 1573 Haec
3236 1518 3418 1591 igitur
3461 1525 3728 1576 creatura

2073 1604 2318 1661 vanitati
2350 1606 2616 1677 subjecta
2645 1610 2753 1678 est,
2775 1606 2833 1662 id
2861 1610 2950 1662 est
2979 1607 3174 1676 morti,
3196 1609 3254 1662 et
3280 1606 3614 1663 inﬁrmitati
3637 1608 3725 1664 vel

2077 1693 2253 1750 alicui
2284 1695 2558 1764 miseriis,
2590 1696 2682 1751 cui
2715 1695 2889 1752 homo
2919 1700 3155 1769 propter
3184 1700 3486 1769 peccatum
3518 1697 3727 1753 subdi-

314 1781 686 1853 hujusmodi.
718 1781 1058 1838 Creaturam
1082 1799 1217 1839 vero
1238 1782 1652 1840 intellexerunt
1674 1783 1971 1850 solem,lu-
2000 1818 2047 1883 B
2077 1787 2175 1839 tus
2204 1787 2331 1852 est;
2365 1785 2522 1839 unde
2552 1783 2795 1856 pulchre
2829 1784 3156 1856 subjungit,
3178 1800 3287 1839 non
3318 1784 3521 1841 volens.
3541 1784 3724 1842 Homo

316 1888 456 1928 nam
487 1874 544 1927 et
573 1876 797 1939 caetera,
832 1888 957 1943 quas
985 1871 1040 1926 in
1075 1889 1140 1929 eo
1170 1872 1410 1928 vanitati
1458 1873 1726 1944 subjecta
1762 1873 1966 1928 dicun-

314 1965 414 2015 tur
442 1957 722 2031 quoniam
754 1965 990 2033 propter
1020 1960 1292 2018 homines
1332 1962 1485 2018 facta
1534 1967 1694 2019 sunt.
1728 1963 1971 2035 Propter

319 2048 595 2105 homines
620 2049 838 2121 quippe
868 2048 952 2105 sol
1006 2050 1193 2106 oritur
1239 2054 1297 2106 et
1326 2050 1560 2119 occidit,
1601 2050 1872 2107 similiter
1914 2054 1972 2105 et

317 2143 527 2194 cetera
548 2142 728 2194 astra.
743 2138 859 2193 Cur
878 2154 1014 2211 ergo
1036 2137 1302 2210 sequitur
1318 2154 1428 2195 non
1446 2140 1653 2204 volens,
1684 2157 1817 2195 cum
1848 2139 1971 2195 baro

318 2226 522 2284 omnia
540 2226 865 2283 inanimata
881 2227 1039 2283 sint?
1054 2227 1178 2283 Nisi
1201 2228 1346 2284 forte
1368 2230 1690 2284 secundum
1715 2228 1971 2301 philoso-

316 2316 571 2389 phorum
596 2315 931 2387 opinionem
955 2315 1441 2388 accipiamus,qui
1463 2317 1583 2372 haec
1605 2317 1803 2373 omnia
1847 2317 1970 2373 ani-

319 2409 482 2461 mata
511 2408 810 2471 asserunt,
841 2408 899 2460 et
924 2404 1139 2460 idcirco
1168 2404 1389 2461 dictum
1417 2405 1973 2479 intelligamus,pro-

316 2501 449 2567 pter
477 2509 605 2550 eum
633 2494 732 2565 qui
758 2493 987 2566 subjecit
1014 2496 1075 2549 in
1103 2510 1218 2566 spe,
1244 2496 1398 2565 quod
1429 2511 1594 2568 spem
1624 2495 1881 2551 habeant
1909 2500 1975 2551 ut

322 2584 397 2639 ab
430 2582 541 2639 hac
571 2581 849 2639 servitute
891 2582 1229 2639 liberentur.
1290 2583 1400 2639 Sed
1430 2583 1540 2639 iste
1572 2600 1802 2652 sensus,
1837 2583 1974 2655 quia

320 2671 504 2728 errori
526 2671 749 2727 vicinus
766 2674 876 2739 est,
902 2671 1167 2727 funditus
1189 2673 1707 2744 estrepudiandus.
1726 2673 1839 2728 Alii
1871 2691 1973 2729 au-

322 2764 537 2828 tem,ut
561 2759 839 2832 Origenes
860 2759 1029 2831 (288),
1060 2763 1315 2817 creatura
1345 2761 1492 2832 (289)
1528 2762 1778 2834 Angelos
1822 2761 1971 2818 acci-

324 2850 517 2922 piunt,
548 2865 697 2921 quos
726 2848 895 2905 bellis
922 2848 1175 2921 legimus
1204 2850 1527 2921 praefuisse.
1557 2851 1628 2906 Et
1656 2866 1855 2907 revera
1892 2851 1977 2907 ni-

322 2937 410 2994 hil
427 2937 632 2994 vanius
648 2936 800 2993 bello
822 2938 994 3009 (290),
1026 2937 1085 2993 in
1107 2955 1222 3010 quo
1251 2938 1425 2995 homo
1470 2940 1542 2995 ad
1591 2939 1701 2995 hoc
1748 2938 1977 2996 laborat

323 3032 393 3082 ut
413 3043 530 3084 non
551 3027 646 3083 sit.
666 3026 725 3082 Si
748 3025 951 3083 autem'
966 3027 1173 3099 Angeli
1194 3025 1361 3084 bellis
1382 3028 1683 3100 praefuisse
1700 3028 1978 3101 leguntur

322 3120 392 3171 ut
421 3116 696 3190 Origenes
727 3114 933 3171 multis
954 3115 1375 3187 Prophetarum
1407 3120 1464 3172 et
1493 3117 1745 3173 maxime
1764 3118 1973 3173 Danie-

2077 1872 2315 1939 etenim,
2348 1872 2489 1944 quia
2516 1878 2726 1944 sponte
2774 1872 3053 1944 peccavit,
3086 1886 3201 1927 non
3247 1876 3457 1944 sponte
3484 1873 3725 1929 vanitati

2075 1962 2350 2018 subditus
2379 1965 2485 2017 est.
2522 1960 2623 2017 Vel
2650 1961 2783 2017 ideo
2802 1960 2999 2018 nolens
3018 1960 3180 2027 dicit,
3224 1960 3362 2033 quia
3398 1962 3586 2016 sancti
3615 1962 3725 2017 viri

2078 2051 2326 2122 cupiunt
2354 2050 2593 2106 dissolvi
2623 2053 2681 2106 et
2709 2066 2837 2106 esse
2866 2066 2999 2105 cum
3016 2049 3248 2105 Christo
3269 2049 3596 2121 (Philipp.1,
3615 2049 3725 2120 23),

2079 2140 2181 2196 sed
2213 2139 2394 2195 coacti
2425 2143 2482 2195 et
2510 2138 2778 2195 nolentes
2807 2138 2900 2194 his
2931 2137 3185 2195 miseriis
3206 2138 3426 2195 subditi
3448 2143 3606 2194 sunt.
3625 2139 3732 2195 Sed

2077 2234 2302 2302 propter
2327 2246 2455 2285 eum
2483 2231 2581 2302 qui
2606 2229 2835 2300 subjecit
2861 2231 2923 2284 in
2947 2244 3059 2300 spe.
3095 2229 3333 2300 Propter
3383 2245 3517 2284 eum
3562 2229 3727 2298 dicit,

2080 2320 2136 2375 id
2169 2325 2279 2386 est,
2312 2322 2551 2391 propter
2572 2318 2869 2389 justitiam
2900 2323 2956 2374 et
2986 2317 3358 2374 clementiam
3391 2316 3551 2373 illius
3604 2318 3729 2389 qui,

2083 2424 2187 2463 nec
2217 2411 2521 2479 peccatum
2552 2406 2912 2478 impunitum
2945 2405 3203 2477 reliquit,
3254 2422 3361 2462 nec
3404 2404 3734 2462 insanabile

2082 2497 2202 2552 fore
2231 2495 2519 2568 permisit.
2552 2494 2655 2551 Vel
2689 2500 2925 2568 propter
2954 2511 3090 2551 eum
3121 2496 3222 2567 qui
3254 2495 3505 2567 subjecit
3535 2494 3595 2551 in
3628 2512 3732 2568 spe

2082 2586 2245 2651 dixit,
2279 2585 2419 2657 quia
2448 2584 2506 2639 in
2539 2600 2642 2657 spe
2671 2584 2891 2640 habent
2920 2583 3083 2640 electi
3117 2587 3183 2639 ut
3212 2602 3247 2640 a
3292 2584 3574 2641 servitute
3602 2600 3731 2641 cor-

2083 2673 2378 2746 ruptionis
2409 2672 2747 2729 liberentur.

2157 2763 2341 2835 Igitur
2370 2762 2506 2834 quia
2537 2778 2701 2833 spem
2734 2762 2977 2829 dixerat,
3012 2766 3078 2817 ut
3106 2778 3236 2835 quae
3267 2766 3424 2818 esset
3469 2762 3734 2819 ostende—

2083 2857 2192 2918 ret,
2224 2850 2566 2922 subjunxit:
2601 2852 2741 2918 Quia
2770 2854 2821 2906 et
2850 2853 2971 2921 ipsa
3019 2860 3286 2907 creatura
3340 2853 3669 2907 liberabitur
3697 2868 3733 2907 a

2082 2943 2343 2998 servitute
2369 2941 2758 3010 corruptionis.
2792 2939 2898 2995 Ubi
2949 2939 3272 2995 notandum
3323 2940 3463 3010 quia
3500 2956 3615 2995 non
3648 2938 3734 2995 ait

2084 3033 2315 3086 tantum
2347 3028 2496 3100 ipsa,
2517 3029 2618 3083 sed
2650 3032 2702 3083 et
2730 3027 2874 3099 ipsa,
2906 3031 3144 3098 propter
3172 3043 3272 3083 eos
3302 3028 3402 3099 qui
3452 3026 3734 3083 credituri

2085 3122 2271 3185 erant,
2301 3121 2359 3173 et
2385 3116 2695 3174 liberandi.
2728 3118 2849 3188 Ipsa
2875 3119 3132 3171 creatura
3159 3115 3321 3183 dicit,
3353 3115 3411 3170 id
3461 3120 3550 3171 est
3600 3115 3729 3187 ipse

324 3204 401 3260 lis
424 3186 779 3261 testimoniis
795 3203 1002 3259 nititur
1015 3186 1337 3274 approbare
1357 3204 1726 3271 ;hominibus
1749 3207 1975 3277 subjec-
2004 3186 2047 3253 (ἶ
2086 3207 2281 3262 homo.
2316 3206 2447 3277 Ipsa
2471 3186 2764 3275 creatura,
2780 3203 2919 3276 quia
2940 3204 3191 3259 necdum
3221 3209 3311 3260 est
3331 3204 3585 3275 perfecta
3614 3204 3731 3260 for-

321 3293 366 3348 ti
401 3298 581 3360 eunt;
608 3293 762 3348 unde
777 3296 834 3348 et
855 3292 1028 3346 subdi
1052 3308 1168 3347 non
1189 3293 1338 3364 (291)
1359 3291 1564 3347 volunt
1588 3310 1601 3348 :
1626 3293 1746 3349 Non
1796 3294 1979 3350 volens

323 3380 425 3436 sed
452 3388 677 3451 propter
704 3395 834 3435 eum
863 3380 959 3450 qui
985 3379 1220 3450 subjecit
1248 3382 1309 3435 in
1333 3397 1462 3452 spe;
1504 3382 1781 3453 quoniam
1813 3398 1978 3438 coac-

321 3470 393 3537 ti,
430 3485 464 3524 a
522 3468 613 3524 sui
674 3468 963 3524 Creatoris
1019 3469 1510 3540 contemplations
1551 3469 1881 3537 discedunt,
1917 3476 1982 3527 ut

330 3557 677 3614 hominibus
700 3556 1062 3612 famulentur
1080 3561 1138 3612 et
1175 3572 1340 3629 spem
1364 3557 1638 3626 habeant,
1664 3564 1727 3613 ut
1773 3560 1844 3615 ab
1876 3559 1980 3616 ho-

333 3646 563 3702 minum
586 3647 865 3702 servitute
884 3644 1435 3702 liberentur.Restat
1455 3663 1612 3720 ergo,
1636 3653 1701 3703 ut
1716 3649 1981 3705 homines

330 3735 619 3792 beatiores
648 3734 887 3806 Angelis
917 3734 1316 3808 intelligamus
1342 3753 1355 3803 ;
1389 3737 1710 3808 praesertim
1734 3755 1854 3805 eos,
1877 3738 1979 3809 qui

323 3825 455 3895 jam
486 3824 883 3895 requiescunt,
916 3827 982 3879 ut
1010 3824 1261 3880 Lazarus
1290 3824 1351 3880 in
1368 3826 1502 3881 sinu
1525 3826 1865 3897 Abrahae,ut
1884 3827 1983 3883 ille

330 3912 681 3970 venerabilis
710 3912 880 3984 latro,
913 3912 1037 3985 qui,
1097 3928 1165 3968 eo
1223 3913 1340 3981 die,
1372 3930 1487 3986 quo
1536 3914 1804 3984 credidit,
1846 3932 1981 3971 cum

335 4005 454 4056 Deo
481 4000 834 4057 constitutus
865 4006 954 4057 est
983 4001 1041 4056 in
1098 4001 1399 4057 Paradiso.
1433 4002 1569 4071 Sed,
1600 4009 1657 4058 et
1703 4003 1799 4058 hic
1828 4004 1982 4059 refu-

334 4092 537 4146 tantus
566 4094 658 4147 est
684 4105 918 4146 sensus.
944 4090 1139 4162 Longe
1168 4105 1306 4162 ergo
1336 4089 1511 4145 aliter
1542 4090 1664 4147 haec
1693 4092 1986 4148 sententia

330 4178 715 4252 intelligenda
768 4182 878 4235 est.
936 4177 1359 4251 Unusquisque
1438 4179 1595 4235 enim
1653 4181 1981 4250 doctorum,

332 4268 493 4340 quod
516 4267 744 4335 habuit,
766 4266 955 4323 hocin
977 4267 1223 4324 donaria
1244 4268 1345 4323 Dei
1368 4267 1617 4324 contulit
1640 4286 1656 4325 :
1686 4269 1850 4326 Alius
1880 4287 1983 4326 au-

334 4371 491 4424 rum,
525 4355 676 4413 alius
706 4360 1035 4429 argentum,
1067 4355 1219 4412 alius
1249 4357 1489 4428 ferrum,
1513 4360 1620 4412 etc.
1645 4358 1770 4413 Non
1792 4358 1983 4414 solum

336 4447 535 4501 autem
558 4445 797 4512 hoc,sed
819 4445 992 4500 etiam
1009 4444 1070 4500 in
1089 4444 1247 4499 omni
1272 4461 1450 4501 sacra;
1495 4445 1807 4517 Scripturas
1836 4446 1982 4515 loce,

2086 3311 2184 3351 ma
2214 3293 2466 3349 filiorum
2504 3292 2728 3359 Dei,sed
2760 3296 3003 3349 vocatur
3032 3297 3260 3347 tantum
3295 3292 3733 3348 creatura.Nam

2088 3401 2221 3439 cum
2254 3383 2357 3453 ait,
2391 3387 2443 3437 et
2470 3384 2609 3453 ipsa,
2643 3381 2947 3437 subaudiri
2994 3381 3197 3451 voluit,
3234 3381 3736 3453 quemadmodum

2090 3490 2217 3541 nos,
2252 3475 2317 3527 ut
2345 3472 2424 3527 sit
2453 3487 2665 3527 sensus
2694 3487 2705 3524 :
2765 3487 2871 3527 nec
2923 3472 2994 3525 de
3043 3470 3137 3525 his
3167 3470 3600 3542 desperandum
3634 3469 3736 3541 qui

2088 3562 2340 3618 necdum
2373 3560 2766 3630 crediderunt,
2823 3560 3074 3615 necdum
3135 3558 3237 3614 filii
3295 3559 3397 3615 Dei
3433 3564 3736 3627 vocantur,

2090 3650 2365 3722 quoniam
2400 3653 2456 3704 et
2486 3648 2597 3720 ipsi
2628 3649 2889 3714 credent,
2922 3652 2978 3704 et
3004 3649 3075 3703 ab
3106 3647 3215 3704 hac
3264 3647 3540 3704 servitute
3591 3647 3742 3703 libe-

2090 3740 2399 3804 rabuntur,
2434 3738 2588 3793 sicut
2617 3754 2745 3803 nos,
2765 3737 2865 3807 qui
2885 3738 3013 3808 jam
3036 3735 3141 3790 filii
3164 3736 3266 3792 Dei
3297 3751 3739 3807 sumus,quam-

2088 3828 2177 3884 vis
2207 3828 2468 3882 nondum
2502 3825 2838 3897 apparuerit
2868 3826 3012 3896 quid
3042 3824 3285 3880 erimus.

2162 3918 2284 3981 Quo
2315 3918 2508 3970 autem
2543 3913 2772 3969 liberati
2804 3914 3185 3968 transibunt?
3212 3915 3275 3969 In
3304 3913 3634 3983 libertatm,
3655 3912 3741 3968 in-

2092 4004 2245 4074 quit,
2266 4003 2465 4071 gloriae
2493 4002 2742 4070 ﬁliorum
2768 4001 2889 4056 Dei.
2922 4000 2991 4054 Et
3020 4004 3111 4055 est
3141 4015 3384 4055 sensus:
3416 3998 3529 4070 ipsi
3560 3999 3738 4054 etiam

2092 4108 2161 4147 ex
2190 4089 2372 4145 servis
2429 4088 2619 4158 liberi,
2652 4105 2722 4142 ex
2760 4086 3008 4143 mortuis
3039 4089 3212 4142 erunt
3265 4085 3504 4159 gloriosi
3534 4086 3594 4141 in
3624 4087 3740 4144 vita

2092 4183 2329 4245 eterna,
2363 4193 2541 4250 quam
2574 4177 2876 4233 habebunt
2904 4175 3007 4231 filii
3037 4175 3158 4231 Dei.

2161 4269 2379 4324 Scimus
2406 4269 2559 4323 enim
2583 4266 2723 4338 quod
2768 4267 2946 4322 omnis
2990 4275 3266 4333 creatura,
3314 4269 3421 4321 etc.
3455 4265 3737 4338 Superius

2094 4358 2176 4414 ait
2201 4360 2455 4424 aestimo,-
2487 4373 2641 4411 nunc
2672 4359 2866 4412 autem
2897 4357 3117 4411 scimus.
3152 4354 3317 4411 Sicut
3360 4370 3496 4427 ergo
3544 4355 3654 4411 hoc
3683 4359 3743 4412 et

2094 4446 2239 4502 illud
2282 4445 2684 4502 confirmativa
2733 4445 2955 4500 dictum
3001 4443 3249 4515 intelligi
3301 4444 3493 4499 debet.
3535 4443 3743 4501 Omnis

335 4532 438 4589 ille
469 4550 681 4589 sensus
709 4538 799 4590 est
824 4533 1232 4605 requirendus,
1259 4533 1360 4605 qui
1392 4533 1688 4589 catholicae
1719 4535 1985 4592 ﬁdeinon
2018 4551 2063 4616 D
2096 4540 2291 4592 autem
2344 4538 2628 4603 creatura,
2657 4539 2722 4589 ut
2749 4533 2972 4589 dictum
3004 4536 3111 4602 est,
3129 4531 3188 4586 in
3211 4532 3447 4587 homine
3476 4548 3747 4589 numera-

338 4621 515 4693 obsit,
548 4626 606 4677 et
636 4621 924 4677 unitatem
956 4620 1222 4678 Ecclesia
1253 4638 1369 4677 non
1401 4622 1654 4677 scindat.
1687 4625 1989 4696 Quaprop-

336 4714 429 4766 ter
458 4711 768 4767 sciendum
800 4710 938 4782 quia
986 4710 1194 4767 beatus
1224 4711 1592 4783 Augustinus
1621 4712 1771 4767 hanc
1801 4729 1995 4785 ques-

339 4800 563 4856 tionem
596 4799 1055 4871 profundissime
1076 4799 1450 4873 investigavit
1470 4804 1530 4856 et
1567 4802 1858 4857 enodavit.
1893 4802 1995 4858 Di-

340 4889 423 4945 cit
452 4888 611 4944 enim
644 4905 747 4960 per
775 4893 1102 4945 creaturam
1133 4889 1439 4945 hominem
1491 4889 1811 4961 signiﬁcari
1837 4909 1850 4958 ;
1892 4907 1997 4947 nec

342 4976 538 5033 solum
562 4993 666 5049 per
685 4977 1142 5047 creaturam,sed
1167 4978 1343 5033 etiam
1368 4995 1471 5049 per
1492 4994 1726 5033 omnem
1767 4983 1997 5035 creatu-

343 5066 686 5133 ram;unde
708 5064 992 5122 Dominus
1014 5066 1072 5119 in
1092 5065 1437 5138 Evangelia:
1480 5068 1680 5122 Euntes
1737 5069 1799 5122 in
1840 5085 2000 5123 mun-

344 5154 483 5210 dum
512 5156 851 5226 universum,
881 5153 1175 5225 praedicata
1202 5155 1560 5225 Evangelium
1598 5157 1755 5210 omni
1781 5161 1997 5212 creatu-

345 5257 434 5300 rae
464 5242 646 5315 (Marc.
680 5261 797 5316 xvx,
833 5243 944 5315 15.)
1003 5242 1069 5297 Et
1120 5242 1276 5297 idem
1325 5243 1676 5315 Apostolus:
1713 5244 1849 5301 Cum
1887 5248 1997 5317 cui,

345 5331 659 5388 credidistis
688 5332 751 5389 in
778 5335 1037 5389 universa
1090 5334 1365 5399 creatura,
1422 5348 1549 5405 qua:
1603 5334 1705 5390 sub
1761 5334 1895 5390 ctelo
1923 5342 2002 5391 est

426 5457 582 5532 (287)
610 5456 784 5532 ῩυΙε.
817 5457 1047 5529 subjecit
1073 5457 1293 5532 eam_i-n
1310 5472 1432 5532 spe.

426 5527 578 5603 (288)
610 5529 673 5603 Ip
705 5527 924 5603 A‘utogi
954 5544 1183 5601 semper
1210 5527 1426 5601 legitur
1457 5529 1731 5599 Origenis.

427 5599 582 5677 (289)
614 5599 902 5676 Fortasse,
933 5615 1032 5677 pro
1062 5599 1343 5661 creatura.

2100 4629 2214 4680 tur.
2246 4625 2585 4695 Ingemiscit,
2644 4626 2697 4677 et
2739 4623 2982 4693 parturit
3021 4634 3189 4691 usque
3217 4619 3445 4681 adhuc;
3476 4621 3745 4692 quaedam
3830 4634 3841 4639 '

2102 4712 2456 4785 exemplaria
2486 4711 2705 4767 habent
2732 4711 3122 4779 ingemiscit,et
3150 4707 3311 4764 dolet.
3332 4708 3427 4764 Sic
3456 4724 3593 4782 ergo
3622 4710 3745 4765 dic-

2102 4806 2228 4858 tum
2260 4804 2368 4871 est,
2400 4799 2568 4870 quasi
2600 4798 2924 4854 diceretur:
2959 4797 3312 4870 ingemiscit,
3336 4802 3393 4853 et
3417 4798 3587 4870 quasi
3617 4816 3748 4872 par-

2105 4889 2331 4944 turiens
2361 4886 2536 4943 dolet.
2599 4887 2937 4959 Ingemiscit
2992 4891 3187 4943 autem
3245 4891 3509 4944 creatura
3538 4888 3598 4943 in
3628 4887 3747 4942 illis

2105 4977 2205 5049 qui
2237 4977 2502 5032 nondum
2536 4980 2676 5031 sunt
2706 4975 2957 5031 liberati.
2985 4974 3387 5048 Ingemiscunt
3415 4981 3610 5031 autem
3642 4990 3747 5045 pro

2103 5064 2282 5120 variis
2312 5062 2783 5130 difﬁcultatibus,
2816 5069 2873 5119 et
2929 5064 3229 5131 aerumnis,
3262 5081 3410 5137 quas
3448 5064 3751 5135 patiuntur

2107 5154 2165 5208 in
2196 5154 2314 5209 vita
2345 5153 2637 5225 presenti.
2673 5152 2740 5207 Et
2769 5158 2922 5209 recte
2943 5153 3025 5209 ait
3054 5169 3222 5225 usque
3251 5153 3444 5217 adhuc,
3471 5149 3749 5221 quoniam

2108 5243 2217 5299 etsi
2242 5246 2384 5299 sunt
2415 5242 2515 5315 qui
2537 5243 2663 5313 jam
2695 5242 3093 5313 requiescunt,
3126 5240 3297 5297 multi
3328 5244 3525 5295 tamen
3557 5238 3750 5297 adhuc

2109 5336 2249 5387 sunt
2277 5330 2377 5405 qui
2409 5331 2514 5387 has
2545 5329 2813 5387 miserias
2844 5332 3169 5404 patiuntur.

2179 5456 2328 5528 (290)
2362 5456 2446 5512 En
2476 5455 2815 5529 praeclaram
2847 5445 3195 5529 sententiam
3224 5450 3477 5529 hujusce
3500 5454 3756 5513 auctoris

2110 5524 2371 5600 dignam,
2402 5533 2460 5584 et
2477 5524 2851 5600 temporibus
2880 5525 3007 5582 suis
3036 5524 3667 5600 accomodatissimam.

2205 5600 2330 5675 291)
2365 5600 2424 5660 In
2455 5595 2691 5675 Auto'g.,
2719 5597 2846 5657 loco
2875 5613 3010 5675 non,
3036 5595 3254 5677 legitur
3283 5600 3419 5662 tum.
