2040 3087
192 170 251 200 2οἿ

690 164 857 196 ATTONIS
880 165 1172 197 VERCELLENSIS
1194 165 1371 196 EPISCOPI

1830 164 1893 198 208

227 236 288 264 Non
299 234 389 262 solum
397 233 491 260 autem
500 232 560 265 illa,
572 231 602 259 id
613 233 657 259 est
681 230 778 258 omnis
799 233 942 263 creatura.
967 231 1013 259 sed
1025 231 1054 265 Α
1069 231 1153 260 nobis
1164 232 1299 268 sumpsit,
1312 231 1509 266 resurrexit,et
1519 231 1606 259 oculos
1615 232 1802 266 conscendit;
1813 233 1896 260 unde

193 278 268 315 (292)
282 285 331 305 nos
344 278 410 314 ipsi,
422 285 454 305 ac
463 276 488 304 si
500 278 599 312 aperte
611 275 719 303 diceret
731 274 789 303 :illi
799 283 919 311 corpore
933 275 1015 311 inge-

193 324 335 356 miscunt,
346 321 485 359 quoniam
497 320 620 356 spiritus
630 320 659 347 in
671 319 825 354 eis,anima
835 319 924 348 simul
942 320 1015 356 (293)

192 370 221 396 et
233 375 342 403 corpus
356 366 507 395 dolet.Nos
517 366 626 397 autem,
643 364 693 400 qui
717 365 847 400 corporis
867 364 1016 392 molestias

195 411 412 448 superavimus,
427 410 524 438 carnis
539 408 790 444 concupiscentiae
805 408 938 442 vicimus,
955 408 1015 436 solo

191 456 301 492 spiritu
329 455 474 489 dolemus,
490 454 618 489 exceptis
643 452 784 481 molestiis
800 461 965 488 corporum.
982 453 1017 480 Et

195 503 229 529 ut
243 500 409 528 ostenderet
423 499 474 534 qui
498 498 567 532 sint,
583 498 707 533 adjecit:
730 498 874 533 primitias
900 497 1015 533 spiritus

193 545 335 578 habentes,
352 544 381 571 id
394 545 449 576 est,
476 543 526 578 qui
558 542 736 570 sacriﬁcium
758 541 879 577 spiritus
900 544 1016 569 nostros

192 589 251 617 Deo
267 587 440 622 obtulimus,
456 590 485 615 et
498 587 529 614 in
544 587 651 622 quibus
667 586 788 622 spiritus
803 586 870 622 igne
890 586 1016 614 cbarita-

192 633 230 661 tis
245 632 361 661 accensi
376 634 405 660 et
420 631 625 668 comprehensi
640 633 719 663 sunt,
744 639 798 658 nos
820 630 936 664 animm,
952 639 1015 666 quis

194 678 309 705 mentes
336 678 454 704 nostras
482 675 627 711 primitias
655 675 714 703 Deo
745 674 926 703 obtulimus:
952 675 1016 710 jam

194 721 274 751 enim
288 720 467 749 sacriﬁcium
482 720 528 748 sui
543 719 665 755 spiritus
674 719 731 747 Deo
746 719 902 753 obtulerat,
913 719 964 754 qui
974 719 1017 746 di-

193 766 297 794 cebat:
314 767 407 796 Mente
419 765 510 792 servio
526 764 581 799 legi
596 765 649 792 Dei
657 772 668 794 ;
682 772 766 792 carne
780 766 873 791 autem
888 763 943 798 legi
955 771 1017 799 pec-

191 811 248 838 cati
263 810 349 846 (Rom.
365 818 386 842 1,
401 810 450 843 9);
479 810 568 837 item:
600 808 652 836 Cui
673 809 762 836 servio
786 809 816 836 in
838 809 938 843 spiritu
957 816 1016 835 meo

192 855 280 891 (Rom.
295 863 346 887 vu,
360 854 419 889 25).
436 853 500 882 Sive
528 853 593 881 ideo
620 852 710 881 dicit:
736 853 883 880 Primitias
900 853 1017 888 spiritus

193 899 343 932 habent“;
370 898 440 934 quia
468 897 541 933 ipsis
565 897 660 934 primo
685 897 840 924 manileste
864 897 950 924 datus
972 898 1017 924 est

192 943 317 980 Spiritus
333 944 463 973 sanctus.

227 989 261 1017 Et
274 988 329 1024 ipsi
343 988 420 1015 intra
432 994 482 1014 nos
496 986 702 1022 ingemiscimus
711 994 722 1017 ;
732 986 761 1013 id
772 985 873 1019 est,illi
883 985 1014 1021 quidem,

193 1033 322 1061 exterius
331 1032 362 1060 in
373 1039 504 1067 corpore,
519 1039 573 1059 nos
585 1033 684 1059 autem
694 1031 821 1058 exterius
836 1032 942 1066 praeter
951 1038 1016 1057 oor—

194 1077 345 1114 pus.Unde
355 1079 453 1105 autem
467 1076 505 1105 sit
514 1076 570 1103 iste
579 1075 727 1111 gemitus;
737 1075 875 1108 ostendit,
891 1075 1015 1110 subjun-

193 1129 266 1157 gens
279 1130 285 1149 :
300 1121 476 1156 Adoptionem
500 1120 622 1155 ﬁliorum
654 1119 729 1155 (294)
759 1121 952 1154 exspectantes,
975 1127 1017 1147 re-

194 1165 376 1201 demptionem
389 1165 509 1200 corporis
522 1164 620 1191 nostri.
637 1164 692 1191 Sed
720 1164 853 1199 nunquid
879 1172 936 1193 non
953 1164 1016 1199 jam

193 1208 596 1245 eratredemptus?Nunquid
604 1216 661 1236 non
669 1208 719 1235 Dei
732 1207 902 1236 ﬁlius‘IErat
913 1208 1015 1243 plane:

193 1254 335 1291 quoniam
349 1254 409 1287 iam
419 1253 553 1281 Christus
563 1261 615 1288 pro
626 1260 659 1280 eo
670 1252 846 1288 sanguinem
869 1261 956 1281 suum
968 1253 1016 1280 fu-

193 1300 349 1334 deratjam
361 1298 465 1328 laxatis
471 1298 501 1325 in
512 1297 689 1333 baptismate
696 1297 1016 1333 peccatis,pergratiam

194 1344 289 1372 sancti
305 1342 432 1379 Spiritus
447 1341 477 1369 in
494 1342 679 1377 adoptionem
706 1341 834 1369 ﬁliorum
849 1341 1016 1369 transierat.

193 1388 345 1421 Quomodo
355 1394 424 1422 ergo
432 1385 845 1422 exspectabat‘IScilicet,quia
856 1385 1017 1422 redemptio

194 1432 268 1466 hac,
282 1434 312 1460 et
326 1431 443 1467 adoptio
466 1430 591 1458 necdum
612 1430 739 1466 perfecta
763 1432 825 1464 est;
851 1430 1019 1466 perﬁcietur

195 1480 306 1511 autem,
315 1484 383 1504 cum
394 1475 518 1503 mortale
528 1475 582 1502 hoc
593 1474 796 1503 absorbebitur
811 1475 841 1502 in
858 1475 959 1502 vitam.
970 1475 1019 1503 Ait

195 1522 294 1558 itaque
306 1529 313 1549 :
324 1521 504 1556 Adoptionem
518 1519 641 1554 ﬁliorum
656 1519 1019 1555 exspectantes,rcdemptio-

196 1574 261 1595 nun
274 1566 394 1601 corporis
408 1565 498 1592 nostri
506 1573 517 1595 ;
531 1572 565 1592 ac
575 1564 599 1591 si
610 1566 742 1599 patenter
757 1563 864 1591 diceret
876 1572 882 1591 :
895 1563 1017 1599 Exspec-

197 1613 304 1644 tautes,
320 1600 354 1638 ut
367 1617 474 1645 corpus
500 1608 673 1637 beneﬁcium
704 1608 868 1644 adoptionis
885 1608 1018 1644 accipiat,
1034 1600 1055 1633 (ἶ

198 1662 257 1692 qua
271 1654 364 1683 vocati
379 1661 484 1681 sumus
500 1652 552 1680 ﬁlii
568 1652 627 1686 Dei,
645 1655 677 1680 ut
705 1661 758 1680 nos
782 1655 858 1680 totos
881 1652 1019 1681 liberatos

196 1699 342 1733 ostendat,
357 1700 386 1726 et
400 1706 435 1726 ex
449 1697 529 1725 omni
545 1699 624 1731 parte
638 1696 689 1724 Dei
705 1696 780 1724 ﬁlios
796 1696 972 1725 manifestet.

231 1744 441 1771 Verumtamen
457 1743 570 1776 poterat
584 1740 690 1776 aliquis
706 1740 817 1769 dicere:
835 1741 857 1769 0
871 1741 1018 1776 Apostole,
1031 1744 1034 1747 '

197 1787 271 1825 quid
280 1785 395 1823 gemis?
405 1785 479 1818 Quid
491 1784 590 1813 doles?
597 1785 670 1817 Quid
682 1785 734 1813 tibi
751 1785 861 1820 profuit
871 1785 1020 1813 Christus?

198 1831 347 1865 Quomodo
357 1834 386 1859 te
396 1829 518 1858 salvavit
528 1829 661 1858 Salvator
671 1829 779 1863 tuus,si
794 1829 891 1857 adhuc
906 1829 1020 1864 gemis?

199 1876 253 1908 Qui
269 1875 347 1903 enim
362 1874 464 1910 gemit,
489 1873 667 1902 inﬁrmatur.
688 1873 762 1909 (295)
790 1873 832 1900 Ad
857 1873 918 1900 haec
934 1873 1019 1909 quasi

200 1920 374 1956 respondet:
390 1919 442 1954 ἄρα
455 1919 531 1946 enim
543 1918 614 1945 salvi
628 1918 697 1953 facti
707 1925 813 1945 sumus.
836 1917 889 1945 Ubi
914 1920 1021 1946 notan-

200 1965 282 2000 dum,
298 1964 368 2000 quia
382 1971 440 1991 non
455 1963 505 1997 ait,
521 1970 568 1998 spe
580 1962 652 1990 salui
663 1970 768 1997 sumus,
786 1962 836 1989 sed
851 1963 922 1989 salvi
942 1963 1019 1997 facti.

200 2009 301 2039 Salvos
313 2016 440 2044 namque
452 2015 506 2035 nos
523 2006 591 2034 fecit
603 2006 738 2034 Christus
748 2014 799 2042 per
814 2006 962 2034 lavacrum
981 2015 1022 2034 re-

202 2053 407 2091 generationis,
418 2054 447 2080 et
456 2051 652 2079 renovationis
664 2060 671 2085 ;
683 2051 733 2079 sed
745 2051 876 2078 nondum
895 2051 1022 2087 perfecta

202 2101 247 2127 est
261 2099 321 2126 hac
336 2097 427 2132 salus,
444 2096 582 2132 quoniam
597 2096 730 2123 nondum
754 2095 897 2123 habemus
921 2095 950 2123 in
971 2104 1020 2123 re:

203 2144 312 2180 quippe
324 2141 456 2170 nondum
473 2140 610 2175 apparuit
623 2139 692 2175 quid
708 2139 830 2167 erimus.
855 2139 937 2166 Nunc
954 2148 1022 2175 ergo

202 2190 320 2223 tempus
330 2188 375 2214 est
389 2184 469 2217 ﬁdei,
485 2183 623 2219 quoniam
648 2191 700 2219 per
723 2183 811 2210 fidem
828 2184 977 2211 credentes
992 2184 1021 2211 in

201 2227 686 2262 Christumsalvamur.Nam,sicut
696 2227 772 2255 idem
779 2227 1021 2263 Apostolusdicit.

1070 278 1099 303 et
1113 276 1192 303 salva
1216 276 1291 304 facta
1318 277 1373 303 est.
1400 276 1473 303 Hinc
1487 284 1556 312 ergo
1584 278 1613 303 et
1629 284 1682 304 nos
1696 276 1727 304 in
1755 284 1808 312 spe
1823 275 1899 304 salvi

1070 320 1139 349 facti
1155 329 1269 354 sumus,
1285 320 1425 356 quoniam
1450 329 1501 356 spe
1515 320 1678 348 certissime
1700 323 1846 356 tenemus,
1865 323 1900 348 ut

1070 366 1246 401 quandoque
1257 365 1293 392 ad
1309 365 1404 400 ipsam
1416 364 1645 392 immortalitatis
1656 364 1781 401 gloriam
1797 373 1900 401 perve-

1071 418 1200 437 ciamus.

1105 475 1212 503 Volens
1223 476 1347 511 denique
1359 475 1515 511 Apostolus
1528 476 1680 504 ostendam
1693 484 1775 512 spem
1792 476 1823 504 in
1838 476 1901 504 illis

1071 521 1159 548 rebus
1173 529 1247 554 esse,
1260 529 1323 556 quis
1340 529 1396 548 non
1407 520 1552 554 videntur,
1568 520 1675 556 adjecit
1688 530 1694 548 :
1711 523 1778 557 Spes
1792 522 1899 555 autem,

1071 574 1132 601 quae
1148 565 1254 593 videtur
1267 574 1323 592 non
1337 566 1375 592 est
1389 573 1459 600 spes.
1477 565 1600 599 Rursus,
1618 567 1649 592 ut
1664 566 1829 593 ostenderet
1842 565 1901 593 dif-

1071 610 1225 637 ferentiam
1236 609 1310 642 inter
1326 618 1407 645 spem
1418 612 1447 636 et
1458 618 1529 643 rem,
1547 610 1697 645 subjunxit
1710 618 1717 638 :
1734 610 1807 644 Quid
1821 611 1902 638 enim

1070 654 1141 682 videt
1155 654 1226 690 quis,
1256 654 1322 689 quid
1348 656 1439 690 sperat
1466 654 1563 690 (206)?
1591 654 1681 683 Nemo
1705 655 1784 691 quod
1807 655 1901 691 videt,

1071 701 1187 735 sperat:
1205 698 1284 734 quia,
1300 700 1352 726 aut
1366 698 1470 731 oculis,
1482 701 1533 726 aut
1549 699 1685 726 manibus
1700 701 1788 727 tenet.
1804 700 1836 726 Si
1851 708 1902 727 au-

1072 746 1135 777 tem,
1151 741 1221 778 quod
1248 750 1303 769 non
1318 742 1451 775 videmus,
1481 750 1634 778 speramus,
1656 751 1708 778 per
1727 744 1902 778 patientiam

1071 788 1267 822 exspectamus.
1285 785 1318 813 Et
1328 789 1372 814 est
1387 795 1492 814 sensus
1508 796 1514 814 :
1532 787 1574 820 Si,
1585 787 1663 823 quod
1679 796 1737 815 non
1753 788 1904 822 videmus,

1070 831 1215 866 patienter
1229 832 1444 866 exspectamus,
1456 833 1489 858 ut
1499 831 1675 867 quandoque
1689 832 1820 859 obtinere
1836 840 1906 868 pos~

1072 875 1176 903 simus.
1191 875 1345 903 Evidenter
1359 875 1458 911 itaque
1473 875 1629 912 Apostolus
1640 876 1694 904 hoc
1710 876 1787 904 dicto
1804 879 1905 904 osten-

1030 917 1054 949 B
1069 919 1138 947 dere
1152 919 1245 947 voluit
1274 920 1343 955 quia
1367 920 1460 948 virtus
1485 921 1547 956 spei
1572 920 1602 948 in
1624 921 1707 949 nobis
1723 921 1903 957 patientiam

1071 966 1201 1000 generat.
1219 964 1363 991 Patientia
1382 966 1480 992 autem
1505 973 1562 992 non
1578 967 1622 992 est
1645 965 1674 993 in
1690 966 1842 1002 prosperis
1856 974 1905 994 re-

1069 1008 1137 1041 bus,
1153 1009 1262 1044 quibus
1279 1008 1414 1044 fruimur,
1433 1009 1483 1037 sed
1499 1009 1529 1037 in
1544 1010 1685 1045 adversis,
1702 1010 1811 1046 quibus
1827 1010 1905 1038 afﬂi-

1071 1061 1177 1081 cnmur.

1108 1119 1210 1154 Igitur,
1227 1119 1296 1155 quia
1310 1120 1422 1147 dixerat
1437 1120 1591 1156 superius:
1609 1121 1667 1157 Ipse
1682 1122 1805 1157 Spiritus
1820 1123 1906 1150 testi-

1071 1165 1199 1191 monium
1208 1164 1302 1191 reddit
1312 1165 1427 1200 spiritui
1439 1169 1529 1193 nostra
1539 1174 1550 1196 ,'
1565 1166 1673 1193 idcirco
1689 1174 1766 1193 nunc
1781 1167 1906 1202 subjun-

1073 1208 1116 1235 xit
1129 1217 1135 1236 :
1151 1208 1291 1236 Similiter
1305 1211 1415 1244 autem,
1430 1210 1459 1237 et
1471 1209 1593 1245 spiritus
1611 1211 1730 1246 adjuvat
1744 1211 1905 1239 inﬁmita-

1074 1255 1134 1280 tem
1150 1255 1292 1287 ncstram,
1305 1253 1333 1280 id
1345 1256 1400 1286 est,
1412 1254 1489 1281 sicut
1498 1254 1697 1282 testimonium
1715 1255 1812 1282 reddit
1821 1255 1863 1283 ita
1876 1258 1906 1283 et

1072 1297 1276 1326 inﬁrmitatem
1291 1299 1422 1325 nostram
1435 1298 1563 1333 adjuvat.
1576 1300 1615 1326 Ac
1631 1308 1681 1335 per
1696 1299 1752 1327 hoc
1761 1300 1903 1335 Spiritus,

1073 1349 1131 1369 non
1148 1344 1257 1376 noster,
1273 1342 1323 1369 sed
1338 1342 1465 1377 Spiritus
1484 1345 1603 1371 sanctus
1619 1343 1829 1380 intelligendus
1844 1346 1904 1373 esi.

1073 1386 1289 1418 Inﬁrmitatem,
1315 1395 1372 1414 non
1398 1394 1563 1423 corporum,
1580 1388 1630 1415 sed
1654 1389 1800 1416 mentium
1816 1389 1903 1417 dicit.

1074 1431 1277 1458 Inﬁrmitatem
1287 1430 1372 1466 plane
1380 1431 1666 1468 vocatinsipientiam
1680 1442 1686 1461 :
1696 1441 1779 1461 mens
1788 1434 1903 1462 etenim

1073 1477 1174 1503 nostra
1188 1477 1325 1511 gravatur
1350 1475 1528 1511 insipientia,
1554 1477 1603 1505 sed
1629 1477 1756 1513 Spiritus
1777 1481 1905 1506 sanctus

1072 1520 1193 1555 adjuvat
1206 1519 1406 1547 inﬁmitatem
1422 1523 1572 1554 nostram;
1591 1521 1668 1557 quia.
1685 1522 1756 1550 dum
1772 1523 1903 1551 cbarita-

1072 1566 1132 1592 tem
1142 1566 1172 1591 et
1183 1564 1264 1600 pium
1276 1564 1438 1600 spiritualis
1449 1566 1548 1601 gratia
1559 1566 1693 1594 affectum
1703 1567 1844 1599 infundit,
1853 1575 1902 1601 ea,

1073 1617 1138 1645 quas
1149 1609 1334 1644 ignoramus,
1346 1609 1464 1637 revelat.
1483 1610 1563 1638 Unde
1573 1610 1739 1646 Apostolus,
1753 1613 1787 1638 ut
1800 1614 1904 1640 osten-

1074 1654 1155 1681 deret
1170 1662 1258 1689 qunm
1270 1653 1473 1681 inﬁrmitatem
1486 1654 1599 1689 dixerit,
1612 1655 1719 1690 adjecit
1731 1664 1737 1683 :
1754 1656 1822 1683 Nam
1834 1656 1906 1691 quid

1074 1706 1192 1733 oremus,
1207 1699 1277 1725 sicut
1302 1700 1408 1732 oportet
1431 1700 1576 1726 nescimus.
1601 1699 1709 1730 Oratio.
1727 1708 1790 1736 quas
1805 1701 1906 1737 impe—

1074 1744 1133 1769 trat
1147 1743 1224 1777 quod
1236 1742 1316 1777 petit,
1334 1743 1454 1770 domum
1465 1744 1513 1771 Dei
1527 1752 1559 1771 se
1569 1752 1632 1771 esse
1645 1744 1792 1772 evidenter
1805 1748 1908 1773 osten-

1074 1787 1126 1814 dit.
1143 1787 1300 1822 Apostolus
1310 1787 1409 1822 itaque
1420 1790 1452 1815 ut
1461 1789 1628 1816 ostenderet
1637 1789 1725 1816 etiam
1737 1790 1906 1818 orationem

1075 1831 1152 1858 inter
1165 1839 1289 1858 munera
1299 1831 1349 1859 Dei
1362 1833 1536 1867 computari,
1552 1832 1610 1860 ait:
1627 1834 1700 1860 Nam
1711 1834 1777 1869 quid
1791 1842 1907 1863 aremus

1074 1876 1145 1903 sicut
1159 1877 1265 1909 oportet
1291 1876 1449 1903 nescimus:
1476 1877 1545 1912 quia
1573 1877 1651 1904 enim
1680 1886 1737 1905 non
1764 1878 1907 1907 videmus

1075 1927 1139 1955 quas
1168 1919 1381 1954 promittuntur
1408 1921 1491 1955 (297),
1521 1921 1670 1949 nescimus
1699 1930 1791 1956 orare,
1825 1923 1910 1951 sicut

1076 1966 1207 1999 oportet;
1224 1964 1252 1991 id
1269 1966 1322 1996 est,
1346 1972 1380 1992 ea
1410 1966 1505 1999 petere
1520 1973 1582 2000 quas
1610 1966 1694 1993 nobis
1720 1969 1857 2002 prosunt,
1876 1971 1910 1995 et

1076 2016 1213 2043 respuere
1233 2017 1297 2043 quas
1321 2009 1439 2036 obsunt.
1465 2009 1556 2037 Nemo
1578 2010 1686 2046 quippe
1709 2013 1785 2039 recte
1802 2012 1906 2047 sapit;

1077 2061 1163 2079 nemo
1179 2054 1254 2079 recte
1268 2052 1424 2088 intelligit;
1441 2061 1526 2081 nemo
1540 2057 1617 2081 recto
1636 2054 1757 2082 consilio
1772 2057 1801 2083 et
1817 2056 1910 2084 forti-

1076 2096 1299 2132 tudine‘aliquid
1311 2098 1464 2132 operatur;
1478 2106 1563 2125 nemo
1575 2099 1702 2126 scienter
1710 2101 1755 2127 est
1763 2100 1841 2135 pius,
1856 2108 1912 2128 ne-

1078 2149 1134 2176 que
1142 2141 1188 2176 pic
1197 2141 1294 2168 sciens
1308 2150 1314 2174 ;
1327 2149 1412 2169 nemo
1422 2144 1502 2169 casto
1512 2143 1615 2169 timore
1626 2143 1717 2170 Deum
1728 2143 1835 2179 diligit,
1844 2145 1913 2173 nisi

1077 2185 1200 2220 accipiat
1214 2185 1351 2221 spiritum
1362 2185 1522 2221 sapientiai,
1534 2189 1562 2214 et
1571 2187 1745 2221 intellectus,
1763 2188 1913 2224 spiritum

1077 2229 1190 2257 consilii
1204 2232 1232 2256 et
1243 2229 1431 2263 fortitudinis,
1441 2230 1578 2266 spiritum
1586 2231 1723 2265 scientias,
1735 2234 1764 2259 et
1772 2232 1913 2268 pietatis,

200 2277 256 2305 Per
269 2275 351 2311 ﬁdem
365 2272 554 2305 ambulamus,
570 2274 595 2299 ot
608 2279 664 2299 non
677 2280 726 2307 per
740 2273 855 2307 speciem
869 2272 903 2307 (II
919 2272 978 2300 Cor.
993 2281 1020 2306 ν,
1037 2282 1060 2314 Ι)
1076 2276 1104 2301 et
1117 2273 1234 2300 timoris
1249 2273 1375 2301 Domini.
1400 2274 1539 2302 Similiter
1554 2283 1640 2303 nemo
1661 2275 1749 2303 habet
1761 2276 1914 2305 virtutem

199 2321 238 2357 7).
253 2319 333 2348 Fidei
348 2320 446 2346 autem
462 2324 573 2345 merces
587 2318 633 2344 est
651 2316 731 2344 salus
759 2316 924 2344 animarum
953 2325 1021 2344 nos-

200 2368 324 2397 trarum,
341 2363 391 2391 sed
407 2362 468 2389 hac
482 2361 648 2388 animarum
665 2360 757 2394 salus,
768 2363 797 2388 et
808 2369 961 2396 corporum
977 2369 1022 2389 re-

202 2408 332 2445 demptio
347 2407 471 2435 necdum
491 2405 616 2440 perfecte
630 2407 693 2438 est;
710 2405 778 2440 quia
792 2405 820 2432 in
836 2413 888 2441 spe
906 2407 1020 2441 tantum

202 2453 356 2486 habemus,
372 2453 401 2479 et
415 2458 473 2478 non
488 2449 517 2477 in
533 2457 573 2477 re.
590 2450 701 2485 Corpus
716 2450 794 2477 enim
805 2450 882 2486 quod
894 2458 1022 2477 corrum—

201 2498 283 2534 pitur
298 2496 374 2532 (Sap.
390 2504 430 2529 1x,
454 2495 508 2528 15),
538 2496 676 2530 aggravat
701 2494 843 2522 animam.
874 2493 1023 2522 Prmeessit

202 2545 301 2571 autem
317 2541 378 2568 haec
394 2539 474 2568 salus
488 2540 518 2566 et
530 2538 691 2574 redemptio
703 2538 732 2565 in
748 2538 842 2574 capite
856 2540 1024 2571 nostro,Do-

201 2587 282 2615 mino
293 2585 406 2614 scilicet
415 2584 483 2612 Jesu
500 2583 625 2616 Christo,
636 2582 775 2618 quoniam
786 2591 862 2616 caro,
882 2590 971 2617 quam
988 2590 1023 2610 ex

237 2666 311 2703 (292)
327 2665 474 2703 Yulgzs‘cd
489 2668 514 2703 et
529 2670 597 2703 ηοξ..
736 2696 741 2702 Ι
808 2697 827 2703 υ
850 2697 867 2703 η
913 2697 929 2703 Ι.

236 2697 310 2735 (293)
327 2697 470 2738 Notium,
488 2702 515 2726 et
532 2697 620 2738 paulo
645 2697 780 2733 superius
800 2697 1018 2725 distinctionem

200 2738 261 2765 ﬁeri
278 2738 353 2764 inter
368 2736 515 2770 spiritum,
531 2735 714 2770 etianimam.

246 2773 309 2806 294)
320 2769 405 2806 Vulg.
422 2771 545 2805 ﬁliorum
559 2769 620 2796 Dei.

246 2775 309 2806 294)
322 2775 374 2798 Vul
400 2792 405 2797 .
422 2775 545 2805 ﬁliorum
559 2775 620 2796 Del.

235 2775 308 2843 E295)
324 2807 354 2834 In
369 2780 472 2841 ξυιυς.
490 2812 583 2841 marg.
600 2812 625 2832 ο.
641 2802 713 2831 ΧΧΙ.

1076 2326 1184 2352 veram,
1201 2317 1373 2345 charitatem
1389 2318 1543 2351 sinceram,
1560 2319 1771 2348 continentiam
1787 2320 1916 2358 religio-

1077 2370 1151 2397 sam,
1168 2361 1225 2389 nisi
1241 2362 1385 2397 acceperit
1399 2363 1535 2398 spiritum
1551 2364 1677 2397 virtutis,
1692 2367 1721 2392 et
1733 2364 1914 2400 obaritatis,

1076 2408 1105 2433 et
1119 2406 1313 2433 continentia.
1327 2406 1423 2433 Simili
1436 2407 1521 2435 modo
1534 2415 1620 2435 nemo
1631 2411 1707 2436 recte
1722 2409 1825 2442 credit,
1845 2410 1916 2438 nisi

1076 2449 1183 2478 habeat
1201 2450 1338 2485 spiritum
1362 2451 1439 2478 ﬁdei.
1455 2452 1501 2479 Sic
1525 2452 1613 2479 etiam
1633 2460 1718 2480 nemo
1732 2456 1812 2481 recte
1826 2457 1917 2488 orat,

1077 2494 1134 2522 nisi
1149 2494 1273 2530 accipiat
1288 2495 1424 2530 spiritum
1443 2496 1601 2524 orationis:
1619 2505 1676 2524 non
1692 2498 1770 2532 quod
1786 2500 1830 2525 tot
1844 2499 1919 2527 sint

1076 2539 1209 2574 spiritus,
1225 2539 1351 2575 Spiritus
1366 2539 1443 2566 enim
1469 2543 1588 2568 sanctus
1603 2549 1680 2568 unus
1694 2543 1748 2574 est,
1765 2541 1816 2569 sed
1832 2543 1921 2577 quia

1077 2583 1136 2611 hinc
1151 2583 1251 2611 omnia
1260 2586 1397 2619 operatur
1411 2592 1488 2612 unus
1499 2587 1586 2620 atque
1596 2585 1672 2613 idem
1684 2585 1822 2621 Spiritus,
1834 2586 1922 2615 divi-

1113 2662 1186 2700 (296)
1201 2662 1285 2698 Vulg.
1301 2671 1366 2690 nam
1390 2663 1460 2699 quod
1474 2664 1546 2691 videt
1567 2665 1638 2700 quis,
1660 2665 1727 2700 quid
1739 2668 1846 2699 sperat.
1869 2667 1925 2695 Ex

1076 2697 1122 2738 his
1138 2698 1236 2738 etiam,
1253 2697 1314 2738 quas
1325 2697 1500 2738 sequunturz
1512 2697 1584 2738 satis
1595 2697 1727 2736 arguitur
1738 2697 1824 2734 {loco
1834 2703 1923 2738 qutd

1076 2734 1171 2770 prima
1178 2733 1241 2770 vice
1255 2733 1410 2770 legendum
1426 2736 1499 2770 quod
1512 2735 1595 2763 videt.

1111 2768 1185 2804 (297)
1200 2768 1305 2805 Autog.
1321 2777 1383 2805 quae
1394 2768 1579 2805 promittitur.
