  <div class='ocr_page' id='page_1' title='image "/cluster/home/n/w/nwhite01/storage/ocr_20150623/134/hvd.32044023361702/112.png"; bbox 0 0 4094 6168; ppageno 0'>
   <div class='ocr_carea' id='block_1_1' title="bbox 292 311 415 374">
    <p class='ocr_par' dir='ltr' id='par_1_1' title="bbox 292 311 415 374">
     <span class='ocr_line' id='line_1_1' title="bbox 292 311 415 374; baseline -0.008 0"><span class='ocrx_word' id='word_1_1' title='bbox 292 311 415 374; x_wconf 72' lang='grc'><strong>213</strong></span> 
     </span>
    </p>
   </div>
   <div class='ocr_carea' id='block_1_2' title="bbox 896 306 3107 397">
    <p class='ocr_par' dir='ltr' id='par_1_2' title="bbox 896 306 3107 397">
     <span class='ocr_line' id='line_1_2' title="bbox 896 306 3107 397; baseline 0 -22"><span class='ocrx_word' id='word_1_2' title='bbox 896 310 1315 377; x_wconf 86' lang='lat' dir='ltr'><strong>EXPOSITIO</strong></span> <span class='ocrx_word' id='word_1_3' title='bbox 1357 311 1437 397; x_wconf 87' lang='lat' dir='ltr'><strong>IN</strong></span> <span class='ocrx_word' id='word_1_4' title='bbox 1481 306 1912 373; x_wconf 84' lang='lat' dir='ltr'><strong>EPISTOLAS</strong></span> <span class='ocrx_word' id='word_1_5' title='bbox 1956 306 2317 372; x_wconf 81' lang='lat' dir='ltr'><strong>PAULL—</strong></span> <span class='ocrx_word' id='word_1_6' title='bbox 2346 309 2424 373; x_wconf 88' lang='lat' dir='ltr'><strong>IN</strong></span> <span class='ocrx_word' id='word_1_7' title='bbox 2466 309 2720 376; x_wconf 82' lang='lat' dir='ltr'><strong>EPIST.</strong></span> <span class='ocrx_word' id='word_1_8' title='bbox 2763 313 2869 375; x_wconf 86' lang='lat' dir='ltr'><strong>AD</strong></span> <span class='ocrx_word' id='word_1_9' title='bbox 2914 309 3107 378; x_wconf 84' lang='lat' dir='ltr'><strong>ROM.</strong></span> 
     </span>
    </p>
   </div>
   <div class='ocr_carea' id='block_1_3' title="bbox 3582 315 3701 376">
    <p class='ocr_par' dir='ltr' id='par_1_3' title="bbox 3582 315 3701 376">
     <span class='ocr_line' id='line_1_3' title="bbox 3582 315 3701 376; baseline 0 0"><span class='ocrx_word' id='word_1_10' title='bbox 3582 315 3701 376; x_wconf 73' lang='lat'><strong>214</strong></span> 
     </span>
    </p>
   </div>
   <div class='ocr_carea' id='block_1_4' title="bbox 296 441 3694 522">
    <p class='ocr_par' dir='ltr' id='par_1_4' title="bbox 296 441 3694 522">
     <span class='ocr_line' id='line_1_4' title="bbox 296 441 3694 522; baseline 0.001 -19"><span class='ocrx_word' id='word_1_11' title='bbox 296 445 535 517; x_wconf 82' lang='lat' dir='ltr'><strong>bis,quis</strong></span> <span class='ocrx_word' id='word_1_12' title='bbox 560 452 757 503; x_wconf 84' lang='lat' dir='ltr'><strong>contra</strong></span> <span class='ocrx_word' id='word_1_13' title='bbox 786 461 889 503; x_wconf 88' lang='lat' dir='ltr'><strong>nos</strong></span> <span class='ocrx_word' id='word_1_14' title='bbox 907 451 933 501; x_wconf 75' lang='lat'><strong>.9</strong></span> <span class='ocrx_word' id='word_1_15' title='bbox 963 450 1104 503; x_wconf 85' lang='lat' dir='ltr'><strong>Ecce</strong></span> <span class='ocrx_word' id='word_1_16' title='bbox 1133 447 1393 502; x_wconf 91' lang='lat' dir='ltr'><strong>mundus</strong></span> <span class='ocrx_word' id='word_1_17' title='bbox 1421 449 1580 503; x_wconf 90' lang='lat' dir='ltr'><strong>totus</strong></span> <span class='ocrx_word' id='word_1_18' title='bbox 1612 448 1816 502; x_wconf 88' lang='lat' dir='ltr'><strong>contra</strong></span> <span class='ocrx_word' id='word_1_19' title='bbox 1838 461 1941 501; x_wconf 91' lang='lat' dir='ltr'><strong>vos</strong></span> <span class='ocrx_word' id='word_1_20' title='bbox 1969 441 2027 508; x_wconf 79' lang='grc' dir='ltr'><strong>Α</strong></span> <span class='ocrx_word' id='word_1_21' title='bbox 2054 450 2142 520; x_wconf 90' lang='lat' dir='ltr'><strong>Et,</strong></span> <span class='ocrx_word' id='word_1_22' title='bbox 2176 447 2315 521; x_wconf 92' lang='lat' dir='ltr'><strong>quia</strong></span> <span class='ocrx_word' id='word_1_23' title='bbox 2342 452 2568 519; x_wconf 82' lang='lat' dir='ltr'><strong>poterat</strong></span> <span class='ocrx_word' id='word_1_24' title='bbox 2588 448 2926 520; x_wconf 85' lang='lat' dir='ltr'><strong>responderi</strong></span> <span class='ocrx_word' id='word_1_25' title='bbox 2954 464 2969 504; x_wconf 89' lang='lat'><strong>:</strong></span> <span class='ocrx_word' id='word_1_26' title='bbox 3006 446 3212 516; x_wconf 85' lang='lat' dir='ltr'><strong>Homo,</strong></span> <span class='ocrx_word' id='word_1_27' title='bbox 3230 446 3497 522; x_wconf 86' lang='lat' dir='ltr'><strong>angelus,</strong></span> <span class='ocrx_word' id='word_1_28' title='bbox 3521 451 3694 518; x_wconf 89' lang='lat' dir='ltr'><strong>Deus,</strong></span> 
     </span>
    </p>
   </div>
   <div class='ocr_carea' id='block_1_5' title="bbox 295 534 1943 608">
    <p class='ocr_par' dir='ltr' id='par_1_5' title="bbox 295 534 1943 608">
     <span class='ocr_line' id='line_1_5' title="bbox 295 534 1943 608; baseline 0.001 -18"><span class='ocrx_word' id='word_1_29' title='bbox 295 534 533 603; x_wconf 85' lang='lat' dir='ltr'><strong>fremit;</strong></span> <span class='ocrx_word' id='word_1_30' title='bbox 582 535 985 608; x_wconf 83' lang='lat' dir='ltr'><strong>excogitantur</strong></span> <span class='ocrx_word' id='word_1_31' title='bbox 1023 553 1243 608; x_wconf 62' lang='lat' dir='ltr'><strong>pinnas;</strong></span> <span class='ocrx_word' id='word_1_32' title='bbox 1292 536 1539 592; x_wconf 81' lang='lat' dir='ltr'><strong>diversis</strong></span> <span class='ocrx_word' id='word_1_33' title='bbox 1587 535 1943 591; x_wconf 87' lang='lat' dir='ltr'><strong>cruciatibus</strong></span> 
     </span>
    </p>
   </div>
   <div class='ocr_carea' id='block_1_6' title="bbox 294 625 1941 697">
    <p class='ocr_par' dir='ltr' id='par_1_6' title="bbox 294 625 1941 697">
     <span class='ocr_line' id='line_1_6' title="bbox 294 625 1941 697; baseline 0 -17"><span class='ocrx_word' id='word_1_34' title='bbox 294 641 543 697; x_wconf 89' lang='lat' dir='ltr'><strong>corpora</strong></span> <span class='ocrx_word' id='word_1_35' title='bbox 569 629 768 682; x_wconf 88' lang='lat' dir='ltr'><strong>vestra</strong></span> <span class='ocrx_word' id='word_1_36' title='bbox 814 626 1167 681; x_wconf 78' lang='lat' dir='ltr'><strong>afﬁciuntur.</strong></span> <span class='ocrx_word' id='word_1_37' title='bbox 1198 625 1269 681; x_wconf 98' lang='lat' dir='ltr'><strong>Ut</strong></span> <span class='ocrx_word' id='word_1_38' title='bbox 1299 642 1435 697; x_wconf 88' lang='lat' dir='ltr'><strong>ergo</strong></span> <span class='ocrx_word' id='word_1_39' title='bbox 1466 642 1598 681; x_wconf 85' lang='lat' dir='ltr'><strong>vera</strong></span> <span class='ocrx_word' id='word_1_40' title='bbox 1636 642 1783 693; x_wconf 90' lang='lat' dir='ltr'><strong>esse,</strong></span> <span class='ocrx_word' id='word_1_41' title='bbox 1813 642 1941 697; x_wconf 85' lang='lat' dir='ltr'><strong>quae</strong></span> 
     </span>
    </p>
   </div>
   <div class='ocr_carea' id='block_1_7' title="bbox 295 714 1944 787">
    <p class='ocr_par' dir='ltr' id='par_1_7' title="bbox 295 714 1944 787">
     <span class='ocr_line' id='line_1_7' title="bbox 295 714 1944 787; baseline 0 -18"><span class='ocrx_word' id='word_1_42' title='bbox 295 714 551 783; x_wconf 83' lang='lat' dir='ltr'><strong>dixerat,</strong></span> <span class='ocrx_word' id='word_1_43' title='bbox 578 714 1010 770; x_wconf 89' lang='lat' dir='ltr'><strong>evidentissimo</strong></span> <span class='ocrx_word' id='word_1_44' title='bbox 1028 715 1377 770; x_wconf 89' lang='lat' dir='ltr'><strong>documento</strong></span> <span class='ocrx_word' id='word_1_45' title='bbox 1408 716 1699 787; x_wconf 84' lang='lat' dir='ltr'><strong>probaret,</strong></span> <span class='ocrx_word' id='word_1_46' title='bbox 1731 714 1944 784; x_wconf 84' lang='lat' dir='ltr'><strong>adjecit</strong></span> 
     </span>
    </p>
   </div>
   <div class='ocr_carea' id='block_1_8' title="bbox 293 803 1942 876">
    <p class='ocr_par' dir='ltr' id='par_1_8' title="bbox 293 803 1942 876">
     <span class='ocr_line' id='line_1_8' title="bbox 293 803 1942 876; baseline 0.001 -19"><span class='ocrx_word' id='word_1_47' title='bbox 293 803 356 859; x_wconf 91' lang='lat' dir='ltr'><strong>in</strong></span> <span class='ocrx_word' id='word_1_48' title='bbox 390 803 658 875; x_wconf 91' lang='lat' dir='ltr'><strong>ipsorum</strong></span> <span class='ocrx_word' id='word_1_49' title='bbox 680 808 999 875; x_wconf 82' lang='lat' dir='ltr'><strong>martyrum</strong></span> <span class='ocrx_word' id='word_1_50' title='bbox 1031 820 1168 860; x_wconf 90' lang='lat' dir='ltr'><strong>voce</strong></span> <span class='ocrx_word' id='word_1_51' title='bbox 1193 821 1206 859; x_wconf 88' lang='lat'><strong>:</strong></span> <span class='ocrx_word' id='word_1_52' title='bbox 1232 805 1337 872; x_wconf 91' lang='lat' dir='ltr'><strong>Qui</strong></span> <span class='ocrx_word' id='word_1_53' title='bbox 1365 806 1537 859; x_wconf 86' lang='lat' dir='ltr'><strong>etiam</strong></span> <span class='ocrx_word' id='word_1_54' title='bbox 1562 805 1785 876; x_wconf 86' lang='lat' dir='ltr'><strong>proprio</strong></span> <span class='ocrx_word' id='word_1_55' title='bbox 1802 803 1942 859; x_wconf 81' lang='lat' dir='ltr'><strong>Filio</strong></span> 
     </span>
    </p>
   </div>
   <div class='ocr_carea' id='block_1_9' title="bbox 288 893 1941 965">
    <p class='ocr_par' dir='ltr' id='par_1_9' title="bbox 288 893 1941 965">
     <span class='ocr_line' id='line_1_9' title="bbox 288 893 1941 965; baseline 0.001 -19"><span class='ocrx_word' id='word_1_56' title='bbox 288 908 406 947; x_wconf 82' lang='lat' dir='ltr'><strong>non</strong></span> <span class='ocrx_word' id='word_1_57' title='bbox 434 894 691 965; x_wconf 84' lang='lat' dir='ltr'><strong>perpecit,</strong></span> <span class='ocrx_word' id='word_1_58' title='bbox 720 893 819 948; x_wconf 83' lang='lat' dir='ltr'><strong>sed</strong></span> <span class='ocrx_word' id='word_1_59' title='bbox 861 908 959 963; x_wconf 83' lang='lat' dir='ltr'><strong>pro</strong></span> <span class='ocrx_word' id='word_1_60' title='bbox 988 893 1146 949; x_wconf 83' lang='lat' dir='ltr'><strong>nobis</strong></span> <span class='ocrx_word' id='word_1_61' title='bbox 1173 896 1425 950; x_wconf 87' lang='lat' dir='ltr'><strong>omnibus</strong></span> <span class='ocrx_word' id='word_1_62' title='bbox 1466 893 1700 950; x_wconf 79' lang='lat' dir='ltr'><strong>tradidit</strong></span> <span class='ocrx_word' id='word_1_63' title='bbox 1728 894 1892 949; x_wconf 82' lang='lat' dir='ltr'><strong>illum</strong></span> <span class='ocrx_word' id='word_1_64' title='bbox 1922 910 1941 947; x_wconf 88' lang='lat'><strong><em>:</em></strong></span> 
     </span>
    </p>
   </div>
   <div class='ocr_carea' id='block_1_10' title="bbox 289 980 1942 1052">
    <p class='ocr_par' dir='ltr' id='par_1_10' title="bbox 289 980 1942 1052">
     <span class='ocr_line' id='line_1_10' title="bbox 289 980 1942 1052; baseline 0.002 -17"><span class='ocrx_word' id='word_1_65' title='bbox 289 980 559 1052; x_wconf 87' lang='lat' dir='ltr'><strong>quomodo</strong></span> <span class='ocrx_word' id='word_1_66' title='bbox 584 997 692 1036; x_wconf 84' lang='lat' dir='ltr'><strong>non</strong></span> <span class='ocrx_word' id='word_1_67' title='bbox 717 982 884 1036; x_wconf 85' lang='lat' dir='ltr'><strong>etiam</strong></span> <span class='ocrx_word' id='word_1_68' title='bbox 902 997 1032 1037; x_wconf 87' lang='lat' dir='ltr'><strong>cum</strong></span> <span class='ocrx_word' id='word_1_69' title='bbox 1053 983 1147 1038; x_wconf 82' lang='lat' dir='ltr'><strong>illo</strong></span> <span class='ocrx_word' id='word_1_70' title='bbox 1177 983 1333 1039; x_wconf 89' lang='lat' dir='ltr'><strong>nobis</strong></span> <span class='ocrx_word' id='word_1_71' title='bbox 1362 985 1550 1038; x_wconf 87' lang='lat' dir='ltr'><strong>omnia</strong></span> <span class='ocrx_word' id='word_1_72' title='bbox 1577 983 1841 1039; x_wconf 82' lang='lat' dir='ltr'><strong>donavit?</strong></span> <span class='ocrx_word' id='word_1_73' title='bbox 1860 989 1942 1038; x_wconf 84' lang='lat' dir='ltr'><strong>Ac</strong></span> 
     </span>
    </p>
   </div>
   <div class='ocr_carea' id='block_1_11' title="bbox 289 1068 1939 1143">
    <p class='ocr_par' dir='ltr' id='par_1_11' title="bbox 289 1068 1939 1143">
     <span class='ocr_line' id='line_1_11' title="bbox 289 1068 1939 1143; baseline 0.001 -19"><span class='ocrx_word' id='word_1_74' title='bbox 289 1069 344 1124; x_wconf 91' lang='lat' dir='ltr'><strong>si</strong></span> <span class='ocrx_word' id='word_1_75' title='bbox 370 1069 569 1124; x_wconf 85' lang='lat' dir='ltr'><strong>dicant</strong></span> <span class='ocrx_word' id='word_1_76' title='bbox 602 1085 616 1122; x_wconf 90' lang='lat'>:</span> <span class='ocrx_word' id='word_1_77' title='bbox 651 1068 796 1123; x_wconf 86' lang='lat' dir='ltr'><strong>Hinc</strong></span> <span class='ocrx_word' id='word_1_78' title='bbox 823 1086 961 1126; x_wconf 86' lang='lat' dir='ltr'><strong>vera</strong></span> <span class='ocrx_word' id='word_1_79' title='bbox 990 1087 1121 1127; x_wconf 89' lang='lat' dir='ltr'><strong>esse</strong></span> <span class='ocrx_word' id='word_1_80' title='bbox 1148 1072 1491 1143; x_wconf 87' lang='lat' dir='ltr'><strong>probamus,</strong></span> <span class='ocrx_word' id='word_1_81' title='bbox 1514 1087 1641 1143; x_wconf 79' lang='lat' dir='ltr'><strong>quas</strong></span> <span class='ocrx_word' id='word_1_82' title='bbox 1668 1070 1939 1137; x_wconf 85' lang='lat' dir='ltr'><strong>dicimus,</strong></span> 
     </span>
    </p>
   </div>
   <div class='ocr_carea' id='block_1_12' title="bbox 290 1157 1939 1232">
    <p class='ocr_par' dir='ltr' id='par_1_12' title="bbox 290 1157 1939 1232">
     <span class='ocr_line' id='line_1_12' title="bbox 290 1157 1939 1232; baseline 0.001 -19"><span class='ocrx_word' id='word_1_83' title='bbox 290 1157 572 1230; x_wconf 86' lang='lat' dir='ltr'><strong>quoniam</strong></span> <span class='ocrx_word' id='word_1_84' title='bbox 595 1162 746 1214; x_wconf 92' lang='lat' dir='ltr'><strong>Deus</strong></span> <span class='ocrx_word' id='word_1_85' title='bbox 777 1159 922 1215; x_wconf 92' lang='lat' dir='ltr'><strong>adeo</strong></span> <span class='ocrx_word' id='word_1_86' title='bbox 941 1177 1050 1216; x_wconf 91' lang='lat' dir='ltr'><strong>nos</strong></span> <span class='ocrx_word' id='word_1_87' title='bbox 1071 1159 1291 1227; x_wconf 87' lang='lat' dir='ltr'><strong>dilexit,</strong></span> <span class='ocrx_word' id='word_1_88' title='bbox 1316 1166 1381 1215; x_wconf 91' lang='lat' dir='ltr'><strong>ut</strong></span> <span class='ocrx_word' id='word_1_89' title='bbox 1404 1160 1635 1232; x_wconf 91' lang='lat' dir='ltr'><strong>proprio</strong></span> <span class='ocrx_word' id='word_1_90' title='bbox 1658 1159 1800 1215; x_wconf 88' lang='lat' dir='ltr'><strong>Filio</strong></span> <span class='ocrx_word' id='word_1_91' title='bbox 1825 1176 1939 1215; x_wconf 93' lang='lat' dir='ltr'><strong>non</strong></span> 
     </span>
    </p>
   </div>
   <div class='ocr_carea' id='block_1_13' title="bbox 290 1246 1942 1319">
    <p class='ocr_par' dir='ltr' id='par_1_13' title="bbox 290 1246 1942 1319">
     <span class='ocr_line' id='line_1_13' title="bbox 290 1246 1942 1319; baseline 0.001 -18"><span class='ocrx_word' id='word_1_92' title='bbox 290 1251 579 1319; x_wconf 88' lang='lat' dir='ltr'><strong>parceret,</strong></span> <span class='ocrx_word' id='word_1_93' title='bbox 612 1246 712 1302; x_wconf 91' lang='lat' dir='ltr'><strong>sed</strong></span> <span class='ocrx_word' id='word_1_94' title='bbox 746 1264 849 1318; x_wconf 91' lang='lat' dir='ltr'><strong>pro</strong></span> <span class='ocrx_word' id='word_1_95' title='bbox 877 1248 1047 1304; x_wconf 89' lang='lat' dir='ltr'><strong>nobis</strong></span> <span class='ocrx_word' id='word_1_96' title='bbox 1077 1248 1245 1304; x_wconf 91' lang='lat' dir='ltr'><strong>illum</strong></span> <span class='ocrx_word' id='word_1_97' title='bbox 1275 1250 1532 1305; x_wconf 88' lang='lat' dir='ltr'><strong>traderet</strong></span> <span class='ocrx_word' id='word_1_98' title='bbox 1563 1267 1575 1305; x_wconf 89' lang='lat'>:</span> <span class='ocrx_word' id='word_1_99' title='bbox 1607 1250 1782 1315; x_wconf 90' lang='lat' dir='ltr'><strong>unde,</strong></span> <span class='ocrx_word' id='word_1_100' title='bbox 1807 1248 1942 1305; x_wconf 90' lang='lat' dir='ltr'><strong>licet</strong></span> 
     </span>
    </p>
   </div>
   <div class='ocr_carea' id='block_1_14' title="bbox 291 1336 1943 1408">
    <p class='ocr_par' dir='ltr' id='par_1_14' title="bbox 291 1336 1943 1408">
     <span class='ocr_line' id='line_1_14' title="bbox 291 1336 1943 1408; baseline 0.001 -17"><span class='ocrx_word' id='word_1_101' title='bbox 291 1352 539 1407; x_wconf 88' lang='lat' dir='ltr'><strong>corpora</strong></span> <span class='ocrx_word' id='word_1_102' title='bbox 555 1340 754 1391; x_wconf 90' lang='lat' dir='ltr'><strong>nostra</strong></span> <span class='ocrx_word' id='word_1_103' title='bbox 770 1336 830 1392; x_wconf 92' lang='lat' dir='ltr'><strong>in</strong></span> <span class='ocrx_word' id='word_1_104' title='bbox 855 1339 1120 1408; x_wconf 69' lang='lat' dir='ltr'><strong>praesenti</strong></span> <span class='ocrx_word' id='word_1_105' title='bbox 1138 1337 1779 1404; x_wconf 90' lang='lat' dir='ltr'><strong>crucientur,Dominus</strong></span> <span class='ocrx_word' id='word_1_106' title='bbox 1803 1338 1943 1393; x_wconf 84' lang='lat' dir='ltr'><strong>libe-</strong></span> 
     </span>
    </p>
   </div>
   <div class='ocr_carea' id='block_1_15' title="bbox 292 1426 1940 1499">
    <p class='ocr_par' dir='ltr' id='par_1_15' title="bbox 292 1426 1940 1499">
     <span class='ocr_line' id='line_1_15' title="bbox 292 1426 1940 1499; baseline 0.001 -18"><span class='ocrx_word' id='word_1_107' title='bbox 292 1430 455 1481; x_wconf 85' lang='lat' dir='ltr'><strong>rator</strong></span> <span class='ocrx_word' id='word_1_108' title='bbox 480 1429 537 1480; x_wconf 92' lang='lat' dir='ltr'><strong>et</strong></span> <span class='ocrx_word' id='word_1_109' title='bbox 566 1430 868 1496; x_wconf 87' lang='lat' dir='ltr'><strong>susceptor</strong></span> <span class='ocrx_word' id='word_1_110' title='bbox 888 1430 1104 1495; x_wconf 88' lang='lat' dir='ltr'><strong>noster,</strong></span> <span class='ocrx_word' id='word_1_111' title='bbox 1133 1431 1190 1483; x_wconf 92' lang='lat' dir='ltr'><strong>et</strong></span> <span class='ocrx_word' id='word_1_112' title='bbox 1210 1426 1438 1483; x_wconf 89' lang='lat' dir='ltr'><strong>animas</strong></span> <span class='ocrx_word' id='word_1_113' title='bbox 1458 1428 1531 1482; x_wconf 90' lang='lat' dir='ltr'><strong>ad</strong></span> <span class='ocrx_word' id='word_1_114' title='bbox 1562 1428 1824 1499; x_wconf 90' lang='lat' dir='ltr'><strong>requiem</strong></span> <span class='ocrx_word' id='word_1_115' title='bbox 1851 1427 1940 1482; x_wconf 88' lang='lat' dir='ltr'><strong>in-</strong></span> 
     </span>
    </p>
   </div>
   <div class='ocr_carea' id='block_1_16' title="bbox 293 1514 1937 1589">
    <p class='ocr_par' dir='ltr' id='par_1_16' title="bbox 293 1514 1937 1589">
     <span class='ocr_line' id='line_1_16' title="bbox 293 1514 1937 1589; baseline 0.001 -19"><span class='ocrx_word' id='word_1_116' title='bbox 293 1514 544 1584; x_wconf 86' lang='lat' dir='ltr'><strong>ducit,et</strong></span> <span class='ocrx_word' id='word_1_117' title='bbox 561 1516 914 1587; x_wconf 86' lang='lat' dir='ltr'><strong>quandoque</strong></span> <span class='ocrx_word' id='word_1_118' title='bbox 933 1532 1178 1589; x_wconf 89' lang='lat' dir='ltr'><strong>corpora</strong></span> <span class='ocrx_word' id='word_1_119' title='bbox 1204 1517 1549 1573; x_wconf 87' lang='lat' dir='ltr'><strong>resuscitata</strong></span> <span class='ocrx_word' id='word_1_120' title='bbox 1569 1516 1937 1589; x_wconf 89' lang='lat' dir='ltr'><strong>gloriﬁeabit.</strong></span> 
     </span>
    </p>
   </div>
   <div class='ocr_carea' id='block_1_17' title="bbox 366 1604 1938 1679">
    <p class='ocr_par' dir='ltr' id='par_1_17' title="bbox 366 1604 1938 1679">
     <span class='ocr_line' id='line_1_17' title="bbox 366 1604 1938 1679; baseline 0.001 -20"><span class='ocrx_word' id='word_1_121' title='bbox 366 1604 573 1677; x_wconf 84' lang='lat' dir='ltr'><strong>Igitur,</strong></span> <span class='ocrx_word' id='word_1_122' title='bbox 606 1605 743 1676; x_wconf 86' lang='lat' dir='ltr'><strong>quia</strong></span> <span class='ocrx_word' id='word_1_123' title='bbox 772 1622 975 1662; x_wconf 90' lang='lat' dir='ltr'><strong>omnes</strong></span> <span class='ocrx_word' id='word_1_124' title='bbox 1006 1606 1206 1662; x_wconf 88' lang='lat' dir='ltr'><strong>ﬁdeles</strong></span> <span class='ocrx_word' id='word_1_125' title='bbox 1234 1607 1489 1679; x_wconf 88' lang='lat' dir='ltr'><strong>adoptivi</strong></span> <span class='ocrx_word' id='word_1_126' title='bbox 1520 1610 1660 1663; x_wconf 91' lang='lat' dir='ltr'><strong>sunt</strong></span> <span class='ocrx_word' id='word_1_127' title='bbox 1690 1606 1793 1661; x_wconf 90' lang='lat' dir='ltr'><strong>ﬁlii</strong></span> <span class='ocrx_word' id='word_1_128' title='bbox 1817 1605 1938 1677; x_wconf 89' lang='lat' dir='ltr'><strong>Dei,</strong></span> 
     </span>
    </p>
   </div>
   <div class='ocr_carea' id='block_1_18' title="bbox 291 1692 1940 1767">
    <p class='ocr_par' dir='ltr' id='par_1_18' title="bbox 291 1692 1940 1767">
     <span class='ocr_line' id='line_1_18' title="bbox 291 1692 1940 1767; baseline 0.001 -19"><span class='ocrx_word' id='word_1_129' title='bbox 291 1692 600 1765; x_wconf 68' lang='lat' dir='ltr'><strong>praemisit,</strong></span> <span class='ocrx_word' id='word_1_130' title='bbox 644 1694 715 1749; x_wconf 88' lang='lat' dir='ltr'><strong>ad</strong></span> <span class='ocrx_word' id='word_1_131' title='bbox 764 1710 965 1750; x_wconf 90' lang='lat' dir='ltr'><strong>eorum</strong></span> <span class='ocrx_word' id='word_1_132' title='bbox 1014 1695 1420 1762; x_wconf 74' lang='lat' dir='ltr'><strong>differentiam,</strong></span> <span class='ocrx_word' id='word_1_133' title='bbox 1468 1696 1700 1767; x_wconf 84' lang='lat' dir='ltr'><strong>proprio</strong></span> <span class='ocrx_word' id='word_1_134' title='bbox 1750 1713 1768 1749; x_wconf 90' lang='lat'><strong><em>:</em></strong></span> <span class='ocrx_word' id='word_1_135' title='bbox 1825 1711 1940 1766; x_wconf 93' lang='lat' dir='ltr'><strong>quo</strong></span> 
     </span>
    </p>
   </div>
   <div class='ocr_carea' id='block_1_19' title="bbox 2052 538 3692 611">
    <p class='ocr_par' dir='ltr' id='par_1_19' title="bbox 2052 538 3692 611">
     <span class='ocr_line' id='line_1_19' title="bbox 2052 538 3692 611; baseline 0 -17"><span class='ocrx_word' id='word_1_136' title='bbox 2052 538 2265 610; x_wconf 87' lang='lat' dir='ltr'><strong>adjecit</strong></span> <span class='ocrx_word' id='word_1_137' title='bbox 2298 554 2310 593; x_wconf 88' lang='lat'><strong>:</strong></span> <span class='ocrx_word' id='word_1_138' title='bbox 2342 541 2505 609; x_wconf 85' lang='lat' dir='ltr'><strong>Deus,</strong></span> <span class='ocrx_word' id='word_1_139' title='bbox 2535 542 2631 610; x_wconf 88' lang='lat' dir='ltr'><strong>qui</strong></span> <span class='ocrx_word' id='word_1_140' title='bbox 2650 540 3415 611; x_wconf 82' lang='lat' dir='ltr'><strong>justiﬁcat(316);tanquam</strong></span> <span class='ocrx_word' id='word_1_141' title='bbox 3448 538 3692 595; x_wconf 88' lang='lat' dir='ltr'><strong>diceret:</strong></span> 
     </span>
    </p>
   </div>
   <div class='ocr_carea' id='block_1_20' title="bbox 2053 626 3691 701">
    <p class='ocr_par' dir='ltr' id='par_1_20' title="bbox 2053 626 3691 701">
     <span class='ocr_line' id='line_1_20' title="bbox 2053 626 3691 701; baseline 0.001 -17"><span class='ocrx_word' id='word_1_142' title='bbox 2053 627 2278 701; x_wconf 85' lang='lat' dir='ltr'><strong>Liquet,</strong></span> <span class='ocrx_word' id='word_1_143' title='bbox 2306 628 2446 700; x_wconf 90' lang='lat' dir='ltr'><strong>quia</strong></span> <span class='ocrx_word' id='word_1_144' title='bbox 2492 628 2754 699; x_wconf 83' lang='lat' dir='ltr'><strong>angelus,</strong></span> <span class='ocrx_word' id='word_1_145' title='bbox 2792 631 2894 684; x_wconf 88' lang='lat' dir='ltr'><strong>aut</strong></span> <span class='ocrx_word' id='word_1_146' title='bbox 2939 629 3113 685; x_wconf 92' lang='lat' dir='ltr'><strong>homo</strong></span> <span class='ocrx_word' id='word_1_147' title='bbox 3162 644 3277 683; x_wconf 91' lang='lat' dir='ltr'><strong>non</strong></span> <span class='ocrx_word' id='word_1_148' title='bbox 3326 626 3691 699; x_wconf 35' lang='lat' dir='ltr'><strong>potest.‘Sed</strong></span> 
     </span>
    </p>
   </div>
   <div class='ocr_carea' id='block_1_21' title="bbox 2052 716 3695 789">
    <p class='ocr_par' dir='ltr' id='par_1_21' title="bbox 2052 716 3695 789">
     <span class='ocr_line' id='line_1_21' title="bbox 2052 716 3695 789; baseline 0.001 -17"><span class='ocrx_word' id='word_1_149' title='bbox 2052 717 2316 789; x_wconf 87' lang='lat' dir='ltr'><strong>nunquid</strong></span> <span class='ocrx_word' id='word_1_150' title='bbox 2351 718 2526 787; x_wconf 89' lang='lat' dir='ltr'><strong>Deus,</strong></span> <span class='ocrx_word' id='word_1_151' title='bbox 2560 716 2658 788; x_wconf 91' lang='lat' dir='ltr'><strong>qui</strong></span> <span class='ocrx_word' id='word_1_152' title='bbox 2684 717 3199 787; x_wconf 83' lang='lat' dir='ltr'><strong>justiﬁcat?Non:</strong></span> <span class='ocrx_word' id='word_1_153' title='bbox 3233 735 3391 785; x_wconf 88' lang='lat' dir='ltr'><strong>nam,</strong></span> <span class='ocrx_word' id='word_1_154' title='bbox 3418 718 3518 789; x_wconf 89' lang='lat' dir='ltr'><strong>qui</strong></span> <span class='ocrx_word' id='word_1_155' title='bbox 3536 718 3695 775; x_wconf 89' lang='lat' dir='ltr'><strong>venit</strong></span> 
     </span>
    </p>
   </div>
   <div class='ocr_carea' id='block_1_22' title="bbox 2044 805 3691 877">
    <p class='ocr_par' dir='ltr' id='par_1_22' title="bbox 2044 805 3691 877">
     <span class='ocr_line' id='line_1_22' title="bbox 2044 805 3691 877; baseline 0.001 -14"><span class='ocrx_word' id='word_1_156' title='bbox 2044 808 2390 877; x_wconf 88' lang='lat' dir='ltr'><strong>justiﬁcare,</strong></span> <span class='ocrx_word' id='word_1_157' title='bbox 2424 805 2584 862; x_wconf 94' lang='lat' dir='ltr'><strong>nullo</strong></span> <span class='ocrx_word' id='word_1_158' title='bbox 2615 806 2787 862; x_wconf 91' lang='lat' dir='ltr'><strong>modo</strong></span> <span class='ocrx_word' id='word_1_159' title='bbox 2818 807 3137 863; x_wconf 89' lang='lat' dir='ltr'><strong>accusabit.</strong></span> <span class='ocrx_word' id='word_1_160' title='bbox 3170 806 3332 864; x_wconf 89' lang='lat' dir='ltr'><strong>Unde</strong></span> <span class='ocrx_word' id='word_1_161' title='bbox 3362 811 3418 863; x_wconf 89' lang='lat' dir='ltr'><strong>et</strong></span> <span class='ocrx_word' id='word_1_162' title='bbox 3446 808 3648 863; x_wconf 86' lang='lat' dir='ltr'><strong>subdit</strong></span> <span class='ocrx_word' id='word_1_163' title='bbox 3676 824 3691 864; x_wconf 88' lang='lat'>:</span> 
     </span>
    </p>
   </div>
   <div class='ocr_carea' id='block_1_23' title="bbox 2052 895 3693 969">
    <p class='ocr_par' dir='ltr' id='par_1_23' title="bbox 2052 895 3693 969">
     <span class='ocr_line' id='line_1_23' title="bbox 2052 895 3693 969; baseline 0 -18"><span class='ocrx_word' id='word_1_164' title='bbox 2052 899 2185 966; x_wconf 86' lang='lat' dir='ltr'><strong>Quis</strong></span> <span class='ocrx_word' id='word_1_165' title='bbox 2219 904 2295 952; x_wconf 88' lang='lat' dir='ltr'><strong>est</strong></span> <span class='ocrx_word' id='word_1_166' title='bbox 2323 897 2421 967; x_wconf 88' lang='lat' dir='ltr'><strong>qui</strong></span> <span class='ocrx_word' id='word_1_167' title='bbox 2462 895 2822 951; x_wconf 80' lang='lat' dir='ltr'><strong>condemnet?</strong></span> <span class='ocrx_word' id='word_1_168' title='bbox 2864 896 3113 965; x_wconf 84' lang='lat' dir='ltr'><strong>Rursus,</strong></span> <span class='ocrx_word' id='word_1_169' title='bbox 3168 897 3307 968; x_wconf 91' lang='lat' dir='ltr'><strong>quia</strong></span> <span class='ocrx_word' id='word_1_170' title='bbox 3353 897 3693 969; x_wconf 86' lang='lat' dir='ltr'><strong>responderi</strong></span> 
     </span>
    </p>
   </div>
   <div class='ocr_carea' id='block_1_24' title="bbox 2050 984 3693 1059">
    <p class='ocr_par' dir='ltr' id='par_1_24' title="bbox 2050 984 3693 1059">
     <span class='ocr_line' id='line_1_24' title="bbox 2050 984 3693 1059; baseline 0.001 -17"><span class='ocrx_word' id='word_1_171' title='bbox 2050 986 2240 1059; x_wconf 90' lang='lat' dir='ltr'><strong>potuit</strong></span> <span class='ocrx_word' id='word_1_172' title='bbox 2270 1003 2283 1039; x_wconf 86' lang='lat'>:</span> <span class='ocrx_word' id='word_1_173' title='bbox 2317 984 2594 1057; x_wconf 89' lang='lat' dir='ltr'><strong>Angelus,</strong></span> <span class='ocrx_word' id='word_1_174' title='bbox 2627 984 3129 1053; x_wconf 87' lang='lat' dir='ltr'><strong>homo,Christus,</strong></span> <span class='ocrx_word' id='word_1_175' title='bbox 3162 985 3417 1041; x_wconf 89' lang='lat' dir='ltr'><strong>addidit:</strong></span> <span class='ocrx_word' id='word_1_176' title='bbox 3438 986 3693 1043; x_wconf 73' lang='lat' dir='ltr'><strong>Christus</strong></span> 
     </span>
    </p>
   </div>
   <div class='ocr_carea' id='block_1_25' title="bbox 2047 1073 3691 1147">
    <p class='ocr_par' dir='ltr' id='par_1_25' title="bbox 2047 1073 3691 1147">
     <span class='ocr_line' id='line_1_25' title="bbox 2047 1073 3691 1147; baseline -0.001 -15"><span class='ocrx_word' id='word_1_177' title='bbox 2047 1076 2212 1145; x_wconf 76' lang='lat' dir='ltr'><strong>Iesus,</strong></span> <span class='ocrx_word' id='word_1_178' title='bbox 2252 1078 2361 1130; x_wconf 90' lang='lat' dir='ltr'><strong>etc.</strong></span> <span class='ocrx_word' id='word_1_179' title='bbox 2394 1076 2472 1129; x_wconf 89' lang='lat' dir='ltr'><strong>Ac</strong></span> <span class='ocrx_word' id='word_1_180' title='bbox 2521 1074 2569 1128; x_wconf 90' lang='lat' dir='ltr'><strong>si</strong></span> <span class='ocrx_word' id='word_1_181' title='bbox 2602 1073 2819 1128; x_wconf 90' lang='lat' dir='ltr'><strong>diceret</strong></span> <span class='ocrx_word' id='word_1_182' title='bbox 2850 1091 2863 1129; x_wconf 92' lang='lat'><strong>:</strong></span> <span class='ocrx_word' id='word_1_183' title='bbox 2895 1077 3080 1129; x_wconf 86' lang='lat' dir='ltr'><strong>Homo</strong></span> <span class='ocrx_word' id='word_1_184' title='bbox 3128 1078 3186 1129; x_wconf 92' lang='lat' dir='ltr'><strong>et</strong></span> <span class='ocrx_word' id='word_1_185' title='bbox 3233 1075 3499 1147; x_wconf 89' lang='lat' dir='ltr'><strong>angelus,</strong></span> <span class='ocrx_word' id='word_1_186' title='bbox 3533 1092 3691 1143; x_wconf 89' lang='lat' dir='ltr'><strong>non;</strong></span> 
     </span>
    </p>
   </div>
   <div class='ocr_carea' id='block_1_26' title="bbox 2050 1162 3693 1236">
    <p class='ocr_par' dir='ltr' id='par_1_26' title="bbox 2050 1162 3693 1236">
     <span class='ocr_line' id='line_1_26' title="bbox 2050 1162 3693 1236; baseline 0 -16"><span class='ocrx_word' id='word_1_187' title='bbox 2050 1165 2151 1221; x_wconf 90' lang='lat' dir='ltr'><strong>sed</strong></span> <span class='ocrx_word' id='word_1_188' title='bbox 2175 1181 2280 1219; x_wconf 89' lang='lat' dir='ltr'><strong>nec</strong></span> <span class='ocrx_word' id='word_1_189' title='bbox 2299 1163 2563 1218; x_wconf 89' lang='lat' dir='ltr'><strong>Christus</strong></span> <span class='ocrx_word' id='word_1_190' title='bbox 2589 1180 2602 1218; x_wconf 88' lang='lat'><strong>:</strong></span> <span class='ocrx_word' id='word_1_191' title='bbox 2627 1179 2765 1218; x_wconf 92' lang='lat' dir='ltr'><strong>nam</strong></span> <span class='ocrx_word' id='word_1_192' title='bbox 2798 1178 2946 1234; x_wconf 90' lang='lat' dir='ltr'><strong>quos</strong></span> <span class='ocrx_word' id='word_1_193' title='bbox 2971 1164 3114 1218; x_wconf 91' lang='lat' dir='ltr'><strong>adeo</strong></span> <span class='ocrx_word' id='word_1_194' title='bbox 3140 1162 3362 1229; x_wconf 85' lang='lat' dir='ltr'><strong>dilexit,</strong></span> <span class='ocrx_word' id='word_1_195' title='bbox 3397 1167 3463 1219; x_wconf 90' lang='lat' dir='ltr'><strong>ut</strong></span> <span class='ocrx_word' id='word_1_196' title='bbox 3484 1181 3586 1236; x_wconf 90' lang='lat' dir='ltr'><strong>pro</strong></span> <span class='ocrx_word' id='word_1_197' title='bbox 3608 1164 3693 1221; x_wconf 88' lang='lat' dir='ltr'><strong>eis</strong></span> 
     </span>
    </p>
   </div>
   <div class='ocr_carea' id='block_1_27' title="bbox 2048 1252 3695 1326">
    <p class='ocr_par' dir='ltr' id='par_1_27' title="bbox 2048 1252 3695 1326">
     <span class='ocr_line' id='line_1_27' title="bbox 2048 1252 3695 1326; baseline -0.001 -17"><span class='ocrx_word' id='word_1_198' title='bbox 2048 1253 2190 1310; x_wconf 88' lang='lat' dir='ltr'><strong>talia</strong></span> <span class='ocrx_word' id='word_1_199' title='bbox 2211 1256 2650 1325; x_wconf 84' lang='lat' dir='ltr'><strong>pateretur,non</strong></span> <span class='ocrx_word' id='word_1_200' title='bbox 2673 1252 3043 1318; x_wconf 87' lang='lat' dir='ltr'><strong>condemnat,</strong></span> <span class='ocrx_word' id='word_1_201' title='bbox 3070 1268 3175 1306; x_wconf 90' lang='lat' dir='ltr'><strong>nec</strong></span> <span class='ocrx_word' id='word_1_202' title='bbox 3206 1254 3695 1326; x_wconf 88' lang='lat' dir='ltr'><strong>accusat.Quippe</strong></span> 
     </span>
    </p>
   </div>
   <div class='ocr_carea' id='block_1_28' title="bbox 2050 1339 3693 1414">
    <p class='ocr_par' dir='ltr' id='par_1_28' title="bbox 2050 1339 3693 1414">
     <span class='ocr_line' id='line_1_28' title="bbox 2050 1339 3693 1414; baseline -0.001 -16"><span class='ocrx_word' id='word_1_203' title='bbox 2050 1359 2167 1398; x_wconf 90' lang='lat' dir='ltr'><strong>non</strong></span> <span class='ocrx_word' id='word_1_204' title='bbox 2198 1342 2549 1397; x_wconf 91' lang='lat' dir='ltr'><strong>condemnat</strong></span> <span class='ocrx_word' id='word_1_205' title='bbox 2580 1340 2682 1411; x_wconf 90' lang='lat' dir='ltr'><strong>qui</strong></span> <span class='ocrx_word' id='word_1_206' title='bbox 2708 1340 2865 1395; x_wconf 89' lang='lat' dir='ltr'><strong>venit</strong></span> <span class='ocrx_word' id='word_1_207' title='bbox 2908 1339 3136 1395; x_wconf 88' lang='lat' dir='ltr'><strong>salvum</strong></span> <span class='ocrx_word' id='word_1_208' title='bbox 3187 1340 3375 1396; x_wconf 85' lang='lat' dir='ltr'><strong>facere</strong></span> <span class='ocrx_word' id='word_1_209' title='bbox 3404 1341 3560 1412; x_wconf 91' lang='lat' dir='ltr'><strong>quod</strong></span> <span class='ocrx_word' id='word_1_210' title='bbox 3592 1358 3693 1414; x_wconf 91' lang='lat' dir='ltr'><strong>pe-</strong></span> 
     </span>
    </p>
   </div>
   <div class='ocr_carea' id='block_1_29' title="bbox 2051 1428 3697 1502">
    <p class='ocr_par' dir='ltr' id='par_1_29' title="bbox 2051 1428 3697 1502">
     <span class='ocr_line' id='line_1_29' title="bbox 2051 1428 3697 1502; baseline 0 -16"><span class='ocrx_word' id='word_1_211' title='bbox 2051 1432 2227 1487; x_wconf 90' lang='lat' dir='ltr'><strong>rierat</strong></span> <span class='ocrx_word' id='word_1_212' title='bbox 2256 1431 2407 1501; x_wconf 88' lang='lat' dir='ltr'><strong>(Luc.</strong></span> <span class='ocrx_word' id='word_1_213' title='bbox 2452 1447 2568 1493; x_wconf 71' lang='lat' dir='ltr'><strong>nx,</strong></span> <span class='ocrx_word' id='word_1_214' title='bbox 2603 1430 2711 1501; x_wconf 92' lang='grc'><strong>10).</strong></span> <span class='ocrx_word' id='word_1_215' title='bbox 2750 1433 2898 1484; x_wconf 87' lang='lat' dir='ltr'><strong>Sane</strong></span> <span class='ocrx_word' id='word_1_216' title='bbox 2946 1433 3171 1485; x_wconf 88' lang='lat' dir='ltr'><strong>veteres</strong></span> <span class='ocrx_word' id='word_1_217' title='bbox 3200 1428 3353 1484; x_wconf 92' lang='lat' dir='ltr'><strong>inter</strong></span> <span class='ocrx_word' id='word_1_218' title='bbox 3394 1434 3697 1502; x_wconf 87' lang='lat' dir='ltr'><strong>perconta-</strong></span> 
     </span>
    </p>
   </div>
   <div class='ocr_carea' id='block_1_30' title="bbox 2050 1517 3697 1591">
    <p class='ocr_par' dir='ltr' id='par_1_30' title="bbox 2050 1517 3697 1591">
     <span class='ocr_line' id='line_1_30' title="bbox 2050 1517 3697 1591; baseline -0.001 -16"><span class='ocrx_word' id='word_1_219' title='bbox 2050 1520 2269 1576; x_wconf 92' lang='lat' dir='ltr'><strong>tionem</strong></span> <span class='ocrx_word' id='word_1_220' title='bbox 2298 1523 2355 1575; x_wconf 90' lang='lat' dir='ltr'><strong>et</strong></span> <span class='ocrx_word' id='word_1_221' title='bbox 2374 1519 2893 1590; x_wconf 90' lang='lat' dir='ltr'><strong>interrogationem</strong></span> <span class='ocrx_word' id='word_1_222' title='bbox 2918 1517 3027 1573; x_wconf 90' lang='lat' dir='ltr'><strong>hoc</strong></span> <span class='ocrx_word' id='word_1_223' title='bbox 3054 1533 3184 1574; x_wconf 89' lang='lat' dir='ltr'><strong>esse</strong></span> <span class='ocrx_word' id='word_1_224' title='bbox 3201 1517 3697 1591; x_wconf 88' lang='lat' dir='ltr'><strong>voluerunt,quod</strong></span> 
     </span>
    </p>
   </div>
   <div class='ocr_carea' id='block_1_31' title="bbox 2050 1606 3699 1681">
    <p class='ocr_par' dir='ltr' id='par_1_31' title="bbox 2050 1606 3699 1681">
     <span class='ocr_line' id='line_1_31' title="bbox 2050 1606 3699 1681; baseline -0.002 -17"><span class='ocrx_word' id='word_1_225' title='bbox 2050 1610 2122 1665; x_wconf 88' lang='lat' dir='ltr'><strong>ad</strong></span> <span class='ocrx_word' id='word_1_226' title='bbox 2167 1608 2665 1681; x_wconf 89' lang='lat' dir='ltr'><strong>percontationem</strong></span> <span class='ocrx_word' id='word_1_227' title='bbox 2704 1606 2892 1662; x_wconf 90' lang='lat' dir='ltr'><strong>multa</strong></span> <span class='ocrx_word' id='word_1_228' title='bbox 2940 1610 3187 1679; x_wconf 92' lang='lat' dir='ltr'><strong>possunt</strong></span> <span class='ocrx_word' id='word_1_229' title='bbox 3226 1606 3591 1679; x_wconf 85' lang='lat' dir='ltr'><strong>responderi,</strong></span> <span class='ocrx_word' id='word_1_230' title='bbox 3625 1607 3699 1662; x_wconf 93' lang='lat' dir='ltr'><strong>ad</strong></span> 
     </span>
    </p>
   </div>
   <div class='ocr_carea' id='block_1_32' title="bbox 2049 1695 3697 1770">
    <p class='ocr_par' dir='ltr' id='par_1_32' title="bbox 2049 1695 3697 1770">
     <span class='ocr_line' id='line_1_32' title="bbox 2049 1695 3697 1770; baseline -0.002 -17"><span class='ocrx_word' id='word_1_231' title='bbox 2049 1697 2565 1770; x_wconf 90' lang='lat' dir='ltr'><strong>interrogationem</strong></span> <span class='ocrx_word' id='word_1_232' title='bbox 2594 1712 2751 1763; x_wconf 90' lang='lat' dir='ltr'><strong>vero,</strong></span> <span class='ocrx_word' id='word_1_233' title='bbox 2772 1712 2987 1751; x_wconf 91' lang='lat' dir='ltr'><strong>unum:</strong></span> <span class='ocrx_word' id='word_1_234' title='bbox 3010 1699 3112 1752; x_wconf 92' lang='lat' dir='ltr'><strong>aut</strong></span> <span class='ocrx_word' id='word_1_235' title='bbox 3144 1699 3253 1763; x_wconf 92' lang='lat' dir='ltr'><strong>est,</strong></span> <span class='ocrx_word' id='word_1_236' title='bbox 3276 1700 3381 1752; x_wconf 91' lang='lat' dir='ltr'><strong>aut</strong></span> <span class='ocrx_word' id='word_1_237' title='bbox 3410 1712 3548 1751; x_wconf 91' lang='lat' dir='ltr'><strong>non.</strong></span> <span class='ocrx_word' id='word_1_238' title='bbox 3576 1695 3697 1751; x_wconf 90' lang='lat' dir='ltr'><strong>Sub</strong></span> 
     </span>
    </p>
   </div>
   <div class='ocr_carea' id='block_1_33' title="bbox 290 1781 3697 1877">
    <p class='ocr_par' dir='ltr' id='par_1_33' title="bbox 290 1781 3697 1877">
     <span class='ocr_line' id='line_1_33' title="bbox 290 1781 3697 1877; baseline 0 -39"><span class='ocrx_word' id='word_1_239' title='bbox 290 1781 757 1877; x_wconf 54' lang='lat' dir='ltr'><strong>dicto-ostendit,</strong></span> <span class='ocrx_word' id='word_1_240' title='bbox 791 1783 1071 1877; x_wconf 82' lang='lat' dir='ltr'><strong>quoniam</strong></span> <span class='ocrx_word' id='word_1_241' title='bbox 1100 1783 1268 1839; x_wconf 89' lang='lat' dir='ltr'><strong>aliter</strong></span> <span class='ocrx_word' id='word_1_242' title='bbox 1295 1787 1386 1840; x_wconf 91' lang='lat' dir='ltr'><strong>est</strong></span> <span class='ocrx_word' id='word_1_243' title='bbox 1415 1782 1511 1840; x_wconf 92' lang='lat' dir='ltr'><strong>ille</strong></span> <span class='ocrx_word' id='word_1_244' title='bbox 1540 1784 1741 1851; x_wconf 90' lang='lat' dir='ltr'><strong>Filius,</strong></span> <span class='ocrx_word' id='word_1_245' title='bbox 1776 1782 1945 1839; x_wconf 89' lang='lat' dir='ltr'><strong>aliter</strong></span> <span class='ocrx_word' id='word_1_246' title='bbox 1977 1813 2024 1877; x_wconf 83' lang='grc' dir='ltr'><strong>Β</strong></span> <span class='ocrx_word' id='word_1_247' title='bbox 2054 1786 2491 1859; x_wconf 88' lang='lat' dir='ltr'><strong>percontatione</strong></span> <span class='ocrx_word' id='word_1_248' title='bbox 2521 1801 2656 1858; x_wconf 92' lang='lat' dir='ltr'><strong>ergo</strong></span> <span class='ocrx_word' id='word_1_249' title='bbox 2687 1784 2914 1840; x_wconf 91' lang='lat' dir='ltr'><strong>dictum</strong></span> <span class='ocrx_word' id='word_1_250' title='bbox 2945 1789 3035 1840; x_wconf 91' lang='lat' dir='ltr'><strong>est</strong></span> <span class='ocrx_word' id='word_1_251' title='bbox 3057 1802 3071 1840; x_wconf 88' lang='lat'><strong>:</strong></span> <span class='ocrx_word' id='word_1_252' title='bbox 3093 1784 3407 1841; x_wconf 88' lang='lat' dir='ltr'><strong>Accusabit</strong></span> <span class='ocrx_word' id='word_1_253' title='bbox 3435 1784 3652 1877; x_wconf 77' lang='lat' dir='ltr'><strong>electos</strong></span> <span class='ocrx_word' id='word_1_254' title='bbox 3681 1799 3697 1840; x_wconf 88' lang='lat'><strong>:</strong></span> 
     </span>
    </p>
   </div>
   <div class='ocr_carea' id='block_1_34' title="bbox 288 1868 3703 1945">
    <p class='ocr_par' dir='ltr' id='par_1_34' title="bbox 288 1868 3703 1945">
     <span class='ocr_line' id='line_1_34' title="bbox 288 1868 3703 1945; baseline 0.001 -20"><span class='ocrx_word' id='word_1_255' title='bbox 288 1869 397 1925; x_wconf 91' lang='lat' dir='ltr'><strong>illi.</strong></span> <span class='ocrx_word' id='word_1_256' title='bbox 433 1868 578 1927; x_wconf 86' lang='lat' dir='ltr'><strong>Ecce</strong></span> <span class='ocrx_word' id='word_1_257' title='bbox 635 1875 831 1927; x_wconf 90' lang='lat' dir='ltr'><strong>autem</strong></span> <span class='ocrx_word' id='word_1_258' title='bbox 866 1871 1007 1927; x_wconf 89' lang='lat' dir='ltr'><strong>dicit</strong></span> <span class='ocrx_word' id='word_1_259' title='bbox 1038 1872 1374 1945; x_wconf 87' lang='lat' dir='ltr'><strong>Apostolus,</strong></span> <span class='ocrx_word' id='word_1_260' title='bbox 1411 1873 1549 1945; x_wconf 91' lang='lat' dir='ltr'><strong>quia</strong></span> <span class='ocrx_word' id='word_1_261' title='bbox 1597 1878 1747 1929; x_wconf 90' lang='lat' dir='ltr'><strong>Deus</strong></span> <span class='ocrx_word' id='word_1_262' title='bbox 1779 1873 1949 1928; x_wconf 90' lang='lat' dir='ltr'><strong>Pater</strong></span> <span class='ocrx_word' id='word_1_263' title='bbox 1977 1868 2021 1877; x_wconf 77' lang='grc'><strong><em>“’</em></strong></span> <span class='ocrx_word' id='word_1_264' title='bbox 2058 1876 2188 1944; x_wconf 86' lang='lat' dir='ltr'><strong>Quis</strong></span> <span class='ocrx_word' id='word_1_265' title='bbox 2217 1875 2495 1931; x_wconf 78' lang='lat' dir='ltr'><strong>accusabit</strong></span> <span class='ocrx_word' id='word_1_266' title='bbox 2523 1875 2785 1929; x_wconf 84' lang='lat' dir='ltr'><strong>adversus</strong></span> <span class='ocrx_word' id='word_1_267' title='bbox 2811 1874 3007 1930; x_wconf 82' lang='lat' dir='ltr'><strong>electos</strong></span> <span class='ocrx_word' id='word_1_268' title='bbox 3034 1874 3139 1929; x_wconf 88' lang='lat' dir='ltr'><strong>Dei</strong></span> <span class='ocrx_word' id='word_1_269' title='bbox 3166 1873 3353 1945; x_wconf 90' lang='lat'>(317);</span> <span class='ocrx_word' id='word_1_270' title='bbox 3386 1873 3496 1928; x_wconf 90' lang='lat' dir='ltr'><strong>sub</strong></span> <span class='ocrx_word' id='word_1_271' title='bbox 3516 1871 3703 1927; x_wconf 87' lang='lat' dir='ltr'><strong>inter-</strong></span> 
     </span>
    </p>
   </div>
   <div class='ocr_carea' id='block_1_35' title="bbox 290 1958 1947 2033">
    <p class='ocr_par' dir='ltr' id='par_1_35' title="bbox 290 1958 1947 2033">
     <span class='ocr_line' id='line_1_35' title="bbox 290 1958 1947 2033; baseline 0.001 -18"><span class='ocrx_word' id='word_1_272' title='bbox 290 1958 510 2015; x_wconf 87' lang='lat' dir='ltr'><strong>Filium</strong></span> <span class='ocrx_word' id='word_1_273' title='bbox 531 1959 810 2025; x_wconf 88' lang='lat' dir='ltr'><strong>tradidit;</strong></span> <span class='ocrx_word' id='word_1_274' title='bbox 846 1976 961 2017; x_wconf 94' lang='lat' dir='ltr'><strong>non</strong></span> <span class='ocrx_word' id='word_1_275' title='bbox 988 1964 1181 2017; x_wconf 88' lang='lat' dir='ltr'><strong>autem</strong></span> <span class='ocrx_word' id='word_1_276' title='bbox 1202 1961 1329 2033; x_wconf 91' lang='lat' dir='ltr'><strong>ipse</strong></span> <span class='ocrx_word' id='word_1_277' title='bbox 1358 1961 1539 2031; x_wconf 91' lang='lat' dir='ltr'><strong>solus,</strong></span> <span class='ocrx_word' id='word_1_278' title='bbox 1568 1963 1668 2018; x_wconf 91' lang='lat' dir='ltr'><strong>sed</strong></span> <span class='ocrx_word' id='word_1_279' title='bbox 1689 1966 1746 2017; x_wconf 88' lang='lat' dir='ltr'><strong>et</strong></span> <span class='ocrx_word' id='word_1_280' title='bbox 1766 1961 1947 2017; x_wconf 85' lang='lat' dir='ltr'><strong>Filius</strong></span> 
     </span>
    </p>
   </div>
   <div class='ocr_carea' id='block_1_36' title="bbox 289 2046 1950 2121">
    <p class='ocr_par' dir='ltr' id='par_1_36' title="bbox 289 2046 1950 2121">
     <span class='ocr_line' id='line_1_36' title="bbox 289 2046 1950 2121; baseline 0.001 -18"><span class='ocrx_word' id='word_1_281' title='bbox 289 2051 351 2103; x_wconf 91' lang='lat' dir='ltr'><strong>et</strong></span> <span class='ocrx_word' id='word_1_282' title='bbox 377 2046 632 2119; x_wconf 86' lang='lat' dir='ltr'><strong>Spiritus</strong></span> <span class='ocrx_word' id='word_1_283' title='bbox 679 2053 920 2105; x_wconf 88' lang='lat' dir='ltr'><strong>sanctus</strong></span> <span class='ocrx_word' id='word_1_284' title='bbox 946 2067 959 2117; x_wconf 90' lang='lat'><strong>;</strong></span> <span class='ocrx_word' id='word_1_285' title='bbox 994 2050 1274 2121; x_wconf 91' lang='lat' dir='ltr'><strong>quoniam</strong></span> <span class='ocrx_word' id='word_1_286' title='bbox 1294 2051 1475 2106; x_wconf 92' lang='lat' dir='ltr'><strong>totius</strong></span> <span class='ocrx_word' id='word_1_287' title='bbox 1504 2050 1806 2107; x_wconf 87' lang='lat' dir='ltr'><strong>Trinitatis</strong></span> <span class='ocrx_word' id='word_1_288' title='bbox 1833 2067 1950 2105; x_wconf 89' lang='lat' dir='ltr'><strong>una</strong></span> 
     </span>
    </p>
   </div>
   <div class='ocr_carea' id='block_1_37' title="bbox 290 2136 1948 2211">
    <p class='ocr_par' dir='ltr' id='par_1_37' title="bbox 290 2136 1948 2211">
     <span class='ocr_line' id='line_1_37' title="bbox 290 2136 1948 2211; baseline 0.001 -19"><span class='ocrx_word' id='word_1_289' title='bbox 290 2138 386 2192; x_wconf 86' lang='lat' dir='ltr'><strong>est</strong></span> <span class='ocrx_word' id='word_1_290' title='bbox 414 2136 696 2208; x_wconf 87' lang='lat' dir='ltr'><strong>operatio.</strong></span> <span class='ocrx_word' id='word_1_291' title='bbox 727 2137 991 2193; x_wconf 90' lang='lat' dir='ltr'><strong>Tradidit</strong></span> <span class='ocrx_word' id='word_1_292' title='bbox 1014 2155 1148 2194; x_wconf 90' lang='lat' dir='ltr'><strong>eum</strong></span> <span class='ocrx_word' id='word_1_293' title='bbox 1176 2138 1352 2194; x_wconf 90' lang='lat' dir='ltr'><strong>etiam</strong></span> <span class='ocrx_word' id='word_1_294' title='bbox 1379 2140 1411 2194; x_wconf 87' lang='lat' dir='ltr'><strong>J</strong></span> <span class='ocrx_word' id='word_1_295' title='bbox 1420 2139 1567 2195; x_wconf 90' lang='lat' dir='ltr'><strong>udas</strong></span> <span class='ocrx_word' id='word_1_296' title='bbox 1600 2156 1613 2194; x_wconf 89' lang='lat'><strong>:</strong></span> <span class='ocrx_word' id='word_1_297' title='bbox 1648 2139 1789 2211; x_wconf 92' lang='lat' dir='ltr'><strong>quid</strong></span> <span class='ocrx_word' id='word_1_298' title='bbox 1813 2155 1948 2211; x_wconf 88' lang='lat' dir='ltr'><strong>ergo</strong></span> 
     </span>
    </p>
   </div>
   <div class='ocr_carea' id='block_1_38' title="bbox 294 2224 1950 2300">
    <p class='ocr_par' dir='ltr' id='par_1_38' title="bbox 294 2224 1950 2300">
     <span class='ocr_line' id='line_1_38' title="bbox 294 2224 1950 2300; baseline 0 -19"><span class='ocrx_word' id='word_1_299' title='bbox 294 2224 581 2297; x_wconf 88' lang='lat' dir='ltr'><strong>peccavit,</strong></span> <span class='ocrx_word' id='word_1_300' title='bbox 612 2225 663 2280; x_wconf 91' lang='lat' dir='ltr'><strong>si</strong></span> <span class='ocrx_word' id='word_1_301' title='bbox 694 2225 803 2281; x_wconf 91' lang='lat' dir='ltr'><strong>hoc</strong></span> <span class='ocrx_word' id='word_1_302' title='bbox 859 2227 995 2299; x_wconf 88' lang='lat' dir='ltr'><strong>egit,</strong></span> <span class='ocrx_word' id='word_1_303' title='bbox 1022 2228 1177 2299; x_wconf 93' lang='lat' dir='ltr'><strong>quod</strong></span> <span class='ocrx_word' id='word_1_304' title='bbox 1206 2232 1399 2295; x_wconf 88' lang='lat' dir='ltr'><strong>Pater,</strong></span> <span class='ocrx_word' id='word_1_305' title='bbox 1430 2232 1488 2284; x_wconf 92' lang='lat' dir='ltr'><strong>et</strong></span> <span class='ocrx_word' id='word_1_306' title='bbox 1516 2227 1717 2297; x_wconf 86' lang='lat' dir='ltr'><strong>Filius,</strong></span> <span class='ocrx_word' id='word_1_307' title='bbox 1742 2233 1799 2284; x_wconf 91' lang='lat' dir='ltr'><strong>et</strong></span> <span class='ocrx_word' id='word_1_308' title='bbox 1819 2229 1950 2300; x_wconf 90' lang='lat' dir='ltr'><strong>Spi-</strong></span> 
     </span>
    </p>
   </div>
   <div class='ocr_carea' id='block_1_39' title="bbox 294 2312 1951 2389">
    <p class='ocr_par' dir='ltr' id='par_1_39' title="bbox 294 2312 1951 2389">
     <span class='ocr_line' id='line_1_39' title="bbox 294 2312 1951 2389; baseline 0.002 -21"><span class='ocrx_word' id='word_1_309' title='bbox 294 2312 451 2369; x_wconf 89' lang='lat' dir='ltr'><strong>ritus</strong></span> <span class='ocrx_word' id='word_1_310' title='bbox 481 2319 725 2371; x_wconf 89' lang='lat' dir='ltr'><strong>sanctus</strong></span> <span class='ocrx_word' id='word_1_311' title='bbox 747 2315 777 2369; x_wconf 84' lang='lat'><strong>?</strong></span> <span class='ocrx_word' id='word_1_312' title='bbox 803 2316 1069 2372; x_wconf 90' lang='lat' dir='ltr'><strong>Peccavit</strong></span> <span class='ocrx_word' id='word_1_313' title='bbox 1114 2332 1128 2370; x_wconf 88' lang='lat'><strong>:</strong></span> <span class='ocrx_word' id='word_1_314' title='bbox 1187 2317 1469 2388; x_wconf 90' lang='lat' dir='ltr'><strong>quoniam</strong></span> <span class='ocrx_word' id='word_1_315' title='bbox 1515 2318 1760 2382; x_wconf 91' lang='lat' dir='ltr'><strong>bonum,</strong></span> <span class='ocrx_word' id='word_1_316' title='bbox 1795 2317 1951 2389; x_wconf 92' lang='lat' dir='ltr'><strong>quod</strong></span> 
     </span>
    </p>
   </div>
   <div class='ocr_carea' id='block_1_40' title="bbox 297 2402 1953 2476">
    <p class='ocr_par' dir='ltr' id='par_1_40' title="bbox 297 2402 1953 2476">
     <span class='ocr_line' id='line_1_40' title="bbox 297 2402 1953 2476; baseline 0.002 -19"><span class='ocrx_word' id='word_1_317' title='bbox 297 2402 472 2459; x_wconf 90' lang='lat' dir='ltr'><strong>nobis</strong></span> <span class='ocrx_word' id='word_1_318' title='bbox 502 2419 606 2475; x_wconf 90' lang='lat' dir='ltr'><strong>per</strong></span> <span class='ocrx_word' id='word_1_319' title='bbox 650 2404 779 2474; x_wconf 88' lang='lat' dir='ltr'><strong>ejus</strong></span> <span class='ocrx_word' id='word_1_320' title='bbox 828 2404 1163 2476; x_wconf 89' lang='lat' dir='ltr'><strong>passionem</strong></span> <span class='ocrx_word' id='word_1_321' title='bbox 1216 2404 1493 2461; x_wconf 89' lang='lat' dir='ltr'><strong>collatum</strong></span> <span class='ocrx_word' id='word_1_322' title='bbox 1541 2409 1650 2473; x_wconf 91' lang='lat' dir='ltr'><strong>est,</strong></span> <span class='ocrx_word' id='word_1_323' title='bbox 1696 2423 1809 2461; x_wconf 92' lang='lat' dir='ltr'><strong>non</strong></span> <span class='ocrx_word' id='word_1_324' title='bbox 1842 2406 1953 2461; x_wconf 90' lang='lat' dir='ltr'><strong>hoc</strong></span> 
     </span>
    </p>
   </div>
   <div class='ocr_carea' id='block_1_41' title="bbox 304 2491 1956 2563">
    <p class='ocr_par' dir='ltr' id='par_1_41' title="bbox 304 2491 1956 2563">
     <span class='ocr_line' id='line_1_41' title="bbox 304 2491 1956 2563; baseline 0.002 -16"><span class='ocrx_word' id='word_1_325' title='bbox 304 2491 495 2548; x_wconf 83' lang='lat' dir='ltr'><strong>Judas</strong></span> <span class='ocrx_word' id='word_1_326' title='bbox 523 2492 727 2563; x_wconf 86' lang='lat' dir='ltr'><strong>voluit,</strong></span> <span class='ocrx_word' id='word_1_327' title='bbox 761 2510 878 2550; x_wconf 90' lang='lat' dir='ltr'><strong>non</strong></span> <span class='ocrx_word' id='word_1_328' title='bbox 909 2494 1300 2563; x_wconf 88' lang='lat' dir='ltr'><strong>desideravit;</strong></span> <span class='ocrx_word' id='word_1_329' title='bbox 1334 2495 1453 2550; x_wconf 91' lang='lat' dir='ltr'><strong>imo</strong></span> <span class='ocrx_word' id='word_1_330' title='bbox 1497 2494 1747 2550; x_wconf 79' lang='lat' dir='ltr'><strong>avaritiae</strong></span> <span class='ocrx_word' id='word_1_331' title='bbox 1777 2511 1956 2550; x_wconf 88' lang='lat' dir='ltr'><strong>causa</strong></span> 
     </span>
    </p>
   </div>
   <div class='ocr_carea' id='block_1_42' title="bbox 304 2580 1954 2657">
    <p class='ocr_par' dir='ltr' id='par_1_42' title="bbox 304 2580 1954 2657">
     <span class='ocr_line' id='line_1_42' title="bbox 304 2580 1954 2657; baseline 0.003 -22"><span class='ocrx_word' id='word_1_332' title='bbox 304 2580 570 2637; x_wconf 85' lang='lat' dir='ltr'><strong>tradidit.</strong></span> <span class='ocrx_word' id='word_1_333' title='bbox 602 2584 682 2638; x_wconf 83' lang='lat' dir='ltr'><strong>Ac</strong></span> <span class='ocrx_word' id='word_1_334' title='bbox 729 2599 831 2653; x_wconf 89' lang='lat' dir='ltr'><strong>per</strong></span> <span class='ocrx_word' id='word_1_335' title='bbox 877 2582 987 2638; x_wconf 88' lang='lat' dir='ltr'><strong>hoc</strong></span> <span class='ocrx_word' id='word_1_336' title='bbox 1032 2583 1221 2650; x_wconf 90' lang='lat' dir='ltr'><strong>Pater,</strong></span> <span class='ocrx_word' id='word_1_337' title='bbox 1264 2587 1320 2639; x_wconf 93' lang='lat' dir='ltr'><strong>et</strong></span> <span class='ocrx_word' id='word_1_338' title='bbox 1366 2583 1566 2651; x_wconf 85' lang='lat' dir='ltr'><strong>Filius,</strong></span> <span class='ocrx_word' id='word_1_339' title='bbox 1597 2589 1656 2640; x_wconf 90' lang='lat' dir='ltr'><strong>et</strong></span> <span class='ocrx_word' id='word_1_340' title='bbox 1701 2584 1954 2657; x_wconf 88' lang='lat' dir='ltr'><strong>Spiritus</strong></span> 
     </span>
    </p>
   </div>
   <div class='ocr_carea' id='block_1_43' title="bbox 307 2671 1952 2744">
    <p class='ocr_par' dir='ltr' id='par_1_43' title="bbox 307 2671 1952 2744">
     <span class='ocr_line' id='line_1_43' title="bbox 307 2671 1952 2744; baseline 0.002 -19"><span class='ocrx_word' id='word_1_341' title='bbox 307 2674 552 2726; x_wconf 90' lang='lat' dir='ltr'><strong>sanctus</strong></span> <span class='ocrx_word' id='word_1_342' title='bbox 584 2688 703 2727; x_wconf 66' lang='lat' dir='ltr'><strong>suae</strong></span> <span class='ocrx_word' id='word_1_343' title='bbox 735 2671 937 2744; x_wconf 74' lang='lat' dir='ltr'><strong>gratiae</strong></span> <span class='ocrx_word' id='word_1_344' title='bbox 970 2671 1205 2728; x_wconf 90' lang='lat' dir='ltr'><strong>laudem</strong></span> <span class='ocrx_word' id='word_1_345' title='bbox 1235 2677 1573 2743; x_wconf 89' lang='lat' dir='ltr'><strong>merentur;</strong></span> <span class='ocrx_word' id='word_1_346' title='bbox 1605 2674 1792 2730; x_wconf 89' lang='lat' dir='ltr'><strong>Judas</strong></span> <span class='ocrx_word' id='word_1_347' title='bbox 1819 2690 1952 2729; x_wconf 90' lang='lat' dir='ltr'><strong>vero</strong></span> 
     </span>
    </p>
   </div>
   <div class='ocr_carea' id='block_1_44' title="bbox 304 2760 1337 2834">
    <p class='ocr_par' dir='ltr' id='par_1_44' title="bbox 304 2760 1337 2834">
     <span class='ocr_line' id='line_1_44' title="bbox 304 2760 1337 2834; baseline 0.002 -19"><span class='ocrx_word' id='word_1_348' title='bbox 304 2775 431 2815; x_wconf 66' lang='lat' dir='ltr'><strong>sua</strong></span> <span class='ocrx_word' id='word_1_349' title='bbox 461 2760 714 2816; x_wconf 67' lang='lat' dir='ltr'><strong>avaritias</strong></span> <span class='ocrx_word' id='word_1_350' title='bbox 746 2761 1071 2817; x_wconf 90' lang='lat' dir='ltr'><strong>mercedem</strong></span> <span class='ocrx_word' id='word_1_351' title='bbox 1101 2762 1337 2834; x_wconf 90' lang='lat' dir='ltr'><strong>recepit.</strong></span> 
     </span>
    </p>
   </div>
   <div class='ocr_carea' id='block_1_45' title="bbox 378 2849 1954 2921">
    <p class='ocr_par' dir='ltr' id='par_1_45' title="bbox 378 2849 1954 2921">
     <span class='ocr_line' id='line_1_45' title="bbox 378 2849 1954 2921; baseline 0.002 -17"><span class='ocrx_word' id='word_1_352' title='bbox 378 2849 652 2921; x_wconf 82' lang='lat' dir='ltr'><strong>Sequitur</strong></span> <span class='ocrx_word' id='word_1_353' title='bbox 700 2865 715 2905; x_wconf 90' lang='lat'><strong>:</strong></span> <span class='ocrx_word' id='word_1_354' title='bbox 770 2850 1044 2919; x_wconf 82' lang='lat' dir='ltr'><strong>Quomodo</strong></span> <span class='ocrx_word' id='word_1_355' title='bbox 1089 2868 1201 2907; x_wconf 87' lang='lat' dir='ltr'><strong>non</strong></span> <span class='ocrx_word' id='word_1_356' title='bbox 1246 2853 1411 2908; x_wconf 87' lang='lat' dir='ltr'><strong>etiam</strong></span> <span class='ocrx_word' id='word_1_357' title='bbox 1464 2867 1591 2906; x_wconf 86' lang='lat' dir='ltr'><strong>cum</strong></span> <span class='ocrx_word' id='word_1_358' title='bbox 1640 2852 1737 2906; x_wconf 79' lang='lat' dir='ltr'><strong>illo</strong></span> <span class='ocrx_word' id='word_1_359' title='bbox 1793 2852 1954 2907; x_wconf 85' lang='lat' dir='ltr'><strong>nobis</strong></span> 
     </span>
    </p>
   </div>
   <div class='ocr_carea' id='block_1_46' title="bbox 302 2938 1952 3011">
    <p class='ocr_par' dir='ltr' id='par_1_46' title="bbox 302 2938 1952 3011">
     <span class='ocr_line' id='line_1_46' title="bbox 302 2938 1952 3011; baseline 0 -17"><span class='ocrx_word' id='word_1_360' title='bbox 302 2939 492 2994; x_wconf 81' lang='lat' dir='ltr'><strong>omnia</strong></span> <span class='ocrx_word' id='word_1_361' title='bbox 522 2938 788 2995; x_wconf 83' lang='lat' dir='ltr'><strong>donavit?</strong></span> <span class='ocrx_word' id='word_1_362' title='bbox 814 2939 885 2995; x_wconf 90' lang='lat' dir='ltr'><strong>Et</strong></span> <span class='ocrx_word' id='word_1_363' title='bbox 914 2944 1001 2995; x_wconf 90' lang='lat' dir='ltr'><strong>est</strong></span> <span class='ocrx_word' id='word_1_364' title='bbox 1033 2956 1244 2996; x_wconf 87' lang='lat' dir='ltr'><strong>sensus</strong></span> <span class='ocrx_word' id='word_1_365' title='bbox 1272 2956 1286 2995; x_wconf 91' lang='lat'>:</span> <span class='ocrx_word' id='word_1_366' title='bbox 1314 2940 1393 3004; x_wconf 91' lang='lat' dir='ltr'><strong>Si,</strong></span> <span class='ocrx_word' id='word_1_367' title='bbox 1419 2940 1575 3011; x_wconf 91' lang='lat' dir='ltr'><strong>quod</strong></span> <span class='ocrx_word' id='word_1_368' title='bbox 1620 2941 1815 3010; x_wconf 91' lang='lat' dir='ltr'><strong>majus</strong></span> <span class='ocrx_word' id='word_1_369' title='bbox 1844 2944 1952 3007; x_wconf 90' lang='lat' dir='ltr'><strong>est,</strong></span> 
     </span>
    </p>
   </div>
   <div class='ocr_carea' id='block_1_47' title="bbox 303 3026 1954 3100">
    <p class='ocr_par' dir='ltr' id='par_1_47' title="bbox 303 3026 1954 3100">
     <span class='ocr_line' id='line_1_47' title="bbox 303 3026 1954 3100; baseline 0.002 -19"><span class='ocrx_word' id='word_1_370' title='bbox 303 3026 465 3097; x_wconf 88' lang='lat' dir='ltr'><strong>fecit,</strong></span> <span class='ocrx_word' id='word_1_371' title='bbox 498 3028 793 3099; x_wconf 89' lang='lat' dir='ltr'><strong>quomodo</strong></span> <span class='ocrx_word' id='word_1_372' title='bbox 825 3045 941 3084; x_wconf 91' lang='lat' dir='ltr'><strong>non</strong></span> <span class='ocrx_word' id='word_1_373' title='bbox 971 3027 1145 3083; x_wconf 89' lang='lat' dir='ltr'><strong>etiam</strong></span> <span class='ocrx_word' id='word_1_374' title='bbox 1191 3029 1346 3100; x_wconf 92' lang='lat' dir='ltr'><strong>quod</strong></span> <span class='ocrx_word' id='word_1_375' title='bbox 1374 3027 1571 3084; x_wconf 91' lang='lat' dir='ltr'><strong>minus</strong></span> <span class='ocrx_word' id='word_1_376' title='bbox 1602 3030 1736 3085; x_wconf 80' lang='lat' dir='ltr'><strong>est?</strong></span> <span class='ocrx_word' id='word_1_377' title='bbox 1766 3030 1954 3100; x_wconf 88' lang='lat' dir='ltr'><strong>Majus</strong></span> 
     </span>
    </p>
   </div>
   <div class='ocr_carea' id='block_1_48' title="bbox 300 3115 1950 3188">
    <p class='ocr_par' dir='ltr' id='par_1_48' title="bbox 300 3115 1950 3188">
     <span class='ocr_line' id='line_1_48' title="bbox 300 3115 1950 3188; baseline 0.002 -19"><span class='ocrx_word' id='word_1_378' title='bbox 300 3115 522 3187; x_wconf 89' lang='lat' dir='ltr'><strong>quippe</strong></span> <span class='ocrx_word' id='word_1_379' title='bbox 553 3116 687 3182; x_wconf 85' lang='lat' dir='ltr'><strong>fuit,</strong></span> <span class='ocrx_word' id='word_1_380' title='bbox 719 3117 874 3187; x_wconf 92' lang='lat' dir='ltr'><strong>quod</strong></span> <span class='ocrx_word' id='word_1_381' title='bbox 896 3133 1000 3188; x_wconf 90' lang='lat' dir='ltr'><strong>pro</strong></span> <span class='ocrx_word' id='word_1_382' title='bbox 1031 3117 1201 3173; x_wconf 90' lang='lat' dir='ltr'><strong>nobis</strong></span> <span class='ocrx_word' id='word_1_383' title='bbox 1232 3116 1443 3173; x_wconf 89' lang='lat' dir='ltr'><strong>Filium</strong></span> <span class='ocrx_word' id='word_1_384' title='bbox 1474 3135 1649 3173; x_wconf 91' lang='lat' dir='ltr'><strong>suum</strong></span> <span class='ocrx_word' id='word_1_385' title='bbox 1679 3118 1950 3187; x_wconf 57' lang='lat' dir='ltr'><strong>tradidit);</strong></span> 
     </span>
    </p>
   </div>
   <div class='ocr_carea' id='block_1_49' title="bbox 300 3205 1955 3278">
    <p class='ocr_par' dir='ltr' id='par_1_49' title="bbox 300 3205 1955 3278">
     <span class='ocr_line' id='line_1_49' title="bbox 300 3205 1955 3278; baseline 0.001 -19"><span class='ocrx_word' id='word_1_386' title='bbox 300 3205 507 3260; x_wconf 86' lang='lat' dir='ltr'><strong>omnia</strong></span> <span class='ocrx_word' id='word_1_387' title='bbox 537 3209 732 3260; x_wconf 89' lang='lat' dir='ltr'><strong>autem</strong></span> <span class='ocrx_word' id='word_1_388' title='bbox 764 3205 1023 3271; x_wconf 89' lang='lat' dir='ltr'><strong>donavit,</strong></span> <span class='ocrx_word' id='word_1_389' title='bbox 1046 3207 1202 3276; x_wconf 86' lang='lat' dir='ltr'><strong>quod</strong></span> <span class='ocrx_word' id='word_1_390' title='bbox 1229 3206 1427 3261; x_wconf 90' lang='lat' dir='ltr'><strong>minus</strong></span> <span class='ocrx_word' id='word_1_391' title='bbox 1458 3210 1565 3275; x_wconf 91' lang='lat' dir='ltr'><strong>est,</strong></span> <span class='ocrx_word' id='word_1_392' title='bbox 1592 3223 1727 3261; x_wconf 91' lang='lat' dir='ltr'><strong>cum</strong></span> <span class='ocrx_word' id='word_1_393' title='bbox 1758 3206 1955 3278; x_wconf 91' lang='lat' dir='ltr'><strong>ipsum</strong></span> 
     </span>
    </p>
   </div>
   <div class='ocr_carea' id='block_1_50' title="bbox 300 3292 1954 3367">
    <p class='ocr_par' dir='ltr' id='par_1_50' title="bbox 300 3292 1954 3367">
     <span class='ocr_line' id='line_1_50' title="bbox 300 3292 1954 3367; baseline 0.001 -18"><span class='ocrx_word' id='word_1_394' title='bbox 300 3292 481 3349; x_wconf 88' lang='lat' dir='ltr'><strong>nobis</strong></span> <span class='ocrx_word' id='word_1_395' title='bbox 513 3293 692 3361; x_wconf 91' lang='lat' dir='ltr'><strong>dedit,</strong></span> <span class='ocrx_word' id='word_1_396' title='bbox 726 3293 785 3347; x_wconf 89' lang='lat' dir='ltr'><strong>in</strong></span> <span class='ocrx_word' id='word_1_397' title='bbox 819 3310 935 3364; x_wconf 91' lang='lat' dir='ltr'><strong>quo</strong></span> <span class='ocrx_word' id='word_1_398' title='bbox 966 3299 1105 3349; x_wconf 90' lang='lat' dir='ltr'><strong>sunt</strong></span> <span class='ocrx_word' id='word_1_399' title='bbox 1133 3295 1350 3350; x_wconf 88' lang='lat' dir='ltr'><strong>omnia.</strong></span> <span class='ocrx_word' id='word_1_400' title='bbox 1375 3296 1486 3350; x_wconf 90' lang='lat' dir='ltr'><strong>Sed</strong></span> <span class='ocrx_word' id='word_1_401' title='bbox 1519 3312 1645 3367; x_wconf 62' lang='lat' dir='ltr'><strong>quae</strong></span> <span class='ocrx_word' id='word_1_402' title='bbox 1675 3294 1954 3351; x_wconf 81' lang='lat' dir='ltr'><strong>sunthaec</strong></span> 
     </span>
    </p>
   </div>
   <div class='ocr_carea' id='block_1_51' title="bbox 298 3380 1953 3455">
    <p class='ocr_par' dir='ltr' id='par_1_51' title="bbox 298 3380 1953 3455">
     <span class='ocr_line' id='line_1_51' title="bbox 298 3380 1953 3455; baseline 0.001 -17"><span class='ocrx_word' id='word_1_403' title='bbox 298 3380 557 3438; x_wconf 83' lang='lat' dir='ltr'><strong>omnia?</strong></span> <span class='ocrx_word' id='word_1_404' title='bbox 590 3381 866 3452; x_wconf 80' lang='lat' dir='ltr'><strong>Nunquid</strong></span> <span class='ocrx_word' id='word_1_405' title='bbox 897 3382 1131 3437; x_wconf 81' lang='lat' dir='ltr'><strong>donavit</strong></span> <span class='ocrx_word' id='word_1_406' title='bbox 1162 3382 1329 3439; x_wconf 88' lang='lat' dir='ltr'><strong>nobis</strong></span> <span class='ocrx_word' id='word_1_407' title='bbox 1360 3383 1618 3455; x_wconf 88' lang='lat' dir='ltr'><strong>angelos,</strong></span> <span class='ocrx_word' id='word_1_408' title='bbox 1654 3389 1718 3438; x_wconf 92' lang='lat' dir='ltr'><strong>ut</strong></span> <span class='ocrx_word' id='word_1_409' title='bbox 1746 3383 1831 3439; x_wconf 90' lang='lat' dir='ltr'><strong>eis</strong></span> <span class='ocrx_word' id='word_1_410' title='bbox 1852 3384 1953 3439; x_wconf 87' lang='lat' dir='ltr'><strong>do-</strong></span> 
     </span>
    </p>
   </div>
   <div class='ocr_carea' id='block_1_52' title="bbox 302 3470 1953 3545">
    <p class='ocr_par' dir='ltr' id='par_1_52' title="bbox 302 3470 1953 3545">
     <span class='ocr_line' id='line_1_52' title="bbox 302 3470 1953 3545; baseline 0.002 -20"><span class='ocrx_word' id='word_1_411' title='bbox 302 3470 658 3526; x_wconf 81' lang='lat' dir='ltr'><strong>minemur?</strong></span> <span class='ocrx_word' id='word_1_412' title='bbox 685 3470 833 3538; x_wconf 87' lang='lat' dir='ltr'><strong>Non,</strong></span> <span class='ocrx_word' id='word_1_413' title='bbox 869 3471 1146 3542; x_wconf 85' lang='lat' dir='ltr'><strong>quoniam</strong></span> <span class='ocrx_word' id='word_1_414' title='bbox 1189 3471 1341 3527; x_wconf 88' lang='lat' dir='ltr'><strong>sicut</strong></span> <span class='ocrx_word' id='word_1_415' title='bbox 1382 3472 1507 3544; x_wconf 90' lang='lat' dir='ltr'><strong>ipse</strong></span> <span class='ocrx_word' id='word_1_416' title='bbox 1537 3471 1597 3527; x_wconf 90' lang='lat' dir='ltr'><strong>in</strong></span> <span class='ocrx_word' id='word_1_417' title='bbox 1647 3472 1953 3545; x_wconf 88' lang='lat' dir='ltr'><strong>Evangelio</strong></span> 
     </span>
    </p>
   </div>
   <div class='ocr_carea' id='block_1_53' title="bbox 303 3558 1949 3633">
    <p class='ocr_par' dir='ltr' id='par_1_53' title="bbox 303 3558 1949 3633">
     <span class='ocr_line' id='line_1_53' title="bbox 303 3558 1949 3633; baseline 0.001 -19"><span class='ocrx_word' id='word_1_418' title='bbox 303 3558 452 3614; x_wconf 91' lang='lat' dir='ltr'><strong>dicit</strong></span> <span class='ocrx_word' id='word_1_419' title='bbox 502 3574 515 3613; x_wconf 91' lang='lat'><strong>:</strong></span> <span class='ocrx_word' id='word_1_420' title='bbox 567 3561 745 3615; x_wconf 86' lang='lat' dir='ltr'><strong>Erunt</strong></span> <span class='ocrx_word' id='word_1_421' title='bbox 798 3561 1046 3616; x_wconf 79' lang='lat' dir='ltr'><strong>homines</strong></span> <span class='ocrx_word' id='word_1_422' title='bbox 1090 3561 1303 3629; x_wconf 82' lang='lat' dir='ltr'><strong>angelis</strong></span> <span class='ocrx_word' id='word_1_423' title='bbox 1358 3562 1600 3632; x_wconf 75' lang='lat' dir='ltr'><strong>aequales</strong></span> <span class='ocrx_word' id='word_1_424' title='bbox 1645 3562 1799 3633; x_wconf 87' lang='lat' dir='ltr'><strong>(Luc.</strong></span> <span class='ocrx_word' id='word_1_425' title='bbox 1857 3579 1949 3630; x_wconf 84' lang='lat' dir='ltr'><strong>xx,</strong></span> 
     </span>
    </p>
   </div>
   <div class='ocr_carea' id='block_1_54' title="bbox 303 3647 1954 3721">
    <p class='ocr_par' dir='ltr' id='par_1_54' title="bbox 303 3647 1954 3721">
     <span class='ocr_line' id='line_1_54' title="bbox 303 3647 1954 3721; baseline 0.002 -18"><span class='ocrx_word' id='word_1_426' title='bbox 303 3648 415 3715; x_wconf 83' lang='lat'><strong>36;</strong></span> <span class='ocrx_word' id='word_1_427' title='bbox 446 3647 635 3703; x_wconf 77' lang='lat' dir='ltr'><strong>Matth.</strong></span> <span class='ocrx_word' id='word_1_428' title='bbox 686 3664 824 3714; x_wconf 84' lang='lat' dir='ltr'><strong>xxn,</strong></span> <span class='ocrx_word' id='word_1_429' title='bbox 857 3649 987 3719; x_wconf 86' lang='lat'>30);</span> <span class='ocrx_word' id='word_1_430' title='bbox 1041 3649 1140 3705; x_wconf 89' lang='lat' dir='ltr'><strong>sed</strong></span> <span class='ocrx_word' id='word_1_431' title='bbox 1184 3648 1381 3705; x_wconf 87' lang='lat' dir='ltr'><strong>omnia</strong></span> <span class='ocrx_word' id='word_1_432' title='bbox 1432 3650 1669 3705; x_wconf 89' lang='lat' dir='ltr'><strong>donavit</strong></span> <span class='ocrx_word' id='word_1_433' title='bbox 1707 3651 1854 3721; x_wconf 88' lang='lat' dir='ltr'><strong>jam,</strong></span> <span class='ocrx_word' id='word_1_434' title='bbox 1898 3654 1954 3706; x_wconf 91' lang='lat' dir='ltr'><strong>et</strong></span> 
     </span>
    </p>
   </div>
   <div class='ocr_carea' id='block_1_55' title="bbox 306 3736 1947 3809">
    <p class='ocr_par' dir='ltr' id='par_1_55' title="bbox 306 3736 1947 3809">
     <span class='ocr_line' id='line_1_55' title="bbox 306 3736 1947 3809; baseline 0.002 -18"><span class='ocrx_word' id='word_1_435' title='bbox 306 3736 551 3792; x_wconf 90' lang='lat' dir='ltr'><strong>donabit</strong></span> <span class='ocrx_word' id='word_1_436' title='bbox 581 3737 861 3809; x_wconf 88' lang='lat' dir='ltr'><strong>quoniam</strong></span> <span class='ocrx_word' id='word_1_437' title='bbox 891 3737 1299 3793; x_wconf 88' lang='lat' dir='ltr'><strong>remissionem</strong></span> <span class='ocrx_word' id='word_1_438' title='bbox 1332 3742 1700 3809; x_wconf 90' lang='lat' dir='ltr'><strong>peccatorum</strong></span> <span class='ocrx_word' id='word_1_439' title='bbox 1722 3739 1947 3809; x_wconf 89' lang='lat' dir='ltr'><strong>tribuit,</strong></span> 
     </span>
    </p>
   </div>
   <div class='ocr_carea' id='block_1_56' title="bbox 306 3826 1953 3895">
    <p class='ocr_par' dir='ltr' id='par_1_56' title="bbox 306 3826 1953 3895">
     <span class='ocr_line' id='line_1_56' title="bbox 306 3826 1953 3895; baseline 0.001 -14"><span class='ocrx_word' id='word_1_440' title='bbox 306 3830 364 3881; x_wconf 89' lang='lat' dir='ltr'><strong>et</strong></span> <span class='ocrx_word' id='word_1_441' title='bbox 391 3826 543 3882; x_wconf 90' lang='lat' dir='ltr'><strong>vires</strong></span> <span class='ocrx_word' id='word_1_442' title='bbox 572 3826 888 3882; x_wconf 87' lang='lat' dir='ltr'><strong>resistendi</strong></span> <span class='ocrx_word' id='word_1_443' title='bbox 921 3827 1179 3883; x_wconf 89' lang='lat' dir='ltr'><strong>adversis</strong></span> <span class='ocrx_word' id='word_1_444' title='bbox 1208 3851 1223 3895; x_wconf 86' lang='lat'><strong>;</strong></span> <span class='ocrx_word' id='word_1_445' title='bbox 1253 3831 1313 3882; x_wconf 91' lang='lat' dir='ltr'><strong>et</strong></span> <span class='ocrx_word' id='word_1_446' title='bbox 1339 3827 1759 3883; x_wconf 83' lang='lat' dir='ltr'><strong>beatitudinem</strong></span> <span class='ocrx_word' id='word_1_447' title='bbox 1790 3827 1953 3883; x_wconf 89' lang='lat' dir='ltr'><strong>dabit</strong></span> 
     </span>
    </p>
   </div>
   <div class='ocr_carea' id='block_1_57' title="bbox 305 3913 1951 3988">
    <p class='ocr_par' dir='ltr' id='par_1_57' title="bbox 305 3913 1951 3988">
     <span class='ocr_line' id='line_1_57' title="bbox 305 3913 1951 3988; baseline 0.001 -19"><span class='ocrx_word' id='word_1_448' title='bbox 305 3915 471 3986; x_wconf 89' lang='lat' dir='ltr'><strong>regni</strong></span> <span class='ocrx_word' id='word_1_449' title='bbox 502 3913 795 3985; x_wconf 80' lang='lat' dir='ltr'><strong>scelestis;</strong></span> <span class='ocrx_word' id='word_1_450' title='bbox 828 3931 1007 3986; x_wconf 89' lang='lat' dir='ltr'><strong>quam</strong></span> <span class='ocrx_word' id='word_1_451' title='bbox 1038 3932 1171 3971; x_wconf 91' lang='lat' dir='ltr'><strong>cum</strong></span> <span class='ocrx_word' id='word_1_452' title='bbox 1203 3915 1872 3988; x_wconf 88' lang='lat' dir='ltr'><strong>perceperimus,omnia</strong></span> <span class='ocrx_word' id='word_1_453' title='bbox 1892 3917 1951 3971; x_wconf 89' lang='lat' dir='ltr'><strong>in</strong></span> 
     </span>
    </p>
   </div>
   <div class='ocr_carea' id='block_1_58' title="bbox 304 4002 1951 4076">
    <p class='ocr_par' dir='ltr' id='par_1_58' title="bbox 304 4002 1951 4076">
     <span class='ocr_line' id='line_1_58' title="bbox 304 4002 1951 4076; baseline 0.002 -19"><span class='ocrx_word' id='word_1_454' title='bbox 304 4002 439 4073; x_wconf 89' lang='lat' dir='ltr'><strong>ipso</strong></span> <span class='ocrx_word' id='word_1_455' title='bbox 468 4003 924 4076; x_wconf 89' lang='lat' dir='ltr'><strong>possidebimus.</strong></span> <span class='ocrx_word' id='word_1_456' title='bbox 956 4004 1258 4076; x_wconf 90' lang='lat' dir='ltr'><strong>Siquidem</strong></span> <span class='ocrx_word' id='word_1_457' title='bbox 1310 4008 1511 4065; x_wconf 87' lang='lat' dir='ltr'><strong>nostra</strong></span> <span class='ocrx_word' id='word_1_458' title='bbox 1561 4008 1733 4059; x_wconf 91' lang='lat' dir='ltr'><strong>erunt</strong></span> <span class='ocrx_word' id='word_1_459' title='bbox 1779 4021 1951 4075; x_wconf 84' lang='lat' dir='ltr'><strong>supe-</strong></span> 
     </span>
    </p>
   </div>
   <div class='ocr_carea' id='block_1_59' title="bbox 305 4090 1949 4165">
    <p class='ocr_par' dir='ltr' id='par_1_59' title="bbox 305 4090 1949 4165">
     <span class='ocr_line' id='line_1_59' title="bbox 305 4090 1949 4165; baseline 0 -18"><span class='ocrx_word' id='word_1_460' title='bbox 305 4090 483 4161; x_wconf 89' lang='lat' dir='ltr'><strong>riora,</strong></span> <span class='ocrx_word' id='word_1_461' title='bbox 513 4094 584 4149; x_wconf 86' lang='lat' dir='ltr'><strong>ad</strong></span> <span class='ocrx_word' id='word_1_462' title='bbox 638 4092 992 4149; x_wconf 87' lang='lat' dir='ltr'><strong>intuendum</strong></span> <span class='ocrx_word' id='word_1_463' title='bbox 1022 4109 1035 4161; x_wconf 93' lang='lat'><strong>;</strong></span> <span class='ocrx_word' id='word_1_464' title='bbox 1064 4091 1330 4165; x_wconf 62' lang='lat' dir='ltr'><strong>aequalia,</strong></span> <span class='ocrx_word' id='word_1_465' title='bbox 1358 4093 1429 4148; x_wconf 89' lang='lat' dir='ltr'><strong>ad</strong></span> <span class='ocrx_word' id='word_1_466' title='bbox 1479 4093 1905 4149; x_wconf 88' lang='lat' dir='ltr'><strong>convidendum</strong></span> <span class='ocrx_word' id='word_1_467' title='bbox 1936 4111 1949 4160; x_wconf 89' lang='lat'><strong>;</strong></span> 
     </span>
    </p>
   </div>
   <div class='ocr_carea' id='block_1_60' title="bbox 304 4180 1954 4255">
    <p class='ocr_par' dir='ltr' id='par_1_60' title="bbox 304 4180 1954 4255">
     <span class='ocr_line' id='line_1_60' title="bbox 304 4180 1954 4255; baseline 0.002 -20"><span class='ocrx_word' id='word_1_468' title='bbox 304 4180 604 4249; x_wconf 83' lang='lat' dir='ltr'><strong>inferiora,</strong></span> <span class='ocrx_word' id='word_1_469' title='bbox 638 4181 713 4237; x_wconf 90' lang='lat' dir='ltr'><strong>ad</strong></span> <span class='ocrx_word' id='word_1_470' title='bbox 762 4181 1187 4237; x_wconf 91' lang='lat' dir='ltr'><strong>dominandum</strong></span> <span class='ocrx_word' id='word_1_471' title='bbox 1235 4199 1249 4238; x_wconf 86' lang='lat'><strong>:</strong></span> <span class='ocrx_word' id='word_1_472' title='bbox 1302 4181 1425 4237; x_wconf 81' lang='lat' dir='ltr'><strong>haec</strong></span> <span class='ocrx_word' id='word_1_473' title='bbox 1473 4186 1670 4238; x_wconf 89' lang='lat' dir='ltr'><strong>autem</strong></span> <span class='ocrx_word' id='word_1_474' title='bbox 1719 4182 1954 4255; x_wconf 89' lang='lat' dir='ltr'><strong>singula</strong></span> 
     </span>
    </p>
   </div>
   <div class='ocr_carea' id='block_1_61' title="bbox 303 4269 1531 4342">
    <p class='ocr_par' dir='ltr' id='par_1_61' title="bbox 303 4269 1531 4342">
     <span class='ocr_line' id='line_1_61' title="bbox 303 4269 1531 4342; baseline 0 -17"><span class='ocrx_word' id='word_1_475' title='bbox 303 4274 481 4325; x_wconf 90' lang='lat' dir='ltr'><strong>erunt</strong></span> <span class='ocrx_word' id='word_1_476' title='bbox 510 4270 798 4341; x_wconf 89' lang='lat' dir='ltr'><strong>omnium,</strong></span> <span class='ocrx_word' id='word_1_477' title='bbox 831 4273 889 4324; x_wconf 89' lang='lat' dir='ltr'><strong>et</strong></span> <span class='ocrx_word' id='word_1_478' title='bbox 917 4269 1115 4326; x_wconf 91' lang='lat' dir='ltr'><strong>omnia</strong></span> <span class='ocrx_word' id='word_1_479' title='bbox 1144 4269 1531 4342; x_wconf 88' lang='lat' dir='ltr'><strong>singulorum.</strong></span> 
     </span>
    </p>
   </div>
   <div class='ocr_carea' id='block_1_62' title="bbox 376 4358 1953 4430">
    <p class='ocr_par' dir='ltr' id='par_1_62' title="bbox 376 4358 1953 4430">
     <span class='ocr_line' id='line_1_62' title="bbox 376 4358 1953 4430; baseline 0.002 -17"><span class='ocrx_word' id='word_1_480' title='bbox 376 4358 649 4430; x_wconf 85' lang='lat' dir='ltr'><strong>Sequitur</strong></span> <span class='ocrx_word' id='word_1_481' title='bbox 682 4374 696 4413; x_wconf 87' lang='lat'>:</span> <span class='ocrx_word' id='word_1_482' title='bbox 732 4359 864 4427; x_wconf 85' lang='lat' dir='ltr'><strong>Quis</strong></span> <span class='ocrx_word' id='word_1_483' title='bbox 910 4358 1185 4413; x_wconf 80' lang='lat' dir='ltr'><strong>accusabit</strong></span> <span class='ocrx_word' id='word_1_484' title='bbox 1213 4358 1365 4429; x_wconf 89' lang='grc'><strong>(315)</strong></span> <span class='ocrx_word' id='word_1_485' title='bbox 1392 4360 1582 4414; x_wconf 83' lang='lat' dir='ltr'><strong>electos</strong></span> <span class='ocrx_word' id='word_1_486' title='bbox 1618 4361 1761 4415; x_wconf 81' lang='lat' dir='ltr'><strong>Dei?</strong></span> <span class='ocrx_word' id='word_1_487' title='bbox 1790 4364 1873 4415; x_wconf 86' lang='lat' dir='ltr'><strong>Ac</strong></span> <span class='ocrx_word' id='word_1_488' title='bbox 1903 4360 1953 4416; x_wconf 91' lang='lat' dir='ltr'><strong>si</strong></span> 
     </span>
    </p>
   </div>
   <div class='ocr_carea' id='block_1_63' title="bbox 302 4446 1950 4520">
    <p class='ocr_par' dir='ltr' id='par_1_63' title="bbox 302 4446 1950 4520">
     <span class='ocr_line' id='line_1_63' title="bbox 302 4446 1950 4520; baseline 0.002 -18"><span class='ocrx_word' id='word_1_489' title='bbox 302 4446 527 4503; x_wconf 89' lang='lat' dir='ltr'><strong>diceret</strong></span> <span class='ocrx_word' id='word_1_490' title='bbox 558 4465 571 4503; x_wconf 92' lang='lat'><strong>:</strong></span> <span class='ocrx_word' id='word_1_491' title='bbox 604 4447 749 4503; x_wconf 86' lang='lat' dir='ltr'><strong>Cum</strong></span> <span class='ocrx_word' id='word_1_492' title='bbox 780 4448 936 4504; x_wconf 90' lang='lat' dir='ltr'><strong>Deus</strong></span> <span class='ocrx_word' id='word_1_493' title='bbox 970 4446 1183 4504; x_wconf 89' lang='lat' dir='ltr'><strong>electos</strong></span> <span class='ocrx_word' id='word_1_494' title='bbox 1231 4446 1747 4520; x_wconf 71' lang='lat' dir='ltr'><strong>prmdestinaverit,</strong></span> <span class='ocrx_word' id='word_1_495' title='bbox 1781 4464 1950 4505; x_wconf 89' lang='lat' dir='ltr'><strong>voca—</strong></span> 
     </span>
    </p>
   </div>
   <div class='ocr_carea' id='block_1_64' title="bbox 2058 1959 3701 2037">
    <p class='ocr_par' dir='ltr' id='par_1_64' title="bbox 2058 1959 3701 2037">
     <span class='ocr_line' id='line_1_64' title="bbox 2058 1959 3701 2037; baseline -0.003 -17"><span class='ocrx_word' id='word_1_496' title='bbox 2058 1964 2357 2037; x_wconf 89' lang='lat' dir='ltr'><strong>rogatione</strong></span> <span class='ocrx_word' id='word_1_497' title='bbox 2382 1979 2540 2029; x_wconf 90' lang='lat' dir='ltr'><strong>vero,</strong></span> <span class='ocrx_word' id='word_1_498' title='bbox 2571 1963 2709 2017; x_wconf 85' lang='lat' dir='ltr'><strong>Deus</strong></span> <span class='ocrx_word' id='word_1_499' title='bbox 2757 1964 2855 2034; x_wconf 88' lang='lat' dir='ltr'><strong>qui</strong></span> <span class='ocrx_word' id='word_1_500' title='bbox 2882 1961 3165 2031; x_wconf 78' lang='lat' dir='ltr'><strong>iustiﬁcat,</strong></span> <span class='ocrx_word' id='word_1_501' title='bbox 3197 1959 3701 2033; x_wconf 90' lang='lat' dir='ltr'><strong>(subintelligitur,</strong></span> 
     </span>
    </p>
   </div>
   <div class='ocr_carea' id='block_1_65' title="bbox 2058 2049 3706 2124">
    <p class='ocr_par' dir='ltr' id='par_1_65' title="bbox 2058 2049 3706 2124">
     <span class='ocr_line' id='line_1_65' title="bbox 2058 2049 3706 2124; baseline -0.003 -17"><span class='ocrx_word' id='word_1_502' title='bbox 2058 2054 2213 2124; x_wconf 89' lang='lat' dir='ltr'><strong>non).</strong></span> <span class='ocrx_word' id='word_1_503' title='bbox 2248 2053 2388 2108; x_wconf 89' lang='lat' dir='ltr'><strong>Item</strong></span> <span class='ocrx_word' id='word_1_504' title='bbox 2441 2051 2835 2123; x_wconf 87' lang='lat' dir='ltr'><strong>percontando</strong></span> <span class='ocrx_word' id='word_1_505' title='bbox 2867 2066 2881 2104; x_wconf 90' lang='lat'><strong>:</strong></span> <span class='ocrx_word' id='word_1_506' title='bbox 2919 2052 3050 2118; x_wconf 87' lang='lat' dir='ltr'><strong>Quis</strong></span> <span class='ocrx_word' id='word_1_507' title='bbox 3090 2052 3168 2106; x_wconf 85' lang='lat' dir='ltr'><strong>est</strong></span> <span class='ocrx_word' id='word_1_508' title='bbox 3198 2052 3295 2121; x_wconf 86' lang='lat' dir='ltr'><strong>qui</strong></span> <span class='ocrx_word' id='word_1_509' title='bbox 3340 2049 3706 2105; x_wconf 81' lang='lat' dir='ltr'><strong>condemnet?</strong></span> 
     </span>
    </p>
   </div>
   <div class='ocr_carea' id='block_1_66' title="bbox 2061 2138 3707 2213">
    <p class='ocr_par' dir='ltr' id='par_1_66' title="bbox 2061 2138 3707 2213">
     <span class='ocr_line' id='line_1_66' title="bbox 2061 2138 3707 2213; baseline -0.004 -16"><span class='ocrx_word' id='word_1_510' title='bbox 2061 2140 2477 2213; x_wconf 90' lang='lat' dir='ltr'><strong>Interrogando</strong></span> <span class='ocrx_word' id='word_1_511' title='bbox 2526 2142 2723 2195; x_wconf 89' lang='lat' dir='ltr'><strong>autem</strong></span> <span class='ocrx_word' id='word_1_512' title='bbox 2758 2156 2772 2194; x_wconf 88' lang='lat'>:</span> <span class='ocrx_word' id='word_1_513' title='bbox 2808 2138 3055 2194; x_wconf 85' lang='lat' dir='ltr'><strong>Christus</strong></span> <span class='ocrx_word' id='word_1_514' title='bbox 3103 2142 3283 2207; x_wconf 74' lang='lat' dir='ltr'><strong>Iesus,</strong></span> <span class='ocrx_word' id='word_1_515' title='bbox 3317 2141 3413 2210; x_wconf 89' lang='lat' dir='ltr'><strong>qui</strong></span> <span class='ocrx_word' id='word_1_516' title='bbox 3456 2140 3707 2194; x_wconf 86' lang='lat' dir='ltr'><strong>mortuus</strong></span> 
     </span>
    </p>
   </div>
   <div class='ocr_carea' id='block_1_67' title="bbox 2060 2226 3711 2300">
    <p class='ocr_par' dir='ltr' id='par_1_67' title="bbox 2060 2226 3711 2300">
     <span class='ocr_line' id='line_1_67' title="bbox 2060 2226 3711 2300; baseline -0.002 -15"><span class='ocrx_word' id='word_1_517' title='bbox 2060 2233 2187 2285; x_wconf 80' lang='lat' dir='ltr'><strong>est?</strong></span> <span class='ocrx_word' id='word_1_518' title='bbox 2215 2231 2326 2285; x_wconf 90' lang='lat' dir='ltr'><strong>Imo</strong></span> <span class='ocrx_word' id='word_1_519' title='bbox 2355 2230 2451 2300; x_wconf 88' lang='lat' dir='ltr'><strong>qui</strong></span> <span class='ocrx_word' id='word_1_520' title='bbox 2477 2238 2531 2285; x_wconf 87' lang='lat' dir='ltr'><strong>et</strong></span> <span class='ocrx_word' id='word_1_521' title='bbox 2559 2229 2864 2284; x_wconf 76' lang='lat' dir='ltr'><strong>resurrexit</strong></span> <span class='ocrx_word' id='word_1_522' title='bbox 2886 2231 2912 2281; x_wconf 74' lang='lat'><strong>.9</strong></span> <span class='ocrx_word' id='word_1_523' title='bbox 2942 2228 3050 2296; x_wconf 86' lang='lat' dir='ltr'><strong>Qui</strong></span> <span class='ocrx_word' id='word_1_524' title='bbox 3091 2236 3166 2283; x_wconf 87' lang='lat' dir='ltr'><strong>est</strong></span> <span class='ocrx_word' id='word_1_525' title='bbox 3194 2227 3271 2282; x_wconf 79' lang='lat' dir='ltr'><strong>ad</strong></span> <span class='ocrx_word' id='word_1_526' title='bbox 3299 2226 3583 2281; x_wconf 73' lang='lat' dir='ltr'><strong>dexteram</strong></span> <span class='ocrx_word' id='word_1_527' title='bbox 3616 2226 3711 2281; x_wconf 85' lang='lat' dir='ltr'><strong>Dei</strong></span> 
     </span>
    </p>
   </div>
   <div class='ocr_carea' id='block_1_68' title="bbox 2061 2312 3711 2388">
    <p class='ocr_par' dir='ltr' id='par_1_68' title="bbox 2061 2312 3711 2388">
     <span class='ocr_line' id='line_1_68' title="bbox 2061 2312 3711 2388; baseline -0.004 -13"><span class='ocrx_word' id='word_1_528' title='bbox 2061 2321 2248 2375; x_wconf 89' lang='lat' dir='ltr'><strong>Patris</strong></span> <span class='ocrx_word' id='word_1_529' title='bbox 2271 2322 2296 2372; x_wconf 78' lang='lat'><strong>.9</strong></span> <span class='ocrx_word' id='word_1_530' title='bbox 2327 2319 2434 2387; x_wconf 87' lang='lat' dir='ltr'><strong>Qui</strong></span> <span class='ocrx_word' id='word_1_531' title='bbox 2463 2319 2629 2374; x_wconf 88' lang='lat' dir='ltr'><strong>etiam</strong></span> <span class='ocrx_word' id='word_1_532' title='bbox 2678 2317 3002 2388; x_wconf 81' lang='lat' dir='ltr'><strong>interpellat</strong></span> <span class='ocrx_word' id='word_1_533' title='bbox 3044 2331 3144 2387; x_wconf 84' lang='lat' dir='ltr'><strong>pro</strong></span> <span class='ocrx_word' id='word_1_534' title='bbox 3191 2315 3345 2371; x_wconf 87' lang='lat' dir='ltr'><strong>nobis</strong></span> <span class='ocrx_word' id='word_1_535' title='bbox 3373 2314 3570 2385; x_wconf 86' lang='lat'>(318)?</span> <span class='ocrx_word' id='word_1_536' title='bbox 3599 2312 3711 2369; x_wconf 90' lang='lat' dir='ltr'><strong>Ubi</strong></span> 
     </span>
    </p>
   </div>
   <div class='ocr_carea' id='block_1_69' title="bbox 2062 2402 3713 2481">
    <p class='ocr_par' dir='ltr' id='par_1_69' title="bbox 2062 2402 3713 2481">
     <span class='ocr_line' id='line_1_69' title="bbox 2062 2402 3713 2481; baseline -0.005 -17"><span class='ocrx_word' id='word_1_537' title='bbox 2062 2426 2165 2481; x_wconf 91' lang='lat' dir='ltr'><strong>per</strong></span> <span class='ocrx_word' id='word_1_538' title='bbox 2192 2408 2391 2463; x_wconf 84' lang='lat' dir='ltr'><strong>omnia</strong></span> <span class='ocrx_word' id='word_1_539' title='bbox 2435 2405 2908 2462; x_wconf 89' lang='lat' dir='ltr'><strong>subaudiendum</strong></span> <span class='ocrx_word' id='word_1_540' title='bbox 2938 2408 3028 2460; x_wconf 92' lang='lat' dir='ltr'><strong>est</strong></span> <span class='ocrx_word' id='word_1_541' title='bbox 3072 2420 3201 2460; x_wconf 90' lang='lat' dir='ltr'><strong>non.</strong></span> <span class='ocrx_word' id='word_1_542' title='bbox 3235 2403 3502 2460; x_wconf 91' lang='lat' dir='ltr'><strong>Christus</strong></span> <span class='ocrx_word' id='word_1_543' title='bbox 3531 2402 3713 2474; x_wconf 89' lang='lat' dir='ltr'><strong>igitur</strong></span> 
     </span>
    </p>
   </div>
   <div class='ocr_carea' id='block_1_70' title="bbox 2062 2489 3711 2565">
    <p class='ocr_par' dir='ltr' id='par_1_70' title="bbox 2062 2489 3711 2565">
     <span class='ocr_line' id='line_1_70' title="bbox 2062 2489 3711 2565; baseline -0.005 -11"><span class='ocrx_word' id='word_1_544' title='bbox 2062 2498 2275 2554; x_wconf 90' lang='lat' dir='ltr'><strong>sedens</strong></span> <span class='ocrx_word' id='word_1_545' title='bbox 2296 2497 2367 2552; x_wconf 92' lang='lat' dir='ltr'><strong>ad</strong></span> <span class='ocrx_word' id='word_1_546' title='bbox 2395 2497 2690 2551; x_wconf 88' lang='lat' dir='ltr'><strong>dexteram</strong></span> <span class='ocrx_word' id='word_1_547' title='bbox 2716 2493 2927 2561; x_wconf 89' lang='lat' dir='ltr'><strong>Patris,</strong></span> <span class='ocrx_word' id='word_1_548' title='bbox 2947 2493 3006 2549; x_wconf 92' lang='lat' dir='ltr'><strong>id</strong></span> <span class='ocrx_word' id='word_1_549' title='bbox 3039 2496 3126 2549; x_wconf 87' lang='lat' dir='ltr'><strong>est</strong></span> <span class='ocrx_word' id='word_1_550' title='bbox 3147 2489 3207 2547; x_wconf 90' lang='lat' dir='ltr'><strong>in</strong></span> <span class='ocrx_word' id='word_1_551' title='bbox 3230 2491 3559 2565; x_wconf 65' lang='lat' dir='ltr'><strong>mqualitate</strong></span> <span class='ocrx_word' id='word_1_552' title='bbox 3579 2492 3711 2563; x_wconf 88' lang='lat' dir='ltr'><strong>ejus</strong></span> 
     </span>
    </p>
   </div>
   <div class='ocr_carea' id='block_1_71' title="bbox 2064 2578 3709 2655">
    <p class='ocr_par' dir='ltr' id='par_1_71' title="bbox 2064 2578 3709 2655">
     <span class='ocr_line' id='line_1_71' title="bbox 2064 2578 3709 2655; baseline -0.004 -13"><span class='ocrx_word' id='word_1_553' title='bbox 2064 2603 2331 2652; x_wconf 89' lang='lat' dir='ltr'><strong>manens,</strong></span> <span class='ocrx_word' id='word_1_554' title='bbox 2365 2584 2596 2641; x_wconf 91' lang='lat' dir='ltr'><strong>duobus</strong></span> <span class='ocrx_word' id='word_1_555' title='bbox 2627 2583 2820 2638; x_wconf 89' lang='lat' dir='ltr'><strong>modis</strong></span> <span class='ocrx_word' id='word_1_556' title='bbox 2850 2599 2953 2655; x_wconf 90' lang='lat' dir='ltr'><strong>pro</strong></span> <span class='ocrx_word' id='word_1_557' title='bbox 2986 2581 3186 2638; x_wconf 89' lang='lat' dir='ltr'><strong>electis</strong></span> <span class='ocrx_word' id='word_1_558' title='bbox 3217 2580 3586 2653; x_wconf 87' lang='lat' dir='ltr'><strong>interpellat:</strong></span> <span class='ocrx_word' id='word_1_559' title='bbox 3616 2578 3709 2637; x_wconf 82' lang='lat' dir='ltr'><strong>vel</strong></span> 
     </span>
    </p>
   </div>
   <div class='ocr_carea' id='block_1_72' title="bbox 2063 2670 3712 2748">
    <p class='ocr_par' dir='ltr' id='par_1_72' title="bbox 2063 2670 3712 2748">
     <span class='ocr_line' id='line_1_72' title="bbox 2063 2670 3712 2748; baseline -0.004 -17"><span class='ocrx_word' id='word_1_560' title='bbox 2063 2676 2202 2748; x_wconf 88' lang='lat' dir='ltr'><strong>quia</strong></span> <span class='ocrx_word' id='word_1_561' title='bbox 2230 2675 2604 2747; x_wconf 89' lang='lat' dir='ltr'><strong>fragilitatem</strong></span> <span class='ocrx_word' id='word_1_562' title='bbox 2652 2676 2860 2728; x_wconf 61' lang='lat' dir='ltr'><strong>nostra;</strong></span> <span class='ocrx_word' id='word_1_563' title='bbox 2908 2670 3102 2728; x_wconf 88' lang='lat' dir='ltr'><strong>carnis</strong></span> <span class='ocrx_word' id='word_1_564' title='bbox 3133 2670 3458 2743; x_wconf 90' lang='lat' dir='ltr'><strong>assumpsit</strong></span> <span class='ocrx_word' id='word_1_565' title='bbox 3497 2670 3557 2725; x_wconf 90' lang='lat' dir='ltr'><strong>in</strong></span> <span class='ocrx_word' id='word_1_566' title='bbox 3589 2686 3712 2726; x_wconf 71' lang='lat' dir='ltr'><strong>sum</strong></span> 
     </span>
    </p>
   </div>
   <div class='ocr_carea' id='block_1_73' title="bbox 2064 2756 3710 2836">
    <p class='ocr_par' dir='ltr' id='par_1_73' title="bbox 2064 2756 3710 2836">
     <span class='ocr_line' id='line_1_73' title="bbox 2064 2756 3710 2836; baseline -0.004 -16"><span class='ocrx_word' id='word_1_567' title='bbox 2064 2780 2325 2836; x_wconf 63' lang='lat' dir='ltr'><strong>personae</strong></span> <span class='ocrx_word' id='word_1_568' title='bbox 2356 2763 2642 2819; x_wconf 89' lang='lat' dir='ltr'><strong>unitatem</strong></span> <span class='ocrx_word' id='word_1_569' title='bbox 2688 2760 2776 2817; x_wconf 92' lang='lat' dir='ltr'><strong>vel</strong></span> <span class='ocrx_word' id='word_1_570' title='bbox 2829 2760 2968 2832; x_wconf 92' lang='lat' dir='ltr'><strong>quia</strong></span> <span class='ocrx_word' id='word_1_571' title='bbox 3012 2774 3200 2832; x_wconf 91' lang='lat' dir='ltr'><strong>genus</strong></span> <span class='ocrx_word' id='word_1_572' title='bbox 3247 2775 3366 2817; x_wconf 70' lang='lat' dir='ltr'><strong>sum</strong></span> <span class='ocrx_word' id='word_1_573' title='bbox 3416 2756 3710 2831; x_wconf 89' lang='lat' dir='ltr'><strong>passionis</strong></span> 
     </span>
    </p>
   </div>
   <div class='ocr_carea' id='block_1_74' title="bbox 2062 2847 3711 2919">
    <p class='ocr_par' dir='ltr' id='par_1_74' title="bbox 2062 2847 3711 2919">
     <span class='ocr_line' id='line_1_74' title="bbox 2062 2847 3711 2919; baseline -0.004 -11"><span class='ocrx_word' id='word_1_574' title='bbox 2062 2853 2220 2908; x_wconf 90' lang='lat' dir='ltr'><strong>Patri</strong></span> <span class='ocrx_word' id='word_1_575' title='bbox 2250 2852 2525 2907; x_wconf 91' lang='lat' dir='ltr'><strong>ostendit.</strong></span> <span class='ocrx_word' id='word_1_576' title='bbox 2556 2851 2708 2907; x_wconf 91' lang='lat' dir='ltr'><strong>Dum</strong></span> <span class='ocrx_word' id='word_1_577' title='bbox 2739 2850 2895 2906; x_wconf 91' lang='lat' dir='ltr'><strong>enim</strong></span> <span class='ocrx_word' id='word_1_578' title='bbox 2918 2849 3217 2905; x_wconf 88' lang='lat' dir='ltr'><strong>cicatrices</strong></span> <span class='ocrx_word' id='word_1_579' title='bbox 3244 2847 3711 2919; x_wconf 50' lang='lat' dir='ltr'><strong>vulnerumque</strong></span> 
     </span>
    </p>
   </div>
   <div class='ocr_carea' id='block_1_75' title="bbox 2065 2938 3719 3011">
    <p class='ocr_par' dir='ltr' id='par_1_75' title="bbox 2065 2938 3719 3011">
     <span class='ocr_line' id='line_1_75' title="bbox 2065 2938 3719 3011; baseline -0.004 -14"><span class='ocrx_word' id='word_1_580' title='bbox 2065 2943 2123 2997; x_wconf 90' lang='lat' dir='ltr'><strong>in</strong></span> <span class='ocrx_word' id='word_1_581' title='bbox 2155 2958 2325 2997; x_wconf 90' lang='lat' dir='ltr'><strong>cruce</strong></span> <span class='ocrx_word' id='word_1_582' title='bbox 2357 2939 2636 3011; x_wconf 91' lang='lat' dir='ltr'><strong>suscepit,</strong></span> <span class='ocrx_word' id='word_1_583' title='bbox 2659 2939 2776 2995; x_wconf 92' lang='lat' dir='ltr'><strong>Deo</strong></span> <span class='ocrx_word' id='word_1_584' title='bbox 2809 2938 2966 2994; x_wconf 90' lang='lat' dir='ltr'><strong>Patri</strong></span> <span class='ocrx_word' id='word_1_585' title='bbox 2997 2938 3274 3008; x_wconf 90' lang='lat' dir='ltr'><strong>ostendit,</strong></span> <span class='ocrx_word' id='word_1_586' title='bbox 3298 2940 3585 3008; x_wconf 88' lang='lat' dir='ltr'><strong>quantum</strong></span> <span class='ocrx_word' id='word_1_587' title='bbox 3609 2950 3719 2991; x_wconf 90' lang='lat' dir='ltr'><strong>nos</strong></span> 
     </span>
    </p>
   </div>
   <div class='ocr_carea' id='block_1_76' title="bbox 2064 3024 3718 3102">
    <p class='ocr_par' dir='ltr' id='par_1_76' title="bbox 2064 3024 3718 3102">
     <span class='ocr_line' id='line_1_76' title="bbox 2064 3024 3718 3102; baseline -0.004 -16"><span class='ocrx_word' id='word_1_588' title='bbox 2064 3030 2348 3097; x_wconf 87' lang='lat' dir='ltr'><strong>dilexerit,</strong></span> <span class='ocrx_word' id='word_1_589' title='bbox 2384 3046 2487 3102; x_wconf 93' lang='lat' dir='ltr'><strong>pro</strong></span> <span class='ocrx_word' id='word_1_590' title='bbox 2529 3029 2746 3099; x_wconf 92' lang='lat' dir='ltr'><strong>quibus</strong></span> <span class='ocrx_word' id='word_1_591' title='bbox 2775 3027 2897 3082; x_wconf 65' lang='lat' dir='ltr'><strong>haec</strong></span> <span class='ocrx_word' id='word_1_592' title='bbox 2926 3025 3187 3099; x_wconf 89' lang='lat' dir='ltr'><strong>pertulit,</strong></span> <span class='ocrx_word' id='word_1_593' title='bbox 3220 3025 3578 3081; x_wconf 85' lang='lat' dir='ltr'><strong>manifestat.</strong></span> <span class='ocrx_word' id='word_1_594' title='bbox 3611 3024 3718 3080; x_wconf 91' lang='lat' dir='ltr'><strong>Be-</strong></span> 
     </span>
    </p>
   </div>
   <div class='ocr_carea' id='block_1_77' title="bbox 2067 3115 3718 3189">
    <p class='ocr_par' dir='ltr' id='par_1_77' title="bbox 2067 3115 3718 3189">
     <span class='ocr_line' id='line_1_77' title="bbox 2067 3115 3718 3189; baseline -0.004 -14"><span class='ocrx_word' id='word_1_595' title='bbox 2067 3124 2201 3175; x_wconf 90' lang='lat' dir='ltr'><strong>atus</strong></span> <span class='ocrx_word' id='word_1_596' title='bbox 2229 3135 2362 3175; x_wconf 93' lang='lat' dir='ltr'><strong>vero</strong></span> <span class='ocrx_word' id='word_1_597' title='bbox 2389 3116 2757 3189; x_wconf 83' lang='lat' dir='ltr'><strong>Augustinus</strong></span> <span class='ocrx_word' id='word_1_598' title='bbox 2774 3115 3222 3186; x_wconf 89' lang='lat' dir='ltr'><strong>dicit,quoniam</strong></span> <span class='ocrx_word' id='word_1_599' title='bbox 3246 3116 3420 3186; x_wconf 89' lang='lat' dir='ltr'><strong>caput</strong></span> <span class='ocrx_word' id='word_1_600' title='bbox 3449 3116 3718 3169; x_wconf 90' lang='lat' dir='ltr'><strong>nostrum</strong></span> 
     </span>
    </p>
   </div>
   <div class='ocr_carea' id='block_1_78' title="bbox 2067 3201 3722 3281">
    <p class='ocr_par' dir='ltr' id='par_1_78' title="bbox 2067 3201 3722 3281">
     <span class='ocr_line' id='line_1_78' title="bbox 2067 3201 3722 3281; baseline -0.004 -19"><span class='ocrx_word' id='word_1_601' title='bbox 2067 3225 2171 3281; x_wconf 93' lang='lat' dir='ltr'><strong>pro</strong></span> <span class='ocrx_word' id='word_1_602' title='bbox 2202 3207 2372 3263; x_wconf 92' lang='lat' dir='ltr'><strong>nobis</strong></span> <span class='ocrx_word' id='word_1_603' title='bbox 2418 3203 2768 3275; x_wconf 90' lang='lat' dir='ltr'><strong>interpellat,</strong></span> <span class='ocrx_word' id='word_1_604' title='bbox 2802 3204 2942 3258; x_wconf 90' lang='lat' dir='ltr'><strong>dum</strong></span> <span class='ocrx_word' id='word_1_605' title='bbox 2974 3202 3087 3258; x_wconf 89' lang='lat' dir='ltr'><strong>alia</strong></span> <span class='ocrx_word' id='word_1_606' title='bbox 3138 3201 3403 3257; x_wconf 90' lang='lat' dir='ltr'><strong>membra</strong></span> <span class='ocrx_word' id='word_1_607' title='bbox 3432 3217 3539 3257; x_wconf 91' lang='lat' dir='ltr'><strong>sua</strong></span> <span class='ocrx_word' id='word_1_608' title='bbox 3568 3201 3722 3257; x_wconf 88' lang='lat' dir='ltr'><strong>reci-</strong></span> 
     </span>
    </p>
   </div>
   <div class='ocr_carea' id='block_1_79' title="bbox 2066 3288 3715 3369">
    <p class='ocr_par' dir='ltr' id='par_1_79' title="bbox 2066 3288 3715 3369">
     <span class='ocr_line' id='line_1_79' title="bbox 2066 3288 3715 3369; baseline -0.004 -18"><span class='ocrx_word' id='word_1_609' title='bbox 2066 3296 2169 3369; x_wconf 90' lang='lat' dir='ltr'><strong>pit,</strong></span> <span class='ocrx_word' id='word_1_610' title='bbox 2204 3295 2317 3351; x_wconf 89' lang='lat' dir='ltr'><strong>alia</strong></span> <span class='ocrx_word' id='word_1_611' title='bbox 2358 3292 2632 3366; x_wconf 86' lang='lat' dir='ltr'><strong>ﬂagellat,</strong></span> <span class='ocrx_word' id='word_1_612' title='bbox 2665 3292 2778 3348; x_wconf 89' lang='lat' dir='ltr'><strong>alia</strong></span> <span class='ocrx_word' id='word_1_613' title='bbox 2825 3291 3092 3360; x_wconf 90' lang='lat' dir='ltr'><strong>mundat,</strong></span> <span class='ocrx_word' id='word_1_614' title='bbox 3124 3289 3239 3346; x_wconf 91' lang='lat' dir='ltr'><strong>alia</strong></span> <span class='ocrx_word' id='word_1_615' title='bbox 3265 3292 3451 3358; x_wconf 91' lang='lat' dir='ltr'><strong>vocat,</strong></span> <span class='ocrx_word' id='word_1_616' title='bbox 3482 3288 3597 3345; x_wconf 89' lang='lat' dir='ltr'><strong>alia</strong></span> <span class='ocrx_word' id='word_1_617' title='bbox 3625 3305 3715 3344; x_wconf 87' lang='lat' dir='ltr'><strong>re-</strong></span> 
     </span>
    </p>
   </div>
   <div class='ocr_carea' id='block_1_80' title="bbox 2062 3377 3573 3452">
    <p class='ocr_par' dir='ltr' id='par_1_80' title="bbox 2062 3377 3573 3452">
     <span class='ocr_line' id='line_1_80' title="bbox 2062 3377 3573 3452; baseline -0.006 -11"><span class='ocrx_word' id='word_1_618' title='bbox 2062 3390 2248 3452; x_wconf 89' lang='lat' dir='ltr'><strong>vocat,</strong></span> <span class='ocrx_word' id='word_1_619' title='bbox 2283 3383 2396 3440; x_wconf 86' lang='lat' dir='ltr'><strong>alia</strong></span> <span class='ocrx_word' id='word_1_620' title='bbox 2422 3388 2599 3448; x_wconf 90' lang='lat' dir='ltr'><strong>creat,</strong></span> <span class='ocrx_word' id='word_1_621' title='bbox 2632 3381 2746 3437; x_wconf 90' lang='lat' dir='ltr'><strong>alia</strong></span> <span class='ocrx_word' id='word_1_622' title='bbox 2774 3379 3028 3452; x_wconf 87' lang='lat' dir='ltr'><strong>corrigit,</strong></span> <span class='ocrx_word' id='word_1_623' title='bbox 3061 3378 3173 3434; x_wconf 88' lang='lat' dir='ltr'><strong>alia</strong></span> <span class='ocrx_word' id='word_1_624' title='bbox 3198 3377 3573 3450; x_wconf 89' lang='lat' dir='ltr'><strong>redintegrat.</strong></span> 
     </span>
    </p>
   </div>
   <div class='ocr_carea' id='block_1_81' title="bbox 2144 3465 3719 3543">
    <p class='ocr_par' dir='ltr' id='par_1_81' title="bbox 2144 3465 3719 3543">
     <span class='ocr_line' id='line_1_81' title="bbox 2144 3465 3719 3543; baseline -0.004 -14"><span class='ocrx_word' id='word_1_625' title='bbox 2144 3474 2276 3543; x_wconf 85' lang='lat' dir='ltr'><strong>Quis</strong></span> <span class='ocrx_word' id='word_1_626' title='bbox 2316 3490 2440 3543; x_wconf 90' lang='lat' dir='ltr'><strong>ergo</strong></span> <span class='ocrx_word' id='word_1_627' title='bbox 2486 3488 2581 3527; x_wconf 86' lang='lat' dir='ltr'><strong>nos</strong></span> <span class='ocrx_word' id='word_1_628' title='bbox 2610 3470 2884 3542; x_wconf 85' lang='lat' dir='ltr'><strong>separabit</strong></span> <span class='ocrx_word' id='word_1_629' title='bbox 2912 3486 2946 3523; x_wconf 90' lang='lat' dir='ltr'><strong>a</strong></span> <span class='ocrx_word' id='word_1_630' title='bbox 2993 3468 3263 3523; x_wconf 87' lang='lat' dir='ltr'><strong>charitate</strong></span> <span class='ocrx_word' id='word_1_631' title='bbox 3311 3466 3411 3522; x_wconf 85' lang='lat' dir='ltr'><strong>Dei</strong></span> <span class='ocrx_word' id='word_1_632' title='bbox 3437 3465 3634 3538; x_wconf 85' lang='lat'>(319)?</span> <span class='ocrx_word' id='word_1_633' title='bbox 3660 3466 3719 3522; x_wconf 90' lang='lat' dir='ltr'><strong>id</strong></span> 
     </span>
    </p>
   </div>
   <div class='ocr_carea' id='block_1_82' title="bbox 2062 3554 3711 3629">
    <p class='ocr_par' dir='ltr' id='par_1_82' title="bbox 2062 3554 3711 3629">
     <span class='ocr_line' id='line_1_82' title="bbox 2062 3554 3711 3629; baseline -0.004 -11"><span class='ocrx_word' id='word_1_634' title='bbox 2062 3567 2173 3629; x_wconf 91' lang='lat' dir='ltr'><strong>est,</strong></span> <span class='ocrx_word' id='word_1_635' title='bbox 2206 3579 2342 3618; x_wconf 91' lang='lat' dir='ltr'><strong>cum</strong></span> <span class='ocrx_word' id='word_1_636' title='bbox 2373 3562 2527 3617; x_wconf 89' lang='lat' dir='ltr'><strong>Deus</strong></span> <span class='ocrx_word' id='word_1_637' title='bbox 2557 3558 2698 3616; x_wconf 90' lang='lat' dir='ltr'><strong>adeo</strong></span> <span class='ocrx_word' id='word_1_638' title='bbox 2730 3575 2837 3614; x_wconf 92' lang='lat' dir='ltr'><strong>nos</strong></span> <span class='ocrx_word' id='word_1_639' title='bbox 2867 3556 3154 3628; x_wconf 85' lang='lat' dir='ltr'><strong>dilexerit,</strong></span> <span class='ocrx_word' id='word_1_640' title='bbox 3182 3559 3249 3612; x_wconf 92' lang='lat' dir='ltr'><strong>ut</strong></span> <span class='ocrx_word' id='word_1_641' title='bbox 3275 3555 3450 3612; x_wconf 86' lang='lat' dir='ltr'><strong>etiam</strong></span> <span class='ocrx_word' id='word_1_642' title='bbox 3476 3554 3711 3627; x_wconf 89' lang='lat' dir='ltr'><strong>proprio</strong></span> 
     </span>
    </p>
   </div>
   <div class='ocr_carea' id='block_1_83' title="bbox 2064 3645 3715 3722">
    <p class='ocr_par' dir='ltr' id='par_1_83' title="bbox 2064 3645 3715 3722">
     <span class='ocr_line' id='line_1_83' title="bbox 2064 3645 3715 3722; baseline -0.005 -14"><span class='ocrx_word' id='word_1_643' title='bbox 2064 3651 2207 3708; x_wconf 91' lang='lat' dir='ltr'><strong>Filio</strong></span> <span class='ocrx_word' id='word_1_644' title='bbox 2239 3669 2354 3707; x_wconf 92' lang='lat' dir='ltr'><strong>non</strong></span> <span class='ocrx_word' id='word_1_645' title='bbox 2385 3652 2665 3722; x_wconf 90' lang='lat' dir='ltr'><strong>parceret,</strong></span> <span class='ocrx_word' id='word_1_646' title='bbox 2689 3648 2791 3704; x_wconf 87' lang='lat' dir='ltr'><strong>sed</strong></span> <span class='ocrx_word' id='word_1_647' title='bbox 2823 3664 2928 3719; x_wconf 87' lang='lat' dir='ltr'><strong>pro</strong></span> <span class='ocrx_word' id='word_1_648' title='bbox 2958 3645 3127 3702; x_wconf 92' lang='lat' dir='ltr'><strong>nobis</strong></span> <span class='ocrx_word' id='word_1_649' title='bbox 3150 3645 3427 3702; x_wconf 91' lang='lat' dir='ltr'><strong>omnibus</strong></span> <span class='ocrx_word' id='word_1_650' title='bbox 3456 3645 3715 3700; x_wconf 89' lang='lat' dir='ltr'><strong>traderet</strong></span> 
     </span>
    </p>
   </div>
   <div class='ocr_carea' id='block_1_84' title="bbox 2062 3734 3717 3811">
    <p class='ocr_par' dir='ltr' id='par_1_84' title="bbox 2062 3734 3717 3811">
     <span class='ocr_line' id='line_1_84' title="bbox 2062 3734 3717 3811; baseline -0.005 -16"><span class='ocrx_word' id='word_1_651' title='bbox 2062 3740 2317 3809; x_wconf 90' lang='lat' dir='ltr'><strong>illum,et</strong></span> <span class='ocrx_word' id='word_1_652' title='bbox 2335 3740 2395 3794; x_wconf 94' lang='lat' dir='ltr'><strong>in</strong></span> <span class='ocrx_word' id='word_1_653' title='bbox 2426 3738 2553 3811; x_wconf 90' lang='lat' dir='ltr'><strong>ipso</strong></span> <span class='ocrx_word' id='word_1_654' title='bbox 2576 3736 2746 3793; x_wconf 88' lang='lat' dir='ltr'><strong>nobis</strong></span> <span class='ocrx_word' id='word_1_655' title='bbox 2775 3735 2975 3791; x_wconf 90' lang='lat' dir='ltr'><strong>omnia</strong></span> <span class='ocrx_word' id='word_1_656' title='bbox 2992 3736 3274 3803; x_wconf 88' lang='lat' dir='ltr'><strong>donaret;</strong></span> <span class='ocrx_word' id='word_1_657' title='bbox 3307 3734 3367 3789; x_wconf 91' lang='lat' dir='ltr'><strong>in</strong></span> <span class='ocrx_word' id='word_1_658' title='bbox 3390 3735 3717 3801; x_wconf 88' lang='lat' dir='ltr'><strong>tantum,ut</strong></span> 
     </span>
    </p>
   </div>
   <div class='ocr_carea' id='block_1_85' title="bbox 2062 3821 3712 3895">
    <p class='ocr_par' dir='ltr' id='par_1_85' title="bbox 2062 3821 3712 3895">
     <span class='ocr_line' id='line_1_85' title="bbox 2062 3821 3712 3895; baseline -0.006 -10"><span class='ocrx_word' id='word_1_659' title='bbox 2062 3845 2167 3885; x_wconf 90' lang='lat' dir='ltr'><strong>nec</strong></span> <span class='ocrx_word' id='word_1_660' title='bbox 2190 3827 2581 3893; x_wconf 89' lang='lat' dir='ltr'><strong>accusari,aut</strong></span> <span class='ocrx_word' id='word_1_661' title='bbox 2600 3826 2990 3881; x_wconf 89' lang='lat' dir='ltr'><strong>condemnare</strong></span> <span class='ocrx_word' id='word_1_662' title='bbox 3015 3822 3340 3895; x_wconf 89' lang='lat' dir='ltr'><strong>possimus:</strong></span> <span class='ocrx_word' id='word_1_663' title='bbox 3366 3836 3547 3892; x_wconf 89' lang='lat' dir='ltr'><strong>quare</strong></span> <span class='ocrx_word' id='word_1_664' title='bbox 3563 3821 3712 3892; x_wconf 84' lang='lat'>(320)</span> 
     </span>
    </p>
   </div>
   <div class='ocr_carea' id='block_1_86' title="bbox 2062 3908 3712 3987">
    <p class='ocr_par' dir='ltr' id='par_1_86' title="bbox 2062 3908 3712 3987">
     <span class='ocr_line' id='line_1_86' title="bbox 2062 3908 3712 3987; baseline -0.007 -13"><span class='ocrx_word' id='word_1_665' title='bbox 2062 3935 2177 3973; x_wconf 91' lang='lat' dir='ltr'><strong>non</strong></span> <span class='ocrx_word' id='word_1_666' title='bbox 2201 3918 2273 3973; x_wconf 89' lang='lat' dir='ltr'><strong>ab</strong></span> <span class='ocrx_word' id='word_1_667' title='bbox 2291 3918 2420 3987; x_wconf 90' lang='lat' dir='ltr'><strong>ejus</strong></span> <span class='ocrx_word' id='word_1_668' title='bbox 2443 3914 2724 3970; x_wconf 89' lang='lat' dir='ltr'><strong>charitate</strong></span> <span class='ocrx_word' id='word_1_669' title='bbox 2746 3913 2959 3984; x_wconf 91' lang='lat' dir='ltr'><strong>poterit</strong></span> <span class='ocrx_word' id='word_1_670' title='bbox 2974 3926 3245 3984; x_wconf 85' lang='lat' dir='ltr'><strong>separare</strong></span> <span class='ocrx_word' id='word_1_671' title='bbox 3264 3909 3293 3964; x_wconf 69' lang='grc' dir='ltr'>τ</span> <span class='ocrx_word' id='word_1_672' title='bbox 3322 3910 3483 3973; x_wconf 89' lang='lat' dir='ltr'><strong>Quod</strong></span> <span class='ocrx_word' id='word_1_673' title='bbox 3506 3908 3712 3980; x_wconf 89' lang='lat' dir='ltr'><strong>utique</strong></span> 
     </span>
    </p>
   </div>
   <div class='ocr_carea' id='block_1_87' title="bbox 2064 3996 3714 4078">
    <p class='ocr_par' dir='ltr' id='par_1_87' title="bbox 2064 3996 3714 4078">
     <span class='ocr_line' id='line_1_87' title="bbox 2064 3996 3714 4078; baseline -0.008 -16"><span class='ocrx_word' id='word_1_674' title='bbox 2064 4005 2463 4078; x_wconf 88' lang='lat' dir='ltr'><strong>percontando</strong></span> <span class='ocrx_word' id='word_1_675' title='bbox 2494 4002 2719 4058; x_wconf 89' lang='lat' dir='ltr'><strong>dictum</strong></span> <span class='ocrx_word' id='word_1_676' title='bbox 2750 4004 2857 4056; x_wconf 89' lang='lat' dir='ltr'><strong>est.</strong></span> <span class='ocrx_word' id='word_1_677' title='bbox 2891 4001 3052 4065; x_wconf 87' lang='lat' dir='ltr'><strong>Quod</strong></span> <span class='ocrx_word' id='word_1_678' title='bbox 3085 4014 3219 4054; x_wconf 90' lang='lat' dir='ltr'><strong>vero</strong></span> <span class='ocrx_word' id='word_1_679' title='bbox 3250 3996 3518 4067; x_wconf 90' lang='lat' dir='ltr'><strong>sequitur</strong></span> <span class='ocrx_word' id='word_1_680' title='bbox 3545 4011 3557 4050; x_wconf 91' lang='lat'><strong>:</strong></span> <span class='ocrx_word' id='word_1_681' title='bbox 3593 3997 3714 4050; x_wconf 87' lang='lat' dir='ltr'><strong>Tri-</strong></span> 
     </span>
    </p>
   </div>
   <div class='ocr_carea' id='block_1_88' title="bbox 2064 4081 3713 4158">
    <p class='ocr_par' dir='ltr' id='par_1_88' title="bbox 2064 4081 3713 4158">
     <span class='ocr_line' id='line_1_88' title="bbox 2064 4081 3713 4158; baseline -0.008 -9"><span class='ocrx_word' id='word_1_682' title='bbox 2064 4094 2321 4150; x_wconf 83' lang='lat' dir='ltr'><strong>bulatio?</strong></span> <span class='ocrx_word' id='word_1_683' title='bbox 2354 4091 2435 4146; x_wconf 87' lang='lat' dir='ltr'><strong>An</strong></span> <span class='ocrx_word' id='word_1_684' title='bbox 2483 4090 2765 4158; x_wconf 79' lang='lat' dir='ltr'><strong>angustia,</strong></span> <span class='ocrx_word' id='word_1_685' title='bbox 2816 4092 2923 4142; x_wconf 90' lang='lat' dir='ltr'><strong>etc.</strong></span> <span class='ocrx_word' id='word_1_686' title='bbox 2977 4083 3395 4155; x_wconf 86' lang='lat' dir='ltr'><strong>Interrogantis</strong></span> <span class='ocrx_word' id='word_1_687' title='bbox 3444 4098 3588 4138; x_wconf 92' lang='lat' dir='ltr'><strong>sono</strong></span> <span class='ocrx_word' id='word_1_688' title='bbox 3632 4081 3713 4137; x_wconf 94' lang='lat' dir='ltr'><strong>le-</strong></span> 
     </span>
    </p>
   </div>
   <div class='ocr_carea' id='block_1_89' title="bbox 2064 4168 3717 4256">
    <p class='ocr_par' dir='ltr' id='par_1_89' title="bbox 2064 4168 3717 4256">
     <span class='ocr_line' id='line_1_89' title="bbox 2064 4168 3717 4256; baseline -0.009 -17"><span class='ocrx_word' id='word_1_689' title='bbox 2064 4183 2257 4256; x_wconf 86' lang='lat' dir='ltr'><strong>genda</strong></span> <span class='ocrx_word' id='word_1_690' title='bbox 2303 4184 2462 4237; x_wconf 90' lang='lat' dir='ltr'><strong>sunt.</strong></span> <span class='ocrx_word' id='word_1_691' title='bbox 2510 4174 2837 4235; x_wconf 90' lang='lat' dir='ltr'><strong>Tribulatio</strong></span> <span class='ocrx_word' id='word_1_692' title='bbox 2868 4176 3065 4247; x_wconf 90' lang='lat' dir='ltr'><strong>itaque</strong></span> <span class='ocrx_word' id='word_1_693' title='bbox 3110 4171 3322 4228; x_wconf 89' lang='lat' dir='ltr'><strong>electos</strong></span> <span class='ocrx_word' id='word_1_694' title='bbox 3354 4187 3389 4227; x_wconf 91' lang='lat' dir='ltr'><strong>a</strong></span> <span class='ocrx_word' id='word_1_695' title='bbox 3434 4168 3717 4227; x_wconf 88' lang='lat' dir='ltr'><strong>charitate</strong></span> 
     </span>
    </p>
   </div>
   <div class='ocr_carea' id='block_1_90' title="bbox 2065 4258 3714 4342">
    <p class='ocr_par' dir='ltr' id='par_1_90' title="bbox 2065 4258 3714 4342">
     <span class='ocr_line' id='line_1_90' title="bbox 2065 4258 3714 4342; baseline -0.009 -13"><span class='ocrx_word' id='word_1_696' title='bbox 2065 4270 2280 4330; x_wconf 88' lang='lat' dir='ltr'><strong>Christi</strong></span> <span class='ocrx_word' id='word_1_697' title='bbox 2304 4284 2574 4342; x_wconf 90' lang='lat' dir='ltr'><strong>separare</strong></span> <span class='ocrx_word' id='word_1_698' title='bbox 2598 4283 2711 4322; x_wconf 90' lang='lat' dir='ltr'><strong>non</strong></span> <span class='ocrx_word' id='word_1_699' title='bbox 2737 4268 2928 4338; x_wconf 90' lang='lat' dir='ltr'><strong>potest</strong></span> <span class='ocrx_word' id='word_1_700' title='bbox 2952 4282 2965 4332; x_wconf 90' lang='lat'><strong>;</strong></span> <span class='ocrx_word' id='word_1_701' title='bbox 3000 4262 3135 4336; x_wconf 89' lang='lat' dir='ltr'><strong>quia</strong></span> <span class='ocrx_word' id='word_1_702' title='bbox 3163 4261 3459 4334; x_wconf 73' lang='lat' dir='ltr'><strong>sapientiae</strong></span> <span class='ocrx_word' id='word_1_703' title='bbox 3481 4259 3631 4330; x_wconf 88' lang='lat'>(321)</span> <span class='ocrx_word' id='word_1_704' title='bbox 3653 4258 3714 4315; x_wconf 90' lang='lat' dir='ltr'><strong>in</strong></span> 
     </span>
    </p>
   </div>
   <div class='ocr_carea' id='block_1_91' title="bbox 2062 4349 3712 4429">
    <p class='ocr_par' dir='ltr' id='par_1_91' title="bbox 2062 4349 3712 4429">
     <span class='ocr_line' id='line_1_91' title="bbox 2062 4349 3712 4429; baseline -0.009 -11"><span class='ocrx_word' id='word_1_705' title='bbox 2062 4363 2147 4419; x_wconf 92' lang='lat' dir='ltr'><strong>eis</strong></span> <span class='ocrx_word' id='word_1_706' title='bbox 2176 4362 2449 4416; x_wconf 90' lang='lat' dir='ltr'><strong>virtutem</strong></span> <span class='ocrx_word' id='word_1_707' title='bbox 2494 4360 2828 4429; x_wconf 89' lang='lat' dir='ltr'><strong>operantur.</strong></span> <span class='ocrx_word' id='word_1_708' title='bbox 2862 4353 3024 4410; x_wconf 90' lang='lat' dir='ltr'><strong>Unde</strong></span> <span class='ocrx_word' id='word_1_709' title='bbox 3054 4350 3326 4424; x_wconf 90' lang='lat' dir='ltr'><strong>superius</strong></span> <span class='ocrx_word' id='word_1_710' title='bbox 3359 4367 3371 4406; x_wconf 91' lang='lat'><strong>:</strong></span> <span class='ocrx_word' id='word_1_711' title='bbox 3408 4349 3712 4405; x_wconf 82' lang='lat' dir='ltr'><strong>Tribulatio</strong></span> 
     </span>
    </p>
   </div>
   <div class='ocr_carea' id='block_1_92' title="bbox 2064 4437 3710 4522">
    <p class='ocr_par' dir='ltr' id='par_1_92' title="bbox 2064 4437 3710 4522">
     <span class='ocr_line' id='line_1_92' title="bbox 2064 4437 3710 4522; baseline -0.01 -14"><span class='ocrx_word' id='word_1_712' title='bbox 2064 4451 2392 4522; x_wconf 83' lang='lat' dir='ltr'><strong>patientiam</strong></span> <span class='ocrx_word' id='word_1_713' title='bbox 2421 4456 2684 4520; x_wconf 82' lang='lat' dir='ltr'><strong>operatur</strong></span> <span class='ocrx_word' id='word_1_714' title='bbox 2712 4462 2730 4499; x_wconf 91' lang='lat'><em>:</em></span> <span class='ocrx_word' id='word_1_715' title='bbox 2764 4446 2981 4515; x_wconf 89' lang='lat' dir='ltr'><strong>quanto</strong></span> <span class='ocrx_word' id='word_1_716' title='bbox 3014 4440 3203 4514; x_wconf 88' lang='lat' dir='ltr'><strong>magis</strong></span> <span class='ocrx_word' id='word_1_717' title='bbox 3234 4439 3389 4496; x_wconf 90' lang='lat' dir='ltr'><strong>enim</strong></span> <span class='ocrx_word' id='word_1_718' title='bbox 3419 4437 3710 4494; x_wconf 89' lang='lat' dir='ltr'><strong>tribulan-</strong></span> 
     </span>
    </p>
   </div>
   <div class='ocr_carea' id='block_1_93' title="bbox 301 4525 3708 4610">
    <p class='ocr_par' dir='ltr' id='par_1_93' title="bbox 301 4525 3708 4610">
     <span class='ocr_line' id='line_1_93' title="bbox 301 4525 3708 4610; baseline -0.003 -18"><span class='ocrx_word' id='word_1_719' title='bbox 301 4535 473 4603; x_wconf 81' lang='lat' dir='ltr'><strong>verit,</strong></span> <span class='ocrx_word' id='word_1_720' title='bbox 507 4540 563 4593; x_wconf 90' lang='lat' dir='ltr'><strong>et</strong></span> <span class='ocrx_word' id='word_1_721' title='bbox 602 4536 1030 4608; x_wconf 89' lang='lat' dir='ltr'><strong>justiﬁcaverit,</strong></span> <span class='ocrx_word' id='word_1_722' title='bbox 1079 4536 1211 4610; x_wconf 88' lang='lat' dir='ltr'><strong>quis</strong></span> <span class='ocrx_word' id='word_1_723' title='bbox 1258 4553 1356 4593; x_wconf 92' lang='lat' dir='ltr'><strong>eos</strong></span> <span class='ocrx_word' id='word_1_724' title='bbox 1386 4538 1598 4610; x_wconf 88' lang='lat' dir='ltr'><strong>poterit</strong></span> <span class='ocrx_word' id='word_1_725' title='bbox 1637 4539 1958 4595; x_wconf 82' lang='lat' dir='ltr'><strong>accusare?</strong></span> <span class='ocrx_word' id='word_1_726' title='bbox 1984 4542 2032 4607; x_wconf 91' lang='lat' dir='ltr'><strong>D</strong></span> <span class='ocrx_word' id='word_1_727' title='bbox 2063 4527 2179 4609; x_wconf 87' lang='lat' dir='ltr'><strong>tur,</strong></span> <span class='ocrx_word' id='word_1_728' title='bbox 2216 4543 2374 4594; x_wconf 90' lang='lat' dir='ltr'><strong>tanto</strong></span> <span class='ocrx_word' id='word_1_729' title='bbox 2400 4535 2590 4609; x_wconf 88' lang='lat' dir='ltr'><strong>magis</strong></span> <span class='ocrx_word' id='word_1_730' title='bbox 2619 4532 2966 4605; x_wconf 63' lang='lat' dir='ltr'><strong>,dilatantur</strong></span> <span class='ocrx_word' id='word_1_731' title='bbox 3000 4547 3011 4585; x_wconf 93' lang='lat'><strong>:</strong></span> <span class='ocrx_word' id='word_1_732' title='bbox 3047 4530 3201 4585; x_wconf 91' lang='lat' dir='ltr'><strong>unde</strong></span> <span class='ocrx_word' id='word_1_733' title='bbox 3252 4525 3563 4583; x_wconf 87' lang='lat' dir='ltr'><strong>Psalmista</strong></span> <span class='ocrx_word' id='word_1_734' title='bbox 3595 4543 3608 4583; x_wconf 87' lang='lat'><strong>:</strong></span> <span class='ocrx_word' id='word_1_735' title='bbox 3639 4531 3708 4582; x_wconf 86' lang='lat' dir='ltr'><strong>In</strong></span> 
     </span>
    </p>
   </div>
   <div class='ocr_carea' id='block_1_94' title="bbox 376 4679 1949 4753">
    <p class='ocr_par' dir='ltr' id='par_1_94' title="bbox 376 4679 1949 4753">
     <span class='ocr_line' id='line_1_94' title="bbox 376 4679 1949 4753; baseline 0.001 -18"><span class='ocrx_word' id='word_1_736' title='bbox 376 4679 525 4752; x_wconf 90' lang='lat'>(315)</span> <span class='ocrx_word' id='word_1_737' title='bbox 557 4679 621 4736; x_wconf 89' lang='lat' dir='ltr'><strong>In</strong></span> <span class='ocrx_word' id='word_1_738' title='bbox 649 4679 835 4753; x_wconf 51' lang='lat' dir='ltr'><strong>Vulg,</strong></span> <span class='ocrx_word' id='word_1_739' title='bbox 853 4682 979 4753; x_wconf 78' lang='lat' dir='ltr'><strong>quis</strong></span> <span class='ocrx_word' id='word_1_740' title='bbox 1006 4681 1282 4737; x_wconf 83' lang='lat' dir='ltr'><strong>accusabit</strong></span> <span class='ocrx_word' id='word_1_741' title='bbox 1309 4680 1569 4738; x_wconf 83' lang='lat' dir='ltr'><strong>adversus</strong></span> <span class='ocrx_word' id='word_1_742' title='bbox 1596 4682 1807 4750; x_wconf 83' lang='lat' dir='ltr'><strong>electos,</strong></span> <span class='ocrx_word' id='word_1_743' title='bbox 1839 4686 1949 4739; x_wconf 90' lang='lat' dir='ltr'><strong>etc.</strong></span> 
     </span>
    </p>
   </div>
   <div class='ocr_carea' id='block_1_95' title="bbox 300 4751 986 4825">
    <p class='ocr_par' dir='ltr' id='par_1_95' title="bbox 300 4751 986 4825">
     <span class='ocr_line' id='line_1_95' title="bbox 300 4751 986 4825; baseline 0.001 -19"><span class='ocrx_word' id='word_1_744' title='bbox 300 4754 369 4807; x_wconf 89' lang='lat' dir='ltr'><strong>In</strong></span> <span class='ocrx_word' id='word_1_745' title='bbox 388 4751 599 4825; x_wconf 44' lang='lat' dir='ltr'><strong>&#39;autog.</strong></span> <span class='ocrx_word' id='word_1_746' title='bbox 635 4751 986 4823; x_wconf 53' lang='lat' dir='ltr'><strong>caprXIII.</strong></span> 
     </span>
    </p>
   </div>
   <div class='ocr_carea' id='block_1_96' title="bbox 376 4822 1957 4897">
    <p class='ocr_par' dir='ltr' id='par_1_96' title="bbox 376 4822 1957 4897">
     <span class='ocr_line' id='line_1_96' title="bbox 376 4822 1957 4897; baseline 0.002 -19"><span class='ocrx_word' id='word_1_747' title='bbox 376 4824 527 4897; x_wconf 89' lang='lat'>(316)</span> <span class='ocrx_word' id='word_1_748' title='bbox 548 4822 618 4877; x_wconf 68' lang='lat' dir='ltr'><strong>in</strong></span> <span class='ocrx_word' id='word_1_749' title='bbox 648 4822 845 4897; x_wconf 76' lang='lat' dir='ltr'><strong>autog.</strong></span> <span class='ocrx_word' id='word_1_750' title='bbox 878 4826 1010 4896; x_wconf 86' lang='lat' dir='ltr'><strong>post</strong></span> <span class='ocrx_word' id='word_1_751' title='bbox 1050 4822 1192 4897; x_wconf 64' lang='lat' dir='ltr'><strong>haec</strong></span> <span class='ocrx_word' id='word_1_752' title='bbox 1225 4823 1401 4880; x_wconf 88' lang='lat' dir='ltr'><strong>verba</strong></span> <span class='ocrx_word' id='word_1_753' title='bbox 1440 4827 1653 4897; x_wconf 89' lang='lat' dir='ltr'><strong>textus,</strong></span> <span class='ocrx_word' id='word_1_754' title='bbox 1685 4826 1827 4881; x_wconf 88' lang='lat' dir='ltr'><strong>Deus</strong></span> <span class='ocrx_word' id='word_1_755' title='bbox 1856 4826 1957 4897; x_wconf 90' lang='lat' dir='ltr'><strong>qui</strong></span> 
     </span>
    </p>
   </div>
   <div class='ocr_carea' id='block_1_97' title="bbox 286 4894 1954 4969">
    <p class='ocr_par' dir='ltr' id='par_1_97' title="bbox 286 4894 1954 4969">
     <span class='ocr_line' id='line_1_97' title="bbox 286 4894 1954 4969; baseline 0.001 -19"><span class='ocrx_word' id='word_1_756' title='bbox 286 4896 590 4969; x_wconf 77' lang='lat' dir='ltr'><strong>justiﬁcat,</strong></span> <span class='ocrx_word' id='word_1_757' title='bbox 635 4894 815 4950; x_wconf 69' lang='lat' dir='ltr'><strong>adest</strong></span> <span class='ocrx_word' id='word_1_758' title='bbox 847 4894 1131 4969; x_wconf 75' lang='lat' dir='ltr'><strong>punctum</strong></span> <span class='ocrx_word' id='word_1_759' title='bbox 1178 4894 1670 4969; x_wconf 80' lang='lat' dir='ltr'><strong>interrogationis.</strong></span> <span class='ocrx_word' id='word_1_760' title='bbox 1723 4894 1954 4953; x_wconf 78' lang='lat' dir='ltr'><strong>Scilicet</strong></span> 
     </span>
    </p>
   </div>
   <div class='ocr_carea' id='block_1_98' title="bbox 346 4966 1953 5041">
    <p class='ocr_par' dir='ltr' id='par_1_98' title="bbox 346 4966 1953 5041">
     <span class='ocr_line' id='line_1_98' title="bbox 346 4966 1953 5041; baseline 0.002 -20"><span class='ocrx_word' id='word_1_761' title='bbox 346 4984 435 5041; x_wconf 65' lang='lat' dir='ltr'><strong>ua:</strong></span> <span class='ocrx_word' id='word_1_762' title='bbox 465 4971 817 5041; x_wconf 78' lang='lat' dir='ltr'><strong>sequuntur,</strong></span> <span class='ocrx_word' id='word_1_763' title='bbox 839 4966 1248 5041; x_wconf 78' lang='lat' dir='ltr'><strong>demonstrant</strong></span> <span class='ocrx_word' id='word_1_764' title='bbox 1277 4966 1688 5039; x_wconf 74' lang='lat' dir='ltr'><strong>interrogative</strong></span> <span class='ocrx_word' id='word_1_765' title='bbox 1719 4974 1953 5041; x_wconf 86' lang='lat' dir='ltr'><strong>accepta</strong></span> 
     </span>
    </p>
   </div>
   <div class='ocr_carea' id='block_1_99' title="bbox 299 4983 1552 5109">
    <p class='ocr_par' dir='ltr' id='par_1_99' title="bbox 299 4983 1552 5109">
     <span class='ocr_line' id='line_1_99' title="bbox 346 4983 1552 5039; baseline 0.001 -17"><span class='ocrx_word' id='word_1_766' title='bbox 346 4984 435 5022; x_wconf 64' lang='lat' dir='ltr'><strong>ua:</strong></span> <span class='ocrx_word' id='word_1_767' title='bbox 465 4983 817 5039; x_wconf 82' lang='lat' dir='ltr'><strong>sequuntur,</strong></span> <span class='ocrx_word' id='word_1_768' title='bbox 839 4983 1248 5022; x_wconf 80' lang='lat' dir='ltr'><strong>demonstrant</strong></span> <span class='ocrx_word' id='word_1_769' title='bbox 1277 4983 1552 5039; x_wconf 72' lang='lat' dir='ltr'><strong>interrog:</strong></span> 
     </span>
     <span class='ocr_line' id='line_1_100' title="bbox 299 4983 1552 5109; baseline 0 -15"><span class='ocrx_word' id='word_1_770' title='bbox 299 4983 490 5095; x_wconf 46' lang='lat' dir='ltr'><strong>guisse</strong></span> <span class='ocrx_word' id='word_1_771' title='bbox 518 5038 642 5094; x_wconf 76' lang='lat' dir='ltr'><strong>haec</strong></span> <span class='ocrx_word' id='word_1_772' title='bbox 671 5037 851 5093; x_wconf 90' lang='lat' dir='ltr'><strong>verba</strong></span> <span class='ocrx_word' id='word_1_773' title='bbox 875 5037 957 5109; x_wconf 9' lang='lat' dir='ltr'><strong>ab,</strong></span> <span class='ocrx_word' id='word_1_774' title='bbox 988 5037 1302 5109; x_wconf 89' lang='lat' dir='ltr'><strong>interprete</strong></span> <span class='ocrx_word' id='word_1_775' title='bbox 1332 5044 1552 5095; x_wconf 90' lang='lat' dir='ltr'><strong>nostro.</strong></span> 
     </span>
    </p>
   </div>
   <div class='ocr_carea' id='block_1_100' title="bbox 376 5108 1952 5182">
    <p class='ocr_par' dir='ltr' id='par_1_100' title="bbox 376 5108 1952 5182">
     <span class='ocr_line' id='line_1_101' title="bbox 376 5108 1952 5182; baseline 0.001 -18"><span class='ocrx_word' id='word_1_776' title='bbox 376 5110 527 5182; x_wconf 89' lang='lat'>(317)</span> <span class='ocrx_word' id='word_1_777' title='bbox 554 5110 659 5182; x_wconf 74' lang='lat' dir='ltr'><strong>Hic</strong></span> <span class='ocrx_word' id='word_1_778' title='bbox 688 5108 1330 5182; x_wconf 32' lang='lat' dir='ltr'><strong>textusvidetur’mque</strong></span> <span class='ocrx_word' id='word_1_779' title='bbox 1359 5127 1424 5165; x_wconf 89' lang='lat' dir='ltr'><strong>ac</strong></span> <span class='ocrx_word' id='word_1_780' title='bbox 1453 5110 1513 5165; x_wconf 89' lang='lat' dir='ltr'><strong>in</strong></span> <span class='ocrx_word' id='word_1_781' title='bbox 1545 5110 1715 5181; x_wconf 87' lang='lat' dir='ltr'><strong>Vulg.</strong></span> <span class='ocrx_word' id='word_1_782' title='bbox 1751 5111 1952 5165; x_wconf 90' lang='lat' dir='ltr'><strong>adver-</strong></span> 
     </span>
    </p>
   </div>
   <div class='ocr_carea' id='block_1_101' title="bbox 297 5179 1954 5253">
    <p class='ocr_par' dir='ltr' id='par_1_101' title="bbox 297 5179 1954 5253">
     <span class='ocr_line' id='line_1_102' title="bbox 297 5179 1954 5253; baseline -0.001 -16"><span class='ocrx_word' id='word_1_783' title='bbox 297 5180 469 5237; x_wconf 83' lang='lat' dir='ltr'><strong>bium</strong></span> <span class='ocrx_word' id='word_1_784' title='bbox 496 5179 758 5237; x_wconf 82' lang='lat' dir='ltr'><strong>adversus</strong></span> <span class='ocrx_word' id='word_1_785' title='bbox 789 5179 1043 5252; x_wconf 89' lang='lat' dir='ltr'><strong>recipere</strong></span> <span class='ocrx_word' id='word_1_786' title='bbox 1068 5196 1080 5235; x_wconf 89' lang='lat'>:</span> <span class='ocrx_word' id='word_1_787' title='bbox 1103 5179 1196 5253; x_wconf 77' lang='lat' dir='ltr'><strong>ita</strong></span> <span class='ocrx_word' id='word_1_788' title='bbox 1211 5179 1365 5236; x_wconf 79' lang='lat' dir='ltr'><strong>enim</strong></span> <span class='ocrx_word' id='word_1_789' title='bbox 1398 5179 1954 5253; x_wconf 47' lang='lat' dir='ltr'><strong>scriptus—compen-</strong></span> 
     </span>
    </p>
   </div>
   <div class='ocr_carea' id='block_1_102' title="bbox 301 5250 1954 5324">
    <p class='ocr_par' dir='ltr' id='par_1_102' title="bbox 301 5250 1954 5324">
     <span class='ocr_line' id='line_1_103' title="bbox 301 5250 1954 5324; baseline -0.001 -16"><span class='ocrx_word' id='word_1_790' title='bbox 301 5253 466 5309; x_wconf 82' lang='lat' dir='ltr'><strong>diose</strong></span> <span class='ocrx_word' id='word_1_791' title='bbox 512 5257 635 5309; x_wconf 87' lang='lat' dir='ltr'><strong>est:</strong></span> <span class='ocrx_word' id='word_1_792' title='bbox 687 5268 764 5324; x_wconf 91' lang='lat' dir='ltr'><strong>qs.</strong></span> <span class='ocrx_word' id='word_1_793' title='bbox 798 5270 851 5307; x_wconf 88' lang='lat' dir='ltr'><strong>a.</strong></span> <span class='ocrx_word' id='word_1_794' title='bbox 883 5250 942 5324; x_wconf 61' lang='lat' dir='ltr'><strong>ti.</strong></span> <span class='ocrx_word' id='word_1_795' title='bbox 975 5268 1022 5307; x_wconf 86' lang='lat' dir='ltr'><strong>e.</strong></span> <span class='ocrx_word' id='word_1_796' title='bbox 1075 5250 1158 5319; x_wconf 86' lang='lat' dir='ltr'><strong>di,</strong></span> <span class='ocrx_word' id='word_1_797' title='bbox 1204 5268 1453 5323; x_wconf 91' lang='lat' dir='ltr'><strong>quarum</strong></span> <span class='ocrx_word' id='word_1_798' title='bbox 1504 5250 1835 5308; x_wconf 59' lang='lat' dir='ltr'><strong>ihitialium&#39;</strong></span> <span class='ocrx_word' id='word_1_799' title='bbox 1864 5253 1954 5307; x_wconf 83' lang='lat' dir='ltr'><strong>lit-</strong></span> 
     </span>
    </p>
   </div>
   <div class='ocr_carea' id='block_1_103' title="bbox 300 5323 1953 5397">
    <p class='ocr_par' dir='ltr' id='par_1_103' title="bbox 300 5323 1953 5397">
     <span class='ocr_line' id='line_1_104' title="bbox 300 5323 1953 5397; baseline -0.001 -17"><span class='ocrx_word' id='word_1_800' title='bbox 300 5329 565 5381; x_wconf 86' lang='lat' dir='ltr'><strong>terarum</strong></span> <span class='ocrx_word' id='word_1_801' title='bbox 596 5323 854 5379; x_wconf 86' lang='lat' dir='ltr'><strong>secunda</strong></span> <span class='ocrx_word' id='word_1_802' title='bbox 881 5323 1074 5379; x_wconf 89' lang='lat' dir='ltr'><strong>littera</strong></span> <span class='ocrx_word' id='word_1_803' title='bbox 1102 5340 1135 5378; x_wconf 92' lang='lat' dir='ltr'><strong>a</strong></span> <span class='ocrx_word' id='word_1_804' title='bbox 1177 5324 1410 5380; x_wconf 92' lang='lat' dir='ltr'><strong>nonnisi</strong></span> <span class='ocrx_word' id='word_1_805' title='bbox 1440 5327 1698 5381; x_wconf 84' lang='lat' dir='ltr'><strong>adversus</strong></span> <span class='ocrx_word' id='word_1_806' title='bbox 1728 5324 1953 5397; x_wconf 87' lang='lat' dir='ltr'><strong>signiﬁ-</strong></span> 
     </span>
    </p>
   </div>
   <div class='ocr_carea' id='block_1_104' title="bbox 304 5400 1951 5551">
    <p class='ocr_par' dir='ltr' id='par_1_104' title="bbox 304 5400 1951 5551">
     <span class='ocr_line' id='line_1_105' title="bbox 304 5400 682 5467; baseline -0.008 -13"><span class='ocrx_word' id='word_1_807' title='bbox 304 5413 441 5454; x_wconf 88' lang='lat' dir='ltr'><strong>care</strong></span> <span class='ocrx_word' id='word_1_808' title='bbox 472 5400 682 5467; x_wconf 90' lang='lat' dir='ltr'><strong>potest.</strong></span> 
     </span>
     <span class='ocr_line' id='line_1_106' title="bbox 379 5465 1951 5551; baseline -0.001 -28"><span class='ocrx_word' id='word_1_809' title='bbox 379 5468 531 5551; x_wconf 63' lang='lat' dir='ltr'>(31S)</span> <span class='ocrx_word' id='word_1_810' title='bbox 557 5466 773 5551; x_wconf 79' lang='lat' dir='ltr'><strong>_Omnia</strong></span> <span class='ocrx_word' id='word_1_811' title='bbox 802 5465 923 5551; x_wconf 54' lang='lat' dir='ltr'><strong>haec</strong></span> <span class='ocrx_word' id='word_1_812' title='bbox 952 5469 1169 5551; x_wconf 80' lang='lat' dir='ltr'><strong>puncta</strong></span> <span class='ocrx_word' id='word_1_813' title='bbox 1199 5465 1669 5551; x_wconf 61' lang='lat' dir='ltr'><strong>interrogationis</strong></span> <span class='ocrx_word' id='word_1_814' title='bbox 1698 5470 1757 5551; x_wconf 76' lang='lat' dir='ltr'><strong>in</strong></span> <span class='ocrx_word' id='word_1_815' title='bbox 1778 5468 1951 5551; x_wconf 79' lang='lat' dir='ltr'><strong>vulg.</strong></span> 
     </span>
    </p>
   </div>
   <div class='ocr_carea' id='block_1_105' title="bbox 305 5538 1956 5670">
    <p class='ocr_par' dir='ltr' id='par_1_105' title="bbox 305 5538 1956 5670">
     <span class='ocr_line' id='line_1_107' title="bbox 305 5538 1956 5670; baseline -0.001 -74"><span class='ocrx_word' id='word_1_816' title='bbox 305 5555 429 5670; x_wconf 48' lang='lat' dir='ltr'><strong>g2?</strong></span> <span class='ocrx_word' id='word_1_817' title='bbox 450 5539 785 5669; x_wconf 43' lang='lat' dir='ltr'><strong>“habentur.</strong></span> <span class='ocrx_word' id='word_1_818' title='bbox 849 5540 919 5595; x_wconf 88' lang='lat' dir='ltr'><strong>Et</strong></span> <span class='ocrx_word' id='word_1_819' title='bbox 956 5538 1096 5612; x_wconf 84' lang='lat' dir='ltr'><strong>post</strong></span> <span class='ocrx_word' id='word_1_820' title='bbox 1144 5538 1385 5595; x_wconf 91' lang='lat' dir='ltr'><strong>verbum</strong></span> <span class='ocrx_word' id='word_1_821' title='bbox 1426 5538 1533 5597; x_wconf 77' lang='lat' dir='ltr'><strong>Dei</strong></span> <span class='ocrx_word' id='word_1_822' title='bbox 1578 5557 1692 5598; x_wconf 90' lang='lat' dir='ltr'><strong>non</strong></span> <span class='ocrx_word' id='word_1_823' title='bbox 1740 5538 1956 5613; x_wconf 84' lang='lat' dir='ltr'><strong>legitur</strong></span> 
     </span>
     <span class='ocr_line' id='line_1_108' title="bbox 416 5629 517 5668; baseline 0 0"><span class='ocrx_word' id='word_1_824' title='bbox 416 5629 448 5668; x_wconf 91' lang='lat' dir='ltr'><strong>r</strong></span> <span class='ocrx_word' id='word_1_825' title='bbox 503 5653 517 5668; x_wconf 94' lang='lat'><strong>.</strong></span> 
     </span>
    </p>
   </div>
   <div class='ocr_carea' id='block_1_106' title="bbox 416 5627 517 5669">
    <p class='ocr_par' dir='ltr' id='par_1_106' title="bbox 416 5627 517 5669">
     <span class='ocr_line' id='line_1_109' title="bbox 416 5627 517 5669; baseline 0 -1"><span class='ocrx_word' id='word_1_826' title='bbox 416 5627 517 5669; x_wconf 73' lang='grc' dir='ltr'><strong>ηδ.</strong></span> 
     </span>
    </p>
   </div>
   <div class='ocr_carea' id='block_1_107' title="bbox 2154 4677 3067 4752">
    <p class='ocr_par' dir='ltr' id='par_1_107' title="bbox 2154 4677 3067 4752">
     <span class='ocr_line' id='line_1_110' title="bbox 2154 4677 3067 4752; baseline -0.011 -16"><span class='ocrx_word' id='word_1_827' title='bbox 2154 4680 2279 4752; x_wconf 74' lang='lat'><strong>319)</strong></span> <span class='ocrx_word' id='word_1_828' title='bbox 2308 4678 2481 4752; x_wconf 89' lang='lat' dir='ltr'><strong>Vulg.</strong></span> <span class='ocrx_word' id='word_1_829' title='bbox 2515 4677 2739 4752; x_wconf 79' lang='lat' dir='ltr'><strong>Christi.</strong></span> <span class='ocrx_word' id='word_1_830' title='bbox 2970 4742 2981 4752; x_wconf 33' lang='lat'><em>.</em></span> <span class='ocrx_word' id='word_1_831' title='bbox 3057 4741 3067 4752; x_wconf 39' lang='grc'><em>,</em></span> 
     </span>
    </p>
   </div>
   <div class='ocr_carea' id='block_1_108' title="bbox 2132 4680 3710 4825">
    <p class='ocr_par' dir='ltr' id='par_1_108' title="bbox 2132 4680 3710 4825">
     <span class='ocr_line' id='line_1_111' title="bbox 2154 4680 3067 4752; baseline -0.011 -16"><span class='ocrx_word' id='word_1_832' title='bbox 2154 4681 2258 4736; x_wconf 87' lang='grc'><strong>319</strong></span> <span class='ocrx_word' id='word_1_833' title='bbox 2308 4680 2481 4752; x_wconf 91' lang='lat' dir='ltr'><strong>Vulg.</strong></span> <span class='ocrx_word' id='word_1_834' title='bbox 2515 4680 2739 4732; x_wconf 82' lang='lat' dir='ltr'><strong>Christi.</strong></span> <span class='ocrx_word' id='word_1_835' title='bbox 3057 4741 3067 4752; x_wconf 40' lang='lat'><em>.</em></span> 
     </span>
     <span class='ocr_line' id='line_1_112' title="bbox 2132 4680 3710 4825; baseline -0.008 -18"><span class='ocrx_word' id='word_1_836' title='bbox 2132 4680 2282 4825; x_wconf 52' lang='grc' dir='ltr'><strong>ξΒὲοἒ</strong></span> <span class='ocrx_word' id='word_1_837' title='bbox 2314 4753 2603 4818; x_wconf 89' lang='lat' dir='ltr'><strong>Fortasse,</strong></span> <span class='ocrx_word' id='word_1_838' title='bbox 2636 4749 2755 4825; x_wconf 75' lang='lat' dir='ltr'><strong>imo</strong></span> <span class='ocrx_word' id='word_1_839' title='bbox 2798 4741 3211 4825; x_wconf 75' lang='lat' dir='ltr'><strong>verosimilius,</strong></span> <span class='ocrx_word' id='word_1_840' title='bbox 3239 4740 3366 4797; x_wconf 88' lang='lat' dir='ltr'><strong>loco</strong></span> <span class='ocrx_word' id='word_1_841' title='bbox 3414 4756 3583 4825; x_wconf 86' lang='lat' dir='ltr'><strong>quare</strong></span> <span class='ocrx_word' id='word_1_842' title='bbox 3628 4740 3710 4823; x_wconf 77' lang='lat' dir='ltr'><strong>le-</strong></span> 
     </span>
    </p>
   </div>
   <div class='ocr_carea' id='block_1_109' title="bbox 2061 4815 3708 4897">
    <p class='ocr_par' dir='ltr' id='par_1_109' title="bbox 2061 4815 3708 4897">
     <span class='ocr_line' id='line_1_113' title="bbox 2061 4815 3708 4897; baseline -0.008 -16"><span class='ocrx_word' id='word_1_843' title='bbox 2061 4815 2320 4897; x_wconf 78' lang='lat' dir='ltr'><strong>gendum</strong></span> <span class='ocrx_word' id='word_1_844' title='bbox 2354 4837 2478 4895; x_wconf 66' lang='lat' dir='ltr'><strong>quae</strong></span> <span class='ocrx_word' id='word_1_845' title='bbox 2506 4815 2597 4875; x_wconf 79' lang='lat' dir='ltr'><strong>res</strong></span> <span class='ocrx_word' id='word_1_846' title='bbox 2619 4840 2639 4886; x_wconf 81' lang='lat'><strong>,-</strong></span> <span class='ocrx_word' id='word_1_847' title='bbox 2669 4816 2755 4873; x_wconf 90' lang='lat' dir='ltr'><strong>uti</strong></span> <span class='ocrx_word' id='word_1_848' title='bbox 2786 4832 2855 4873; x_wconf 84' lang='lat' dir='ltr'><strong>ex</strong></span> <span class='ocrx_word' id='word_1_849' title='bbox 2882 4815 2998 4886; x_wconf 89' lang='lat' dir='ltr'><strong>his,</strong></span> <span class='ocrx_word' id='word_1_850' title='bbox 3020 4831 3149 4886; x_wconf 68' lang='lat' dir='ltr'><strong>qua:</strong></span> <span class='ocrx_word' id='word_1_851' title='bbox 3177 4817 3530 4886; x_wconf 89' lang='lat' dir='ltr'><strong>sequuntur,</strong></span> <span class='ocrx_word' id='word_1_852' title='bbox 3553 4815 3708 4870; x_wconf 88' lang='lat' dir='ltr'><strong>erui-</strong></span> 
     </span>
    </p>
   </div>
   <div class='ocr_carea' id='block_1_110' title="bbox 2059 4903 3702 5036">
    <p class='ocr_par' dir='ltr' id='par_1_110' title="bbox 2059 4903 3702 5036">
     <span class='ocr_line' id='line_1_114' title="bbox 2059 4903 3702 5036; baseline -0.008 -15"><span class='ocrx_word' id='word_1_853' title='bbox 2059 4903 2280 5036; x_wconf 38' lang='lat' dir='ltr'><strong>tu(.321)</strong></span> <span class='ocrx_word' id='word_1_854' title='bbox 2308 4965 2391 5019; x_wconf 86' lang='lat' dir='ltr'><strong>Ex</strong></span> <span class='ocrx_word' id='word_1_855' title='bbox 2420 4962 2533 5036; x_wconf 85' lang='lat' dir='ltr'><strong>his,</strong></span> <span class='ocrx_word' id='word_1_856' title='bbox 2558 4977 2698 5036; x_wconf 11' lang='lat' dir='ltr'><strong>quae,</strong></span> <span class='ocrx_word' id='word_1_857' title='bbox 2716 4960 3065 5036; x_wconf 73' lang='lat' dir='ltr'><strong>sequuntur,</strong></span> <span class='ocrx_word' id='word_1_858' title='bbox 3079 4956 3354 5036; x_wconf 73' lang='lat' dir='ltr'><strong>mendam</strong></span> <span class='ocrx_word' id='word_1_859' title='bbox 3384 4971 3514 5036; x_wconf 68' lang='lat' dir='ltr'><strong>esse</strong></span> <span class='ocrx_word' id='word_1_860' title='bbox 3534 4971 3665 5010; x_wconf 90' lang='lat' dir='ltr'><strong>reor</strong></span> <span class='ocrx_word' id='word_1_861' title='bbox 3690 4972 3702 5008; x_wconf 90' lang='lat'><strong>:</strong></span> 
     </span>
    </p>
   </div>
   <div class='ocr_carea' id='block_1_111' title="bbox 2061 5022 3707 5117">
    <p class='ocr_par' dir='ltr' id='par_1_111' title="bbox 2061 5022 3707 5117">
     <span class='ocr_line' id='line_1_115' title="bbox 2061 5022 3707 5117; baseline -0.009 -24"><span class='ocrx_word' id='word_1_862' title='bbox 2061 5041 2119 5117; x_wconf 86' lang='lat' dir='ltr'><strong>et</strong></span> <span class='ocrx_word' id='word_1_863' title='bbox 2136 5022 2276 5093; x_wconf 72' lang='lat' dir='ltr'><strong>loco</strong></span> <span class='ocrx_word' id='word_1_864' title='bbox 2288 5022 3104 5117; x_wconf 40' lang='lat' dir='ltr'><strong>sapientizgpatientiafpotius</strong></span> <span class='ocrx_word' id='word_1_865' title='bbox 3118 5022 3372 5117; x_wconf 51' lang='lat' dir='ltr'><strong>legendi?</strong></span> <span class='ocrx_word' id='word_1_866' title='bbox 3380 5026 3707 5117; x_wconf 40' lang='lat' dir='ltr'><strong>mjxeqqm:</strong></span> 
     </span>
    </p>
   </div>
   <div class='ocr_carea' id='block_1_112' title="bbox 2061 5098 3710 5175">
    <p class='ocr_par' dir='ltr' id='par_1_112' title="bbox 2061 5098 3710 5175">
     <span class='ocr_line' id='line_1_116' title="bbox 2061 5098 3710 5175; baseline -0.01 -11"><span class='ocrx_word' id='word_1_867' title='bbox 2061 5114 2259 5165; x_wconf 88' lang='lat' dir='ltr'><strong>tamen</strong></span> <span class='ocrx_word' id='word_1_868' title='bbox 2291 5098 2467 5163; x_wconf 81' lang='lat' dir='ltr'><strong>etiam</strong></span> <span class='ocrx_word' id='word_1_869' title='bbox 2486 5098 2776 5175; x_wconf 70' lang='lat' dir='ltr'><strong>patientiae</strong></span> <span class='ocrx_word' id='word_1_870' title='bbox 2794 5098 3016 5175; x_wconf 73' lang='lat' dir='ltr'><strong>optima</strong></span> <span class='ocrx_word' id='word_1_871' title='bbox 3052 5099 3222 5155; x_wconf 89' lang='lat' dir='ltr'><strong>lectio</strong></span> <span class='ocrx_word' id='word_1_872' title='bbox 3252 5098 3369 5175; x_wconf 77' lang='lat' dir='ltr'><strong>dici</strong></span> <span class='ocrx_word' id='word_1_873' title='bbox 3390 5098 3586 5168; x_wconf 90' lang='lat' dir='ltr'><strong>posset</strong></span> <span class='ocrx_word' id='word_1_874' title='bbox 3605 5110 3710 5175; x_wconf 77' lang='lat' dir='ltr'><strong>per</strong></span> 
     </span>
    </p>
   </div>
   <div class='ocr_carea' id='block_1_113' title="bbox 2062 5163 3708 5253">
    <p class='ocr_par' dir='ltr' id='par_1_113' title="bbox 2062 5163 3708 5253">
     <span class='ocr_line' id='line_1_117' title="bbox 2062 5163 3708 5253; baseline -0.01 -16"><span class='ocrx_word' id='word_1_875' title='bbox 2062 5163 2652 5253; x_wconf 69' lang='lat' dir='ltr'><strong>argumentationem,</strong></span> <span class='ocrx_word' id='word_1_876' title='bbox 2671 5174 2719 5253; x_wconf 89' lang='lat' dir='ltr'><strong>si</strong></span> <span class='ocrx_word' id='word_1_877' title='bbox 2746 5163 3076 5253; x_wconf 68' lang='lat' dir='ltr'><strong>conferatur</strong></span> <span class='ocrx_word' id='word_1_878' title='bbox 3100 5186 3233 5253; x_wconf 72' lang='lat' dir='ltr'><strong>cum</strong></span> <span class='ocrx_word' id='word_1_879' title='bbox 3252 5169 3344 5224; x_wconf 90' lang='lat' dir='ltr'><strong>his</strong></span> <span class='ocrx_word' id='word_1_880' title='bbox 3376 5163 3502 5253; x_wconf 72' lang='lat' dir='ltr'><strong>quas</strong></span> <span class='ocrx_word' id='word_1_881' title='bbox 3531 5163 3708 5237; x_wconf 77' lang='lat' dir='ltr'><strong>paulo</strong></span> 
     </span>
    </p>
   </div>
   <div class='ocr_carea' id='block_1_114' title="bbox 2063 5241 3711 5325">
    <p class='ocr_par' dir='ltr' id='par_1_114' title="bbox 2063 5241 3711 5325">
     <span class='ocr_line' id='line_1_118' title="bbox 2063 5241 3711 5325; baseline -0.01 -18"><span class='ocrx_word' id='word_1_882' title='bbox 2063 5241 2520 5325; x_wconf 64' lang='lat' dir='ltr'><strong>superiusdicta</strong></span> <span class='ocrx_word' id='word_1_883' title='bbox 2554 5251 2691 5325; x_wconf 84' lang='lat' dir='ltr'><strong>sunt</strong></span> <span class='ocrx_word' id='word_1_884' title='bbox 2724 5262 2736 5301; x_wconf 90' lang='lat'><strong>:</strong></span> <span class='ocrx_word' id='word_1_885' title='bbox 2770 5262 2904 5325; x_wconf 71' lang='lat' dir='ltr'><strong>nam</strong></span> <span class='ocrx_word' id='word_1_886' title='bbox 2941 5241 3382 5325; x_wconf 60' lang='lat' dir='ltr'><strong>tribulationes,</strong></span> <span class='ocrx_word' id='word_1_887' title='bbox 3416 5241 3486 5325; x_wconf 64' lang='lat' dir='ltr'><strong>ut</strong></span> <span class='ocrx_word' id='word_1_888' title='bbox 3528 5253 3711 5320; x_wconf 76' lang='lat' dir='ltr'><strong>supra</strong></span> 
     </span>
    </p>
   </div>
   <div class='ocr_carea' id='block_1_115' title="bbox 2063 5309 3708 5395">
    <p class='ocr_par' dir='ltr' id='par_1_115' title="bbox 2063 5309 3708 5395">
     <span class='ocr_line' id='line_1_119' title="bbox 2063 5309 3708 5395; baseline -0.011 -15"><span class='ocrx_word' id='word_1_889' title='bbox 2063 5309 2281 5395; x_wconf 69' lang='lat' dir='ltr'><strong>optime</strong></span> <span class='ocrx_word' id='word_1_890' title='bbox 2308 5323 2686 5395; x_wconf 89' lang='lat' dir='ltr'><strong>observatum_</strong></span> <span class='ocrx_word' id='word_1_891' title='bbox 2708 5318 3027 5395; x_wconf 80' lang='lat' dir='ltr'><strong>est,doctos</strong></span> <span class='ocrx_word' id='word_1_892' title='bbox 3044 5329 3152 5395; x_wconf 78' lang='lat' dir='ltr'><strong>nos</strong></span> <span class='ocrx_word' id='word_1_893' title='bbox 3170 5311 3391 5395; x_wconf 78' lang='lat' dir='ltr'><strong>faciunt</strong></span> <span class='ocrx_word' id='word_1_894' title='bbox 3417 5309 3489 5392; x_wconf 78' lang='lat' dir='ltr'><strong>ad</strong></span> <span class='ocrx_word' id='word_1_895' title='bbox 3517 5309 3708 5395; x_wconf 62' lang='lat' dir='ltr'><strong>magis</strong></span> 
     </span>
    </p>
   </div>
   <div class='ocr_carea' id='block_1_116' title="bbox 2065 5381 3703 5466">
    <p class='ocr_par' dir='ltr' id='par_1_116' title="bbox 2065 5381 3703 5466">
     <span class='ocr_line' id='line_1_120' title="bbox 2065 5381 3703 5466; baseline -0.01 -16"><span class='ocrx_word' id='word_1_896' title='bbox 2065 5381 2376 5466; x_wconf 73' lang='lat' dir='ltr'><strong>magisque</strong></span> <span class='ocrx_word' id='word_1_897' title='bbox 2402 5407 2564 5463; x_wconf 65' lang='lat' dir='ltr'><strong>aequo</strong></span> <span class='ocrx_word' id='word_1_898' title='bbox 2596 5381 3206 5466; x_wconf 25' lang='lat' dir='ltr'><strong>animo—tolerandum,</strong></span> <span class='ocrx_word' id='word_1_899' title='bbox 3230 5386 3286 5436; x_wconf 91' lang='lat' dir='ltr'><strong>et</strong></span> <span class='ocrx_word' id='word_1_900' title='bbox 3310 5398 3423 5466; x_wconf 68' lang='lat' dir='ltr'><strong>nos</strong></span> <span class='ocrx_word' id='word_1_901' title='bbox 3454 5381 3703 5466; x_wconf 49' lang='lat' dir='ltr'><strong>inHChri-</strong></span> 
     </span>
    </p>
   </div>
   <div class='ocr_carea' id='block_1_117' title="bbox 2064 5452 3707 5547">
    <p class='ocr_par' dir='ltr' id='par_1_117' title="bbox 2064 5452 3707 5547">
     <span class='ocr_line' id='line_1_121' title="bbox 2064 5452 3707 5547; baseline -0.007 -26"><span class='ocrx_word' id='word_1_902' title='bbox 2064 5468 2137 5522; x_wconf 91' lang='lat' dir='ltr'><strong>sti</strong></span> <span class='ocrx_word' id='word_1_903' title='bbox 2165 5452 2496 5547; x_wconf 48' lang='lat' dir='ltr'><strong>imi-tutioris</strong></span> <span class='ocrx_word' id='word_1_904' title='bbox 2517 5460 2961 5547; x_wconf 61' lang='lat' dir='ltr'><strong>perﬁciendum,</strong></span> <span class='ocrx_word' id='word_1_905' title='bbox 2998 5457 3046 5526; x_wconf 91' lang='lat' dir='ltr'><strong>ej</strong></span> <span class='ocrx_word' id='word_1_906' title='bbox 3060 5468 3241 5525; x_wconf 88' lang='lat' dir='ltr'><strong>usque</strong></span> <span class='ocrx_word' id='word_1_907' title='bbox 3271 5452 3465 5527; x_wconf 73' lang='lat' dir='ltr'><strong>gloriae</strong></span> <span class='ocrx_word' id='word_1_908' title='bbox 3496 5454 3707 5527; x_wconf 87' lang='lat' dir='ltr'><strong>dignos</strong></span> 
     </span>
    </p>
   </div>
   <div class='ocr_carea' id='block_1_118' title="bbox 2063 5531 2956 5612">
    <p class='ocr_par' dir='ltr' id='par_1_118' title="bbox 2063 5531 2956 5612">
     <span class='ocr_line' id='line_1_122' title="bbox 2063 5531 2956 5612; baseline -0.015 -17"><span class='ocrx_word' id='word_1_909' title='bbox 2063 5537 2377 5612; x_wconf 89' lang='lat' dir='ltr'><strong>participes</strong></span> <span class='ocrx_word' id='word_1_910' title='bbox 2408 5531 2538 5593; x_wconf 83' lang='lat' dir='ltr'><strong>ﬁeri</strong></span> <span class='ocrx_word' id='word_1_911' title='bbox 2564 5531 2956 5592; x_wconf 85' lang='lat' dir='ltr'><strong>efﬁciendum.</strong></span> 
     </span>
    </p>
   </div>
  </div>
