4094 6168
333 291 452 356 215

1351 285 1694 350 ATTONIS'
1730 282 2312 348 VERGELLENSIS
2357 281 2716 346 EBISGOPI

3610 283 3742 346 216

338 422 694 492 tribulatione
739 419 990 484 ditatasti
1032 435 1120 489 me
1165 418 1337 491 (Psal.
1389 434 1463 487 1v,
1510 418 1568 488 2)
1599 438 1615 486 ;
1662 417 1804 474 item
1859 435 1873 474 :
1913 420 1978 477 1η
2005 419 2062 485 Α
2090 414 2280 486 perior
2311 418 2418 472 est.
2448 414 2878 487 Superaverunt
2904 429 3043 486 ergo
3070 412 3279 484 sancti,
3299 413 3602 486 quoniam,
3615 430 3736 472 non

339 512 695 570 tribulatione
741 511 991 572 invocavi
1039 510 1345 573 Dominum,
1374 511 1427 563 et
1461 507 1750 572 exaudivit
1792 523 1878 563 me
1919 509 1980 562 in

343 600 632 668 latitudine
677 599 855 671 (Psal.
909 615 1076 663 cxvn,
1123 598 1200 668 5).
1247 597 1519 665 Angustia
1566 613 1679 651 non
1736 599 1976 667 potest;

342 690 500 764 quia,
529 692 749 762 quanto
800 687 986 759 magis
1034 685 1464 757 augustiantur,
1512 688 1675 740 tanto
1727 683 1980 756 amplius

341 777 788 855 gaudent.Unde
807 776 866 830 in
897 774 1140 829 Actibus
1158 773 1553 845 apostolorum
1578 772 1978 844 1egitur,quia:

340 870 498 926 Ibant
526 885 561 923 a
587 870 870 937 conspectu
910 864 1132 919 concilii
1174 862 1494 935 gaudentes,
1526 864 1787 932 quoniam
1827 862 1986 930 digni

342 959 518 1017 habiti
543 960 672 1011 sunt
713 969 816 1026 pro
856 954 1078 1008 nomine
1121 953 1248 1008 Jesu
1296 951 1648 1007 contumelias
1693 953 1813 1021 pati
1844 951 1979 1021 (Act.

339 1064 397 1115 v,
429 1046 537 1118 41).
591 1045 734 1100 Hinc
780 1041 1034 1097 Jacobus
1069 1059 1082 1096 :
1117 1041 1287 1095 Omne
1334 1040 1608 1112 gaudium
1652 1041 1984 1107 existimate,

339 1139 566 1208 fratres,
597 1148 722 1188 cum
749 1133 812 1186 in
843 1132 1175 1186 tentationes
1221 1130 1411 1184 varias
1442 1128 1747 1184 incidentis
1777 1128 1909 1200 (Jac.
1945 1145 1985 1196 1,

339 1224 422 1295 2).
462 1221 772 1280 Persecutio
803 1235 918 1273 non
951 1221 1183 1290 potest;
1215 1217 1352 1289 quia
1381 1217 1521 1274 dum
1555 1219 1990 1289 persecutiones

341 1307 968 1382 patiuntur,beatiores
999 1305 1526 1362 efﬁciuntur.Unde
1553 1306 1679 1377 ipse
1705 1305 1991 1362 Dominus

341 1397 404 1454 in
435 1392 742 1468 Evangelio
779 1410 792 1449 :
824 1395 981 1454 Beati
1010 1393 1336 1461 eritisﬁcum
1361 1395 1635 1464 persecuti
1659 1409 1752 1449 vos
1779 1392 1994 1466 fuerint

343 1486 609 1550 homines,
640 1491 692 1540 et
739 1481 1134 1537 maledixerint
1178 1482 1327 1537 vobis
1374 1481 1582 1552 (Matth.
1632 1499 1688 1551 v,
1723 1483 1784 1536 11
1814 1499 1828 1550 ;
1861 1483 1990 1537 Luc.

345 1592 425 1640 v1,
455 1569 572 1645 22),
601 1576 710 1627 etc.
742 1572 936 1626 Fames
966 1586 1243 1641 corporea
1273 1586 1389 1625 non
1431 1574 1664 1642 potest;
1695 1570 1853 1642 quia,
1885 1569 1994 1625 etsi

348 1677 561 1734 corpus
591 1659 848 1716 inediam
895 1658 1110 1714 sentiat
1156 1658 1429 1728 exterius,
1461 1659 1622 1714 intus
1668 1663 1864 1714 tamen
1895 1657 1996 1714 illo

350 1748 570 1808 caelesti
600 1764 747 1820 pane
776 1747 1052 1813 reﬁcitur,
1085 1746 1186 1818 qui
1235 1747 1306 1801 de
1336 1763 1398 1802 se
1425 1746 1554 1819 ipso
1585 1747 1702 1804 ait:
1737 1749 1846 1816 Ego
1875 1763 2001 1812 sum
2023 1775 2072 1850 Β

344 1839 509 1912 panis
536 1839 711 1908 vivus,
742 1838 840 1908 qui
866 1836 933 1891 de
958 1836 1088 1892 caelo
1116 1835 1368 1892 descendi
1408 1838 1596 1904 (Joan.
1630 1853 1705 1903 LI,
1732 1837 1845 1908 52).
1877 1839 1992 1891 Nu-

345 1928 496 1992 ditas,
519 1943 636 1982 non
663 1923 849 1993 valet;
891 1924 1049 1995 quia,
1082 1923 1218 1980 licet
1258 1924 1491 1995 frigoris
1534 1927 1829 1996 torporem
1859 1941 1992 1980 sen-

344 2016 516 2082 tiant,
543 2014 676 2088 igne
706 2011 1009 2068 charitatis
1038 2011 1422 2079 incalescunt,
1457 2014 1528 2068 de
1557 2030 1674 2084 quo
1706 2013 1992 2070 Dominus

343 2103 486 2160 dicit
515 2120 530 2160 :
561 2104 750 2173 Ignem
776 2118 897 2158 veni
925 2103 1140 2157 mittere
1181 2103 1244 2156 in
1290 2110 1498 2158 terram
1544 2102 1696 2174 (Luc.
1745 2120 1846 2173 xu,
1878 2103 1989 2175 49),

344 2195 402 2252 et
430 2207 534 2262 spe
554 2192 684 2261 jam
713 2188 866 2244 stola
908 2188 1368 2244 immortalitatis
1415 2189 1605 2244 vestiti
1637 2194 1796 2244 sunt.
1837 2191 1992 2246 Peri-

345 2280 532 2343 culum
560 2295 677 2334 non
708 2280 932 2349 potest;
967 2276 1106 2346 quia
1129 2276 1342 2331 ﬁrmati
1367 2293 1544 2348 super
1573 2277 1994 2334 solidissimum

345 2367 482 2425 ﬁdei
511 2371 759 2438 petram,
790 2363 1076 2436 quidquid
1109 2365 1351 2435 periculi
1384 2366 1704 2437 patiuntur,
1736 2370 1993 2422 contem-

347 2455 604 2530 platione
652 2453 814 2510 illius
861 2452 1021 2520 boni,
1072 2454 1228 2526 quod
1278 2454 1574 2526 accepturi
1601 2459 1762 2510 sunt.
1826 2455 1990 2512 Unde

348 2544 669 2614 Psalmista,
699 2560 714 2602 :
744 2542 950 2598 Statuit
976 2558 1146 2613 supra
1189 2545 1405 2613 petram
1444 2543 1611 2614 pedes
1640 2559 1786 2600 meos
1814 2544 1990 2614 (Psal.

351 2621 543 2701 mut,
571 2633 649 2702 3).
684 2631 926 2690 Gladius
955 2630 1276 2686 materialis
1306 2647 1421 2686 non
1452 2635 1681 2703 potest;
1714 2633 1994 2704 quoniam

353 2723 574 2782 habent
602 2720 866 2794 gladium
894 2719 1057 2776 verbi
1089 2719 1338 2790 Dei,quo
1355 2725 1637 2791 superant
1667 2721 1866 2777 omnia
1883 2721 2000 2778 tela

356 2807 705 2883 nequissimi
735 2807 923 2880 ignea.
975 2807 1138 2864 Unde
1166 2805 1482 2878 Apostolus
1528 2807 1668 2863 alibi
1697 2824 1710 2862 :
1747 2808 2002 2865 Gladium

353 2900 603 2972 spiritus,
635 2895 776 2968 quod
803 2901 884 2952 est
909 2897 1135 2952 verbum
1168 2898 1274 2952 Dei
1301 2896 1518 2968 (Ephes.
1550 2914 1626 2968 vx,
1659 2897 1744 2969 17)
1773 2897 1997 2970 (subin-

355 2985 655 3058 telligitur,
687 2986 988 3056 suscipite).
1885 2977 1904 2994 ¹

427 3074 501 3132 Ut
527 3078 721 3132 autem
752 3073 861 3128 hoc
890 3072 1184 3145 prophetae
1206 3073 1542 3130 testimonio
1573 3075 2000 3146 comprobaret,

2087 503 2334 559 vivendo
2363 504 2502 559 victi
2533 508 2692 572 sunt,
2726 505 2826 559 sed
2852 503 3156 559 moriendo
3170 502 3422 575 gloriose
3447 503 3735 560 vicerunt.

2088 591 2271 659 Quod,
2298 608 2413 647 non
2445 607 2647 648 eorum
2671 591 2915 662 meritis,
2937 609 3055 647 non
3083 591 3326 658 viribus,
3349 591 3450 647 sed
3476 591 3576 648 Dei
3599 609 3738 664 gra-

2089 680 2172 735 tia
2201 679 2581 735 tribuendum
2612 687 2697 735 est
2726 681 2896 750 (324).
2931 681 3093 736 Unde
3121 679 3434 752 Apostolus
3462 681 3688 740 addidit
3721 698 3735 737 :

2089 771 2321 840 Propter
2349 785 2474 824 eum
2505 769 2602 840 qui
2647 769 2852 824 dilexit
2877 785 2994 825 nos.
3048 769 3251 841 Igitur,
3283 769 3428 840 quia
3465 769 3740 840 superius

2091 857 2279 923 dixit:
2316 859 2446 925 Quis
2473 875 2573 914 nos
2616 859 2890 930 separabit
2927 874 2964 912 a
3009 858 3280 914 charitate
3327 861 3472 914 Dei?
3511 858 3586 914 Ut
3631 858 3744 915 hoc

2092 947 2288 1020 potius
2328 947 2668 1014 afﬁrmaret,
2720 947 2933 1019 adjecit
2964 963 2976 1002 :
3013 947 3202 1004 Certus
3245 964 3367 1003 sum
3415 949 3565 1004 enim
3591 947 3746 1019 quod

2092 1052 2264 1108 neque
2290 1051 2457 1102 mors,
2486 1053 2661 1108 neque
2686 1038 2820 1102 vita,
2853 1041 2961 1092 etc.
2993 1038 3072 1092 Ac
3101 1035 3154 1092 si
3182 1037 3400 1093 diceret
3433 1053 3450 1090 :
3481 1037 3547 1092 In
3578 1035 3745 1091 nullo

2096 1125 2320 1196 dubito,
2351 1124 2492 1196 quia
2516 1141 2620 1180 nec
2652 1141 2833 1189 mors,
2865 1140 2971 1181 nec
3021 1124 3162 1191 vita,
3193 1142 3299 1182 nec
3329 1125 3490 1181 aliud
3517 1124 3748 1196 aliquid

2093 1230 2190 1271 nos
2217 1229 2475 1285 separare
2500 1216 2700 1286 poterit
2751 1231 2785 1269 a
2829 1215 3099 1270 charitate
3145 1215 3262 1270 Dei.
3293 1214 3433 1271 Mors
3477 1214 3638 1270 enim
3669 1215 3749 1271 ab

2095 1303 2205 1359 hac
2234 1307 2472 1358 sanctos
2519 1317 2794 1374 separare
2836 1319 2951 1358 non
2984 1307 3198 1374 potest,
3231 1302 3510 1376 quoniam
3539 1302 3749 1360 nullus

2100 1395 2346 1448 mortem
2397 1391 2719 1459 minando;
2752 1390 2969 1462 quippe
3016 1407 3152 1448 cum
3186 1392 3336 1448 mori
3385 1407 3502 1446 non
3533 1391 3754 1464 possit,

2101 1496 2278 1552 quem
2325 1477 2595 1552 diligunt,
2626 1477 2827 1534 nullus
2873 1479 3052 1540 etiam
3095 1479 3276 1536 vitam
3327 1479 3750 1551 promittendo,

2103 1568 2380 1642 quoniam
2400 1569 2526 1640 ipse
2541 1572 2632 1624 est
2656 1584 2792 1624 vera
2811 1569 2950 1639 vita,
2969 1584 3146 1640 quem
3165 1568 3442 1640 diligunt,
3467 1568 3570 1640 qui
3590 1568 3664 1626 de
3685 1584 3753 1624 se

2103 1658 2230 1728 ipso
2259 1657 2337 1711 ait
2374 1673 2386 1711 :
2421 1657 2530 1726 Ego
2572 1673 2696 1712 sum
2741 1658 2852 1724 via,
2899 1660 3104 1714 veritas
3146 1661 3198 1714 et
3237 1657 3350 1714 vita
3398 1657 3578 1728 (Joan.
3630 1674 3753 1723 xxv,

2105 1745 2182 1818 6).
2210 1745 2407 1814 Angeli
2438 1745 2548 1800 hoc
2571 1744 2876 1810 loco,boni
2915 1744 3280 1818 intelligendi
3302 1744 3756 1802 sunt-.Similitsr

2099 1833 2196 1889 hic
2221 1834 2371 1905 (325)
2399 1833 2558 1899 enim
2587 1833 2812 1889 dictum
2859 1837 2966 1902 est,
3000 1834 3155 1905 quod
3186 1832 3326 1890 alibi
3355 1833 3437 1892 ait
3469 1851 3482 1890 :
3517 1832 3674 1902 Quod
3697 1834 3756 1890 si

2099 1923 2326 1992 angelus
2353 1922 2421 1978 de
2469 1922 2599 1978 caelo
2641 1922 3102 1992 evangelizaverit
3145 1923 3314 1990 vobis,
3343 1927 3756 1994 praeter-quam

2097 2012 2530 2081 evangelizatum
2559 2015 2656 2079 est,
2689 2011 2991 2068 anathema
3035 2013 3115 2070 sit:
3153 2011 3296 2080 (Gal.
3325 2027 3368 2082 1,
3397 2010 3474 2082 8).
3506 2011 3756 2080 Angelus

2101 2100 2302 2171 itaque
2330 2117 2599 2172 separare
2650 2116 2766 2155 non
2815 2105 3003 2171 potest
3029 2100 3179 2171 (326)
3204 2118 3218 2167 ;
3251 2099 3392 2172 quia
3420 2115 3530 2156 nso
3559 2103 3758 2156 mente

2102 2193 2304 2245 nostra
2317 2189 2872 2260 potentiorest,dum
2889 2188 3004 2245 Deo
3017 2188 3760 2261 inhaeremus.Principatus

2103 2276 2292 2333 malos
2321 2275 2558 2349 angelos
2601 2281 2787 2342 vocat,
2821 2277 2891 2342 de
2940 2276 3157 2348 quibus
3203 2276 3384 2333 alibi:
3414 2276 3759 2349 Ezspolzans

2109 2366 2455 2437 principatus
2484 2373 2535 2422 et
2559 2364 3194 2436 potestates,transdua:it
3214 2365 3562 2423 vehementer
3582 2365 3760 2437 (327),

2106 2455 2298 2525 palam
2327 2454 2673 2525 triumphans
2703 2470 2792 2509 eos
2813 2456 2874 2509 in
2901 2455 3210 2525 semetipso.
3237 2454 3305 2512 Hi
3339 2470 3611 2526 separare
3638 2469 3762 2510 non

2103 2542 2317 2609 valent,
2341 2540 2630 2613 quoniam
2660 2541 2806 2596 nihil
2833 2540 2950 2598 tale
2970 2541 3308 2613 promittere
3333 2542 3424 2600 vel
3456 2542 3600 2599 dare
3617 2557 3761 2614 pose

2105 2635 2265 2702 sunt,
2300 2631 2470 2702 quale
2501 2630 2791 2702 promittit
2819 2635 2878 2686 et
2907 2631 3008 2687 dat
3036 2631 3212 2687 Deus.

2176 2721 2356 2790 Neque
2399 2719 2690 2787 instantia,
2718 2734 2892 2790 neque
2935 2721 3169 2791 futura;
3197 2718 3308 2776 hoc
3357 2724 3468 2788 est,
3500 2735 3763 2792 praesen-

2106 2808 2256 2868 tium
2287 2808 2545 2875 donatio,
2578 2824 2683 2864 nec
2711 2809 3042 2865 futurorum
3063 2808 3378 2880 promissio
3403 2833 3418 2877 ;
3451 2808 3758 2881 quoniam,

2106 2901 2164 2952 et
2191 2896 2412 2952 caduca
2440 2899 2584 2951 sunt
2621 2913 2750 2968 quas
2782 2897 2893 2953 sub
2941 2896 3288 2953 oertitudine
3314 2897 3550 2964 dantur,
3577 2901 3637 2954 et
3665 2896 3762 2952 in-

2107 2989 2288 3053 certa,
2319 3002 2448 3056 quae
2477 2985 2921 3056 promittuntur.
2954 2986 3111 3042 Nihil
3141 2990 3341 3042 autem
3373 2985 3564 3059 magis
3592 2989 3761 3046 ater-

2113 3091 2279 3143 num,
2310 3078 2367 3130 et
2395 3073 2634 3142 certius,
2666 3075 2821 3146 quod
2853 3075 2954 3129 dat
2982 3074 3158 3130 Deus.

355 3163 661 3243 subiunxit
693 3180 707 3218 :
741 3137 1186 3233 Sicut-scriptum
1213 3170 1297 3218 est
1327 3181 1346 3216 :
1379 3163 1518 3231 Quia
1539 3137 1761 3235 propter
1788 3171 1838 3220 te
1855 3137 2001 3220 mor;
2032 3137 2076 3204 θ
2189 3137 2369 3234 Neque
2395 3137 2702 3234 fortitudo;
2729 3161 2981 3219 hocloco
3012 3162 3303 3218 malorum
3326 3161 3644 3234 spirituum
3666 3180 3766 3221 ao-

355 3251 634 3322 tiﬁcamur
658 3253 774 3307 tota
801 3250 912 3318 die,
943 3252 1204 3308 aestimati
1241 3267 1430 3308 sumus
1458 3260 1519 3308 ut
1545 3269 1666 3308 oves
1695 3255 1999 3310 occisionis.

355 3339 500 3396 Cum
530 3338 844 3411 Apostolus
875 3339 935 3395 in
965 3340 1230 3411 gentium
1262 3340 1661 3411 persecutione
1687 3342 2004 3410 laboraret,

357 3431 681 3500 martyrum
701 3427 966 3482 omnium
985 3443 1186 3482 vocem
1213 3428 1597 3496 sumens,ait:
1623 3430 1764 3497 Quia
1781 3440 2004 3502 propter

356 3519 426 3584 te,
459 3519 571 3570 etc.
604 3513 714 3570 Ubi
734 3514 1079 3583 notandum,
1107 3515 1246 3586 quia
1274 3531 1391 3570 non
1419 3515 1500 3570 ait
1528 3521 1782 3585 tantum,
1805 3521 2004 3575 morti-

357 3602 609 3673 ﬁcamur,
641 3602 743 3658 sed
774 3601 1019 3666 addidit,
1052 3610 1160 3659 tota
1188 3601 1276 3658 die
1304 3623 1323 3658 :
1353 3605 1655 3676 quoniam,
1686 3605 1837 3662 sicut
1869 3607 2002 3663 Ori-

359 3705 537 3764 genes
568 3689 731 3758 dicit,
756 3706 871 3748 non
905 3690 1144 3757 sufficit,
1158 3696 1224 3746 ut
1250 3697 1567 3763 momento,
1587 3693 1750 3767 hora,
1779 3711 2001 3762 mense,

358 3777 447 3834 vel
479 3795 631 3836 anno
662 3778 1104 3846 mortiﬂcemur,
1136 3779 1249 3834 nisi
1297 3781 1473 3836 etiam
1503 3785 1626 3838 tota
1656 3783 1770 3852 die,
1801 3784 1858 3839 id
1893 3789 2003 3853 est,

360 3866 522 3924 omni
552 3871 815 3940 tempore
843 3867 972 3923 vitae
1002 3869 1328 3940 praesentis.

432 3955 503 4012 Ut
531 3972 664 4012 oves
694 3955 1002 4012 occisionis
1031 3956 1300 4013 estimati
1331 3961 1471 4013 sunt
1500 3959 2004 4032 sancti,quoniam

358 4043 518 4101 velut
547 4059 680 4102 oves
711 4044 1137 4104 mactabantur.
1172 4046 1239 4101 Et
1284 4045 1530 4117 pulchre
1559 4048 1648 4104 ovi
1679 4049 2007 4106 assimilan-

360 4134 457 4188 tur
483 4130 656 4204 (322),
691 4135 927 4202 propter
974 4131 1395 4201 innocentiam,
1437 4138 1494 4190 et
1541 4134 2001 4207 simplicitatem,

359 4220 502 4289 sive,
543 4218 682 4290 quia
711 4219 794 4273 illi
840 4219 1137 4290 conjuncti
1185 4225 1346 4288 sunt,
1379 4222 1451 4278 de
1499 4239 1614 4294 quo
1661 4225 1846 4280 Isaias
1876 4226 2000 4282 ait:

360 4306 510 4362 Sicut
538 4309 651 4362 ovis
679 4306 753 4368 ad
775 4309 1098 4364 occisionem
1125 4307 1354 4364 ducetur
1379 4311 1504 4380 (Isa.
1539 4328 1670 4378 LVII,
1698 4314 1776 4384 7).

431 4394 580 4460 Quid
614 4398 810 4450 autem
843 4395 902 4450 in
933 4394 1025 4450 bis
1076 4400 1253 4470 agant
1295 4398 1464 4469 (323),
1510 4416 1624 4455 non
1674 4402 2004 4476 dejicimur,

2108 3252 2444 3323 cipiendum
2475 3255 2583 3321 est,
2615 3251 2687 3307 de
2717 3268 2836 3322 qua
2862 3252 3146 3307 Dominus
3171 3252 3232 3308 in
3262 3251 3596 3325 Evangelia.
3625 3252 3768 3311 Cum

2107 3343 2270 3412 [ortis
2290 3344 2540 3396 armatus
2556 3341 2792 3397 custodit
2813 3341 3025 3396 atrium
3043 3357 3203 3407 suum
3221 3340 3372 3412 (Luc.
3394 3357 3476 3405 xx,
3503 3341 3618 3412 21),
3649 3347 3765 3400 etc.

2110 3430 2331 3485 Horum
2362 3429 2642 3484 fortitudo
2673 3444 2945 3500 separare
2975 3446 3090 3486 non
3121 3433 3334 3501 potest,
3363 3428 3644 3501 quoniam
3675 3431 3769 3487 in-

2111 3516 2584 3588 comparabiliter
2611 3517 2729 3574 illis
2759 3517 2963 3574 fortior
2991 3522 3084 3576 est
3105 3518 3285 3575 Deus.

2183 3605 2545 3662 Altitudinem
2573 3605 2718 3676 caeli,
2749 3610 2807 3662 et
2833 3607 3170 3677 profundum
3199 3612 3367 3664 terrai
3397 3606 3573 3668 dicit:
3605 3607 3769 3665 unde

2111 3693 2293 3750 Isaias
2322 3693 2584 3766 loquitur
2610 3695 2684 3749 ad
2709 3694 2898 3750 Achaz
2931 3713 2944 3751 :
2977 3697 3105 3752 Pete
3123 3696 3228 3751 tibi
3252 3697 3477 3764 signum
3504 3712 3544 3752 a
3569 3697 3769 3752 Domi-

2109 3798 2185 3838 no
2213 3783 2340 3848 Deo,
2371 3784 2486 3839 sive
2514 3784 2576 3838 in
2602 3783 2810 3840 excelso
2839 3800 3030 3855 supra,
3060 3786 3177 3841 sive
3203 3785 3266 3839 in
3311 3790 3468 3840 terra
3507 3784 3775 3843 deorsum

2112 3872 2280 3942 (328).
2315 3871 2385 3926 Et
2415 3875 2506 3927 est
2547 3888 2760 3928 sensus
2792 3888 2805 3927 :
2837 3876 2976 3929 Pete
3004 3873 3109 3928 tibi
3159 3872 3296 3938 coeli
3321 3873 3778 3941 reserationem,

2112 3963 2169 4015 et
2196 3965 2360 4016 terra)
2389 3960 2774 4032 apertionem,
2808 3964 2894 4027 ut,
2927 3962 3070 4016 dum
3099 3961 3314 4018 videris
3342 3978 3470 4034 quae
3501 3979 3660 4020 nunc
3686 3963 3774 4024 vi.-

2113 4048 2274 4115 disti,
2302 4049 2507 4106 credas
2537 4050 2782 4112 Domino
2811 4048 2928 4106 Deo
2961 4049 3161 4106 Israel.

2190 4138 2316 4193 Haec
2346 4137 2544 4210 itaque
2574 4154 2845 4210 separare
2871 4155 2989 4194 non
3015 4145 3284 4211 possunt,
3316 4139 3622 4213 quoniam,
3652 4140 3774 4200 etsi

2113 4225 2240 4282 οωιί
2274 4226 2591 4296 occultum,
2623 4232 2681 4284 et
2726 4231 2895 4284 terra:
2941 4233 3235 4284 secretum
3286 4234 3584 4301 appareat,
3616 4229 3766 4286 nihil

2113 4319 2309 4370 tamen
2342 4316 2401 4371 in
2456 4315 2530 4372 iis
2581 4315 2794 4380 melius
2824 4316 2952 4390 ipso
3000 4317 3118 4374 Deo
3147 4317 3320 4389 (329),
3371 4317 3476 4390 qui
3502 4333 3566 4377 se
3594 4317 3769 4377 nobis

2115 4405 2392 4460 daturum
2423 4404 2712 4477 promisit.

361 4499 488 4556 non,
510 4481 793 4555 perimus,
822 4483 915 4539 sed
959 4500 1284 4556 superamus
1332 4488 1394 4541 in
1443 4489 1711 4547 omnibus.
1749 4492 1854 4548 Ubi
1899 4511 2002 4550 no-
2035 4503 2082 4566 D
2186 4492 2464 4563 Sequitur
2496 4511 2510 4550 :
2541 4495 2721 4566 Neque
2739 4501 3000 4552 creatura
3030 4494 3146 4549 alia
3168 4509 3268 4550 nos
3286 4496 3488 4564 poterit
3505 4512 3777 4569 separare

362 4573 633 4640 tandum,
666 4571 806 4644 quia
833 4589 947 4628 non
993 4573 1073 4630 ait
1101 4577 1354 4642 tantum,
1404 4577 1465 4630 in
1494 4576 1594 4644 his,
1627 4580 1728 4636 sed
1760 4582 2009 4652 addidit,

363 4662 634 4717 omnibus.
665 4662 864 4718 Potest
893 4662 1050 4718 enim
1105 4663 1320 4736 aliquis
1350 4665 1784 4724 tribulationem
1817 4674 1875 4725 et
1903 4689 2007 4728 an-

365 4749 621 4822 gustiam
651 4767 929 4824 superare
961 4768 975 4807 :
1006 4768 1232 4819 verum,
1266 4753 1379 4810 nisi
1421 4755 1597 4810 etiam
1631 4755 1869 4827 famem,
1901 4778 2015 4816 nu-

366 4837 608 4894 ditatem
639 4843 695 4894 et
723 4843 930 4897 cetera
956 4839 1169 4908 vincat,
1204 4858 1320 4897 non
1367 4843 1584 4899 sufﬁcit
1609 4845 1680 4900 ad
1712 4848 2014 4917 perfectio-

365 4943 523 4984 nem.

389 4996 396 5003 O
437 5019 506 5074 Et
543 5016 790 5090 pulchre
818 5016 978 5090 dicit,
997 5035 1322 5091 superamus
1352 5039 1372 5075 :
1397 5022 1500 5093 qui
1521 5022 1674 5079 enim
1707 5024 2014 5092 vincit,su-

436 5195 585 5266 (322)
617 5193 679 5271 In
711 5196 1357 5271 autog.assimutantur;
1389 5200 1543 5271 quod
1575 5201 1750 5258 etiam
1783 5218 1848 5258 eo
1879 5220 2010 5259 sen-

367 5281 433 5320 su
471 5272 624 5322 recte
655 5267 769 5340 legi
801 5267 1010 5342 potest,
1049 5269 1203 5342 quod
1237 5269 1370 5326 ﬁcte
1399 5267 1534 5326 oves
1567 5271 1856 5341 dicantur,
1889 5275 2010 5330 sive

367 5353 485 5412 per“
514 5341 1032 5412 comparationem,
1067 5345 1353 5412 martyres
1383 5342 1591 5398 sancti.

437 5407 584 5483 (323)
616 5407 997 5483 Subintellige
1017 5407 1298 5483 subditur.

369 5478 610 5606 te
622 5480 701 5534 En
733 5478 1096 5540 constantem
1118 5481 1451 5557 gravissimi
1481 5483 1728 5556 hujusce
1756 5483 1860 5541 viri
1883 5503 2012 5544 sen-

429 5565 632 5605 nuam.

2117 4598 2153 4636 a
2197 4581 2467 4636 charitate
2493 4584 2611 4650 Dei,
2664 4599 2783 4653 quae
2811 4584 2980 4638 estin
3032 4583 3243 4638 Christo
3288 4587 3442 4641 Jesu.
3495 4583 3614 4640 Hoc
3665 4601 3772 4658 per

2117 4669 2620 4742 exaggerationem
2651 4669 2899 4740 adjecit;
2933 4687 3000 4726 ac
3029 4669 3079 4725 si
3105 4671 3324 4730 diceret
3354 4688 3369 4726 :
3401 4672 3510 4727 etsi
3541 4679 3631 4730 est
3659 4673 3768 4729 uli-

2122 4775 2238 4830 qua
2268 4758 2383 4813 alia
2411 4766 2696 4828 creatura,
2721 4776 2834 4814 non
2860 4777 2964 4815 nos
2986 4759 3199 4831 poterit
3229 4775 3498 4833 separare
3519 4778 3552 4818 a
3582 4761 3772 4818 chari-

2121 4851 2240 4902 tate
2275 4847 2391 4904 Dei.
2418 4847 2554 4916 Qum
2581 4857 2658 4903 est
2687 4848 2746 4904 in
2778 4848 2988 4906 Christo
3033 4849 3158 4904 Jesu
3201 4849 3366 4916 dicit,
3396 4850 3674 4922 quoniam
3705 4851 3780 4913 in-

2121 4935 2249 5007 ipso
2269 4952 2339 4991 ex
2363 4941 2576 4994 natura
2594 4945 2709 5005 est;
2734 4937 3010 5008 quiaipse
3029 4942 3118 4993 est
3137 4937 3492 5005 ebaritas,et
3506 4941 3772 5016 operatio

2122 5028 2230 5091 est,
2264 5024 2541 5097 quoniam
2576 5025 2893 5082 exinanivit
2923 5024 3329 5098 semetipsum,
3349 5031 3408 5083 et
3437 5044 3542 5117 prq
3567 5033 3773 5091 nostra

2191 5203 2340 5277 (325)
2370 5203 2496 5277 Duo
2526 5204 2703 5277 verba
2729 5203 2997 5277 similiter
3023 5203 3112 5277 hic
3142 5203 3223 5258 ita
3245 5201 3524 5277 leguntur
3548 5207 3617 5262 si.
3645 5205 3703 5262 Ιδ.

2191 5273 2337 5348 (326)
2370 5275 2429 5348 S_i
2450 5292 2563 5348 per
2590 5273 2956 5348 impossibile
2985 5275 3043 5332 id
3074 5278 3274 5348 tentet.

2192 5345 2338 5418 (327)
2371 5345 2566 5418 Coloss.
2596 5364 2658 5413 11,
2681 5345 2779 5418 ‘15.
2810 5345 2982 5418 Vulg.
3013 5345 3362 5415 conﬁdenter.

2192 5417 2355 5500 (3128)¹
2371 5417 2542 5500 Vulg.
2557 5421 2692 5500 pete
2720 5417 2824 5500 tibi
2869 5417 3090 5499 signum
3117 5435 3151 5500 ᾳ
3179 5419 3414 5476 Domino
3445 5422 3554 5480 Deo
3581 5423 3676 5477 tuo
3705 5422 3768 5477 in

2115 5488 2450 5562 profundum
2482 5488 2710 5560 inferni,
2740 5491 2856 5562 sive
2891 5489 3260 5562 iarexcelsum
3289 5507 3479 5562 supra.

2190 5559 2338 5632 (329)
2369 5559 2488 5618 Hoc
2515 5565 2626 5629 est,
2657 5561 2796 5634 quod
2821 5561 3161 5635 aequiparari
3187 5559 3365 5634 possit
3382 5562 3513 5620 Deo.
