4094 6168
898 358 1314 420 EXPOSITIO
1356 357 1437 419 ΙΝ
1478 354 1910 419 EPISTULAS
1949 353 2310 419 PAULL—
2337 357 2422 420 IN
2463 353 2711 423 EPIST.
2763 363 2868 424 AD
2912 361 3102 426 ROM.

3579 355 3710 421 218

301 487 493 546 salute
518 487 782 556 tradidit,
811 489 874 545 in
913 488 1130 546 sanctis
1157 504 1290 544 vero
1319 487 1446 546 sola
1473 489 1809 561 operatione
1837 500 1944 561 per
1968 491 2022 560 Α
2061 491 2214 564 optio
2237 500 2315 548 est
2342 493 2489 564 (331)
2527 495 2795 564 ﬁliorum.
2824 493 3158 551 Iudaeorum
3189 496 3278 550 est
3304 493 3558 550 ﬁliorum
3590 491 3698 549 ad-

301 578 552 652 gratiam
584 577 688 634 Dei
719 579 888 651 (330).

373 669 559 734 Quam
611 671 677 724 ut
721 668 833 724 sibi
872 667 1050 724 etiam
1090 667 1284 723 inesse
1313 669 1665 735 ostenderet,
1694 668 1895 724 intulit
1928 685 1942 724 :

303 755 569 828 Optabam
593 759 744 813 enim
769 772 868 826 ego
897 758 1012 827 ipse
1038 757 1330 812 anathema
1366 773 1478 813 esse
1523 775 1558 812 a
1605 759 1819 814 Christo
1844 773 1947 831 pro

297 847 576 918 fratribus
595 847 748 913 metis,
768 850 874 901 etc.
896 845 970 901 Ut
990 850 1185 902 autem
1217 846 1328 902 sibi
1352 845 1570 903 arctius
1590 849 1944 915 crederetur,

296 935 588 1008 promisit
641 935 1084 1006 jusjurandum,
1145 936 1406 991 dicens:
1473 938 1764 993 Veritatem
1828 938 1948 994 dico

296 1024 461 1094 (CAP.
489 1023 580 1095 IX)
603 1039 615 1077 :
643 1027 722 1088 et,
743 1026 808 1077 ut
829 1023 1022 1095 magis
1042 1024 1216 1080 etiam
1239 1025 1350 1080 sibi
1377 1025 1522 1080 ﬁdes
1548 1027 1949 1084 accommoda-

297 1117 482 1182 retur,
514 1111 738 1168 addidit
771 1128 784 1167 :
834 1114 898 1168 In
935 1112 1152 1169 Christo
1178 1130 1286 1168 non
1317 1116 1573 1170 mentior.
1607 1115 1676 1169 Et
1706 1116 1948 1187 pulchre

295 1202 400 1265 ait,
429 1203 490 1256 in
522 1201 735 1257 Christo
755 1218 775 1256 :
806 1201 1146 1273 quicunque
1175 1203 1331 1257 enim
1360 1202 1660 1258 veritatem
1694 1203 1946 1276 loquun-

293 1293 415 1356 tur,
441 1289 502 1345 in
522 1288 754 1345 Christo
779 1291 1122 1362 loquuntur,
1147 1291 1424 1362 quoniam
1446 1290 1572 1363 ipse
1591 1296 1681 1348 est
1708 1293 1944 1350 veritas.

367 1378 486 1434 Cur
514 1382 710 1434 autem
758 1378 880 1434 hac
928 1379 1294 1450 praemiserit,
1323 1379 1582 1435 ostendit
1615 1397 1629 1436 :
1681 1382 1948 1449 Quoniam

293 1469 531 1524 tristitia
554 1475 635 1523 est
660 1467 804 1523 mihi
820 1483 1043 1539 magna,
1064 1470 1116 1523 et
1145 1470 1439 1524 continuus
1457 1469 1617 1525 dolor
1629 1470 1783 1526 cordi
1805 1487 1944 1527 meo.

295 1556 406 1614 Ubi
433 1555 815 1629 quaerendum
834 1562 946 1626 est,
971 1572 1152 1629 quare
1177 1557 1290 1612 sibi
1313 1559 1503 1614 inesse
1523 1559 1823 1614 tristitiam
1853 1577 1946 1617 as-

294 1646 458 1715 serit,
486 1661 620 1701 cum
651 1644 928 1701 Salomon
958 1646 1151 1702 dicat:
1183 1646 1467 1719 Quidquid
1494 1649 1754 1704 acciderit
1772 1650 1946 1720 justo,

293 1749 406 1790 non
425 1734 774 1790 contristabit
787 1749 914 1790 eum
935 1734 1118 1804 (Prov.
1140 1751 1242 1805 xu,
1265 1736 1379 1806 21).
1403 1741 1490 1791 An
1522 1736 1576 1792 is
1598 1739 1801 1808 justus
1831 1754 1947 1793 non

2055 582 2233 653 optio,
2267 585 2546 654 quoniam
2595 585 2706 656 ipsi
2758 585 2946 658 primo
2985 583 3169 640 vocati
3214 587 3372 653 sunt,
3405 590 3471 640 ut
3501 586 3700 640 essent

2055 671 2308 742 adeptivi
2342 671 2449 727 ﬁlii
2496 673 2613 739 Dei,
2639 675 2808 744 juxta
2850 673 2995 729 illud
3030 690 3044 728 :
3092 674 3496 746 Primogenitus
3545 689 3700 728 meus

2054 761 2224 814 Israel
2245 760 2436 831 (Exod.
2469 778 2544 827 IV,
2575 763 2686 831 22).
2721 762 2785 817 Et
2805 761 3089 818 Dominus
3119 779 3222 832 per
3241 762 3455 816 Isaiam
3481 778 3494 815 :
3527 762 3697 818 Filios

2054 851 2240 917 genui,
2262 859 2315 905 et
2333 852 2574 906 enutrivi
2585 869 2610 915 ;
2630 853 2740 922 ipsi
2758 859 2936 907 autem
2955 853 3354 908 contemnentes
3376 855 3700 921 spreverunt

2053 953 2142 993 me
2168 940 2294 1010 (Isa.
2330 957 2367 1006 ι,
2393 939 2471 1011 2).
2496 940 2624 995 Sive
2650 940 2906 1012 adOptivi
2937 939 3040 995 ﬁlii
3074 940 3170 995 Dei
3205 938 3480 994 dicuntur
3507 955 3520 994 :
3553 955 3694 1008 quo-

2056 1025 2234 1096 niam,
2267 1028 2534 1084 veniente
2566 1027 2827 1093 Domino,
2859 1027 3029 1084 multi
3060 1045 3261 1084 eorum
3294 1028 3693 1098 crediderunt,

2056 1118 2114 1171 et
2142 1115 2273 1171 facti
2299 1121 2437 1172 sunt
2459 1117 2711 1198 adoptivi
2735 1115 2840 1171 ﬁlii
2862 1117 2983 1172 Dei.
3008 1117 3170 1173 Unde
3192 1117 3327 1172 alibi
3356 1117 3527 1172 dicit:
3552 1117 3699 1172 Misit

2055 1205 2194 1260 Deus
2220 1207 2423 1262 Filium
2453 1223 2614 1261 suum
2641 1209 2703 1261 in
2732 1207 2876 1261 hunc
2902 1206 3188 1270 mundum,
3219 1208 3432 1277 factum
3473 1221 3544 1261 ex
3572 1222 3694 1260 mu-

2055 1295 2209 1360 liere,
2245 1296 2455 1366 factum
2483 1295 2582 1351 sub
2614 1297 2744 1368 lege,
2775 1304 2836 1351 ut
2862 1311 2968 1362 eos,
3002 1296 3099 1366 qui
3125 1295 3228 1350 sub
3257 1296 3373 1366 lege
3400 1297 3578 1359 erant,
3611 1309 3697 1349 re-

2053 1381 2307 1451 dimeret,
2355 1389 2417 1440 ut
2469 1385 2818 1456 adoptionem
2873 1385 3116 1455 ﬁliorum
3176 1387 3278 1441 Dei
3331 1387 3700 1452 reciperemus

2057 1471 2198 1543 (Gal.
2233 1491 2308 1539 1v,
2346 1473 2419 1540 4).

2127 1564 2196 1617 Et
2221 1563 2418 1633 gloria.
2450 1562 2644 1618 Gloria
2666 1563 2770 1619 illa
2794 1563 2890 1618 hic
2908 1561 3292 1635 intelligenda
3311 1565 3421 1628 est,
3443 1575 3560 1633 qua
3587 1559 3696 1616 Ju-

2056 1651 2161 1706 daei
2193 1651 2524 1722 specialiter
2549 1652 2837 1724 assumpti
2869 1656 3009 1708 sunt
3035 1669 3102 1708 ex
3131 1649 3406 1706 omnibus
3426 1645 3699 1722 gentibus

2056 1739 2116 1795 in
2140 1739 2492 1812 peculiarem
2515 1740 2796 1813 populum
2811 1741 2941 1797 Dei:
2962 1741 3117 1796 unde
3142 1739 3411 1811 superius
3433 1739 3539 1794 ait:
3561 1738 3701 1806 Quid

297 1825 462 1919 erat?
491 1822 638 1887 Quia
661 1838 798 1919 ergo
825 1823 897 1879 de
915 1824 1044 1919 ejus
1066 1823 1303 1919 justitia
1325 1824 1800 1919 nullusdubitat,
1822 1827 1951 1919 ipse
1979 1853 2028 1919 Β
2058 1830 2295 1902 amplius
2343 1839 2421 1886 est
2459 1831 2692 1887 Iudaeo?
2722 1831 2790 1886 Et
2817 1847 2954 1886 mox
2985 1847 2998 1886 :
3054 1830 3290 1888 Mullum
3337 1844 3436 1900 per
3485 1842 3702 1883 omnem

299 1911 462 1967 hanc
481 1913 862 1983 quastionem
887 1912 1091 1969 solvat.
1111 1913 1262 1969 Dicit
1282 1918 1479 1970 autem
1505 1914 1676 1971 alibi:
1702 1917 1951 1972 Tristitia
1979 1911 2024 1919 ”
2057 1919 2302 1986 modum,
2333 1925 2443 1975 etc.
3509 1925 3514 1930 “

298 2001 500 2056 seculi
525 2002 642 2072 ejus
669 2010 901 2058 mortem
925 2010 1225 2073 operatur;
1255 2004 1487 2058 tristitia
1524 2020 1666 2071 vero,
1699 2019 1825 2074 quae
1867 2021 1949 2060 se-

304 2090 555 2144 cundum
581 2089 754 2144 Deum
798 2097 894 2158 est,
924 2091 1302 2162 paenitentiam
1347 2094 1409 2146 in
1426 2093 1658 2148 salutem
1697 2094 1951 2149 stabilem

297 2177 375 2248 (εΗ
403 2177 523 2234 Cor.
555 2193 655 2243 vn,
688 2179 796 2250 10).
830 2178 1200 2234 Tristabatur
1230 2195 1386 2253 ergo.
1421 2182 1522 2237 sed
1551 2180 1655 2236 illa
1682 2181 1948 2253 tristitia,

299 2282 428 2338 quae
458 2267 786 2322 secundum
817 2267 1002 2323 Deum
1033 2272 1144 2335 est,
1175 2267 1392 2340 quippe
1423 2286 1526 2340 pro
1558 2285 1800 2325 suorum
1835 2271 1948 2326 fra-

297 2359 451 2410 trem
480 2353 690 2410 salute.
723 2354 889 2410 Unde
919 2355 1031 2412 sibi
1063 2357 1321 2413 dolorem
1353 2358 1530 2413 etiam
1559 2357 1755 2414 inesse
1784 2359 1945 2428 dicit,

297 2446 494 2498 etnon
515 2458 945 2516 quemcunque,
969 2445 1071 2500 sed
1093 2444 1440 2501 continuum
1466 2460 1481 2502 :
1514 2444 1776 2518 Optabam
1795 2449 1949 2503 enim

296 2546 394 2602 ego
424 2532 537 2603 ipse
563 2532 862 2588 anathema
890 2548 1001 2589 esse
1047 2549 1082 2588 a
1120 2532 1333 2589 Christo
1362 2549 1460 2606 pro
1487 2537 1760 2605 fratribus
1785 2537 1943 2592 meis.

297 2618 665 2676 Incredibilis
693 2626 784 2676 est
824 2621 948 2678 huic
976 2621 1252 2678 charitas.
1285 2623 1393 2679 Sed
1425 2623 1774 2690 notandum,
1808 2625 1948 2696 quia

299 2709 404 2774 ait,
434 2709 706 2781 optabam,
739 2727 878 2780 non,
922 2717 1044 2782 opto
1072 2728 1092 2766 :
1141 2716 1336 2783 potest
1380 2713 1538 2768 enim
1593 2713 1897 2770 subaudiri
1930 2730 1946 2770 :

299 2797 585 2870 Optabam
607 2804 768 2867 tunc,
783 2815 918 2854 cum
939 2815 1128 2856 essem
1151 2803 1530 2871 paternarum
1552 2818 1816 2858 mearum
1839 2808 1952 2858 tra-

299 2886 590 2943 ditionum
621 2888 944 2956 mmulator,
967 2906 1148 2960 supra
1177 2889 1397 2946 multos
1416 2897 1736 2948 coaetaueos
1762 2892 1820 2946 in
1849 2907 1947 2965 ge-

300 2991 439 3032 nere
467 2993 596 3033 meo
627 2975 770 3049 (Gal.
794 2994 834 3045 ι,
859 2979 968 3047 14).
992 2979 1062 3033 Et
1090 2982 1181 3034 est
1209 2994 1460 3035 sensus:
1492 2980 1780 3052 Optabam
1808 2985 1950 3038 tunc

298 3065 559 3135 separari
607 3083 642 3122 a
687 3065 919 3122 Christo
960 3082 1066 3138 pro
1109 3067 1358 3123 fratrum
1396 3084 1662 3124 meorum
1711 3069 1945 3126 salute:

294 3152 518 3210 Aliter:
552 3156 678 3221 Qua
705 3154 1030 3211 intentione
1057 3155 1285 3228 Moyses
1313 3158 1538 3224 orabat,
1569 3158 1770 3213 dicens
1795 3174 1809 3212 :
1847 3160 1948 3214 Do-

294 3244 478 3313 πιεηε,
498 3210 602 3300 au}
621 3210 838 3300 dimitte
866 3210 1010 3299 hanc
1033 3210 1240 3300 mea...
1265 3210 1488 3316 spis,
1503 3210 1763 3303 ass;
1779 3210 1872 3302 te
1883 3210 1951 3304 i.
1979 3210 2030 3280 ο-

296 3330 463 3402 libro,
493 3347 656 3402 quem
681 3334 903 3403 scripsit
929 3348 1130 3388 manus
1169 3345 1269 3389 tua
1297 3334 1489 3404 (Exod.
1519 3351 1699 3403 xxxix,
1731 3336 1822 3404 31)
1846 3353 1860 3404 ;
1893 3339 1952 3392 et

292 3417 573 3476 Michaeas
597 3436 611 3474 :
648 3420 870 3476 Utinam
894 3437 1008 3476 non
1033 3436 1212 3477 essem
1240 3423 1330 3478 vir
1355 3421 1562 3480 habens
1591 3425 1871 3495 spiritum,
1897 3428 1953 3480 et

292 3506 648 3563 mendacium
672 3510 850 3580 potius
879 3509 1132 3581 loquerer
1157 3511 1352 3582 (Mich.
1393 3527 1456 3580 ιι,
1504 3511 1636 3584 11);
1691 3517 1749 3569 et
1793 3515 1952 3584 Apo-

297 3594 498 3651 stolus.
518 3596 762 3666 optabat
803 3613 840 3652 a
864 3597 1092 3654 Christo
1120 3598 1247 3654 ﬁeri
1279 3599 1613 3668 anathema,
1644 3605 1712 3656 ut
1737 3601 1951 3658 fratres

302 3684 394 3740 sui
426 3685 499 3740 ad
530 3685 709 3740 fidem
742 3685 1142 3743 conﬂuerent:
1171 3688 1398 3760 Moyses
1430 3689 1612 3756 enim,
1644 3689 1953 3748 charitatis

302 3773 444 3846 igne
465 3789 771 3846 accensus,
798 3779 866 3830 ut
895 3774 1130 3831 facilius
1156 3776 1388 3832 veniam
1421 3792 1526 3848 pro
1558 3777 1772 3849 populo
1798 3780 1948 3834 obti-

302 3878 442 3918 nere
488 3867 710 3935 posset,
741 3863 852 3920 hoc
897 3865 1141 3931 orabat;
1175 3864 1446 3920 similiter
1473 3871 1533 3922 et
1561 3866 1852 3934 Michaaas,
1885 3873 1951 3925 ut

300 3951 543 4021 excidia,
560 3956 626 4008 et;
647 3950 856 4024 plagis,
879 3968 1028 4024 quas
1051 3953 1396 4024 praeviderat
1412 3958 1712 4021 venturas,
1735 3955 1948 4027 populo

302 4040 409 4094 Dei
454 4055 567 4096 non
614 4041 932 4096 evenirent.
967 4042 1078 4097 Sed
1117 4042 1423 4097 sciendum
1472 4041 1615 4113 quia
1659 4045 1952 4100 anathema

298 4130 513 4196 Grece,
546 4129 752 4192 Latine
795 4130 1060 4186 alienatio
1092 4129 1310 4186 dicitur
1338 4146 1352 4184 :
1405 4129 1721 4202 aliquando
1751 4136 1950 4188 autem

298 4220 563 4273 mortem.
583 4218 878 4292 signiﬁcat
906 4219 1063 4275 sicut
1097 4218 1166 4274 in-
1188 4218 1384 4275 Veteri
1413 4221 1788 4277 Testamento
1824 4238 1837 4278 :
1890 4221 1952 4278 Si

297 4305 440 4378 quis
483 4306 614 4377 hoc,
645 4311 758 4371 aut~
793 4306 952 4362 illud
971 4307 1190 4374 fecerit,
1223 4308 1538 4364 anathema
1566 4310 1683 4377 sit;
1731 4311 1790 4366 id
1835 4316 1947 4380 est,

297 4396 729 4453 condemnetur
753 4397 832 4452 ad
860 4400 1132 4452 mortem.
1166 4395 1450 4454 Similiter
1474 4413 1612 4470 ergo
1641 4398 1752 4454 hoc
1795 4399 1948 4468 loco,

296 4499 408 4556 pro
462 4489 650 4541 morte
680 4488 890 4557 potest
940 4485 1148 4557 accipi.
1194 4485 1442 4557 Optabat
1494 4486 1658 4542 enim
1708 4503 1950 4560 corpore

2129 2009 2194 2063 Et
2245 2012 2567 2064 testamenta
2611 2010 2783 2078 (332).
2831 2008 3012 2064 Vetus
3063 2010 3121 2063 et
3167 2006 3393 2062 Novum
3444 2003 3705 2076 accipere

2058 2096 2380 2164 debemus;
2413 2098 2554 2152 dum
2602 2098 2759 2152 enim
2798 2096 2917 2152 illis
2956 2096 3138 2152 Vetus
3167 2096 3371 2150 datum
3401 2097 3509 2158 est,
3542 2092 3600 2147 in
3635 2107 3699 2146 eo

2060 2184 2542 2256 prmfigurabatnr
2575 2185 2821 2242 Novum.
3663 2255 3666 2260 _
3685 2253 3692 2258 ,

2126 2272 2193 2329 Et
2237 2274 2526 2344 legislatio.
2577 2272 2906 2346 Legislatio,
2955 2273 3014 2328 id
3067 2276 3158 2327 est
3211 2269 3364 2344 legis
3414 2268 3698 2326 constitu-

2055 2362 2156 2429 tio,
2189 2361 2424 2417 illorum
2455 2366 2580 2430 est;
2613 2362 2892 2434 quoniam
2929 2360 3049 2416 illis
3087 2359 3403 2416 constituta
3447 2361 3538 2414 est
3587 2357 3701 2426 lex,

2056 2451 2554 2522 quemadmodum
2567 2452 2910 2516 viverent,et
2923 2452 3052 2522 ejus
3069 2449 3362 2505 mandatis
3375 2447 3696 2504 obedirent.

2125 2541 2191 2596 Et
2218 2541 2555 2612 obsequium.
2587 2540 2946 2612 Obsequium
2968 2537 3286 2594 dicitillius
3311 2536 3533 2593 Veteris
3551 2537 3697 2592 Tes-

2054 2630 2298 2685 tamenti
2330 2629 2574 2695 cultum,
2603 2643 2718 2702 quo
2748 2629 2935 2685 Judai
2965 2627 3440 2700 obsequebantur
3472 2626 3605 2695 Deo,
3637 2623 3699 2679 in

2057 2717 2368 2774 eﬂerendis
2391 2717 2695 2775 sacriﬁciis
2723 2722 2780 2774 et
2810 2717 3110 2773 servandis
3141 2717 3270 2788 ejus
3300 2713 3625 2787 prmceptis.

2126 2808 2194 2862 Et
2212 2809 2511 2879 promissa.
2543 2807 2840 2863 Promissa
2882 2811 3051 2864 vocat
3096 2803 3539 2878 promissiones,
3571 2818 3698 2874 quis

2057 2895 2221 2951 factae
2251 2901 2393 2952 sunt
2419 2912 2523 2968 per
2553 2896 2866 2967 prophetas
2895 2899 2952 2951 et
2982 2895 3341 2968 patriarchas
3372 2893 3441 2949 de
3472 2893 3611 2959 Deo,
3635 2896 3702 2946 ut

2057 2983 2201 3038 illud
2227 3003 2239 3040 :
2271 2986 2362 3039 Sic
2387 2986 2492 3040 erit
2519 3000 2700 3040 semen
2727 2989 2885 3039 tuum
2913 2983 3065 3055 (Cen.
3097 3000 3190 3048 xv,
3219 2984 3276 3053 5)
3312 3000 3325 3038 :
3356 2981 3496 3037 item
3521 2997 3535 3037 :
3567 2980 3702 3035 Mut-

2057 3073 2312 3144 tiplicans
2328 3073 2704 3145 multiplicabo
2727 3089 2911 3129 semen
2936 3082 3093 3127 tuum
3123 3071 3272 3144 (Gen.
3305 3087 3419 3136 xvr,
3445 3070 3554 3140 10),
3588 3073 3696 3124 etc.

2057 3160 2130 3215 Et
2155 3161 2292 3216 item
2332 3177 2345 3215 :
2399 3165 2468 3216 In
2511 3163 2718 3216 semine
2757 3169 2849 3216 tuo
2890 3160 3280 3216 benedicentur
3304 3174 3490 3213 omnes
3519 3156 3705 3212 tribus

2060 3239 2222 3305 terra:
2267 3249 2418 3321 (Gen.
2459 3266 2598 3318 χχιι,
2645 3250 2753 3321 18).
2795 3249 2958 3305 Unde
2998 3249 3172 3304 etiam
3205 3248 3362 3303 dolet
3387 3245 3708 3318 Apostolus

2058 3338 2214 3409 quod
2246 3338 2539 3410 promissa
2559 3354 2688 3410 quae
2711 3337 2862 3393 facta
2890 3341 3030 3392 sunt
3057 3335 3344 3409 patribus,
3368 3349 3484 3389 non
3515 3331 3700 3388 secuti

2059 3431 2202 3483 sunt
2249 3425 2374 3483 ﬁlii.

2127 3519 2378 3586 Quorum
2401 3519 2603 3588 patres,
2636 3515 2976 3588 patriarchas
3011 3513 3234 3571 scilicet
3277 3516 3334 3569 et
3379 3510 3698 3585 prophetae,

2055 3620 2124 3661 ex
2170 3606 2366 3677 quibus
2415 3603 2659 3660 Christus
2703 3605 3004 3661 secundum
3047 3619 3288 3660 carnem.
3321 3606 3474 3658 Bene
3517 3597 3698 3667 addit,

2054 3694 2354 3750 secundum
2388 3710 2633 3762 carnem,
2667 3695 2949 3766 quoniam
2979 3693 3305 3749 secundum
3334 3687 3701 3746 divinitatem

2057 3787 2192 3838 ante
2215 3783 2414 3838 omnia
2443 3780 2659 3838 saecula
2679 3782 2912 3853 genitus
2941 3785 3030 3837 est
3059 3798 3093 3837 a
3115 3782 3232 3837 Deo
3263 3781 3465 3848 Patre;
3499 3793 3704 3834 secun—

2058 3872 2200 3926 dum
2239 3887 2476 3927 carnem
2522 3887 2656 3925 vero
2707 3887 2778 3926 ex
2820 3871 3040 3926 Judsis
3082 3875 3190 3937 est,
3222 3870 3502 3939 quoniam
3530 3866 3704 3921 beata

2056 3957 2238 4028 Virgo
2258 3955 2461 4022 Maria,
2483 3957 2554 4012 de
2575 3971 2692 4027 qua
2711 3972 2945 4012 carnem
2973 3957 3245 4026 sumpsit,
3275 3954 3702 4010 exJudaaorum

2059 4044 2239 4116 stirpe
2263 4044 2586 4100 descendit.
2618 4045 2707 4114 Et,
2741 4050 2806 4099 ut
2834 4043 3170 4100 ostenderet
3197 4044 3338 4112 quia
3383 4041 3444 4096 in
3491 4039 3700 4094 divini-

2055 4133 2194 4188 tatis
2216 4136 2434 4188 natura
2445 4147 2559 4187 non
2575 4147 2644 4188 ex
2655 4133 2887 4204 Virgine
2908 4132 3165 4204 sumpsit
3185 4129 3440 4194 initium,
3455 4127 3699 4198 adjecit:

2057 4222 2165 4290 Qui
2190 4223 2268 4278 est
2289 4236 2453 4292 super
2473 4223 2668 4278 omnia
2687 4219 2831 4277 Deus
2854 4219 3166 4276 benedictus
3193 4221 3257 4275 in
3271 4219 3489 4274 saecula.
3509 4219 3701 4273 Amen.

2057 4310 2324 4367 Christus
2350 4310 2530 4384 igitur
2557 4326 2736 4384 super
2760 4311 2960 4367 omnia
2989 4310 3140 4366 Deus
3173 4308 3552 4376 benedictus;
3583 4323 3699 4364 non

2054 4404 2252 4456 tamen
2282 4416 2351 4456 ex
2378 4416 2456 4456 eo
2476 4401 2632 4473 quod
2666 4416 2902 4457 carnem
2933 4399 3192 4472 sumpsit
3219 4414 3288 4454 ex
3316 4396 3575 4470 Virgine,
3599 4396 3699 4452 sed

2057 4489 2198 4561 quia
2227 4491 2590 4547 anteomnia
2622 4490 2835 4546 saecula
2865 4490 2978 4546 luit
3002 4489 3237 4561 genitus
3267 4505 3304 4543 a
3331 4488 3519 4543 Patre.

258 4595 264 4599 λ
300 4573 479 4642 mori,
501 4577 572 4628 ut
595 4573 804 4630 fratres
827 4575 920 4630 sui
953 4575 1154 4631 anima
1179 4574 1584 4642 salvarentur;
1616 4593 1685 4632 ac
1715 4576 1772 4632 si
1795 4577 1951 4634 dice-
1980 4576 2027 4646 Ι)
2099 4581 2430 4644 Prester-ea,
2463 4579 2602 4650 quia
2637 4579 2750 4634 sibi
2802 4579 3148 4634 continuum
3197 4575 3456 4630 dolorem
3509 4573 3702 4630 inesse

296 4665 392 4718 ret
421 4687 438 4719 :
472 4663 750 4735 optabam
808 4663 1158 4736 sanguinem
1188 4679 1385 4720 meum
1434 4681 1538 4736 pro
1567 4665 1654 4721 eis
1682 4666 1949 4736 fundere,

297 4754 368 4806 at
389 4750 513 4822 ipsi
540 4751 752 4824 spiritu
781 4753 1059 4809 viverent.

371 4841 616 4898 Fratres
660 4857 802 4902 suos
835 4843 1074 4899 Judaaos
1102 4843 1280 4913 dicit;
1313 4843 1474 4904 unde.
1498 4859 1635 4900 mox
1655 4845 1904 4902 addidit
1933 4862 1950 4900 :

295 4930 407 4998 Qui
431 4939 564 4986 sunt
609 4933 836 5003 cognati
876 4933 992 4988 mei
1023 4932 1324 4988 secundum
1353 4948 1618 4995 carnem;
1647 4949 1776 5005 quo
1794 4933 1950 4990 dicto

293 5018 560 5075 ostendit
576 5019 906 5092 eos-spiritu
928 5035 1050 5075 non
1064 5020 1176 5076 sibi
1194 5037 1324 5078 esse
1337 5025 1632 5092 cognatos,
1646 5021 1950 5091 dequibns

293 5107 492 5164 adhuc
541 5107 790 5165 subdit:
844 5107 953 5176 Qui
996 5113 1131 5164 sunt
1172 5111 1464 5166 Israelita.
1495 5108 1601 5166 His
1645 5109 1842 5165 verbis
1885 5127 1950 5166 se

294 5195 912 5264 Israelitammstendit
923 5211 995 5262 ea
1021 5199 1244 5269 semine
1261 5198 1506 5256 Abraha:
1531 5215 1545 5255 :
1580 5199 1821 5268 Quorum
1847 5199 1945 5256 ad-

367 5339 1130 5414 (339);_l§lo_te.perpulch_ram
1145 5332 1304 5411 hanc
1328 5340 1782 5414 distinctionem.
1799 5342 1946 5398 Hinc

290 5410 897 5488 incipiﬂlulgfcap,
939 5411 1033 5470 IX.
1083 5411 1148 5471 In
1189 5410 1372 5485 marg.
1414 5430 1548 5470 vero
1580 5418 1700 5471 aut.
1731 5413 1948 5488 legitur

293 5483 870 5640 ῗδξὶξέδῇἤίέιὶξλῳεκ
889 5569 1006 5640 n99
1035 5555 1271 5640 ,αάοριὶο
1316 5563 1417 5640 εει.
1447 5556 1548 5640 sed
1596 5556 1946 5640 adoptin

292 5624 538 5700 legitur,
563 5627 728 5700 quod
743 5624 916 5700 juxta
942 5624 1590 5701 Vulgtommdandum
1609 5624 1832 5694 eodeni.

2059 4665 2300 4722 dixerat.
2330 4684 2435 4738 pro
2480 4667 2728 4722 fratr-um
2778 4682 3024 4722 suorum
3068 4664 3414 4737 perditione,
3447 4679 3520 4718 ne
3567 4663 3706 4734 quis

2059 4758 2292 4826 putaret
2333 4760 2678 4812 evacuatum
2730 4753 3202 4828 promissionem,
3236 4767 3362 4826 quas
3413 4753 3564 4808 facta
3611 4757 3706 4808 est

2056 4843 2325 4911 Abrahae,
2377 4845 2578 4899 volens
2626 4844 2932 4900 ostendere
2977 4842 3294 4916 Apostolus
3353 4841 3494 4914 quia
3549 4844 3708 4896 Deus

2055 4937 2263 5004 potens
2284 4936 2376 4988 est
2399 4933 2587 4988 facere
2607 4949 2734 5004 quea
2751 4933 3047 5005 promisit,
3073 4933 3150 4989 ad
3173 4930 3708 4988 commendandam

2055 5022 2186 5091 ejus
2213 5021 2483 5093 gratiam,
2517 5020 2742 5076 addidit
2773 5039 2786 5076 :
2820 5023 2935 5078 Non
2964 5027 3148 5078 autem
3176 5017 3695 5094 (subintelligitur:

2054 5107 2166 5166 hoc
2193 5110 2326 5166 ideo
2355 5111 2506 5181 dico)
2537 5109 2681 5184 quod
2716 5112 2982 5168 exciderit
3026 5112 3255 5168 verbum
3293 5111 3392 5166 Dei
3418 5106 3605 5178 (333);
3637 5102 3704 5158 id’

2053 5204 2169 5269 est,
2197 5202 2354 5272 quod
2400 5200 2715 5272 promissio
2762 5201 3006 5258 Abrahae
3054 5203 3224 5266 facta,
3275 5198 3554 5256 evacuate.
3597 5190 3697 5260 sit,

2124 5339 2274 5413 (332)
2302 5339 2476 5415 Vulg.
2506 5331 2944 5407 testamentum;
2994 5343 3121 5399 alia
3167 5345 3365 5400 autem
3416 5337 3694 5397 loctiones

2053 5417 2265 5486 nostra
2287 5418 2487 5486 autog.
2517 5415 2910 5474 consentiunt.

2146 5484 2279 5561 333)
2303 5483 2597 5561 Inautog.
2627 5502 2814 5561 marg.
2863 5501 2912 5544 c.
2960 5484 3124 5552 XXV,
3155 5486 3331 5557 caput
3357 5500 3492 5544 vero
3521 5483 3693 5542 XXIV

2041 5554 2284 5614 mulllibi
2315 5554 2604 5631 signatur.
