4094 6168
388 306 507 368 219

1404 314 1744 379 ATTONIS
1788 306 2373 381 VERCELLENSIS
2417 318 2769 382 EPISGOPI

3676 320 3795 384 220

392 438 672 512 quoniam
694 440 803 497 etsi
828 442 1072 499 verbum
1096 445 1196 501 Dei
1226 444 1286 501 in
1318 444 1638 503 incredulis
1669 448 1900 520 excidit,
1923 448 2033 504 im-
2062 449 2119 517 Α
2146 464 2214 506 ex
2246 467 2361 506 uno
2382 450 2694 507 concubitu
2720 451 2902 523 patris
2922 449 3107 507 nostri
3131 451 3313 506 Isaac.
3341 449 3567 517 Quibus
3594 452 3792 510 verbis

392 528 614 603 pletum
646 534 842 587 tamen
875 536 965 588 est
994 534 1053 589 in
1086 534 1479 591 credentibus.
1508 538 1671 603 Quod
1703 543 1765 593 ut
1796 539 2034 610 aperiat,

393 620 562 690 quasi
595 636 911 691 exponens,
948 623 1252 693 subjunxit
1284 640 1296 678 :
1345 630 1468 682 Non
1515 628 1665 682 enim
1706 644 1911 696 omnes,
1945 625 2041 700 qui

391 716 521 764 sunt
548 725 619 787 ea:
646 712 837 783 Israel,
871 712 934 768 hi
960 716 1089 767 sunt
1116 714 1428 777 Israelita;
1458 715 1515 770 id
1548 721 1655 784 est,
1690 734 1805 773 non
1836 734 2040 775 omnes

394 797 497 871 qui
529 800 856 856 secundum
888 818 1122 856 carnem
1153 818 1222 857 ex
1258 803 1438 859 Jacob
1470 806 1649 878 stirpe
1679 808 2043 863 descendunt

395 892 537 942 sunt
565 888 673 943 viri
702 889 959 945 videntes
992 896 1195 958 Deum,
1229 893 1506 964 quoniam
1539 912 1653 951 non
1684 913 1888 952 omnes
1918 913 2041 953 cre-

395 975 546 1031 dunt
569 978 625 1031 in
650 976 894 1032 Christo.
922 978 1267 1051 Quicunque
1293 996 1430 1055 ergo
1450 999 1519 1039 ex
1543 985 1700 1040 omni
1724 990 1895 1057 gente
1917 1003 2040 1042 cre-

397 1064 535 1120 dent
563 1066 621 1119 in
653 1082 809 1132 eum,
841 1066 901 1121 hi
935 1072 1075 1123 sunt
1105 1069 1211 1124 viri
1244 1072 1541 1127 Israelita.
1579 1073 1698 1141 Nec,
1731 1076 1864 1145 quia
1894 1073 2041 1146 (334)

394 1170 576 1208 semen
602 1159 729 1209 sunt
757 1156 1018 1223 Abrahw,
1050 1174 1238 1214 omnes
1263 1161 1374 1231 filii
1396 1182 1416 1228 ;
1446 1161 1504 1216 id
1535 1167 1644 1229 est,
1679 1180 1793 1219 non
1839 1182 2041 1221 omnes

396 1241 481 1298 illi
502 1243 599 1314 qui
626 1259 729 1315 per
748 1262 982 1301 carnem
1002 1247 1073 1302 ab
1097 1264 1163 1303 eo
1187 1250 1571 1319 descendunt,
1587 1252 1687 1307 sed
1706 1253 2044 1324 quicunque

396 1347 465 1387 ex
494 1332 654 1387 omni
687 1336 857 1406 gente
889 1335 1017 1405 ejus
1047 1337 1292 1410 vestigia
1320 1338 1645 1410 imitantur,
1681 1340 1740 1395 hi
1775 1341 1878 1396 ﬁlii
1908 1347 2048 1398 sunt

394 1421 660 1476 Abrahaa.

465 1510 537 1564 Et
565 1509 676 1566 hoc
704 1510 848 1580 vult,
883 1514 1039 1583 quod
1070 1515 1375 1587 sequitur:
1411 1517 1521 1573 Sed
1548 1518 1608 1573 in
1638 1519 1800 1575 Isaac
1830 1523 2049 1577 vocabi-

394 1603 497 1653 tur
528 1599 635 1654 tibi
679 1616 867 1657 semen
897 1606 1057 1671 (Gen.
1086 1620 1201 1672 χχι,
1238 1606 1347 1677 12).
1379 1606 1600 1670 Quibus
1646 1609 1838 1666 verbis
1888 1609 2048 1669 illius

394 1684 506 1742 loci
537 1689 825 1756 meminit,
860 1691 958 1747 ubi
1006 1691 1222 1765 legitur
1269 1695 1408 1766 quia
1458 1697 1731 1769 praecepit
1758 1698 2046 1755 Dominu8

2148 537 2304 594 illius
2328 539 2594 595 meminit
2613 540 2723 595 loci
2749 557 2864 612 quo
2886 539 3101 611 legitur
3122 538 3263 610 quia
3291 555 3427 594 cum
3448 539 3792 597 collideren-

2146 632 2245 685 tur
2272 629 2489 701 gemini
2534 629 2593 684 in
2643 633 2808 685 utero
2841 629 3106 684 Rebeccae
3153 627 3311 700 (Gen.
3342 645 3474 696 xxv,
3504 630 3617 699 22),
3651 630 3795 686 abiit

2149 717 2388 773 consule
2418 718 2752 788 Dominum,
2786 717 2880 773 cui
2911 716 3195 772 Dominus
3245 717 3550 788 respondit
3580 732 3593 771 :
3644 723 3794 775 Duae

2146 812 2343 877 gentes
2370 810 2420 861 et
2442 807 2556 861 duo
2580 806 2783 878 populi
2799 806 2859 860 in
2887 814 3050 860 utero
3071 813 3169 859 tuo
3187 813 3321 860 sunt
3350 812 3407 859 et
3425 806 3668 873 populus
3695 821 3799 873 po-

2148 895 2355 965 pulum
2381 896 2692 966 superabit,
2716 904 2770 950 et
2801 898 2998 966 major
3025 894 3227 949 serviet
3248 893 3468 950 minori
3488 892 3642 965 (Gen.
3665 911 3799 960 xxv,

2149 986 2241 1057 23)
2272 985 2380 1040 Per
2409 1001 2557 1056 quos
2615 984 2792 1040 etiam
2822 984 2969 1040 duos
3003 983 3272 1039 Rebecca;
3305 981 3455 1037 ﬁlios
3498 983 3804 1039 credentes

2151 1079 2209 1129 et
2237 1072 2521 1129 increduli
2553 1073 2955 1145 designantur,
2980 1088 3083 1144 per
3110 1072 3390 1142 majorem
3414 1072 3590 1142 Esau,
3614 1072 3803 1127 incre-

2153 1162 2297 1233 duli,
2331 1179 2431 1233 per
2459 1162 2745 1217 minorem
2777 1177 2911 1216 vero
2940 1160 3122 1216 Jacob
3151 1159 3471 1215 credentes.

2226 1252 2336 1307 Sed
2388 1266 2570 1322 quare
2614 1249 2839 1305 addidit
2866 1248 3178 1321 Apostolus
3207 1264 3283 1303 ea:
3309 1264 3424 1304 uno
3454 1248 3760 1305 concubitu
3785 1251 3811 1301 ?

2154 1340 2404 1406 Scilicet,
2435 1356 2505 1395 ne
2535 1339 2826 1395 diceretur
2852 1339 3008 1411 quod
3027 1338 3207 1394 Jacob
3230 1337 3357 1393 suis
3376 1336 3463 1392 vel
3489 1342 3804 1408 parentum

2156 1433 2258 1485 aut
2280 1428 2611 1500 aliquorum
2640 1427 3100 1500 propinquorum
3126 1425 3351 1481 meritis
3374 1425 3597 1481 electus
3624 1425 3722 1493 sit,
3748 1428 3811 1481 et

2156 1519 2311 1588 quod
2341 1516 2767 1573 excellentioris
2817 1515 3011 1571 meriti
3059 1518 3117 1570 et
3163 1513 3506 1571 melioribus
3536 1513 3807 1569 moribus

2157 1605 2332 1662 fuerit
2353 1609 2515 1677 pater
2531 1606 2658 1677 ejus
2682 1620 2818 1663 cum
2841 1604 2999 1659 hunc
3021 1618 3200 1675 quam
3222 1618 3357 1658 cum
3374 1602 3615 1657 fratrem
3636 1601 3812 1658 semi-

2157 1695 2336 1762 navit,
2368 1699 2426 1751 et
2456 1700 2642 1750 mater
2670 1693 2910 1750 alterius
2939 1691 3264 1750 voluntatis
3292 1706 3427 1747 cum
3456 1706 3592 1747 eum
3623 1706 3808 1763 quam

395 1774 734 1883 Abrabasnut
762 1778 1021 1883 obediret
1048 1782 1173 1836 voci
1204 1782 1358 1838 Sarus
1388 1785 1588 1841 uxoris
1618 1803 1759 1851 sua),
1791 1792 1848 1842 et
1876 1787 2046 1859 ejice—
2075 1818 2123 1883 Β
2157 1800 2291 1840 cum
2311 1785 2547 1840 fratrem
2573 1783 2858 1855 concepit.
2882 1781 3151 1839 Ostendit
3171 1779 3328 1837 enim
3350 1779 3461 1836 hoc
3482 1779 3639 1835 dicto
3664 1778 3809 1850 quia

397 1868 485 1919 ret
513 1864 805 1939 ancillam,
834 1872 891 1924 et
914 1868 1098 1926 ﬁlium
1120 1872 1248 1943 ejus
1270 1874 1454 1943 (Ibid.,
1481 1875 1592 1946 10),
1616 1876 1896 1946 quoniam
1928 1895 2044 1935 non
2075 1864 2123 1883 "
2157 1889 2340 1929 unum
2358 1872 2468 1928 fuit
2488 1871 2669 1944 patris
2690 1871 2968 1927 meritum
2991 1870 3064 1926 ad
3086 1868 3594 1938 seminandum,et
3616 1883 3809 1924 unum

394 1957 550 2009 esset
578 1952 760 2011 haeres
791 1956 949 2014 ﬁlius
980 1959 1201 2015 ancillas
1242 1978 1377 2018 cum
1422 1962 1541 2019 ﬁlio
1586 1963 1797 2034 liberae,
1832 1967 1933 2023 sed
1983 1967 2041 2022 in

395 2040 556 2099 Isaac
586 2045 889 2101 vocabitur
917 2047 969 2103 ei
997 2065 1220 2105 semen.

463 2132 762 2191 Abraham
792 2155 950 2209 ergo,
981 2140 1134 2195 sicut
1163 2140 1300 2197 alibi
1332 2142 1490 2197 idem
1519 2144 1833 2215 Apostolus
1864 2145 2039 2202 dicit:

395 2224 557 2279 Duos
574 2224 719 2292 ﬁlios
740 2225 962 2297 habuit,
985 2244 1160 2283 unum
1180 2231 1254 2286 de
1276 2230 1518 2303 ancilla,
1541 2242 1597 2288 et
1616 2250 1796 2289 unum
1813 2235 1883 2290 de
1910 2236 2045 2291 libe-

398 2326 491 2365 ra.
524 2312 630 2368 Sed
656 2315 760 2384 qui
786 2315 857 2370 de
889 2315 1133 2383 ancilla,
1163 2320 1467 2375 secundum
1493 2337 1727 2379 carnem
1756 2331 1933 2379 natus
1960 2332 2045 2381 est

396 2402 548 2477 (Gal.
584 2419 657 2471 Iv,
679 2404 784 2471 22;
815 2409 952 2461 Gen.
977 2423 1091 2475 xvr,
1118 2407 1240 2479 15);
1270 2408 1329 2464 id
1361 2413 1468 2476 est,
1494 2412 1817 2468 secundum
1840 2429 2043 2469 carna-

396 2491 513 2553 lem
545 2493 1028 2551 consuetudinem
1060 2521 1075 2564 ;
1103 2498 1203 2566 qui
1230 2514 1371 2555 vero
1395 2500 1464 2556 de
1491 2500 1696 2570 libera,
1729 2503 2043 2560 secundum

391 2580 825 2653 promissionem
855 2582 1005 2655 (335)
1031 2601 1046 2652 ;
1080 2586 1378 2659 quoniam,
1402 2588 1745 2661 priusquam
1777 2592 2043 2663 concipe-

398 2672 564 2724 retur
583 2673 687 2725 aut
706 2676 1064 2740 nasceretur,
1089 2672 1140 2730 ei
1166 2676 1491 2746 promissus
1512 2683 1621 2735 est.
1648 2678 1755 2734 Per
1773 2679 1882 2735 hos
1906 2696 2043 2753 ergo

400 2756 549 2814 duos
580 2756 847 2816 homines
867 2760 1253 2834 designantur
1278 2767 1398 2821 tam
1419 2766 1722 2823 credentes
1745 2785 1922 2840 quam
1952 2769 2041 2824 in-

399 2845 623 2903 creduli
647 2864 661 2903 :
683 2862 788 2920 per
804 2850 966 2905 Isaac
989 2850 1214 2909 scilicet
1229 2852 1451 2922 ﬁdeles,
1468 2871 1570 2928 per
1586 2858 1891 2913 Ismaelem
1910 2875 2043 2916 vero

402 2933 688 2992 inﬁdeles.

477 3025 695 3095 Itaque,
730 3028 794 3081 ut
823 3026 1154 3085 ostenderet
1183 3029 1321 3100 quid
1352 3034 1509 3087 esset
1536 3031 1595 3087 in
1623 3034 1790 3090 Isaac
1818 3034 2045 3091 vocabi-

2154 1962 2361 2017 matris
2393 1962 2465 2017 ad
2496 1960 2947 2033 concipiendum
2968 1962 3271 2030 utrosque.
3298 1957 3445 2013 Nam
3465 1955 3577 2013 etsi
3598 1960 3810 2028 postea

2150 2050 2512 2107 voluntatem
2543 2049 2767 2106 variare
2788 2048 2999 2121 potuit,
3028 2051 3308 2119 utrosque
3339 2045 3601 2101 inclusos
3635 2049 3803 2102 utero

2152 2140 2398 2208 habens,
2430 2156 2546 2195 non
2578 2139 2681 2195 uni
2714 2139 2863 2210 (339)
2894 2141 3150 2204 tantum,
3182 2136 3283 2191 sed
3313 2150 3480 2207 eque
3510 2132 3805 2190 ambobus

2158 2229 2410 2286 variavit.

2218 2318 2304 2373 Ad
2334 2316 2862 2374 commendandam
2888 2314 3069 2387 igitur
3092 2312 3340 2386 gratiam
3364 2311 3467 2369 Dei
3497 2311 3608 2368 hoc
3628 2311 3799 2381 dixit,

2149 2406 2348 2463 volens
2377 2406 2681 2463 ostendam
2711 2405 2851 2477 quia
2880 2421 2949 2460 ex
2978 2420 3093 2459 uno
3124 2408 3288 2475 patre
3326 2406 3386 2457 et.
3428 2418 3497 2457 ex
3526 2417 3645 2457 una
3674 2417 3805 2456 ma-

2150 2501 2257 2567 tre,
2289 2500 2347 2552 et
2374 2513 2489 2551 uno
2519 2494 2853 2562 concubitu,
2887 2493 3061 2550 ambo
3101 2492 3221 2547 nati
3261 2494 3403 2547 sunt
3433 2507 3447 2545 :
3500 2491 3605 2546 sed
3655 2490 3807 2547 alter

2151 2584 2411 2641 indebita
2431 2583 2800 2641 miseratione
2827 2582 3045 2639 electus
3069 2589 3180 2653 est,
3197 2579 3347 2636 alter
3369 2594 3503 2635 vero
3519 2579 3686 2650 justo
3698 2578 3809 2634 Dei

2144 2674 2365 2747 judicio
2396 2674 2759 2747 reprobatus.
2793 2671 2866 2728 Ut
2895 2670 3097 2728 nullus
3125 2669 3187 2725 in
3216 2685 3279 2725 se
3310 2667 3547 2741 gloriari
3577 2684 3807 2739 pressu-

2151 2767 2294 2831 mat,
2341 2763 2443 2819 sed
2491 2762 2593 2835 qui
2643 2761 2947 2835 gloriatur,
2996 2759 3057 2815 in
3112 2757 3357 2815 Domino
3412 2756 3696 2830 glorietur
3756 2760 3810 2827 (ι

2160 2852 2288 2909 Cor.
2322 2870 2362 2923 ι,
2394 2852 2505 2925 31).

2226 2941 2429 3015 Igitur,
2463 2958 2535 2998 ne
2564 2941 2711 2998 torte
2738 2938 2956 3011 aliquis
2989 2937 3243 2994 diceret:
3272 2934 3625 3009 praevidebat
3642 2934 3808 2991 Deus

2152 3032 2306 3089 bona
2335 3048 2511 3103 opera
2538 3030 2599 3086 in
2628 3029 2828 3097 Jacob,
2860 3029 3107 3100 ideoque
3138 3025 3312 3099 elegit
3342 3041 3501 3093 eum,
3531 3022 3812 3080 similiter

401 3117 500 3169 tur
527 3113 627 3168 tibi
651 3128 864 3182 semen,
894 3132 1210 3189 exponens,
1245 3119 1498 3189 subjecit
1527 3144 1542 3174 :
1572 3123 1642 3177 Id
1673 3131 1775 3190 est,
1805 3139 1915 3180 non
1943 3126 2048 3196 qui
2082 3185 2119 3196 _
2156 3120 2313 3177 mala
2332 3120 2391 3176 in
2404 3121 2902 3192 Esau,pr0pterea
2926 3115 3255 3189 reprobavit
3272 3131 3406 3171 eum
3428 3132 3442 3182 ;
3466 3112 3807 3185 subjunxit:

399 3200 526 3275 ﬁlii
539 3202 755 3271 carnis,
776 3202 836 3260 hi
848 3185 984 3260 sunt
998 3204 1119 3277 ﬁlii
1128 3185 1263 3271 Dei;
1279 3185 1385 3265 seti
1397 3211 1494 3283 qui
1504 3209 1619 3282 ﬁlii
1632 3185 2043 3279 promissionis,
2075 3185 2121 3254 (ἶ
2159 3210 2298 3267 Cum
2319 3211 2472 3266 enim
2493 3185 2750 3266 nondum
2768 3208 2893 3264 nati
2909 3185 3170 3279 fuissent,
3192 3213 3297 3261 aut
3316 3203 3540 3277 aliquid
3562 3202 3813 3273 egissent

400 3291 767 3348 aestimantur
789 3293 939 3366 (336)
961 3296 1026 3350 in
1042 3296 1276 3353 semine.
1300 3298 1461 3363 Quod
1489 3304 1577 3356 est
1596 3304 1793 3373 aperte
1814 3301 2004 3359 dicere
2026 3316 2040 3357 :

402 3378 463 3435 hi
497 3379 866 3439 solummodo
897 3382 958 3438 in
991 3386 1214 3441 semine
1243 3386 1629 3457 astimantur,
1664 3390 1764 3461 qui
1794 3390 1853 3446 in
1886 3391 2046 3448 Isaac

405 3468 812 3542 promissionis
842 3471 962 3528 ﬁlio
980 3472 1404 3546 signiﬁcantur.
1437 3477 1818 3535 Estimantur
1847 3484 2045 3536 autem

404 3557 465 3613 in
496 3557 739 3631 semine,
760 3560 921 3632 quia,
943 3560 1140 3618 divina
1165 3562 1355 3635 gratia
1380 3570 1643 3636 vocante,
1665 3566 1725 3622 in
1747 3567 2046 3624 Christum

405 3652 782 3721 congregant.

479 3737 553 3795 Ut
581 3742 779 3795 autem
810 3739 1144 3796 ostenderet
1182 3755 1310 3811 quas
1361 3744 1517 3797 esset
1561 3742 1683 3799 haec
1711 3744 2046 3816 promissio,

408 3827 671 3885 subdidit
693 3844 706 3885 :
728 3828 1136 3886 Prcmissionis
1155 3830 1307 3886 enim
1330 3831 1568 3887 verbum
1594 3832 1703 3890 hoc
1718 3837 1800 3890 est
1817 3852 1835 3888 :
1857 3851 2051 3893 secun-

407 3919 547 3977 dum
568 3917 676 3975 hoc
695 3924 916 3990 tempus
935 3918 1249 3985 veniam,et
1269 3921 1382 3977 erit
1396 3919 1559 3979 Sorae
1573 3923 1742 3992 ﬁlius.
1756 3925 1879 3989 Quo
1895 3924 2049 3982 dicto

408 4007 569 4064 illius
588 4006 700 4064 loci
726 4007 1018 4076 meminit,
1043 4008 1143 4065 ubi
1182 4008 1540 4082 legiturquia
1561 4011 1801 4069 meridie
1824 4014 2050 4070 sedenti

408 4096 655 4154 Abrahae
700 4097 809 4153 sub
851 4113 1071 4169 quercu
1118 4098 1379 4155 Mambre
1406 4100 1562 4171 (Gen.
1597 4118 1755 4173 xvm,
1790 4102 1842 4169 1)
1872 4119 2050 4175 appa-

408 4190 656 4242 ruerunt
683 4191 803 4241 tres
832 4186 1143 4259 angeli,Lin
1186 4187 1374 4260 ﬁgura
1403 4189 1727 4255 Trinitatis,
1759 4207 1907 4262 quos
1954 4191 2052 4249 ille

408 4272 662 4345 hospitio
692 4274 970 4346 suscepit,
1001 4291 1204 4332 eorum
1236 4277 1413 4348 pedes
1442 4277 1583 4334 lavit
1609 4295 1624 4345 ;
1666 4283 1800 4351 post
1826 4296 2050 4337 comes-

408 4361 625 4419 tionem
657 4365 854 4419 autem
883 4367 1083 4421 vocata
1111 4365 1273 4435 Sara,
1304 4365 1451 4422 dixit
1486 4367 1801 4424 Dominus:
1833 4369 2051 4426 Secun-

410 4452 552 4508 dum
583 4452 958 4525 hoctempus
988 4454 1239 4523 veniam,
1270 4459 1328 4512 et
1369 4455 1478 4511 erit
1510 4460 1661 4512 Seras
1692 4456 1849 4515 ﬁlius
1878 4459 2048 4531 (337).

2163 3303 2315 3369 boni,
2337 3307 2441 3356 aut
2459 3298 2608 3355 mali
2626 3299 2754 3370 (aut
2771 3298 3078 3355 secundum
3098 3295 3430 3351 electionem
3443 3294 3811 3365 propositum

2154 3393 2269 3447 Dei
2286 3389 2571 3461 maneret)
2595 3405 2708 3444 non
2729 3404 2802 3444 ex
2819 3385 3213 3457 operibus,sed
3233 3401 3309 3439 ex
3336 3392 3573 3440 vocante
3593 3382 3810 3438 dictum

2153 3486 2236 3535 est
2264 3480 2320 3534 ei
2342 3499 2362 3533 .-
2395 3478 2541 3547 Quia
2567 3478 2765 3547 major
2786 3476 2991 3532 serviet
3009 3474 3241 3530 minori.
3269 3477 3331 3528 In
3361 3472 3625 3528 nondum
3650 3469 3811 3527 natis

2156 3566 2319 3626 nulla
2347 3567 2493 3622 ﬁdes
2523 3570 2626 3622 aut
2661 3582 2836 3638 opera
2865 3564 3187 3637 pracedere
3216 3564 3555 3634 potuerunt,
3588 3559 3811 3632 quibus

2156 3657 2302 3714 alter
2330 3672 2532 3712 eorum
2563 3654 2895 3727 eligeretur,
2927 3653 3073 3710 alter
3114 3667 3317 3709 eorum
3365 3649 3806 3723 reprobaretur.

2157 3744 2260 3801 His
2281 3748 2476 3800 autem
2496 3743 2690 3800 verbis
2713 3746 2910 3815 aperte
2939 3741 3269 3798 ostenditur
3287 3738 3428 3812 quia
3455 3754 3570 3794 non
3600 3736 3810 3794 electio

2159 3834 2375 3908 pendet
2404 3850 2475 3889 ex
2504 3831 2823 3905 proposito,
2856 3832 2958 3887 sed
2989 3829 3355 3903 propositum
3393 3844 3464 3884 ex
3503 3825 3809 3882 electione.

2158 3923 2283 3979 Non
2301 3922 2458 3980 enim
2482 3921 2847 3994 propositum
2869 3920 3232 3987 electionem,
3250 3917 3353 3974 sed
3374 3915 3579 3973 electio
3602 3930 3815 3987 praece-

2158 4012 2245 4069 dit
2274 4011 2638 4086 propositum
2670 4028 2683 4077 ;
2743 4009 2897 4066 sicut
2924 4024 2998 4065 ne
3021 4005 3368 4080 justiﬂcatio
3398 4003 3671 4078 gratiam,
3705 4003 3811 4060 sed

2158 4101 2346 4175 gratia
2384 4097 2915 4171 justiﬁcationem;
2962 4096 3046 4152 ita
3096 4112 3213 4151 non
3262 4093 3484 4151 vacatio
3536 4090 3815 4164 praecedit

2159 4188 2522 4258 electionem,
2553 4188 2655 4244 sed
2686 4185 2890 4243 electio
2936 4184 3296 4241 vocationem
3326 4182 3498 4254 (340).
3546 4181 3671 4238 Non
3721 4185 3809 4236 ta-

2160 4294 2294 4335 men
2323 4292 2528 4334 omnes
2554 4275 2656 4348 qui
2680 4279 2966 4333 vocantur
2993 4272 3311 4347 eliguntur,
3331 4270 3631 4344 quoniam,
3651 4269 3813 4326 sicut

2159 4367 2445 4426 Dominus
2471 4366 2530 4422 in
2554 4364 2864 4437 Evangelia
2886 4363 3029 4419 dicit
3052 4379 3066 4419 :
3088 4362 3255 4420 Multi
3271 4369 3401 4418 sunt
3418 4361 3616 4427 vocati,
3636 4358 3811 4431 pauci

2159 4473 2285 4515 vero
2315 4457 2476 4513 electi
2503 4456 2712 4528 (Matth.
2734 4471 2828 4525 xx,
2855 4454 2963 4525 16).
2984 4451 3287 4508 Manifesta
3316 4449 3518 4522 itaque
3548 4446 3810 4505 ostendit

480 4541 592 4599 Sed
624 4558 696 4598 ne
726 4542 988 4600 crederet
1016 4542 1231 4615 aliquis
1259 4560 1483 4615 omnes,
1516 4544 1615 4616 qui
1653 4562 1723 4601 ex
1750 4547 1911 4603 Isaac
1940 4548 2050 4604 orti
2082 4557 2130 4623 D
2159 4545 2471 4619 Apostolus
2494 4545 2634 4617 quia
2652 4544 2807 4600 sicut
2827 4540 3009 4597 nullis
3035 4541 3162 4597 suis
3181 4538 3408 4596 meritis
3435 4534 3810 4611 praecedenti-

408 4636 549 4690 sunt
577 4632 854 4689 mstimari
894 4632 954 4688 in
1000 4633 1243 4701 semine,
1277 4633 1419 4706 quia
1464 4634 1731 4691 dixerat:
1783 4637 1849 4692 In
1893 4637 2054 4695 Isaac

406 4723 701 4780 vocabitur
718 4723 829 4782 tibi
844 4739 1059 4789 semen,
1080 4723 1209 4780 ideo
1231 4723 1539 4797 subjungit
1562 4740 1576 4780 :
1607 4726 1728 4781 Non
1748 4727 1933 4782 solum
1949 4743 2052 4783 au-

405 4820 517 4869 tem
546 4812 694 4884 (338)
745 4813 844 4869 sed
889 4820 948 4869 et
978 4811 1238 4870 Rebecca
1265 4829 1342 4869 ea:
1367 4829 1480 4869 uno
1507 4816 1811 4871 concubitu
1836 4817 2053 4873 habens

403 4903 567 4959 Isaac
580 4901 775 4974 patris
793 4901 982 4958 nostri
995 4918 1017 4963 ;
1038 4917 1106 4957 ac
1126 4902 1175 4957 si
1197 4902 1445 4959 diceret:
1476 4919 1588 4959 non
1612 4902 1804 4959 solum
1831 4902 1892 4959 in
1913 4904 2053 4961 ﬁliis

406 4990 639 5049 duobus
662 4988 910 5046 Abrahae
937 4988 1063 5045 hac
1089 4990 1387 5048 distinctio
1415 4990 1568 5049 facta
1594 4996 1704 5059 est,
1739 4991 1840 5049 sed
1871 4993 2049 5050 etiam

405 5080 668 5138 Rebecca
692 5079 843 5135 hanc
872 5078 1312 5136 distinctionem
1344 5079 1500 5151 fecit,
1532 5080 1756 5137 habens
1785 5081 2052 5154 geminos

476 5187 625 5259 (334)
655 5185 829 5259 Vulg.
864 5185 1008 5259 qui;
1039 5186 1143 5241 scd
1223 5191 1280 5242 et
1303 5185 1430 5241 alia;
1470 5186 1747 5244 lectiones
1777 5204 1911 5245 cum
1941 5188 2051 5246 bac

407 5258 614 5314 nostra
636 5258 1031 5315 consentiunt.

478 5330 625 5402 (335)
655 5328 827 5402 γωδ·
860 5345 962 5398 νίν
991 5330 1514 5402 νθΡνοηιὶεείοπετη.

502 5400 627 5473 330)
657 5400 828 5473 Vulg.
854 5400 1258 5473 promissionis
1286 5410 1436 5469 sunt,
1465 5403 1835 5471 zstlmantur,
1869 5405 1976 5459 etc.

501 5470 628 5542 337)
655 5470 800 5546 Gleni
830 5470 987 5544 xvm,
1027 5474 1117 5542 10,
1137 5472 1311 5546 Vulg.
1333 5481 1617 5530 revertens
1646 5470 1871 5531 veniam
1900 5476 1973 5531 ad
2000 5483 2051 5531 te

407 5549 655 5610 tempore
686 5549 816 5597 isto.

478 5613 627 5689 (338)
658 5612 831 5688 Vulg.
861 5622 1051 5673 autem
1078 5615 1203 5674 illa.

608 5330 628 5542 ἒ

2162 4636 2274 4693 bus
2302 4634 2648 4706 reprobatus
2687 4636 2777 4688 est
2805 4632 2980 4697 Esau,
3009 4630 3093 4686 ita
3120 4627 3301 4685 nullis
3331 4627 3557 4685 meritis
3586 4640 3801 4699 prece-

2159 4722 2434 4781 dentibus
2483 4721 2701 4778 electus
2749 4725 2838 4777 est
2884 4720 3086 4776 Jacob.
3118 4716 3377 4775 Si'enim
3415 4716 3812 4790 priscederent

2160 4812 2361 4886 aliqua
2389 4812 2597 4869 merita
2616 4810 2831 4884 quibus
2850 4809 3030 4866 Jacob
3058 4808 3388 4882 eligeretur,
3412 4804 3808 4880 praecederent

2160 4902 2366 4974 utique
2397 4900 2616 4973 quibus
2645 4899 3055 4971 reprobaretur
3081 4898 3254 4955 Esau.
3280 4896 3389 4953 Sed
3422 4894 3643 4952 mansit
3672 4908 3807 4967 pro-

2159 4991 2419 5065 positum
2448 4989 2552 5046 Dei
2580 4987 2908 5045 secundum
2936 4986 3300 5057 electionem,
3337 4985 3619 5058 quoniam
3650 4982 3809 5040 sicut

2157 5079 2361 5138 electio
2382 5078 2559 5135 nullis
2589 5076 3052 5151 praecedentibus
3080 5075 3307 5133 meritis
3330 5073 3683 5141 celebratur,
3708 5087 3807 5127 eo-

2230 5185 2382 5256 (339)
2411 5187 2755 5257 Autog.non
2783 5184 2994 5239 unitati
3020 5185 3260 5257 tantum.
3284 5181 3495 5257 Menda
3514 5178 3661 5237 mihi
3680 5178 3809 5235 visa

2159 5254 2441 5337 θεεφεζερ
2486 5254 2639 5337 ειυδςι
2672 5256 2938 5337 saeviter
2965 5271 2978 5310 =
3007 5254 3098 5311 ³εά
3124 5270 3280 5337 seu!
3307 5254 3620 5337 αηιδριίυεετ.

2230 5329 2379 5400 (340)
2408 5322 2701 5400 Jug'antur
2723 5322 2842 5383 Haec
2868 5326 2963 5383 bis
2989 5342 3115 5398 quae
3142 5322 3299 5381 dicta
3327 5330 3468 5400 sunt
3494 5323 3659 5400 initio
3689 5322 3807 5377 hu-

2152 5396 2323 5472 jusce
2352 5396 2621 5472 Epistolas
2652 5400 2723 5454 ad
2754 5399 2929 5455 verba
2962 5414 2975 5453 :
3007 5396 3276 5472 iamnibus
3316 5399 3421 5472 qui
3438 5401 3568 5453 sunt
3597 5396 3801 5472 Romae,

2159 5466 2375 5527 dilectis
2399 5466 2543 5542 fDei,
2595 5473 2806 5528 vocatis
2846 5470 3068 5525 sanctis.
3090 5470 3171 5542 Et
3200 5466 3337 5526 cum
3365 5468 3459 5525 his
3488 5484 3617 5542 quas
3647 5466 3806 5542 dicta

2161 5547 2301 5599 sunt
2345 5541 2418 5617 ad
2461 5537 2586 5617 cap.
2619 5560 2744 5614 VIII,
2777 5542 2849 5599 ad
2892 5558 2960 5598 ea
2987 5541 3163 5617 verba
3196 5546 3225 5598 :'
3263 5542 3350 5598 his
3378 5542 3476 5615 qui
3500 5537 3804 5600 secundum

2154 5615 2499 5691 propositum
2524 5614 2710 5675 uocati
2733 5617 2859 5672 sunt
2886 5614 3082 5673 sancti.
