4080 6174
248 340 355 403 221

835 342 1253 406 EXPOSITIO
1296 341 1376 402 IN
1422 339 1873 403 EPISTOLAS
1918 338 2178 403 PAULI.
2204 374 2283 387 -—
2311 341 2391 404 IN
2432 343 2684 407 EPIST.
2730 344 2835 406 AD
2881 344 3075 409 ROM.

3561 339 3695 411 222

248 473 375 531 dem
402 473 677 548 Apostolo
708 478 979 544 testante,
1011 474 1114 547 qui
1144 471 1284 530 alibi
1313 472 1456 529 dicit
1486 489 1500 529 :
1531 470 1632 528 Sic
1670 471 1822 544 (341)
1853 474 1907 527 et
1933 475 1987 541 Α
2016 470 2112 529 lus
2139 474 2520 545 quaestionem
2544 477 2655 534 sibi
2676 477 3525 553 opposuit,subjungenszquid
3550 495 3699 557 ergo

250 565 311 619 in
337 563 431 620 hoc
458 571 696 635 tempore
723 565 974 636 reliquiae
1001 563 1299 621 secundum
1327 561 1667 619 electionem
1714 564 1907 633 gratiae

247 659 411 711 salvae
432 654 594 727 factm
621 657 768 725 sunt,
791 652 870 709 ita
898 657 958 709 et
986 651 1443 727 praedestinatio,
1466 666 1659 723 quam
1691 666 1901 723 propo-

255 743 427 799 situm
458 745 645 797 vocat.

319 831 439 887 Non
468 846 603 902 ergo
652 846 721 885 ex
747 830 1050 903 operibus,
1081 848 1213 904 quas
1242 828 1406 886 nulla
1448 833 1898 901 praecesserunt,

250 920 348 977 sed
378 937 444 976 ex
469 924 711 976 vocante
739 919 928 993 gratia
959 920 1062 977 Dei
1092 922 1317 977 dictum
1349 923 1439 976 est
1465 918 1517 975 ei
1549 922 1685 991 quia
1720 920 1903 990 major

247 1011 439 1065 serviet
464 1009 815 1074 minori.0uo
837 1008 997 1066 dicto
1022 1009 1185 1066 illius
1213 1008 1325 1065 loci
1347 1008 1617 1064 meminit
1638 1008 1737 1064 ubi
1766 1008 1903 1081 legi-

246 1102 346 1153 tur
372 1097 665 1170 quia,cum
698 1097 1116 1155 colliderentur
1146 1098 1364 1172 gemini
1394 1098 1455 1152 in
1488 1104 1652 1155 utero
1681 1097 1895 1155 Rebec-

248 1203 345 1255 cae,
375 1191 431 1242 et
466 1185 567 1242 illa
593 1186 735 1242 isset
783 1187 1097 1244 consulere
1151 1187 1486 1255 Dominum,
1516 1188 1820 1260 respondit
1845 1187 1897 1243 ei

247 1275 525 1332 Dominus
558 1292 571 1331 :
603 1275 738 1330 Duas
790 1280 999 1349 gentes
1050 1276 1204 1348 (Gen.
1254 1293 1387 1348 xxv,
1433 1277 1523 1347 22,
1555 1278 1646 1351 23)
1678 1284 1736 1333 et
1782 1279 1898 1333 duo

250 1362 443 1437 populi
473 1363 531 1418 in
561 1367 723 1420 utero
742 1368 964 1430 sunt,et
981 1364 1239 1437 populus
1262 1364 1547 1438 populum
1576 1367 1898 1439 superabit,

249 1456 307 1508 et
332 1452 515 1523 major
560 1453 769 1509 serviet
798 1453 1042 1509 minori.
1077 1454 1359 1525 Majorem
1406 1456 1559 1511 Esau
1599 1456 1760 1522 dicit,
1795 1455 1898 1527 qui

248 1540 360 1597 alio
390 1541 621 1597 nomine
668 1542 861 1598 dictus
891 1545 985 1598 est
1035 1540 1223 1609 Edam,
1256 1559 1290 1598 a
1320 1559 1434 1615 quo
1465 1547 1591 1599 orta
1636 1547 1727 1601 est
1753 1560 1896 1618 gens

249 1630 674 1700 Idumeorum;
706 1631 997 1688 minorem
1031 1646 1165 1687 vero
1191 1630 1395 1687 Jacob.

318 1719 441 1774 Haac
471 1734 611 1791 ergo
640 1719 946 1792 prophetia
955 1720 1133 1791 juxta
1161 1719 1467 1777 historiam
1488 1724 1631 1777 tunc
1652 1720 1903 1793 impleta

246 1811 352 1880 est,
383 1807 619 1880 quando
650 1807 902 1881 pepulus
929 1808 1401 1883 Judaeorum,qui
1431 1810 1504 1866 de
1534 1810 1768 1866 minore
1790 1809 1899 1865 fra-

247 1900 349 1963 tre,
377 1896 436 1952 id
469 1900 563 1953 est
590 1898 794 1965 Jacob,
817 1901 985 1954 ortus
1016 1902 1124 1969 est,
1149 1915 1252 1971 per
1280 1898 1462 1956 David
1495 1915 1691 1972 regem
1722 1914 1898 1971 supe-

248 1986 388 2041 ravit
417 1986 855 2059 (3112)populum
888 1986 1367 2057 Idummorum,et
1396 2004 1531 2044 eum
1563 1989 1675 2044 sibi
1708 1988 1898 2044 tribu-

242 2074 447 2131 tarium
469 2075 821 2147 fecit,usque
844 2076 916 2132 ad
944 2091 1139 2148 regem
1163 2079 1274 2133 sub
1297 2093 1418 2149 quo
1444 2077 1896 2144 rebellaverunt,

242 2168 300 2219 et
327 2163 628 2235 ejecerunt
648 2164 863 2237 jugum
895 2165 1191 2221 servitutis
1223 2166 1294 2222 de
1327 2164 1478 2221 collo
1510 2180 1637 2220 suo.
1668 2164 1851 2220 Aliter
1880 2179 1894 2219 :

241 2252 345 2307 Per
373 2253 657 2325 majorem
686 2253 925 2309 fratrem
950 2253 1202 2325 populus
1220 2254 1509 2311 Judaicus
1531 2253 1895 2326 designatur,

241 2341 339 2414 qui
369 2341 536 2414 prius
566 2342 727 2397 venit
753 2341 825 2397 ad
856 2341 1069 2399 Christi
1102 2344 1501 2417 cognitionem
1526 2362 1540 2412 ;
1574 2359 1678 2415 per
1706 2342 1897 2397 mino-

238 2447 361 2486 rem
392 2447 552 2496 vero,
583 2429 1041 2487 ecclesiasticus.
1074 2432 1206 2489 Haec
1253 2448 1391 2506 ergo
1423 2431 1734 2504 prophetia
1785 2430 1895 2485 im-

238 2518 394 2592 pleta
444 2524 552 2590 est,
585 2518 864 2591 quoniam
913 2519 1167 2592 populus
1213 2522 1558 2578 Judseorum
1606 2524 1728 2575 toto
1759 2519 1897 2575 orbe

236 2612 531 2664 terrarum
561 2607 867 2679 dispersus
895 2608 1070 2665 servit
1096 2609 1519 2667 ecclesiastico.
1550 2607 1765 2664 Aliter:
1790 2612 1899 2664 Per

241 2698 531 2767 majorem
574 2695 825 2753 carnalis
851 2696 1123 2768 populus,
1153 2716 1257 2771 per
1288 2699 1582 2755 minorem
1614 2695 1897 2769 spiritalis

239 2787 607 2859 designatur.
643 2785 807 2843 Sicut
854 2785 1010 2843 enim
1040 2787 1125 2843 illi
1156 2790 1272 2845 duo
1302 2788 1363 2844 in
1395 2791 1586 2855 utero,
1618 2786 1704 2842 ita
1749 2789 1807 2842 et
1835 2785 1896 2841 hi

234 2892 354 2931 uno
387 2877 598 2931 matris
651 2873 916 2931 Ecclesia
945 2875 1080 2931 sinu
1131 2877 1518 2943 clauduntur,
1550 2879 1608 2931 et
1654 2875 1807 2930 inter
1834 2889 1897 2929 se

231 2963 489 3020 invicem
520 2965 844 3032 dimicant;
874 2979 1075 3021 verum
1107 2966 1362 3022 carnalis
1392 2964 1577 3021 servit
1624 2962 1895 3034 spiritali,

228 3051 519 3124 quoniam
554 3051 835 3124 spiritalis
864 3052 1063 3108 omnia
1092 3053 1550 3124 adiudicatjpse
1577 3066 1711 3107 vero
1741 3066 1775 3105 a
1803 3066 1898 3107 ne-

231 3142 396 3197 mine
429 3139 790 3212 dijudicatur
826 3140 874 3212 (ι
900 3143 1019 3196 Cor.
1054 3157 1116 3209 ιι,
1149 3142 1235 3209 14,
1270 3142 1386 3212 15.)

1927 1854 1975 1920 Β

2013 561 2303 619 dicemus?
2332 564 2479 638 (344)
2522 567 2781 639 Nunquid
2828 567 3097 638 iniquitas
3143 569 3291 639 apud
3342 569 3585 625 Deum?
3615 575 3696 633 Αο

2014 652 2065 707 si
2096 652 2314 709 diceret
2347 672 2360 709 :
2393 653 2568 710 Nulla
2590 656 2699 711 hoc
2728 655 3040 727 iniquitate
3066 657 3163 712 Dei
3194 656 3416 714 factum
3448 662 3691 730 est,sed

2006 740 2245 811 justitia
2273 746 2331 799 et
2376 743 2787 813 miseratione;
2821 744 3067 800 alterum
3099 746 3257 801 enim
3302 763 3405 821 per
3433 747 3683 806 indebi-

2012 834 2133 885 tam
2160 832 2409 903 gratiam
2441 832 2618 905 elegit
2646 850 2660 902 ;
2694 833 2942 890 alterum
2960 834 3299 906 justissimo
3323 834 3560 907 judicio
3593 856 3681 895 re-

2012 920 2298 992 probavit.

2082 1010 2152 1064 Et
2180 1010 2289 1067 hoc
2318 1010 2445 1067 vult
2474 1012 2629 1085 quod
2652 1011 2768 1067 ait:
2793 1012 3171 1069 absit.Volens
3204 1016 3403 1069 autem
3434 1014 3666 1071 ratione

2010 1098 2257 1170 probare
2288 1102 2441 1172 quod
2492 1101 2735 1168 dixerat,
2764 1100 2978 1171 adjecit
3009 1120 3022 1157 :
3056 1105 3236 1174 Moysi
3282 1104 3435 1158 enim
3478 1102 3616 1158 dicit
3644 1120 3660 1159 :

2007 1189 2307 1245 Miserebor
2354 1190 2515 1261 cuius
2538 1192 2795 1246 misertus
2840 1189 3008 1262 fuero
3049 1191 3221 1261 (345),
3252 1199 3305 1247 et
3346 1193 3663 1247 misericor-

2006 1275 2159 1332 diam
2186 1278 2461 1349 praestabo
2487 1280 2645 1351 cujus
2672 1278 2986 1335 miserebor.
3021 1279 3135 1335 Sed
3166 1280 3435 1351 nunquid
3488 1278 3661 1335 solvit

2007 1364 2101 1421 his
2129 1366 2319 1422 verbis
2352 1367 2504 1423 hanc
2535 1367 2918 1439 quaestionem
2937 1367 2965 1423 ?
2990 1367 3201 1440 Utique
3226 1368 3416 1440 magis
3444 1385 3574 1425 eam
3594 1368 3663 1423 1i-

2006 1471 2145 1529 gare
2174 1456 2595 1521 videtur.Quod
2625 1461 2823 1512 tamen
2856 1456 2938 1512 ita
2963 1459 3155 1529 potest
3179 1455 3424 1529 intelligi
3448 1472 3461 1513 :
3487 1458 3661 1527 cujus

2007 1545 2288 1601 misertus
2332 1545 2525 1612 fuero,
2575 1544 2841 1618 eligendo
2888 1549 2945 1601 et
2991 1545 3481 1616 prmdestinando,
3529 1546 3661 1616 ejus

2006 1633 2349 1702 miserebor,
2383 1650 2487 1707 per
2514 1634 2769 1707 gratiam
2797 1634 3058 1690 vocando
3085 1652 3099 1703 ;
3124 1638 3183 1689 et
3213 1634 3388 1705 cujus
3418 1633 3661 1689 misere-

2004 1722 2241 1796 bor,per
2269 1724 2518 1796 gratiam
2545 1724 2898 1790 vocando,et
2928 1722 3393 1779 misericordiam
3419 1727 3660 1795 presta-

2005 1811 2099 1880 bo,
2133 1814 2205 1869 ad
2236 1812 2413 1869 fidem
2445 1813 2819 1885 perducendo
2849 1815 2907 1867 et
2928 1811 3335 1883 justificando.

2077 1901 2145 1956 Et
2173 1900 2311 1973 quia
2341 1900 2564 1956 dixerat
2590 1900 2769 1956 Jacob
2792 1916 2896 1972 per
2924 1899 3253 1955 indebitam
3275 1899 3524 1971 gratiam
3555 1900 3661 1955 Dei

2004 1987 2275 2056 electum,
2308 2005 2442 2045 mox
2491 1988 2822 2060 generalem
2855 1988 3234 2059 sententiam,
3267 1989 3340 2044 ad
3388 1989 3659 2044 eamdem

2004 2078 2252 2150 gratiam
2285 2075 3311 2146 commendandam,intulit,dicens:
3344 2078 3523 2149 Igitur
3547 2092 3661 2132 non

2004 2168 2251 2234 volentis,
2281 2182 2459 2238 neque
2486 2168 2780 2231 currentis,
2811 2165 2907 2221 sed
2933 2165 3249 2223 miserentis
3276 2168 3353 2222 est
3377 2167 3493 2223 Dei.

2076 2257 2226 2311 Sane
2257 2254 2561 2311 sciendum
2594 2255 2735 2327 quia
2763 2255 2918 2311 sicut
2947 2253 3151 2309 nullus
3182 2255 3390 2323 credit,
3422 2253 3536 2310 nisi
3566 2254 3659 2309 di-

2003 2343 2139 2400 vina
2165 2347 2407 2399 vocante
2455 2342 2663 2414 gratia,
2695 2343 2778 2398 ita
2807 2340 3008 2398 nullus
3038 2342 3248 2409 credit,
3281 2342 3397 2397 nisi
3432 2341 3655 2398 volens.

2004 2434 2119 2489 Cur
2146 2448 2283 2505 ergo
2314 2431 2456 2487 dicit
2482 2431 2797 2503 Apostolus
2827 2447 2843 2487 :
2876 2435 2998 2489 Non
3024 2432 3282 2500 volentis,
3314 2447 3489 2503 neque
3539 2447 3661 2487 cur-

2005 2522 2178 2577 rentis
2205 2520 2330 2577 est?
2359 2519 2612 2587 Scilicet,
2645 2521 2787 2592 quia
2817 2524 3161 2592 utrumque,
3190 2521 3251 2576 id
3282 2521 3661 2592 est,volunts-

2004 2612 2122 2666 tem
2154 2611 2212 2665 et
2240 2624 2479 2664 cursum
2513 2608 2585 2664 ad
2617 2608 2876 2664 divinam
2910 2608 3165 2681 gratiam
3197 2610 3412 2666 referre
3456 2607 3657 2665 voluit.

2004 2697 2131 2754 Non
2158 2701 2247 2753 est
2277 2696 2433 2752 enim
2463 2695 2708 2752 volentis
2736 2696 3167 2770 hominis,quia
3197 2697 3420 2753 bonum
3450 2697 3596 2753 velle
3626 2714 3662 2754 a

2005 2803 2069 2843 se
2097 2787 2225 2858 ipso
2255 2786 2469 2842 habere
2496 2802 2612 2841 non
2646 2789 2874 2857 potest;
2908 2802 3023 2841 non
3050 2790 3143 2842 est
3179 2786 3488 2857 currentis,
3519 2785 3663 2858 quia

2006 2891 2110 2947 per
2137 2891 2201 2931 se
2231 2890 2482 2940 currere,
2506 2874 2565 2928 id
2594 2877 2686 2929 est
2715 2874 2886 2930 bonis
2916 2874 3197 2946 operibus
3230 2873 3510 2945 proﬁcere
3536 2889 3657 2929 non

2005 2968 2233 3036 potest;
2257 2963 2358 3019 sed
2387 2962 2720 3019 miserantis
2751 2962 2869 3031 Dei,
2903 2964 3076 3035 cujus
3104 2961 3297 3036 gratia
3328 2966 3660 3033 praaventus

2004 3052 2157 3123 (346)
2186 3052 2408 3107 bonum
2457 3050 2604 3107 velle
2649 3051 2879 3125 accipit,
2930 3056 2987 3107 et
3033 3051 3208 3123 cujus
3257 3048 3662 3106 misericordia

2005 3142 2248 3210 adjutus
2278 3141 2426 3196 bene
2456 3156 2688 3196 currere
2716 3141 2953 3197 sufﬁcit.

299 3229 379 3286 Ut
406 3236 605 3285 autem
636 3245 803 3284 suam
835 3229 1226 3284 narrationem
1258 3227 1603 3300 prophetico
1630 3226 1898 3283 testimo-
1927 3222 1972 3286 C
2079 3229 2498 3284 Verumtamen
2521 3228 2672 3285 sicut
2690 3228 2958 3285 voluntas
2981 3231 3184 3284 nostra
3203 3229 3261 3282 et
3280 3240 3492 3282 cursus
3513 3224 3662 3281 nihil

228 3319 327 3375 nio
357 3316 800 3386 comprobaret,
831 3316 1137 3386 subjunxit
1162 3315 1571 3373 testimonium
1603 3314 1898 3387 prophetas

230 3408 412 3482 longe
439 3403 808 3477 posterioris,
840 3404 1037 3460 dicens
1071 3421 1084 3460 :
1118 3404 1269 3461 Sicut
1296 3406 1567 3477 scriptum
1595 3411 1713 3459 est:
1732 3405 1900 3462 Jacob

228 3496 440 3561 dilexi,
499 3496 652 3549 Esau
698 3496 881 3549 autem
922 3493 1052 3549 odio
1106 3494 1276 3550 habui
1325 3494 1578 3566 (Malach.
1626 3509 1666 3561 1,
1710 3493 1766 3560 2,
1820 3495 1897 3568 3).

228 3581 515 3643 Ostendit
542 3581 697 3637 enim
729 3582 869 3654 quia
897 3583 1054 3654 quod
1086 3582 1144 3637 in
1176 3583 1490 3656 praesentia
1522 3581 1618 3638 Dei
1650 3597 1720 3637 ex
1747 3584 1898 3639 anti-

226 3692 347 3748 quo
379 3670 632 3729 consilio
663 3670 936 3726 manebat
965 3687 1073 3744 per
1102 3671 1653 3744 gratiam,apertum
1686 3675 1775 3727 est
1794 3689 1900 3745 per

226 3762 607 3838 prophetam.

302 3851 423 3909 Sed
454 3849 830 3923 quaerendum
853 3854 941 3907 est
969 3848 1117 3922 quid
1150 3849 1434 3905 Dominus
1464 3849 1525 3905 in
1545 3849 1730 3905 Jacob
1761 3851 1901 3907 dile-

221 3941 409 4008 xerit,
434 3943 537 3997 aut
566 3938 704 4011 quid
735 3938 793 3994 in
823 3938 979 3995 Esau
1016 3937 1152 3993 odio
1180 3937 1549 3994 habuerit.ln
1579 3937 1782 4009 Jacob,
1798 3939 1901 4011 qui

220 4032 502 4088 nondum
532 4031 705 4085 natus
727 4026 869 4083 nihil
892 4042 1078 4101 agere
1099 4025 1465 4098 potuit,nihil
1494 4024 1653 4081 aliud
1680 4024 1899 4095 dilexit,

219 4120 350 4178 nisi
386 4118 709 4194 gratuitum
738 4134 856 4173 sum
886 4114 1313 4173 misericordia
1346 4116 1567 4171 donum
1594 4138 1609 4183 ;
1632 4113 1905 4173 similiter

218 4212 288 4268 in
320 4209 485 4267 Esau
517 4207 663 4265 nihil
692 4205 851 4263 aliud
882 4205 1025 4262 odio
1058 4203 1285 4271 habuit,
1311 4203 1427 4260 nisi
1456 4202 1739 4277 originale
1770 4222 1904 4277 pec-

220 4298 635 4370 catum,cujus
652 4294 861 4353 merito
876 4294 1162 4353 universa
1179 4292 1427 4348 humani
1454 4293 1685 4365 generis
1706 4310 1906 4351 massa

219 4390 525 4446 damnata
553 4388 662 4441 est.

300 4475 667 4547 (343)Genus
685 4487 946 4545 namque
964 4470 1295 4525 humanum
1319 4469 1463 4526 adeo
1477 4469 1539 4526 in
1560 4468 1690 4542 ipsa
1710 4471 1903 4527 radice

2008 3317 2145 3374 boni
2176 3316 2401 3388 operari
2450 3320 2658 3389 potest,
2691 3317 2806 3373 nisi
2855 3316 3052 3371 divina
3081 3314 3271 3388 gratia
3321 3312 3661 3385 praeveniat,

2008 3406 2091 3462 ita
2114 3410 2172 3461 et
2200 3406 2389 3479 gratia
2435 3405 2533 3462 Dei
2564 3406 2709 3462 nihil
2740 3406 2800 3462 in
2831 3404 3000 3462 nobis
3032 3403 3169 3460 boni
3208 3407 3506 3475 operatur,
3541 3402 3660 3459 nisi

2006 3494 2367 3552 voluntatem
2398 3499 2659 3552 nostram
2692 3494 2898 3551 divinas
2927 3492 3217 3549 voluntati
3238 3493 3587 3564 jungamus.

2080 3585 2244 3641 Sicut
2270 3600 2408 3657 ergo
2438 3585 2692 3642 dicimus
2725 3601 2738 3640 :
2770 3586 2885 3640 Non
2928 3584 3189 3647 volantis,
3218 3595 3663 3656 neque’curren-

2008 3677 2098 3740 tis,
2128 3672 2222 3730 sed
2267 3675 2574 3731 miserentis
2602 3682 2682 3731 est
2708 3675 2826 3743 Dei,
2859 3673 3016 3729 itane
3066 3672 3256 3729 dicere
3288 3684 3607 3742 possumus
3642 3686 3655 3725 :

2007 3764 2135 3820 Non
2166 3762 2502 3820 miserantis
2547 3763 2672 3830 Dei,
2701 3764 2802 3819 sed
2847 3761 3117 3827 volentis,
3149 3765 3208 3817 et
3254 3757 3545 3815 currentis
3575 3763 3664 3815 est

2008 3851 2271 3907 hominis
2289 3850 2435 3907 ?Sed
2466 3853 2596 3921 quis
2618 3851 2725 3907 hoc
2754 3851 2949 3906 dicere
2974 3851 3189 3906 audeat
3211 3846 3529 3917 iNunquid
3554 3846 3665 3904 hoc

2011 3939 2196 3995 sensit
2219 3939 2532 4011 Apostolus
2555 3938 2909 3994 ?Absit.Imo
2939 3942 3130 3993 totum
3153 3938 3224 3992 ad
3257 3934 3427 3989 illum
3460 3934 3663 3989 referri

2010 4025 2211 4094 voluit,
2246 4027 2318 4081 de
2346 4042 2462 4097 quo
2492 4028 2777 4097 scriptum
2808 4030 2898 4081 est
2927 4041 2941 4079 :
2981 4026 3239 4082 Voluntas
3284 4029 3466 4077 autem
3493 4037 3530 4075 a
3559 4022 3661 4077 Do-

2010 4117 2164 4171 mino
2191 4122 2579 4187 prmparatur;
2608 4113 2735 4186 ipse
2764 4113 2982 4186 quippe
3012 4114 3318 4185 praeparat,
3350 4113 3409 4166 et
3438 4124 3660 4181 praepa-

2013 4207 2200 4260 ratam
2224 4203 2411 4274 juvat.

2083 4291 2359 4364 Sequitur
2406 4308 2419 4347 :
2472 4293 2620 4348 Dicit
2667 4293 2819 4348 enim
2868 4289 3155 4363 Scriptura
3195 4287 3500 4355 Pharaoni,
3548 4289 3659 4343 etc.

2012 4381 2247 4439 Dixerat
2275 4381 2547 4453 superius
2582 4399 2595 4437 :
2626 4381 2789 4439 Jacob
2816 4380 2994 4436 dilexi
3017 4397 3032 4447 ;
3056 4383 3362 4452 propterea
3390 4375 3661 4432 testimo-

2013 4471 2179 4528 nium
2220 4470 2415 4542 posuit
2463 4470 2774 4543 Seriptursa
2823 4468 3070 4525 dicentis
3106 4486 3121 4525 :
3153 4467 3461 4524 Miserebor
3504 4467 3661 4537 cujus

217 4568 596 4623 damnatum
626 4565 736 4627 est,
768 4564 856 4625 ut,
888 4559 939 4616 si
970 4557 1170 4615 nullus
1220 4557 1530 4615 hominum
1562 4559 1901 4628 salvaretur,
1934 4581 1982 4646 Ι)
2010 4561 2270 4617 misertus
2323 4563 2503 4633 fuero,
2559 4567 2611 4616 et
2663 4560 3107 4615 misericordiam
3157 4555 3450 4630 pra'stabo,
3504 4556 3661 4646 cujus

220 4670 419 4712 nemo
444 4655 675 4725 justam
699 4651 856 4723 apud
875 4649 1060 4705 Deum
1084 4652 1283 4719 posset
1302 4647 1562 4705 invenire
1583 4648 1904 4721 querelam,

222 4744 337 4800 sed
377 4740 583 4815 potius
613 4738 746 4795 aliis
797 4736 1180 4812 pereuntibus
1227 4736 1479 4794 disceret
1527 4737 1669 4810 quia
1695 4740 1752 4794 et
1778 4738 1905 4811 ipse

220 4832 486 4906 periret,
519 4827 635 4885 nisi
665 4827 864 4883 divina
891 4826 1081 4899 gratia
1109 4829 1429 4883 erueretur.

306 4921 555 4978 Poterat
583 4914 800 4989 aliquis
823 4915 896 4971 ad
924 4915 1047 4970 haec
1075 4916 1305 4972 dicere:
1333 4916 1382 4971 si
1406 4930 1607 4971 verum
1634 4919 1724 4972 est
1747 4917 1902 4987 quod

226 5009 399 5067 dicis
430 5026 447 5077 ;
482 5022 620 5079 ergo
652 5005 895 5078 iniquus
942 5003 1118 5073 Deus,
1151 5005 1250 5078 qui
1286 5021 1355 5061 ex
1383 5005 1610 5078 perdita
1657 5004 1902 5061 humani

226 5098 484 5173 generis
516 5112 715 5152 massa
743 5094 995 5151 alterum
1026 5093 1239 5168 elegit;
1275 5094 1546 5162 alterum,
1569 5092 1748 5150 nullis
1781 5094 1903 5151 suis

224 5186 715 5263 praecedentibus
745 5182 994 5252 meritis,
1026 5183 1629 5257 reprobavit.ldeoque
1656 5185 1900 5256 Aposto-

330 5351 471 5421 341)
499 5350 651 5406 Rom.
684 5363 768 5415 x1,
795 5348 852 5403 5.
883 5348 949 5401 In
981 5348 1180 5421 autog.
1214 5345 1429 5421 legitur
1466 5347 1615 5403 sicut
1644 5345 1771 5403 loco
1799 5347 1899 5402 sic.

330 5353 443 5407 341
499 5353 651 5406 Rom.
684 5363 768 5415 x1,
795 5353 852 5403 5.
883 5353 949 5401 In
981 5353 1128 5417 autc;

304 5353 472 5545 ξ342ξ
505 5423 566 5478 Ιιι
597 5423 794 5504 autog.
826 5420 1128 5545 “foravit.

305 5495 450 5545 (343
505 5494 638 5545 Ome
669 5506 850 5545 immo
897 5494 1010 5545 late
1034 5508 1128 5545 ora

305 5489 472 5566 (343)
505 5494 638 5560 Quae
669 5489 1010 5566 immediate
1031 5489 1454 5563 praecedunt,et
1484 5506 1611 5562 quae
1643 5505 1900 5563 sequun-

225 5562 338 5625 tur
374 5562 589 5622 no’tatu
616 5562 784 5621 valde
815 5562 1014 5635 digna.

305 5638 471 5711 (344)
503 5637 570 5694 In
601 5639 795 5709 autog.
828 5631 1016 5708 m'arg.
1048 5633 1145 5693 hic
1172 5633 1390 5709 legitur
1417 5650 1543 5708 cap.
1577 5631 1775 5690 XXVI.

454 5351 472 5567 ξ

2012 4650 2349 4712 miserebor;
2378 4651 2535 4707 unde
2579 4653 2637 4705 et
2672 4647 2999 4721 generalem
3032 4646 3237 4702 intulit
3283 4643 3657 4712 sententiam,

2011 4740 2211 4796 dicens
2244 4754 2258 4795 :
2289 4740 2469 4809 Igitur
2494 4754 2608 4794 non
2654 4738 2902 4804 volentis,
2935 4739 3067 4807 etc.,
3101 4735 3258 4809 quod
3289 4733 3491 4804 utique
3521 4749 3659 4806 pro-

2012 4832 2141 4902 pter
2167 4845 2266 4885 eos
2296 4828 2377 4883 ait
2405 4827 2506 4900 qui
2537 4826 2734 4882 divina
2763 4826 2950 4900 gratia
2980 4825 3207 4882 liberati
3230 4823 3655 4896 justiﬁcantur.

2084 4918 2362 4982 Rursum,
2396 4916 2535 4988 quia
2563 4915 2787 4971 dixerat
2819 4941 2833 4973 :
2866 4917 3008 4972 Esau
3037 4914 3159 4971 odio
3190 4913 3659 4985 habui,propter-

2010 5022 2080 5063 ea
2108 5006 2217 5063 hoc
2247 5004 2652 5062 testimonium
2701 5004 2903 5061 intulit
2937 5022 2950 5061 :
2984 5006 3130 5061 Dicit
3176 5006 3324 5061 enim
3370 5002 3660 5072 Scriptura

2008 5096 2291 5152 Pharaoni
2319 5112 2338 5150 :
2370 5095 2513 5164 Quia
2538 5096 2599 5149 in
2627 5094 2723 5150 hoc
2752 5096 2933 5168 ipsum
2960 5095 3198 5153 excitavi
3226 5098 3299 5162 te,
3332 5096 3466 5158 etc.,
3498 5086 3656 5158 quod

2009 5184 2213 5257 utique
2242 5187 2479 5257 propter
2507 5200 2607 5241 eos
2636 5183 2859 5241 dictum
2889 5190 2999 5254 est,
3029 5201 3207 5257 super
3235 5195 3385 5254 quos
3415 5177 3503 5231 ira
3531 5190 3655 5231 ma-

2103 5345 2229 5417 345)
2261 5343 2437 5417 Exod.
2468 5359 2667 5417 xxxm,
2696 5343 2783 5400 19.
2814 5344 2988 5417 Vulg.
3021 5344 3177 5417 cuqu
3205 5339 3486 5417 misereor.

2103 5346 2209 5401 345
2261 5345 2437 5401 Exod.
2468 5359 2667 5413 xxxm,
2696 5345 2783 5400 19.
2814 5345 2988 5417 Vulg.
3021 5345 3174 5414 cujus
3205 5345 3486 5394 misereor.

2081 5345 2230 5490 $346;
2259 5416 2637 5501 En_gratiam‘
2655 5418 3125 5501 praevenientem.
3145 5407 3654 5501 Jungehuc

1982 5481 2239 5560 .iis‘qaae
2271 5481 2514 5545 inferius
2544 5481 2840 5544 habentur
2870 5489 2939 5542 ad
2975 5502 3099 5555 cap.
3131 5481 3653 5560 xi_interpretatio-

2009 5555 2230 5628 neni,et
2258 5561 2329 5617 ad
2359 5577 2428 5618 ea
2456 5560 2671 5620 verba:
2704 5561 2901 5616 Palam
2927 5558 3168 5630 apparui
3195 5556 3281 5612 his
3310 5555 3410 5632 qui
3436 5567 3523 5611 me
3541 5567 3654 5631 non

2008 5633 2445 5705 interrogabant.
