4080 6174
414 331 533 393 227

1400 325 1778 395 -ATTONIS
1822 323 2404 390 VERCELLENSIS
2447 324 2797 389 EPISCOPI

418 479 519 520 cos
547 478 617 519 ex
640 459 863 519 Judaeis
885 460 1306 530 credituros,ut
1324 457 1541 515 arctius
1562 458 1670 516 hoc
1695 459 2063 533 approbaret,
2093 460 2149 527 Α
2177 458 2353 515 homo
2382 458 2535 515 inter
2564 456 2833 515 homines
2862 457 3157 531 apparuit,
3188 457 3360 532 quasi
3404 458 3554 532 lapis
3595 460 3833 531 jacuit;

412 552 680 623 ejusdem
713 550 1010 623 propheta
1040 548 1442 607 testimonium
1474 547 1757 619 subdidit,
1810 549 2011 604 dicens
2042 564 2055 603 :

411 642 481 697 Et
506 642 651 697 sicut
675 640 937 713 praedixit
954 641 1133 696 Isaias
1164 657 1181 693 :
1216 637 1332 694 Nisi
1360 639 1628 694 Dominus
1657 637 1900 694 Sabaoth
1928 638 2061 693 reli-

410 731 613 803 quisset
637 732 797 788 nobis
818 745 1024 795 semen,
1078 729 1218 784 sicut
1260 726 1490 783 Sodoma
1534 727 1675 797 facti
1718 743 1971 795 essemus,
2012 734 2065 782 et

408 821 553 875 sicut
583 816 878 875 Gomorrha
903 817 1116 874 similes
1145 818 1440 887 fuissemus
1470 816 1605 887 (lsa;
1636 833 1677 884 1,
1709 816 1783 887 9).

481 925 718 982 Sabaoth
742 926 977 979 Hebraea
995 922 1217 995 lingua,
1242 923 1445 979 Latine
1464 921 1682 977 dicitur
1702 923 2058 993 omnipotens,

406 1015 499 1071 vel
529 1015 886 1070 exercituum.
915 1012 985 1067 Et
1011 1015 1101 1067 est
1128 1027 1338 1067 sensus
1362 1027 1375 1065 :
1406 1010 1519 1067 nisi
1553 1010 1836 1066 Dominus
1858 1009 2059 1066 Omni-

406 1107 636 1176 potens,
668 1106 771 1158 aut
797 1099 1518 1172 exercituum,reliquisset
1533 1099 1703 1156 nobis
1723 1098 2059 1166 semen,hoc

406 1197 632 1258 est,sua
661 1191 849 1264 gratia
878 1207 994 1247 non
1025 1204 1245 1262 paucos
1266 1188 1730 1256 salvasset,sicut
1747 1187 2057 1245 Sodomita

406 1285 467 1338 et
511 1280 899 1336 Gomorrhitae
944 1280 1027 1334 ita
1073 1283 1132 1334 et
1179 1295 1287 1334 nos
1334 1294 1537 1333 omnes
1594 1276 1939 1348 periremus.
1989 1276 2060 1332 Et

406 1375 544 1426 nota
565 1369 707 1441 quia
734 1367 977 1441 pulchre
996 1366 1141 1423 dicit
1160 1367 1479 1435 semen,hoc
1509 1364 1667 1422 enim
1698 1365 2055 1422 seminatum

405 1463 497 1516 est
524 1458 582 1514 in
615 1462 736 1515 toto
765 1458 905 1514 orbe
932 1460 1243 1513 terrarum.

479 1565 709 1622 Poterat
754 1564 826 1620 ad
876 1563 997 1619 hac
1046 1563 1291 1618 fortasse
1350 1558 1564 1632 aliquis
1624 1560 1816 1615 dicere
1868 1575 1881 1615 :
1931 1559 2056 1623 Qua

397 1654 637 1726 justitia
669 1653 765 1710 Dei
797 1653 1017 1709 factum
1047 1656 1137 1707 est
1166 1654 1232 1706 ut
1261 1649 1431 1721 pauci
1454 1667 1522 1705 ex
1540 1649 1757 1705 Judaeis
1780 1653 1837 1704 et
1857 1648 2054 1721 plures

405 1745 761 1817 eligerentur
781 1758 849 1797 ex
875 1741 1171 1814 gentibus,
1204 1753 1339 1795 cum
1364 1737 1448 1793 illi
1469 1738 1569 1794 Dei
1593 1736 1923 1810 cognitione
1942 1737 2052 1793 ha-

404 1833 658 1899 buerint,
678 1831 982 1904 legemque
1012 1847 1047 1885 a
1075 1829 1191 1885 Deo
1221 1827 1567 1900 acceperint,
1599 1827 1698 1883 isti
1728 1843 1861 1882 vero
1892 1842 2050 1883 sem-
2079 1851 2129 1917 Β

403 1938 508 1996 per
527 1922 684 1976 idola
704 1918 1028 1975 coluerint?
1053 1918 1138 1974 0b
1161 1918 1268 1974 hoc
1290 1933 1353 1973 se
1374 1915 1688 1988 Apostolus
1709 1916 2047 1988 interrogat.

402 2011 710 2067 inferens:
762 2008 911 2080 (354)
963 2008 1115 2076 Quid
1157 2022 1281 2077 ergo
1329 2005 1613 2061 dicemus?
1665 2004 1801 2073 Quia
1847 2007 2047 2075 gentes,

401 2112 529 2171 gum
557 2112 667 2153 non
697 2096 1048 2152 sectabantur
1066 2095 1374 2167 justitiam,
1404 2093 2051 2166 apprehenderuntjusti-

398 2188 561 2254 tiam,
583 2187 864 2257 justitiam
899 2188 1082 2241 autem
1127 2198 1253 2256 quae
1296 2199 1371 2239 ex
1408 2181 1515 2254 ﬁde
1560 2190 1652 2238 est.
1698 2184 1873 2239 Israel
1923 2198 2049 2239 vero

398 2279 614 2332 sectans
647 2274 823 2344 legem
839 2274 1098 2346 justitiae,
1130 2275 1191 2327 in
1236 2273 1407 2344 legem
1440 2272 1668 2343 justitz'a:
1701 2287 1813 2328 non
1857 2287 2046 2343 perve-

400 2365 520 2425 nit:
578 2380 644 2419 ac
693 2363 741 2418 si
800 2362 1016 2418 diceret
1060 2361 1383 2434 :Nunquid
1431 2360 1740 2431 iniquitate
1786 2359 1887 2415 Dei
1937 2359 2049 2415 hoc

402 2453 623 2509 factum
671 2452 799 2507 est?
844 2452 1029 2508 Absit.
1080 2450 1227 2518 Quid
1278 2466 1414 2523 ergo
1462 2449 1763 2504 dicemus?
1799 2448 1922 2504 Nisi
1956 2465 1969 2503 :
2003 2452 2050 2504 Ο

401 2541 599 2610 homo,
632 2548 692 2596 tu
724 2540 858 2612 quis
889 2556 971 2611 es,
1013 2540 1114 2612 qui
1144 2539 1500 2611 respondeas
1529 2538 1684 2593 Deo?
1713 2536 2049 2594 Clamemus

400 2629 585 2702 igitur
612 2644 748 2685 cum
780 2627 1117 2685 Psalmista:
1134 2628 1368 2685 Iustitia
1387 2628 1608 2683 Domini
1627 2627 1855 2698 abyssus
1872 2627 2049 2682 multa

402 2717 574 2791 (Psal.
622 2734 789 2783 xxvv,
831 2717 909 2789 7).
947 2719 1132 2774 Item:
1167 2718 1343 2786 Quam
1383 2715 1651 2771 terribilis
1698 2716 1759 2770 in
1804 2715 2050 2770 consiliis

399 2823 567 2879 super
592 2808 735 2878 ﬁlios
765 2806 1046 2863 hominum
1080 2806 1252 2879 (Psal.
1289 2822 1413 2874 va,
1443 2805 1520 2875 5).
1555 2802 1857 2859 Terribilis
1889 2803 2049 2859 enim

400 2900 491 2955 est
518 2895 579 2953 in
596 2895 853 2953 consiliis
880 2912 1058 2969 super
1088 2895 1237 2951 filios
1268 2892 1880 2965 hominum,quoniam
1908 2891 2050 2964 quid

400 2985 462 3041 in
495 2986 595 3042 Dei
627 2983 871 3042 consilio
901 2985 971 3041 de
999 3001 1061 3041 se
1091 2983 1443 3055 dispositum
1474 2982 1552 3037 sit
1582 2979 1781 3036 nullus
1829 2981 2052 3037 sufﬁcit

398 3074 746 3148 intelligere.

470 3181 686 3238 Gentes
707 3180 1037 3253 igitur,quae
1060 3196 1175 3235 non
1197 3178 1572 3235 sectabantur
1583 3176 2051 3248 justitiam,quo-

400 3271 561 3327 niam
592 3271 748 3327 idola
777 3269 1064 3337 colebant,
1106 3272 1342 3343 propter
1392 3266 1547 3339 quod
1587 3265 1897 3338 justificari
1932 3282 2047 3322 non

400 3361 798 3427 merebantur,
852 3358 1362 3431 apprehenderunt
1394 3355 1717 3427 justitiam,
1768 3354 2047 3426 quoniam

399 3450 542 3505 dum
574 3466 687 3504 non
721 3450 845 3503 suis
876 3447 1099 3502 meritis
1129 3451 1228 3499 aut
1250 3445 1474 3500 viribus
1523 3460 1586 3499 se
1632 3442 1843 3499 salvari
1877 3460 2048 3516 posse

399 3539 821 3609 cognoverunt,
855 3551 956 3606 per
986 3534 1161 3589 fidem
1209 3532 1423 3589 Christi
1466 3532 1801 3604 justiﬁcatm
1842 3538 1983 3588 sunt
2028 3550 2042 3589 :

396 3625 645 3696 ideoque
682 3622 825 3679 dicit
864 3619 1176 3695 Apostolus
1226 3638 1239 3677 :
1288 3620 1567 3678 Justitiam
1613 3628 1796 3677 autem
1824 3636 1949 3692 qua
1977 3637 2048 3677 ea:

396 3712 501 3783 ﬁde
524 3716 622 3769 est.

468 3818 643 3876 Israel
672 3835 805 3875 vero
833 3821 1065 3873 sectans
1093 3816 1280 3889 legem
1315 3816 1583 3889 justitie,
1616 3816 1675 3872 id
1722 3820 1812 3872 est
1854 3815 2042 3889 legem

395 3908 622 3965 Veteris
652 3906 1101 3975 Testamenti,in
1134 3923 1250 3979 qua
1278 3910 1631 3977 praeceptum
1654 3909 1741 3961 est
1759 3906 2040 3977 quemad-

394 3998 637 4055 modum
669 3995 925 4070 populus
944 3995 1047 4052 Dei
1078 3994 1407 4052 hostiarum
1430 3993 1824 4050 oblationibus
1845 3994 2044 4066 purifi-

393 4091 647 4163 caretur,
676 4086 821 4142 dum
852 4085 982 4156 ejus
1010 4084 1287 4158 operibus
1315 4099 1377 4141 se
1408 4082 1616 4139 salvari
1649 4097 1820 4155 posse
1850 4082 2041 4139 credi-

393 4175 505 4244 dit,
536 4177 596 4231 in
628 4175 818 4248 legem
841 4173 1087 4246 justitiaa
1116 4190 1233 4230 non
1261 4171 1871 4246 pervenit.Sciendum
1903 4170 2042 4243 quia

394 4280 498 4337 per
542 4263 731 4335 legem
774 4263 1019 4333 justitiaa
1071 4263 1320 4336 gratiam
1368 4258 1664 4332 Evangelii
1716 4259 1879 4329 dicit,
1938 4274 2043 4332 per

395 4368 574 4424 quam
604 4351 779 4408 homo
806 4352 1185 4423 justificatur.

464 4459 535 4514 Et
582 4457 721 4530 quia
772 4462 1000 4530 poterat
1047 4457 1262 4531 aliquis
1306 4456 1665 4527 interrogare
1705 4472 1885 4528 quare
1932 4455 2039 4512 hoc

391 4548 613 4605 factum
640 4547 738 4617 sit,
770 4546 986 4603 idcirco
1018 4547 1143 4618 ipse
1172 4546 1512 4615 interrogat,
1542 4543 1741 4600 dicens
1773 4562 1786 4600 :
1814 4546 1997 4614 Quare
2017 4549 2043 4599 .9

392 4637 464 4693 Et
494 4637 1001 4709 respondetzQuia
1027 4651 1134 4690 non
1167 4649 1236 4689 ea:
1257 4632 1381 4703 ﬁde,
1412 4632 1513 4688 sed
1542 4633 2040 4707 exoperibus(355)

395 4726 531 4796 legis
573 4724 1080 4797 (subintelligitur,
1103 4737 1166 4778 se
1185 4720 1395 4778 salvari
1418 4737 1591 4793 posse
1620 4721 2037 4796 crediderunt).

391 4812 538 4870 Nam
571 4814 711 4886 quia
739 4814 865 4869 suis
896 4811 1122 4868 meritis
1150 4809 1335 4883 legem
1366 4826 1429 4867 se
1466 4810 1782 4883 accepisse,
1812 4815 1867 4867 et
1913 4813 2039 4869 suis

389 4902 614 4961 viribus
691 4902 935 4974 implere
1012 4914 1204 4971 posse,
1270 4900 1515 4971 ejusque
1580 4901 1856 4973 operibus
1921 4901 2036 4957 sal-

388 4994 511 5051 vari
572 4991 969 5060 crediderunt,
1029 4988 1243 5044 idcirco
1283 4988 1595 5060 justiﬁcari
1642 5007 1757 5046 non
1807 5006 2037 5047 merue-

392 5086 550 5139 runt.

466 5167 817 5241 Oﬁenderunt
870 5166 1019 5222 enim
1069 5166 1133 5222 in
1184 5165 1421 5239 lapidem
1474 5167 1814 5238 offensionis.
1866 5168 2040 5240 Lapis

392 5256 736 5315 offensionis
766 5260 857 5312 est
886 5255 1171 5326 Christus,
1203 5256 1304 5328 qui
1354 5254 1505 5327 lapis
1551 5254 1766 5311 dicitur
1807 5260 2042 5328 propter

390 5345 665 5401 humanas
684 5342 1019 5415 fragilitatis
1035 5341 1607 5399 humilitatem.Dum
1619 5343 1777 5399 enim
1797 5342 2040 5402 humilis

642 5484 705 5559 lu
731 5489 935 5559 _autog.
970 5502 1156 5558 marg.
1189 5485 1285 5540 hic
1316 5501 1365 5539 c.
1398 5483 1559 5559 XXX.

459 5556 610 5631 (355)
642 5556 810 5631 Vulg.
842 5556 946 5616 sed
973 5556 1135 5631 quasi
1162 5574 1235 5613 ea:
1258 5557 1531 5628 operibus.

460 5557 589 5628 (355
642 5557 810 5628 Vulg.
842 5557 946 5616 sed
973 5557 1135 5631 quasi
1162 5574 1235 5613 ea:
1258 5557 1531 5628 operibus.

460 5557 610 5709 (3563
646 5628 814 5687 Isaia
853 5646 977 5701 VIII,
1029 5630 1117 5699 14,
1169 5632 1226 5685 et
1269 5644 1467 5699 xxvm,
1519 5627 1609 5701 16,
1657 5625 1831 5701 Vulg.
1874 5644 2040 5703 pono.

2171 548 2271 605 sed
2295 547 2561 604 Christus
2580 551 2811 604 tantum
2830 546 2980 619 lapis
3000 551 3090 603 est
3108 547 3625 623 videntibus,lapis
3646 551 3835 608 oﬂ‘en-

2170 637 2354 693 sionis
2377 637 2629 705 cacis,id
2652 640 2741 692 est
2756 634 3244 707 incredulis,nam
3269 638 3403 693 caeci
3426 640 3737 696 offendunt
3758 643 3835 698 ad

2170 726 2447 798 lapidem.
2474 726 2648 798 Lapis
2668 725 2780 781 iste
2800 724 2964 797 prius
2988 726 3395 798 parvusJuxta
3417 728 3673 785 Danielis
3693 746 3833 802 pro-

2169 815 2451 888 phetiam,
2483 814 2683 885 crevit,
2718 817 2773 869 et
2803 815 2990 871 factus
3039 819 3129 872 est
3176 832 3349 872 mons
3381 833 3657 891 magnus,
3690 836 3836 892 quo-

2170 904 2328 960 niam
2376 904 2645 960 Christus
2694 904 2883 960 factus
2931 903 3174 961 humilis
3223 904 3399 962 homo
3448 908 3689 981 agnitus
3738 914 3834 967 est

2168 992 2345 1059 Deus,
2362 996 2421 1049 et
2448 994 2728 1049 adoratur
2752 1010 2787 1049 a
2811 993 3036 1050 cunctis
3064 994 3535 1067 gentibus.Hunc
3562 996 3830 1071 lapidem

2169 1081 2539 1137 offenderunt
2553 1082 3050 1154 Judaei,quoniam
3065 1099 3282 1155 purum
3298 1084 3600 1142 hominem
3614 1092 3833 1160 putan-

2167 1175 2280 1237 tes,
2310 1169 2371 1226 in
2401 1186 2537 1226 eum
2569 1171 2802 1227 credere
2834 1170 3169 1228 noluerunt.
3200 1174 3356 1231 Sicut
3381 1176 3655 1247 scriptum
3691 1181 3777 1234 est
3809 1196 3831 1234 :

2165 1260 2300 1316 Ecce
2338 1275 2545 1331 ponam
2592 1259 2741 1331 (256)
2788 1262 2849 1315 in
2895 1259 3029 1315 Sion
3077 1262 3329 1332 lapidem
3372 1264 3713 1337 oﬂ‘ensionis,
3777 1276 3835 1323 et

2162 1352 2382 1420 petram
2404 1348 2675 1405 scandali.
2704 1348 2833 1404 Haec
2864 1349 3039 1405 verba
3066 1348 3167 1406 Dei
3197 1349 3386 1408 Patris
3416 1358 3557 1409 sunt
3586 1355 3659 1410 ad
3692 1371 3831 1429 pro-

2165 1437 2426 1510 phetam.
2461 1437 2597 1495 Sion
2630 1454 2800 1494 mons
2831 1442 2922 1494 est
2948 1437 3298 1497 Jerusalem.
3329 1441 3650 1499 Dominum
3687 1460 3832 1518 ergo

2164 1525 2225 1582 in
2256 1525 2395 1583 Sion
2426 1526 2683 1599 lapidem
2713 1525 3051 1583 offensionis
3081 1528 3586 1601 posuit,quoniam
3610 1531 3831 1591 Filium

2163 1632 2339 1673 suum
2372 1633 2441 1672 ex
2469 1615 2690 1672 Judaeis
2721 1632 2955 1673 carnem
2983 1633 3215 1675 sumere
3244 1618 3397 1676 fecit.
3430 1620 3602 1677 Petra
3621 1625 3830 1679 autem

2162 1704 2428 1761 Christus
2455 1704 2935 1777 dicitur,propter
2964 1706 3098 1763 fidei
3128 1707 3641 1782 soliditatem.Ipse
3662 1711 3828 1768 enim

2161 1797 2254 1849 est
2281 1792 2417 1849 ﬁdei
2447 1793 2921 1865 fundamentum,
2952 1795 3075 1851 sive
3104 1795 3243 1869 quia
3271 1796 3831 1871 inexpugnabile‘et

2159 1881 2461 1954 singulare
2490 1881 2829 1954 prasidium
2854 1886 2945 1939 est
2964 1884 3244 1942 omnibus
3258 1885 3330 1942 ad
3349 1902 3412 1943 se
3432 1887 3840 1961 confugientié

2158 1972 2295 2029 bus.
2327 1971 2438 2028 Sed
2469 1975 2635 2043 petra
2663 1971 2923 2028 scandali
2954 1972 3143 2029 factus
3174 1978 3264 2031 est
3290 1976 3825 2050 Judzeis,quoniam

2160 2065 2462 2117 mortuum
2493 2060 2789 2116 hominem
2819 2061 3105 2131 videntes,
3137 2063 3517 2123 scandalizati
3564 2064 3729 2134 sunt,
3764 2072 3825 2125 et

2159 2149 2220 2204 in
2251 2166 2385 2206 eum
2416 2150 2649 2205 credere
2678 2150 3086 2222 despexerunt.
3120 2151 3283 2208 Unde
3313 2153 3467 2210 idem
3498 2154 3822 2227 Apostolus

2160 2239 2302 2294 alibi
2338 2254 2350 2295 :
2384 2244 2492 2296 Nos
2517 2238 2883 2310 praedicath
2909 2241 3192 2297 Christum
3218 2243 3571 2315 cruciﬁxum,
3601 2246 3824 2305 Iudaeis

2159 2330 2386 2399 quidem
2412 2328 2762 2398 scandalum,
2793 2330 3049 2399 gentibus
3076 2339 3259 2387 autem
3286 2333 3581 2389 stultitiam
3603 2336 3653 2404 (ι
3685 2337 3818 2393 Cor.

2163 2432 2202 2485 ι,
2231 2417 2343 2483 23).

2233 2535 2298 2588 Et
2325 2533 2503 2588 omnis
2532 2533 2629 2605 qui
2655 2532 2955 2589 crediderit
3000 2534 3061 2589 in
3105 2551 3234 2590 eum
3274 2553 3386 2593 non
3425 2539 3818 2610 confundetur.

2159 2620 2487 2677 Credulitas
2517 2619 2618 2676 illa
2647 2621 2987 2694 accipienda
3015 2628 3106 2679 est
3134 2623 3242 2680 hoc
3271 2624 3418 2693 loco,
3466 2643 3595 2699 quae
3622 2630 3822 2702 operi-

2159 2710 2272 2765 bus
2303 2708 2687 2781 adimpletur;
2720 2710 2986 2765 confusio
3012 2727 3145 2767 vero
3176 2728 3355 2783 quam
3388 2714 3499 2771 soli
3530 2717 3673 2773 mali
3708 2718 3820 2776 ha-

2159 2799 2382 2854 bebunt
2410 2797 2470 2852 in
2501 2798 2595 2853 die
2617 2797 3000 2868 judicii,cum
3032 2815 3234 2857 eorum
3264 2808 3505 2874 peccata
3533 2807 3822 2865 omnibus

2160 2886 2476 2942 manifesta
2504 2885 2873 2942 erunt.Unde
2902 2886 3041 2943 alibi
3071 2888 3227 2946 idem
3255 2892 3824 2963 ApostoluszNolite

2158 2983 2290 3031 ante
2336 2980 2548 3047 tempus
2596 2975 2870 3047 judicare,
2923 2979 3276 3051 quoadusque
3301 2982 3487 3037 veniat
3528 2983 3824 3059 Dominus,

2159 3070 2214 3121 et
2238 3065 2518 3120 illuminet
2544 3064 2859 3120 abscondita
2887 3066 3237 3123 tenebrarum
3266 3069 3316 3142 (Ι
3333 3070 3460 3127 Cor.
3485 3089 3559 3138 1v,
3581 3073 3662 3146 5),
3701 3079 3823 3131 etc.

2160 3153 2230 3208 Et
2259 3152 2540 3209 Dominus
2570 3153 2631 3208 in
2663 3153 2970 3226 Evangelia
3004 3172 3017 3211 :
3060 3156 3213 3212 Nihil
3257 3161 3336 3213 est
3382 3168 3631 3232 apertum
3674 3164 3826 3235 quod

2080 3218 2124 3286 C
2160 3258 2272 3298 non
2296 3243 2565 3298 reveletur
2593 3241 2801 3309 (Matth.
2820 3218 2890 3311 vx,
2921 3243 3033 3316 26).
3067 3218 3425 3318 Quicunque.
3464 3249 3649 3321 igitur

2157 3330 2390 3396 diderit,
2425 3336 2481 3386 et
2522 3330 2694 3386 ﬁdem
2727 3348 2895 3387 suam
2927 3332 3204 3404 operibus
3233 3334 3662 3408 adimpleverit,
3696 3357 3823 3397 non

2157 3420 2552 3475 confundetur
2581 3419 2719 3490 quia
2748 3418 2808 3474 in
2840 3421 3116 3493 peccatis,
3149 3423 3305 3479 unde
3336 3423 3389 3480 ei
3421 3427 3691 3484 confusio
3716 3428 3824 3500 sit,

2156 3524 2273 3564 non
2327 3507 2672 3573 invenietur,
2725 3524 2852 3580 quae
2903 3508 3044 3565 solis
3093 3511 3203 3567 erit
3249 3514 3536 3584 reprobis,
3594 3516 3828 3589 quibus

2156 3596 2382 3652 dicetur
2410 3614 2430 3652 :
2458 3597 2557 3664 Ite,
2600 3596 2897 3669 maledicti,
2944 3600 3005 3653 in
3052 3600 3235 3670 ignem
3278 3606 3551 3659 wternum
3596 3605 3823 3675 (Matth.

2152 3702 2284 3753 xxv,
2317 3686 2429 3758 41),
2463 3689 2573 3741 etc.

2224 3810 2372 3878 Quia
2400 3808 2649 3883 gentiles
2676 3808 2954 3866 laudibus
2984 3811 3260 3882 prtetulit,
3291 3814 3438 3888 (357)
3470 3815 3678 3874 dicens
3712 3833 3823 3876 eos

2152 3898 2609 3971 apprehendisse
2633 3898 2953 3969 justitiam,
2985 3899 3221 3958 Judaaos
3247 3919 3379 3958 vero
3410 3903 3735 3963 offendisse
3758 3908 3829 3964 in

2151 3986 2406 4060 lapidem
2438 3986 2800 4054 offensionis,
2832 4004 2904 4043 ne
2934 3989 3008 4044 ob
3037 3988 3148 4045 hoc
3177 3989 3423 4063 gentiles
3454 3992 3825 4052 extolleren-

2150 4079 2266 4146 tur,
2295 4077 2509 4148 adjecit
2538 4076 2687 4148 (358)
2741 4092 2753 4132 :
2805 4076 2961 4147 (ΟΑΡ.
3012 4077 3079 4145 Χ)
3128 4080 3343 4137 Fratres
3389 4081 3643 4139 voluntas
3693 4086 3835 4157 qui-

2150 4164 2270 4220 dem
2298 4166 2474 4221 cordis
2502 4166 2633 4235 mei,
2664 4174 2717 4221 et
2746 4164 3043 4223 obsecratio
3074 4166 3146 4222 ad
3174 4168 3343 4224 Deum
3370 4170 3433 4240 ﬁt
3459 4187 3561 4243 pro
3590 4172 3713 4228 illis
3754 4174 3832 4229 in

2148 4254 2401 4310 salutem.
2447 4255 2525 4309 Ac
2574 4253 2625 4309 si
2674 4253 2936 4311 diceret:
2982 4255 3363 4328 Nequaquam
3408 4264 3650 4332 propter
3698 4261 3831 4319 hoc

2149 4340 2531 4412 extollamini,
2566 4342 2846 4413 quoniam
2880 4360 2995 4399 non
3025 4345 3232 4401 vestris
3264 4346 3511 4414 meritis,
3544 4349 3647 4404 sed
3682 4352 3834 4408 sola

2150 4430 2338 4503 gratia
2386 4430 2485 4486 Dei
2534 4430 2676 4487 salvi
2720 4432 2856 4487 facti
2906 4433 3079 4502 estis;
3113 4437 3173 4490 et
3203 4434 3471 4507 quamvis
3517 4436 3716 4495 Judaei
3754 4440 3832 4497 in

2149 4519 2444 4575 Christum
2475 4520 2843 4589 offenderint,
2874 4524 3071 4577 tamen
3102 4522 3370 4581 voluntas
3419 4526 3614 4582 cordis
3665 4529 3836 4598 mei,

2150 4612 2208 4663 et
2263 4608 2586 4664 obsecratio
2637 4609 2709 4663 ad
2764 4610 2944 4665 Deum
2994 4626 3098 4683 pro
3148 4610 3268 4668 illis
3315 4614 3400 4684 fit,
3452 4618 3519 4670 ut
3566 4630 3837 4673 conver-

2150 4700 2371 4767 tantur,
2402 4700 2461 4753 et
2503 4697 2763 4769 credant,
2814 4698 2982 4755 aliter
3031 4699 3187 4757 enim
3236 4701 3447 4759 salvari
3498 4719 3617 4759 non
3668 4721 3837 4778 pos-

2151 4790 2309 4842 sunt.

2220 4899 2414 4956 Oratio
2444 4916 2580 4974 ergo
2604 4901 2951 4975 Apostoli,et
2980 4903 3123 4960 fides
3144 4905 3530 4973 credentium,
3562 4908 3667 4980 qui
3700 4926 3839 4982 pro

2147 4988 2367 5046 Judaeis
2386 4989 2673 5047 incedulis
2694 4991 2962 5058 orabant,
2993 4993 3102 5049 etsi
3133 4995 3383 5066 gratiam
3414 4995 3516 5050 Dei
3550 5013 3835 5067 praeces-

2148 5079 2311 5148 serit,
2345 5079 2635 5151 numquid
2657 5079 2800 5135 fides
2822 5095 3024 5137 eorum
3056 5084 3158 5154 qui
3189 5085 3453 5140 nondum
3485 5086 3846 5145 credebant

2148 5168 2397 5240 gratiam
2428 5168 2528 5224 Dei
2551 5169 2878 5240 praecessit?
2904 5170 3457 5238 Minime.Quoniam
3486 5176 3845 5246 Apostolus

2148 5274 2253 5329 pro
2284 5255 2403 5312 illis
2432 5257 2638 5313 orabat
2667 5258 2769 5329 qui
2800 5259 3063 5316 nondum
3089 5261 3423 5332 credebant,
3448 5266 3515 5318 ut
3543 5262 3628 5319 eis
3656 5262 3847 5323 ﬁdes

2148 5346 2389 5403 daretur
2417 5361 2451 5401 a
2478 5344 2612 5402 Deo.
2645 5349 2861 5403 Parum
2893 5348 3113 5422 quippe
3141 5351 3389 5423 putabat
3413 5351 3572 5423 quod
3600 5350 3694 5409 eis
3723 5354 3845 5411 in-

2220 5486 2368 5635 E357;
2396 5486 2501 5543 Hic
2529 5486 2735 5561 incipit
2756 5488 2930 5562 Vulg.
2964 5506 3090 5563 cap.
3120 5490 3186 5547 X.

2242 5559 2346 5615 358
2398 5560 2461 5615 In
2491 5564 2689 5633 autog.
2718 5577 2903 5635 marg.
2934 5560 3031 5620 hic
3059 5562 3186 5635 legit

2242 5559 2368 5633 358)
2398 5560 2461 5615 In
2491 5559 2689 5633 autog.
2718 5559 2903 5635 marg:
2934 5559 3278 5638 hic—legitur
3301 5578 3429 5638 cap.
3460 5561 3653 5623 XXXI.
