4094 6168
392 287 506 348 231
1412 281 1749 344 ATTONIS
1794 278 2379 347 VERCELLENSIS
2422 272 2774 341 EPISGOPI
3668 280 3792 347 Εὕα

397 419 814 490 interpretatur
837 414 1238 488 recapitulatio
1263 414 1408 487 legis
1430 414 1598 485 (367).
1633 413 1793 470 Unde
1817 416 1874 469 et
1904 416 2038 485 apte
2067 416 2122 481 Α
2150 412 2279 467 bum
2305 411 2445 481 ﬁdei
2475 411 2634 478 dicit,
2683 409 2824 482 quia
2854 426 2956 481 per
2981 410 3113 481 ejus
3154 408 3330 467 ﬁdem
3360 408 3582 481 impius
3604 409 3794 481 justi-

404 508 654 581 gratiam
686 504 981 578 Evangelii
1012 504 1297 576 designat.
2151 501 2382 555 iicatur.

468 594 858 659 Quaerendum
880 598 969 649 est
990 598 1186 648 autem
1210 607 1325 663 qua
1352 590 1676 646 intentione
1691 590 1915 662 Moyses
1934 590 2041 645 hoc
2223 590 2470 658 Rursus,
2503 593 2571 643 ut
2598 586 2849 660 aperiret
2883 603 3013 659 quas
3059 591 3214 643 esset
3261 587 3389 658 ejus
3437 587 3795 659 pradicatio,

397 686 567 753 dixit,
619 682 710 739 vel
758 700 876 755 qua
922 679 1237 753 Apostolus
1278 680 1337 734 in
1372 679 1792 755 testimonium
1837 695 2040 750 sump-
2152 678 2419 749 adjunxit
2452 695 2465 733 :
2500 679 2641 746 Quia
2666 678 2716 732 si
2763 676 3075 746 conﬁtearis
3124 679 3184 732 in
3237 692 3332 733 ore
3377 685 3468 733 tuo
3498 679 3796 735 Dominum

396 750 560 830 serit;
594 750 821 846 Moyses
852 771 959 825 hoc
974 750 1157 837 dixit,
1188 750 1397 824 docere
1424 768 1623 824 volens
1655 766 1808 823 filios
1841 767 2039 838 Israel,
2147 768 2351 834 Iesum,
2402 771 2455 822 et
2498 769 2558 822 in
2606 766 2765 821 corde
2808 769 2900 821 tuo
2947 765 3265 833 credideris,
3295 768 3435 837 quia
3462 768 3602 823 Deus
3628 769 3795 825 illam

400 863 541 935 quia
592 879 708 917 non
758 861 843 915 eis
894 874 1130 913 necesse
1179 863 1324 923 erat,
1376 862 1556 925 extra,
1607 856 1665 911 id
1697 861 1786 912 est
1813 874 1847 912 a
1875 856 2039 921 ccelo,
2147 857 2435 911 suscitavit
2462 873 2497 910 a
2524 856 2783 919 mortuis,
2813 855 2999 911 salvus
3029 856 3158 910 eris.

396 951 485 1008 vel
518 952 747 1022 abysso,
781 947 1041 1002 divinum
1072 951 1261 1017 petere
1290 944 1884 1017 przsceptum,quippe
1905 960 2040 1001 cum
2218 943 2490 999 Praevidit
2534 943 2869 1015 Apostolus,
2920 943 3196 1015 quoniam
3247 943 3429 998 futuri
3477 950 3646 1001 erant
3688 946 3792 1018 qui

399 1040 589 1113 legem
623 1036 848 1092 Domini
882 1053 995 1108 prae
1030 1034 1217 1091 oculis
1249 1034 1550 1097 haberent,
1581 1034 1900 1091 dummodo
1927 1032 2041 1089 vel-
2150 1031 2446 1088 Christum
2495 1049 2592 1088 ore
2640 1032 3072 1101 conﬁterentur,
3107 1032 3225 1088 sed,
3256 1032 3487 1095 credere
3518 1032 3745 1091 nollent
3776 1054 3790 1104 ;

398 1129 519 1184 lent
550 1125 811 1197 implere.
2149 1121 2310 1188 item,
2362 1120 2463 1192 qui
2509 1137 2643 1177 eum
2676 1122 2848 1177 corde
2877 1121 3199 1188 crederent,
3249 1121 3350 1177 sed
3401 1127 3640 1194 propter
3668 1127 3792 1180 tor-

467 1217 723 1284 Aitsrgo
777 1231 790 1269 :
833 1216 915 1268 Ne
961 1212 1192 1279 dixeris,
1244 1216 1377 1277 etc.,
1418 1227 1484 1266 ac
1528 1211 1578 1266 si
1631 1212 1893 1266 diceret:
1927 1212 2036 1278 Tu,
2149 1215 2367 1280 menta,
2399 1214 2455 1265 et
2485 1210 2773 1281 supplicia
2818 1210 3080 1265 confiteri
3119 1215 3492 1279 vererentur;
3542 1212 3794 1283 ideoque

396 1305 735 1377 quicunque
764 1319 848 1368 es,
882 1300 1162 1367 Israelita,
1206 1316 1277 1356 ne
1324 1299 1538 1355 dixeris
1584 1299 1644 1353 in
1687 1300 1858 1355 corde
1887 1304 1988 1355 tuo
2022 1318 2035 1354 :
2149 1303 2466 1371 utrumque
2497 1298 2674 1354 simul
2707 1298 2986 1370 posuit,id
3016 1299 3565 1368 est,credulitatem,
3599 1302 3794 1360 cordis

397 1392 537 1461 Quis
572 1390 833 1448 ascendit
861 1390 917 1444 in
952 1388 1184 1455 coelum,
1218 1392 1282 1444 ut
1310 1389 1443 1443 inde
1475 1388 1643 1444 nobis
1669 1388 1873 1444 afferat
1902 1387 2040 1443 divi-
2149 1392 2208 1443 et
2226 1387 2346 1443 oris
2360 1386 3015 1458 confessionem,volens
3036 1388 3341 1445 ostendere
3359 1389 3499 1460 quia
3519 1395 3791 1449 neutrum

398 1498 541 1537 num
585 1486 958 1551 praeceptum,
1016 1480 1077 1531 ut
1124 1476 1457 1542 audiamus,
1509 1483 1579 1545 et
1616 1475 2037 1548 intelligamus,
2149 1477 2276 1533 sine
2306 1478 2486 1532 altero
2519 1476 2737 1533 sufficit
2767 1477 2838 1533 ad
2861 1477 3297 1548 perfectionem.
3328 1478 3476 1535 Hine
3505 1479 3794 1538 Dominus

396 1575 453 1626 et
479 1569 833 1640 impleamus
859 1566 887 1621 ’Β
919 1573 1035 1622 Aut
1062 1567 1183 1637 quis
1230 1564 1506 1621 descendit
1562 1567 1623 1619 in
1667 1566 1939 1636 abyssum,
1974 1569 2041 1619 ut
2146 1565 2206 1621 in
2238 1565 2544 1637 Evangelio
2575 1564 2718 1621 dicit
2767 1581 2779 1619 :
2805 1566 2893 1621 -Si
2937 1568 3062 1636 quis
3089 1568 3366 1636 confessus
3391 1568 3565 1638 fuerit
3590 1584 3681 1624 me
3702 1583 3794 1626 m-

397 1646 564 1714 nobis
596 1658 807 1715 referat
834 1655 973 1726 quid
1030 1655 1089 1710 in
1146 1653 1375 1709 inferno
1406 1658 1666 1726 agatum,
1697 1658 1755 1708 et
1783 1653 2039 1709 sciamus
2149 1669 2269 1708 ram
2298 1652 2636 1720 hominibus,
2666 1653 2965 1723 conﬁtebor
2994 1657 3045 1709 et
3091 1669 3185 1725 ego
3230 1669 3356 1711 eum
3406 1669 3591 1713 coram
3624 1661 3796 1716 Patre

397 1746 538 1819 quid
560 1738 665 1803 nes
689 1761 859 1817 agere
879 1744 1181 1818 oporteat?
1206 1743 1494 1848 Quoniam
1516 1742 1831 1814 pratoculis
1857 1742 2038 1797 habes
2070 1783 2119 1848 Β
2148 1758 2288 1810 meo,
2332 1742 2429 1812 qui
2455 1745 2536 1796 est
2564 1744 2624 1795 in
2671 1743 2818 1841 cretis
2867 1742 3076 1812 (Matth.
3109 1760 3166 1810 x,
3216 1744 3328 1811 32).
3362 1744 3433 1799 Et
3462 1748 3621 1813 uota,
3652 1747 3795 1817 quia

396 1835 495 1892 Dei
526 1839 849 1907 praecepta;
884 1838 1005 1889 esto
1038 1835 1267 1888 tantum
1297 1830 1591 1903 impletor.
1631 1830 1793 1887 Unde
1822 1835 1880 1886 et
1910 1847 2043 1886 mox
2070 1829 2119 1848 "
2152 1846 2268 1887 non
2297 1831 2379 1885 ait
2406 1846 2421 1885 :
2457 1829 2949 1900 Credideris,quia
2978 1834 3153 1887 natus
3184 1835 3293 1900 est,
3316 1848 3528 1903 passus
3560 1838 3619 1891 et
3634 1849 3793 1890 mor-

396 1924 670 1981 subditur
703 1940 717 1978 :
746 1925 925 1994 Prope
953 1929 1029 1978 est
1056 1921 1280 1977 verbum
1309 1924 1370 1976 in
1396 1937 1493 1976 ore
1550 1929 1641 1976 tuo
1696 1924 1749 1975 et
1796 1922 1855 1975 in
1884 1920 2043 1976 corde
2149 1923 2308 1990 tuus,
2340 1919 2439 1974 sed
2472 1920 2605 1990 quia
2632 1920 2769 1975 Deus
2797 1919 2960 1973 illum
2986 1921 3270 1976 suscitavit
3298 1938 3339 1976 ar
3360 1924 3607 1979 mortuis.

394 2017 511 2070 tuo.
2224 2007 2369 2065 Nam
2400 2011 2454 2062 et
2473 2006 2685 2080 pagani
2717 2007 2885 2064 illum
2904 2012 3202 2065 mortuum
3234 2010 3501 2073 credunt.
3530 2016 3591 2071 et
3621 2012 3794 2071 nobis

475 2100 703 2157 Verbum
735 2102 1087 2171 praeceptum
1114 2097 1213 2152 Dei
1244 2099 1409 2152 vocat
1433 2113 1446 2163 ;
1468 2112 1533 2150 ac
1562 2095 1611 2150 si
1643 2094 1890 2151 diceret:
1913 2094 2043 2150 Pro-
2151 2095 2259 2150 hoc
2286 2112 2390 2167 pro
2422 2095 2664 2150 crimine
2688 2095 2977 2166 objiciunt
3009 2115 3022 2152 :
3055 2114 3173 2153 non
3194 2113 3329 2169 ergo
3350 2102 3552 2155 nostra
3580 2099 3710 2157 laus
3731 2100 3792 2157 in

396 2206 469 2262 pe
526 2194 616 2244 est
643 2189 883 2243 verbnm
935 2189 991 2241 in
1023 2202 1118 2241 ore
1148 2192 1272 2252 tuo,
1326 2185 1463 2256 quia
1492 2184 1659 2257 legis,
1694 2189 1750 2239 et
1779 2183 1837 2239 in
1869 2184 2041 2239 corde
2150 2185 2258 2240 hoc
2290 2188 2397 2253 est,
2430 2184 2480 2238 si
2530 2201 2661 2239 eum
2712 2190 2941 2242 tantum
2989 2191 3287 2242 mortuum
3329 2186 3647 2253 credimus,
3675 2189 3793 2245 nisi

395 2284 521 2345 tuo,
550 2277 689 2348 quia
713 2275 1035 2331 meditaris.
2150 2273 2542 2337 credamus,et
2571 2273 3042 2340 resurrexisse,et
3070 2291 3174 2330 nos
3207 2274 3277 2330 ad
3300 2276 3429 2345 ejus
3458 2275 3791 2348 exemplum

382 2422 385 2427 _
465 2364 780 2438 Apostolus
803 2370 999 2419 autem
1017 2363 1126 2419 hoc
1143 2361 1543 2417 testimonium
1562 2359 2040 2433 sumpsit,volens
2150 2364 2477 2416 resurrectu
2488 2377 2582 2415 ros
2613 2377 2761 2416 esse.

393 2440 700 2513 ostendere
748 2452 1043 2508 Christum
1094 2467 1294 2507 verum
1350 2454 1551 2514 Deum,
1590 2455 1647 2505 et
1697 2465 1899 2504 verum
1931 2448 2039 2504 ho-
2220 2449 2519 2503 Mortuum
2552 2453 2833 2515 autem,et
2866 2466 2970 2509 nos
3000 2449 3602 2523 credimus,quoniam
3624 2452 3797 2513 aliter

394 2543 635 2609 minem,
667 2546 724 2597 et
752 2558 867 2597 non
899 2539 1140 2595 localem
1169 2557 1182 2603 ;
1216 2555 1321 2595 nec
1358 2539 1419 2593 in
1450 2537 1592 2594 cmlo
1631 2542 1883 2604 tantum,
1937 2535 2037 2592 sed
2149 2554 2283 2594 eum
2314 2537 2701 2592 resurrexisse
2732 2538 2963 2593 credere
2995 2554 3110 2593 non
3134 2538 3417 2594 valemus.

396 2632 612 2703 ubique
661 2646 795 2685 eum
848 2645 1091 2702 regnare
1121 2644 1253 2682 cum
1294 2632 1464 2682 Patre
1493 2644 1507 2695 ;
1543 2643 1656 2681 non
1696 2631 1887 2681 tamen
1920 2642 2041 2681 cor-
2222 2626 2293 2680 Ut
2311 2628 2507 2680 autem
2538 2625 2758 2682 arctius
2781 2627 3236 2698 commendaret,
3270 2629 3432 2699 quia,
3465 2645 3572 2686 nec
3602 2630 3794 2687 cordis

394 2736 535 2792 pore
565 2718 867 2784 diffusum,
902 2718 1001 2771 sed
1034 2720 1318 2788 potestate
1348 2714 1680 2784 dilatatum,
1712 2718 1794 2778 ut.
1807 2715 1881 2771 sit
1901 2731 2039 2769 sen-
2148 2713 2461 2770 credulitas
2490 2713 2617 2769 sine
2647 2715 2763 2769 oris
2796 2715 3177 2787 confessione,
3212 2732 3317 2771 nec
3346 2717 3467 2773 haec
3513 2718 3639 2774 sine
3667 2718 3792 2787 illa,

402 2825 509 2864 sus
543 2825 555 2862 :
591 2806 739 2879 (368)
771 2805 879 2872 Tu,
912 2804 1248 2879 quicunque
1302 2820 1384 2870 es,
1431 2803 1642 2871 ﬁdelis,
1697 2820 1768 2859 ne
1822 2803 2038 2859 dixeris
2148 2804 2219 2859 ad
2252 2802 2500 2858 salutem
2534 2802 2677 2858 satis
2706 2807 2815 2873 est,
2847 2804 3075 2859 addidit
3105 2821 3118 2859 :
3154 2805 3347 2865 Corde"
3374 2809 3523 2863 enim
3549 2808 3796 2866 creditur

394 2896 451 2951 in
477 2895 647 2951 corde
678 2900 777 2949 tuo
810 2910 823 2948 :
858 2892 997 2958 Quis
1028 2893 1303 2948 ascendet
1330 2892 1390 2947 in
1430 2892 1637 2948 caelum
1663 2893 1690 2946 ?
1739 2891 1794 2946 id
1826 2896 1934 2958 est,
1966 2907 2039 2946 ne
2145 2891 2217 2947 ad
2249 2892 2550 2962 justitiam,
2606 2908 2698 2948 ore
2744 2895 2925 2947 autem
2974 2896 3245 2963 confessio
3302 2895 3365 2965 ﬁt
3417 2896 3482 2953 in
3534 2898 3790 2954 salutem.

399 2984 602 3040 credas
625 2983 923 3039 Christum
945 2980 1136 3037 solum
1160 2986 1339 3037 Deum
1372 2986 1583 3046 esse,et
1602 2998 1716 3035 non
1740 2980 2035 3035 hominem
2146 2980 2367 3044 Quibus
2395 2980 2587 3036 verbis
2614 2982 2894 3047 ostendit,
2927 2982 3206 3055 quoniam
3237 2983 3337 3054 qui
3366 2985 3662 3041 Christum
3704 3004 3795 3042 ve-

395 3074 635 3142 factum,
673 3077 729 3128 et
760 3088 893 3127 eum
939 3075 1169 3126 tantum
1200 3072 1259 3125 in
1291 3070 1432 3126 ccelo
1462 3069 1746 3138 habitare,
1782 3074 1838 3123 et
1865 3069 2035 3140 abys-
2146 3084 2278 3121 rum
2309 3067 2513 3134 Deum,
2565 3073 2621 3123 et
2650 3085 2847 3123 verum
2889 3068 3187 3125 hominem
3218 3072 3391 3127 corde
3419 3074 3791 3143 creditjusti.

394 3178 527 3218 sum
562 3162 690 3231 ejus
722 3160 1031 3231 praesentia
1062 3176 1284 3214 vacare.
1319 3159 1483 3214 Unde
1512 3163 1569 3213 et
1596 3157 2032 3229 exponendo,de
2060 3143 2104 3210 C
2144 3155 2305 3211 ficari
2336 3161 2610 3226 meretur,
2641 3155 3049 3228 quia,suorum
3080 3164 3453 3230 peccatorum
3486 3162 3788 3217 remissio-

393 3267 498 3307 suo
531 3249 756 3305 addidit
786 3266 798 3304 :
833 3249 942 3304 Hoc
970 3259 1044 3303 est
1075 3248 1350 3303 Christum
1377 3247 1639 3303 deducere
1671 3263 1683 3302 :
1715 3262 1852 3302 nam
1884 3245 2031 3301 libro
2142 3262 2275 3300 nem
2307 3243 2702 3315 consequitur.
2753 3245 2862 3300 Sed
2914 3246 2984 3300 ad
3032 3248 3350 3318 perfectam
3381 3248 3633 3305 salutem
3666 3266 3782 3306 non

392 3338 823 3395 Deuleronomii
855 3354 971 3392 non
1001 3336 1270 3393 habetur.
2142 3333 2378 3401 sufficit,
2412 3333 2525 3388 nisi
2555 3338 2612 3387 et
2641 3349 2738 3389 ore
2762 3334 3107 3390 confiteatur
3139 3351 3152 3390 :
3186 3336 3466 3408 quoniam
3496 3336 3785 3395 Dominus

460 3418 736 3499 Sequitur
768 3442 780 3480 :
815 3426 921 3480 Aut
950 3427 1069 3498 quis
1098 3425 1376 3481 descendet
1406 3426 1465 3479 in
1494 3424 1750 3495 abyssum
1778 3426 1802 3476 .9
1831 3423 1891 3478 1d
1922 3427 2031 3493 est,
2142 3422 2203 3477 in
2234 3421 2542 3493 Evangelio
2573 3422 2714 3478 dicit
2766 3439 2778 3477 :
2831 3424 2936 3492 Qui
2964 3440 3051 3480 me
3078 3428 3358 3495 negaverit
3386 3441 3577 3482 coram
3602 3429 3792 3483 homi-

398 3533 469 3585 ne
529 3517 729 3571 credas
786 3531 999 3586 purum
1040 3514 1339 3569 hominem
1371 3513 1550 3568 fuisse
1576 3528 1840 3584 passum,
1874 3528 2032 3566 mor-
2140 3512 2305 3565 nibus
2350 3511 2556 3582 negabo
2605 3515 2655 3566 et
2701 3527 2804 3585 ego
2834 3528 2959 3567 eum
2988 3528 3175 3569 coram
3205 3515 3369 3570 Patre
3413 3531 3529 3571 meo
3575 3516 3792 3586 (Matth.

391 3611 686 3675 tuumque
716 3604 789 3658 ad
822 3602 1052 3659 Inferna
1099 3600 1489 3668 descendisse,
1540 3601 1584 3654 it
1628 3600 1708 3654 ibi
1753 3615 1887 3655 eum
1942 3600 2037 3655 de-
2141 3599 2337 3668 x,33).

390 3692 588 3759 tineri,
636 3690 964 3761 ccelumque
1012 3691 1140 3762 ejus
1170 3689 1484 3762 praesentia
1535 3705 1756 3744 vacare.
1790 3688 1951 3743 Unde
1980 3692 2039 3742 et
2215 3688 2505 3760 Scriptura
2535 3689 2681 3743 enim
2709 3688 2844 3743 dicit
2898 3706 2911 3743 :
2975 3689 3182 3756 Omnis,
3215 3693 3313 3763 qui
3339 3692 3511 3749 credit
3551 3694 3615 3748 in
3647 3709 3799 3760 eum,

389 3770 732 3853 exponendo
785 3779 1093 3850 subjunxit
1150 3796 1163 3833 :
1213 3778 1272 3834 Id
1301 3780 1377 3833 est
1407 3777 1755 3835 Christuma
1809 3778 2038 3830 mortuis
2146 3792 2257 3831 non
2311 3777 2678 3847 confundetur
2723 3779 2849 3846 (Isa.
2907 3795 3106 3834 xxvm.
3163 3781 3273 3849 16).
3323 3781 3457 3847 Quae
3506 3782 3804 3839 sententia

391 3886 658 3927 revocare.
697 3873 826 3941 Ipse
857 3867 995 3923 enin
1024 3883 1194 3922 verus
1228 3872 1400 3933 Deus,
1451 3870 1508 3922 et
1563 3866 1738 3920 homo
1769 3867 1876 3930 est,
1910 3864 2037 3919 ubi-
2153 3863 2327 3935 paulo
2364 3866 2635 3937 superius
2664 3871 2753 3921 est
2781 3867 3062 3938 exposita.
3096 3870 3230 3933 Quae
3262 3885 3335 3925 ne
3384 3870 3531 3925 forte
3556 3871 3630 3926 de
3659 3870 3801 3927 solis

394 3977 506 4032 que
536 3962 714 4014 totus.
750 3956 956 4029 Igitur,
990 3954 1159 4027 quasi
1190 3955 1380 4009 dicere
1408 3953 1582 4009 vellet
1637 3952 1852 4024 aliquis
1905 3970 1919 4008 :
1978 3952 2039 4008 Si
2146 3952 2366 4008 Judaeis
2395 3954 2551 4009 dicta
2580 3953 2895 4023 videretur,
2941 3961 3247 4027 propterea
3277 3957 3551 4013 subditur
3607 3974 3622 4013 :
3682 3960 3801 4015 Non

399 4047 495 4103 lex
524 4046 659 4103 fidei
690 4046 881 4102 dicere
909 4044 1196 4118 prohibet,
1228 4043 1361 4115 quis
1393 4045 1668 4099 ascendet
1719 4042 1777 4096 in
1808 4042 2038 4107 caelum,
2147 4045 2297 4097 enim
2327 4043 2611 4098 distinctio
2639 4044 2822 4100 Judaei
2876 4048 2929 4099 et
2951 4046 3154 4101 Graeci.
3189 4045 3370 4116 Cujus
3415 4045 3522 4101 loci
3553 4064 3799 4103 sensum

392 4142 502 4192 etc.
528 4136 555 4191 ‘2
587 4135 736 4198 Quid
769 4151 905 4207 ergo
955 4133 1292 4202 dicendum,
1336 4132 1641 4203 subjungit
1704 4130 2037 4202 Apostolus,
2130 4131 2520 4202 .coapostolus
2552 4133 2680 4202 ejus
2713 4133 2919 4188 Petrus
2948 4135 3205 4204 exponit,
3250 4132 3450 4190 dicens
3479 4151 3493 4189 :
3528 4135 3799 4203 Quoniam

402 4223 603 4278 volens
629 4222 956 4288 ostendere,
990 4223 1281 4292 quomodo
1315 4220 1534 4290 ubique
1574 4219 1651 4273 sit
1680 4223 1836 4273 totus
1866 4219 1892 4271 ‘?
1949 4217 2043 4273 sed
2151 4221 2213 4274 in
2242 4222 2394 4275 omni
2430 4223 2611 4290 gente,
2644 4237 2737 4291 qui
2762 4223 2918 4276 timet
2941 4226 3120 4277 Deum
3141 4230 3194 4278 et
3213 4230 3475 4294 operatur
3492 4224 3800 4295 justitiam,

391 4309 522 4384 quid
572 4310 709 4364 dicit
764 4308 1017 4378 Sriptura
1040 4311 1065 4359 .9
1092 4310 1266 4378 PrOpe
1320 4315 1398 4362 est
1450 4306 1674 4362 verbum
1703 4308 1761 4360 in
1805 4322 1896 4361 ore
1951 4314 2041 4362 tuo
2150 4318 2397 4381 acceptus
2425 4318 2504 4364 est
2536 4310 2625 4364 illi
2650 4310 2797 4381 (Act.
2830 4327 2884 4376 x,
2917 4310 3030 4382 36).

390 4390 443 4455 et
473 4400 532 4453 in
562 4397 724 4453 corde
755 4401 849 4451 tuo
879 4395 1037 4467 (Deut
1108 4412 1239 4459 xxx,
1276 4395 1364 4464 14)
1391 4412 1404 4462 ;
1436 4399 1714 4465 tanquam
1775 4394 1993 4449 diceret
2025 4410 2037 4448 :
2221 4400 2408 4457 Quare
2437 4403 2632 4452 autem
2665 4398 2964 4453 distinctio
2994 4416 3112 4454 non
3143 4398 3219 4454 sit
3247 4399 3436 4459 Judaei
3491 4406 3547 4456 et
3595 4401 3801 4471 Graeci,

393 4485 539 4551 Quia
570 4485 837 4541 Christus
866 4484 1123 4540 Verbum
1152 4483 1250 4539 Dei
1280 4483 1470 4538 Patris
1494 4482 1710 4554 ubique
1732 4486 1887 4538 totus
1916 4488 2038 4551 est;
2074 4509 2118 4577 Β
2152 4486 2424 4558 superius
2446 4485 2758 4557 Apostolus
2780 4487 3201 4555 ostendit,cum
3225 4489 3525 4558 praemissa
3543 4489 3654 4546 hac
3671 4507 3805 4548 sen-

392 4575 610 4631 idcirco
643 4579 700 4630 et
730 4575 788 4631 in
820 4590 917 4629 ore
970 4578 1093 4643 tuo,
1126 4577 1182 4628 et
1212 4573 1271 4627 in
1325 4572 1497 4627 corde
1528 4576 1627 4626 tuo
1671 4588 1683 4625 :
1730 4572 1854 4643 ipse
1882 4571 2038 4627 enim
2075 4571 2105 4577 ί
2148 4573 2390 4630 tentiola
2432 4574 2631 4630 intulit
2663 4592 2676 4630 :
2712 4575 2903 4631 Omnes
2951 4577 3099 4632 enim
3123 4582 3509 4647 peccaverunt,
3563 4587 3617 4635 et
3645 4584 3805 4650 egent

401 4670 458 4719 et
490 4665 634 4719 bene
690 4661 1005 4736 cogitandi,
1040 4667 1095 4716 et
1126 4662 1271 4717 bene
1327 4660 1601 4732 loquendi
1635 4660 1883 4733 gratiam
1938 4660 2041 4716 tri-
2149 4664 2329 4731 gloria
2403 4664 2502 4718 Dei
2570 4663 2761 4734 (Rom.
2838 4681 2943 4731 ιιι,
3000 4665 3126 4736 23).
3185 4665 3347 4727 Unde
3408 4666 3502 4722 hic
3560 4684 3800 4739 quoque

392 4753 542 4807 buit.
574 4752 842 4807 Christus
876 4768 1130 4822 namque
1161 4767 1278 4805 non
1311 4749 1502 4805 solum
1534 4748 1791 4804 Verbum
1823 4754 1912 4805 est
1940 4749 2041 4804 Dei
2150 4751 2561 4822 subjungitur:
2594 4752 2733 4806 Nam
2761 4752 2908 4807 idem
2938 4754 3206 4809 Dominus
3232 4757 3503 4826 omnium,
3530 4755 3800 4813 Christus

394 4841 602 4912 Patris,
652 4840 754 4895 sed
801 4840 977 4895 etiam
1017 4838 1296 4905 charitas,
1344 4843 1403 4895 et
1440 4838 1672 4906 veritas,
1704 4842 1761 4894 et
1811 4838 2041 4909 sapien-
2149 4839 2498 4911 scilicet,qui
2520 4840 2784 4898 omnium
2809 4842 3450 4915 dominatur,quoniam
3474 4850 3577 4916 per
3600 4843 3797 4917 ipsum

389 4928 493 4986 tia.
559 4929 745 5000 Igitur
774 4929 928 4985 sicut
970 4928 1093 4983 haec
1140 4927 1356 4993 omnia,
1408 4927 1490 4983 ita
1518 4932 1575 4983 et
1602 4926 1892 4995 Christus,
1925 4942 2041 4982 non
2150 4928 2305 4984 facta
2331 4934 2469 4984 sunt
2499 4929 2885 4985 omnia.Dives
2909 4933 2971 4987 in
2999 4946 3184 4987 omnes
3213 4934 3315 5005 qui
3333 4932 3591 4989 invocant
3611 4935 3797 5003 illum,

388 5018 540 5083 loco,
573 5019 673 5074 sed
708 5016 932 5073 meritis
964 5017 1297 5072 continetur
1335 5016 1505 5089 (369).
2148 5017 2429 5088 quoniam
2461 5018 2734 5074 omnibus
2765 5035 2828 5075 se
2858 5019 3266 5076 invocantibus
3298 5038 3415 5077 suae
3456 5022 3661 5096 gratia:
3692 5024 3795 5079 do-

462 5106 533 5163 Ut
564 5112 758 5162 autem
792 5106 1124 5161 ostenderet
1171 5106 1242 5161 de
1273 5122 1387 5178 quo
1419 5105 1627 5162 dixerit
1672 5106 1868 5169 verbo,
1900 5103 2041 5160 sub-
2149 5122 2291 5162 num
2318 5106 2585 5181 largitur.
2619 5107 2766 5163 Nam
2792 5108 2899 5164 etsi
2932 5126 2966 5164 a
2988 5110 3177 5180 primo
3210 5109 3469 5179 homine,
3504 5128 3698 5184 usque
3726 5112 3797 5167 ad

382 5195 529 5266 jecit
562 5212 577 5265 ;
609 5197 717 5252 Hoc
743 5197 821 5253 est
850 5195 1076 5251 verbum
1104 5193 1254 5267 ﬁdei,
1286 5195 1431 5267 quod
1474 5194 1870 5267 praedicamus.
1911 5195 2040 5251 Ver-
2149 5211 2283 5251 eum
2315 5194 2417 5267 qui
2447 5195 2696 5253 ultimus
2726 5197 3064 5255 nasciturus
3094 5203 3203 5264 est,
3236 5214 3442 5256 omnes
3471 5200 3797 5268 crederent,

401 5496 713 5553 vouocgex.
1253 5551 1309 5553 ,ί
1406 5550 1417 5553 _
1502 5550 1512 5553 _
1972 5550 2011 5553 μ

1253 5551 1309 5553 _,
1406 5550 1417 5553 Α
1502 5550 1512 5553 _
1972 5550 2011 5553 μ
2151 5496 2443 5553 superius.

467 5409 825 5534 ᾖῗζθῐέθγὶῐ.
862 5427 1022 5479 xvm,
1053 5408 1134 5482 5.,
1164 5410 1212 5464 A
1239 5409 1435 5465 Graeco
1480 5406 1730 5481 δευτερος
1760 5409 2041 5478 secunda,
2151 5408 2699 5534 sugggzlfotestate
2727 5410 3092 5478 scilicet,non
3117 5411 3606 5481 humanitatemti
3625 5413 3798 5486 paulo

466 5549 619 5629 (358)
648 5553 713 5608 In
765 5557 958 5626 autog.
1022 5568 1207 5624 marg.
1253 5551 1347 5607 hic
1406 5550 1617 5624 legitur
1670 5567 1795 5623 cap.
1826 5550 2037 5607 XXXII.
