4080 6174
173 345 278 408 233

748 337 1164 400 EXPOSITIO
1207 336 1284 396 IN
1331 332 1772 394 EPISTOLAS
1819 333 2076 395 PAULI.
2105 367 2179 382 --
2209 338 2284 397 IN
2332 339 2582 403 EPIST.
2629 343 2737 401 AD
2785 343 2974 405 ROM.

3463 349 3584 415 234

173 473 412 532 omnibus
457 469 707 525 haberet
756 471 913 542 quod
964 471 1245 525 tribueret
1276 453 1464 523 {nam
1515 483 1638 538 quo
1690 482 1814 521 am-
1845 467 1900 532 Α-
1927 466 2021 557 Sic
2051 472 2107 523 et
2137 469 2244 524 hoc
2273 469 2398 526 loco
2424 490 2436 527 :
2465 473 2732 544 praevidit
2761 475 2918 530 enim
2941 482 3181 536 sanctus
3206 481 3387 538 Isaias
3417 486 3585 557 spiri-

174 563 298 636 plius
325 557 526 614 tribuit
557 562 720 613 tanto
750 560 940 631 magis
978 559 1262 614 abundat.

227 649 421 704 Volens
455 651 654 701 autem
689 648 1030 718 prophetico
1063 645 1403 701 testimonio
1427 645 1585 716 (Joel.
1621 661 1685 709 ιι,
1709 645 1810 712 32;

175 744 266 798 Act.
320 756 380 804 ιι,
429 736 519 803 21)
573 738 959 806 comprobare
1012 736 1165 807 quod
1222 735 1466 803 dixerat,
1519 733 1753 788 addidit
1797 750 1808 788 :

178 830 327 886 Omnis
378 828 529 880 enim
580 827 894 895 quicunque
937 826 1274 880 invocaverit
1322 839 1519 878 nomen
1573 824 1812 890 Domini,

176 921 322 975 salvus
347 917 477 971 erit.
504 913 732 984 Omnis,
767 914 930 977 dicit,
961 913 1017 967 id
1048 920 1158 979 est,
1183 919 1303 967 tam
1334 913 1600 975 Judaeus,
1636 928 1814 983 quam

177 1005 397 1079 gentilis.
432 1002 726 1058 Invocatio
778 1007 998 1068 autem,
1033 1019 1145 1056 non
1201 1001 1300 1056 illa
1329 1001 1676 1073 accipienda
1705 1004 1816 1069 est,

179 1113 276 1167 qus:
302 1091 491 1148 verbis
521 1095 779 1159 tantum,
819 1095 876 1145 et
911 1107 1020 1144 non
1077 1089 1353 1161 operibus
1383 1094 1637 1159 tenetur,
1668 1106 1814 1160 quo-

179 1185 304 1239 niam
334 1181 620 1236 Dominus
665 1180 726 1233 in
759 1179 1068 1250 Evangelio
1115 1179 1257 1233 dicit
1292 1197 1303 1233 :
1340 1179 1457 1232 Non
1486 1180 1689 1242 omnis,
1721 1179 1818 1249 qui

180 1274 284 1327 dicit
306 1269 462 1335 mihi,
491 1267 744 1337 Domine,
770 1269 1024 1333 Domine,
1043 1267 1275 1321 intrabit
1305 1268 1364 1320 in
1394 1283 1628 1337 regnum
1649 1268 1818 1321 cwlo-

179 1378 296 1426 mm,
322 1357 407 1413 sed
437 1357 540 1426 qui
569 1357 708 1426 facit
725 1356 1069 1410 voluntatem
1087 1357 1274 1410 Patris
1303 1358 1435 1420 mei,
1461 1356 1556 1426 qui
1589 1357 1649 1409 in
1670 1356 1817 1409 cadis

179 1459 253 1517 est,
276 1451 374 1518 ipse
400 1446 640 1500 intrabit
673 1446 734 1499 in
763 1449 1012 1514 regnum
1043 1445 1302 1500 ca'lorum
1329 1446 1535 1511 (Matth.
1570 1462 1669 1512 v11,
1700 1446 1815 1512 21).

181 1536 348 1592 Omnis
373 1550 512 1605 ergo
539 1532 887 1603 quicunque
920 1533 1276 1589 invocaverit
1303 1534 1496 1589 verbis
1526 1533 1728 1598 simul,
1763 1537 1820 1588 et

181 1625 416 1698 operibus
448 1637 666 1677 nomen
705 1621 962 1692 Domini,
995 1622 1194 1678 salvus
1225 1623 1354 1678 erit.

219 1714 406 1769 Genus
437 1711 658 1783 quippe
689 1709 1025 1766 humanum
1048 1710 1358 1783 originalis
1389 1711 1612 1784 peccati
1649 1726 1818 1782 mag-

1921 556 2141 612 talibus
2162 559 2346 613 oculis
2369 562 3138 634 praedicatoresingentibus
3155 556 3580 642 discurrentes,

1921 649 1980 699 et
2010 647 2356 703 admirando
2389 649 2620 705 dicebat
2646 667 2659 706 ε
2684 652 2863 718 Quam
2892 658 3122 725 speciosi
3147 659 3310 730 pedes
3337 657 3581 737 evange-

1924 734 2220 790 lizantium
2245 743 2479 807 pacem!
2511 741 2689 794 Pedes
2713 746 2914 797 autern
2946 761 3061 800 non
3094 749 3445 819 corporales,
3477 734 3580 808 sed

1922 824 2216 893 spiritales
2246 825 2569 897 intelligere
2595 827 2879 885 debemus
2913 849 2926 886 :
2959 832 3134 889 habet
3153 837 3310 892 enim
3342 839 3584 896 interior

1924 912 2100 966 homo
2132 930 2271 969 suos
2302 915 2505 984 pedes,
2539 915 2692 970 sicut
2742 923 2799 972 et
2831 937 3003 976 nares
3033 927 3090 978 et
3140 925 3362 983 oculos.
3396 928 3579 985 Pedes

1923 1017 2060 1072 ergo
2086 1003 2256 1072 justi,
2281 1007 2423 1058 sunt
2452 1004 2746 1073 spiritales
2763 1008 3023 1080 affectus,
3049 1016 3106 1066 et
3124 1019 3330 1070 sancta
3351 1017 3580 1078 deside-

1927 1089 2031 1159 ria,
2067 1090 2281 1160 quibus
2333 1091 2745 1163 prmdicatores
2775 1098 3039 1168 gentium
3070 1100 3323 1158 salutem
3352 1104 3580 1161 deside-

1926 1180 2151 1233 rabant.
2187 1181 2296 1236 Sed
2328 1180 2387 1234 hi
2420 1181 2616 1252 pedes,
2650 1200 2823 1254 quem
2858 1187 3011 1242 viam
3041 1189 3392 1246 ambulant?
3413 1192 3578 1252 Illam

1926 1266 2166 1335 scilicet,
2201 1285 2324 1339 quae
2372 1270 2444 1324 de
2493 1286 2554 1324 se
2585 1269 2726 1326 dicit
2757 1289 2771 1326 :
2806 1273 2915 1341 Ego
2961 1291 3087 1330 sum
3133 1293 3244 1348 via,
3276 1281 3498 1352 veritas,
3529 1289 3584 1339 et

1926 1357 2038 1410 vita
2068 1357 2252 1426 (Joan.
2287 1375 2400 1423 x1v,
2434 1360 2510 1429 6).
2544 1359 2750 1415 Pacem
2796 1361 2959 1418 illam
2991 1364 3152 1432 dicit,
3182 1365 3252 1420 de
3284 1383 3402 1438 qua
3430 1369 3581 1425 scri-

1927 1449 2093 1515 ptum
2128 1449 2217 1499 est
2249 1463 2261 1499 :
2298 1445 2545 1501 Christus
2575 1455 2654 1502 est
2683 1465 2796 1519 pax
2824 1459 3030 1519 nostra,
3054 1455 3150 1524 qui
3176 1456 3310 1524 fecit
3338 1461 3584 1529 utraque

1927 1549 2103 1587 unum
2135 1534 2352 1604 (Ephes.
2386 1552 2446 1602 II,
2486 1536 2594 1606 14).

2001 1621 2207 1693 Igitur,
2242 1626 2306 1677 ut
2335 1625 2669 1681 ostenderet
2699 1628 2840 1698 quid
2889 1630 2968 1684 sit
3014 1631 3417 1703 Evangelium,
3451 1633 3586 1690 sub-

1923 1709 2168 1780 junxit:
2220 1712 2734 1783 Evangelimntium
2788 1717 2944 1772 bona.
2996 1718 3378 1792 Evangelium
3437 1721 3586 1794 (3’72)

182 1820 241 1857 na
265 1800 482 1857 miseria
511 1797 920 1872 premebatur,
957 1804 1015 1855 et
1063 1800 1261 1855 divina
1292 1799 1704 1856 misericordia
1732 1798 1820 1853 in-
1852 1835 1900 1900 Β
1931 1798 2148 1870 quippe
2194 1799 2396 1855 Latino
2447 1817 2716 1857 sermone
2769 1805 2968 1859 bonum
3016 1807 3280 1861 nuntium
3321 1808 3536 1865 dicitur
3569 1827 3583 1865 :

183 1891 396 1962 digebat,
426 1904 488 1943 ac
520 1905 623 1959 per
653 1887 772 1942 hoc
803 1888 1093 1960 propheta
1123 1894 1360 1960 tempus
1393 1889 1593 1960 gratiae
1627 1887 1824 1959 praevi-

183 1980 316 2047 dens,
347 1977 567 2033 dicebat
600 1995 612 2032 :
651 1975 850 2032 Omnis
900 1979 1214 2050 quicunque
1259 1979 1597 2033 invocaverit
1626 1991 1821 2031 nomen

183 2070 386 2138 Domini,
418 2068 594 2122 salvus
621 2069 750 2121 erit
781 2066 935 2135 (Joel.
972 2083 1034 2131 II,
1067 2068 1179 2133 3'2).

235 2156 526 2229 Apostolus
555 2161 772 2211 autem
805 2154 912 2210 hoc
946 2155 1360 2210 testimonium
1394 2155 1467 2210 ad
1517 2171 1824 2210 commen-

181 2247 441 2303 dationem
490 2245 693 2320 gratiae
735 2243 840 2299 Dei
888 2243 1108 2315 posuit,
1141 2244 1343 2299 volens
1375 2244 1687 2299 ostendere
1718 2243 1826 2298 hoc

181 2353 272 2392 non
300 2335 482 2392 solum
515 2337 585 2391 de
624 2331 876 2398 Judmis,
914 2333 1015 2387 sed
1067 2331 1241 2387 etiam
1274 2333 1344 2387 de
1375 2331 1654 2404 gentibus
1705 2331 1824 2386 dic-

181 2431 306 2481 tum.
339 2427 574 2498 Propter
606 2423 802 2494 igitur
846 2421 1030 2476 oratio
1066 2422 1372 2476 Dominica
1421 2421 1579 2475 facta
1620 2425 1729 2488 est,
1764 2425 1827 2474 ut

186 2514 429 2570 homines
459 2511 816 2576 invocando,
851 2514 907 2564 et
938 2511 1158 2566 orando
1193 2509 1519 2565 salventur.

239 2603 374 2658 Illud
409 2610 605 2658 autem
632 2599 964 2666 sciendum,
986 2599 1124 2670 quia
1142 2599 1312 2654 multi
1345 2602 1537 2662 erant,
1557 2597 1656 2668 qui
1680 2597 1829 2652 dice-

186 2692 304 2746 bant
331 2691 719 2764 Evangelium
771 2687 910 2742 solis
938 2688 1160 2743 Judzeis
1203 2705 1332 2743 esse
1363 2686 1825 2758 praedicandum,

181 2797 405 2850 quorum
430 2795 692 2837 errorem
721 2782 783 2830 ut
799 2777 1124 2831 destrueret
1144 2775 1461 2848 Apostolus
1489 2775 1620 2842 subj
1632 2773 1825 2828 unxit:

182 2870 437 2936 Quomodo
474 2884 606 2938 ergo
637 2867 987 2934 invocabant,
1021 2867 1077 2919 in
1109 2882 1266 2936 quem
1291 2881 1405 2919 non
1435 2863 1833 2918 crediderunt?

179 2959 302 3027 (370)
333 2959 570 3023 Quibus
601 2954 796 3010 verbis
817 2954 1111 3008 evidenter
1141 2954 1399 3009 ostendit
1420 2951 1832 3024 praedicatores

181 3046 336 3100 etiam
353 3047 428 3101 ad
450 3049 662 3118 gentes
680 3043 930 3096 directos
954 3058 968 3107 ;
994 3040 1157 3096 aliter
1179 3043 1337 3096 enim
1361 3057 1480 3094 non
1506 3038 1829 3104 crederent,

178 3139 221 3187 et
245 3135 584 3190 invocando
635 3148 750 3185 non
802 3127 1165 3183 salvarentur
1195 3129 1364 3199 (371).
1424 3129 1672 3198 Propter
1722 3126 1832 3180 hoc

1931 1903 2069 1942 nam
2102 1889 2253 1942 bona
2284 1890 2549 1957 nuntiat;
2583 1891 2757 1947 vitam
2783 1893 3006 1948 scilicet
3034 1898 3168 1965 post
3189 1901 3461 1968 mortem,
3494 1914 3584 1954 re-

1933 1974 2129 2046 quiem
2162 1983 2291 2047 post
2321 1978 2605 2047 laborem,
2639 1982 2887 2051 patriam
2920 1987 3052 2054 post
3075 1983 3368 2040 exsilium.

2004 2064 2244 2130 Verum,
2279 2067 2415 2136 quia
2463 2085 2579 2122 non
2628 2069 2894 2125 omnium
2944 2074 3035 2125 est
3075 2071 3242 2137 ﬁdes,
3283 2081 3587 2146 propterea

1937 2153 2212 2208 subditur
2245 2171 2257 2209 :
2291 2155 2395 2209 Sed
2423 2173 2533 2211 non
2559 2173 2743 2212 omnes
2774 2159 3036 2214 obedzunt
3065 2160 3384 2232 Evangelia.
3417 2161 3588 2218 Vide-

1935 2240 2091 2307 licet,
2127 2242 2263 2312 quia
2296 2260 2409 2298 non
2466 2260 2670 2300 omnes
2703 2246 2968 2301 credunt.
3006 2247 3185 2302 Isaias
3235 2249 3384 2304 enim
3411 2249 3592 2306 dicit:

1935 2330 2182 2396 Domine,
2216 2333 2340 2402 quis
2388 2332 2618 2388 credidit
2663 2333 2887 2389 auditui
2914 2335 3141 2391 nostro?
3181 2337 3335 2410 (lsai.
3370 2354 3489 2408 LIII,
3522 2339 3547 2393 1
3578 2355 3593 2407 ;

1935 2423 2100 2475 Joan.
2131 2436 2236 2485 xu,
2269 2420 2382 2489 38.)

2010 2507 2139 2575 Quis
2171 2508 2486 2579 aliquando
2519 2526 2623 2581 pro
2655 2510 3000 2566 difficultate
3029 2513 3286 2584 ponitur,
3313 2516 3378 2568 ut
3409 2512 3591 2587 illudi:

1941 2597 2072 2664 Quis
2105 2600 2161 2650 in
2194 2598 2431 2652 nubibus
2460 2599 2773 2668 aequabitur
2802 2601 3033 2656 Domino
3053 2600 3081 2655 ?
3107 2602 3287 2671 (Psal,
3322 2619 3592 2671 LXXXVIII,

1938 2687 2018 2756 7.)
2051 2686 2190 2740 Item
2227 2703 2239 2739 :
2272 2688 2406 2754 Quis
2449 2688 2656 2742 similis
2703 2689 2809 2744 Deo
2856 2691 3002 2744 inter
3041 2690 3184 2760 ﬁlios
3225 2689 3368 2745 Dei?
3397 2690 3597 2761 (Exodi

1938 2791 2028 2841 xv,
2076 2775 2185 2847 11.)
2218 2776 2593 2845 (subauditur
2621 2777 2800 2845 enim,
2834 2777 3079 2850 nullus.)
3111 2778 3437 2850 Aliquando
3459 2795 3595 2835 vero

1941 2880 2044 2934 pro
2076 2863 2337 2928 raritate,
2388 2869 2452 2918 ut
2506 2865 2615 2921 hoc
2661 2864 2824 2932 loco;
2875 2867 3036 2936 item,
3070 2869 3204 2936 Quis
3249 2868 3505 2924 ascendet
3535 2870 3597 2924 in

1940 2956 2179 3006 montem
2213 2953 2436 3006 Domini
2457 2952 2484 3005 ‘?
2512 2953 2684 3021 (Psal.
2716 2970 2878 3021 xxm,
2910 2954 2987 3026 3.)
3019 2959 3128 3010 etc.

2012 3040 2363 3094 Przeviderat
2393 3056 2603 3112 nempe
2653 3046 2891 3097 sanctus
2937 3043 3224 3115 propheta
3271 3059 3490 3115 paucos
3520 3044 3594 3099 ad

1946 3127 2419 3199 praedicationem
2444 3128 2841 3197 apostolorum
2870 3130 3195 3186 credituros
3219 3147 3233 3197 ;
3266 3130 3514 3202 ideoque
3534 3130 3596 3184 in

179 3221 352 3294 itaque
387 3225 622 3278 factum
647 3224 737 3274 est
761 3196 1834 3288 symbolum,utbomines,credendo,
1869 3196 1911 3261 C
1947 3196 2084 3271 voce
2112 3215 2378 3287 ipsorum
2430 3196 2658 3272 dicebat
2690 3235 2702 3272 :
2734 3219 2984 3287 Domine,
3019 3221 3142 3290 quis
3179 3196 3595 3275 credidit-audi-

177 3316 216 3364 et
239 3311 584 3368 invocando
635 3306 1020 3360 salvarentur.
1053 3311 1116 3358 In
1165 3306 1256 3360 his
1282 3304 1444 3359 enim
1478 3303 1710 3357 duobus
1742 3302 1844 3358 illa
1948 3307 2038 3360 tui
2065 3310 2252 3360 nostro
2282 3305 2310 3358 ?
2340 3307 2431 3371 (ac
2461 3304 2508 3359 si
2543 3305 2777 3371 diceret,
2813 3311 3133 3378 perrarus.)

180 3400 266 3454 tria
293 3399 720 3458 continentur,
747 3393 911 3463 fides,
946 3397 1174 3464 spes,et
1204 3392 1466 3448 Charitas
1500 3408 1512 3445 :
1547 3391 1692 3445 fides
1718 3407 1838 3446 cre-

184 3487 260 3555 dit,
289 3504 472 3560 spes,
513 3488 574 3538 et
622 3481 877 3537 charitas
930 3486 1096 3536 orant
1127 3499 1353 3549 verum,
1387 3479 1526 3551 quia
1571 3479 1680 3533 illas
1713 3480 1841 3536 sine

186 3576 275 3630 ﬁde
307 3591 452 3632 esse
487 3589 612 3626 non
643 3574 909 3642 possunt,
940 3574 995 3625 et
1024 3570 1143 3625 hinc
1174 3587 1310 3626 cum
1342 3568 1461 3624 illis
1495 3573 1640 3623 orat.

239 3665 303 3721 Ut
331 3668 555 3721 autem
588 3660 808 3714 arctius
831 3659 1100 3730 probaret
1129 3659 1306 3715 etiarn
1329 3660 1401 3714 ad
1425 3663 1629 3730 gentes
1657 3657 1836 3713 desti-

185 3758 328 3809 natos
363 3747 708 3824 apostolos,
742 3753 1052 3820 postquam
1085 3749 1284 3804 intulit
1314 3765 1326 3802 :
1367 3747 1638 3816 Quomodo
1655 3751 1837 3802 autem

179 3843 377 3897 credent
407 3842 490 3908 ei,
530 3852 700 3908 quem
743 3853 850 3891 non
881 3837 1224 3892 audierunt?
1263 3835 1490 3906 Adjecit
1522 3853 1534 3890 :
1569 3835 1840 3903 Quomodo

175 3941 338 3986 autem
370 3929 628 3985 audient
655 3927 772 3980 sine
807 3925 1142 3996 praedicante
1161 3926 1194 3979 (Γ
1240 3923 1513 3994 Quomodo
1540 3939 1667 3978 vero
1697 3939 1838 3992 prae-

169 4021 430 4088 dicabunt,
467 4017 610 4073 nisi
639 4017 937 4070 mittantw-
961 4015 988 4068 ‘I
1033 4014 1093 4068 Si
1125 4015 1282 4069 enim
1317 4014 1389 4068 ad
1443 4017 1640 4082 gentes
1671 4012 1838 4068 missi

174 4125 281 4163 non
310 4113 513 4165 essent
559 4104 990 4177 praedicatores,
1015 4120 1128 4158 non
1161 4103 1244 4158 eis
1278 4100 1661 4174 prmdicarent
1685 4118 1698 4168 ;
1725 4099 1840 4155 illis

179 4213 280 4252 non
311 4193 811 4270 prmdicantibus,
846 4197 1048 4265 gentes
1100 4209 1212 4247 non
1245 4191 1556 4256 audirent;
1591 4207 1704 4244 non
1736 4207 1840 4244 au-

187 4285 418 4353 dientes,
455 4297 846 4354 nequaquam
891 4280 1208 4346 crederent,
1245 4297 1358 4334 non
1408 4279 1708 4334 credentes
1739 4295 1841 4333 au-

186 4377 308 4440 tem,
336 4374 696 4430 nullatenus
719 4371 1074 4437 invocarent,
1107 4375 1162 4423 et
1192 4369 1576 4424 salvarentur.
1598 4367 1722 4422 Non
1754 4383 1842 4422 er-

188 4477 244 4532 go
275 4463 578 4532 gentium,
612 4461 712 4514 sed
763 4459 891 4529 ejus
923 4462 1079 4512 esset
1109 4457 1298 4529 culpa,
1333 4455 1436 4528 qui
1487 4472 1599 4510 non
1666 4455 1844 4510 desti-

191 4553 397 4606 naverit
428 4547 878 4624 praedicatores.

2021 3393 2110 3460 Et,
2145 3393 2285 3466 quia
2315 3393 2575 3447 dixerat:
2611 3394 2843 3450 Auditui
2869 3396 3120 3467 credidit,
3137 3401 3442 3469 propterea
3463 3396 3601 3454 sub-

1941 3484 2146 3554 jungit
2179 3501 2192 3538 :
2228 3487 2368 3551 Ergo
2396 3481 2527 3553 ﬁdes
2579 3500 2652 3538 ea:
2701 3485 2912 3541 auditu.
2947 3484 3158 3542 Nullus
3203 3488 3360 3542 enim
3393 3487 3598 3551 credit,

1952 3571 2064 3626 nisi
2097 3572 2317 3627 audiat.
2352 3571 2556 3642 Igitur,
2589 3573 2726 3644 quia
2755 3574 2994 3630 auditus
3025 3591 3141 3634 non
3172 3580 3262 3632 est
3290 3591 3360 3632 ex
3390 3575 3598 3643 nihilo,

1949 3661 2050 3715 sed
2081 3660 2331 3731 alicujus
2362 3660 2443 3716 rei
2469 3666 2558 3716 est
2589 3679 2791 3732 sonus,
2811 3668 3116 3735 propterea
3145 3665 3419 3721 subditur
3453 3681 3465 3721 :
3493 3665 3604 3720 Au-

1947 3749 2104 3804 ditus
2135 3755 2343 3815 autem,
2370 3767 2471 3820 per
2499 3751 2719 3806 verbum
2763 3753 2864 3806 Dei
2891 3753 3061 3826 (373),
3090 3754 3149 3810 id
3182 3759 3290 3822 est,
3324 3771 3428 3826 per
3455 3755 3600 3810 doo-

1946 3837 2164 3893 trinam
2195 3843 2248 3894 et
2282 3837 2752 3909 praedicationem
2784 3839 2908 3894 Dei.

2019 3925 2246 3981 Diceret
2278 3927 2422 3980 forte
2454 3927 2523 3980 ad
2561 3927 2684 3982 hzec
2732 3927 2947 3998 aliquis
2979 3945 2992 3984 :
3029 3931 3137 3992 Qui
3185 3945 3300 3984 non
3328 3931 3596 3994 credunt,

1950 4013 2090 4084 quia
2129 4030 2242 4068 non
2273 4012 2605 4079 audierunt,
2641 4019 2945 4084 propterea
2976 4032 3090 4071 non
3122 4017 3391 4070 credunt.
3422 4019 3507 4072 0b
3538 4016 3598 4070 id

1951 4102 2259 4173 subjungit
2287 4100 2634 4171 Apostolus:
2657 4101 2760 4156 Sed
2789 4100 2910 4157 dico
2941 4120 2959 4156 :
2988 4102 3246 4174 Nunquid
3276 4119 3383 4159 non
3414 4103 3604 4161 audie-

1951 4191 2134 4245 runt?
2164 4193 2226 4244 Et
2256 4189 2474 4260 quidem
2504 4192 2565 4244 in
2595 4206 2814 4245 omnem
2843 4198 3055 4246 terram
3096 4195 3268 4248 exivit
3302 4209 3468 4251 sonus
3509 4209 3602 4250 eo-

1952 4296 2097 4349 rum,
2129 4287 2180 4334 et
2207 4281 2264 4334 in
2295 4278 2432 4347 lines
2461 4279 2607 4334 orbis
2636 4285 2800 4335 terrm
2830 4283 2996 4336 verba
3021 4297 3210 4337 eorum
3239 4283 3408 4354 (Psal.
3442 4299 3599 4352 xvm,

1951 4370 2027 4434 5).
2059 4371 2138 4423 Ac
2171 4367 2218 4424 si
2268 4372 2464 4439 aperte
2513 4368 2847 4424 diceretur:
2882 4369 2940 4424 Si
2992 4370 3052 4426 in
3101 4388 3334 4430 omnem
3383 4377 3602 4430 terram

1954 4457 2126 4512 exivit
2156 4474 2338 4512 sonus
2368 4474 2591 4526 eorum,
2616 4462 2673 4514 et
2701 4459 2876 4513 verba
2896 4459 3132 4516 illorum
3155 4478 3344 4532 usque
3365 4461 3424 4518 in
3456 4462 3604 4517 ﬁnes

1880 4565 1927 4627 ι)
1956 4547 2115 4602 orbis
2147 4547 2522 4614 devenerunt,
2553 4547 2659 4616 illi,
2684 4547 2785 4619 qui
2818 4548 2877 4602 in
2910 4549 3100 4604 medio
3131 4549 3606 4622 fuerunt,utique

249 4640 379 4706 Sed,
431 4639 656 4695 volens
706 4635 1012 4690 ostendere
1061 4635 1199 4706 quia
1243 4640 1298 4690 et
1345 4633 1547 4690 directi
1601 4638 1758 4703 sunt,
1795 4639 1852 4690 et
1959 4636 2292 4692 audierunt.

194 4735 379 4796 gentes
410 4725 724 4785 credendo
777 4725 1207 4790 invocaverunt,
1240 4729 1296 4779 et
1327 4725 1496 4780 salvae
1522 4723 1681 4778 factm
1713 4727 1852 4778 sunt

2033 4727 2101 4780 Et
2130 4729 2270 4779 nota
2298 4725 2443 4795 quia
2475 4726 2626 4780 sicut
2656 4725 2772 4792 hic,
2805 4728 2862 4779 et
2889 4723 2948 4779 in
2976 4726 3360 4797 sequentibus
3389 4727 3608 4783 inveni-

195 4816 400 4874 addidit
434 4814 861 4873 testimonium
899 4814 1056 4868 Isaiae
1089 4813 1336 4868 dicentis
1371 4831 1384 4868 :
1417 4818 1595 4882 Quam
1625 4815 1855 4883 speciosi
1962 4831 2115 4880 mus,
2142 4814 2432 4885 prophetae
2454 4814 2644 4869 verbis
2674 4813 2946 4884 praeteriti
2969 4814 3247 4885 temporis
3277 4819 3524 4871 utuntur
3545 4816 3605 4870 in

194 4907 339 4972 pedes
370 4905 894 4975 cvangelimntium
921 4918 1103 4973 pacem
1130 4907 1148 4954 Ι
1195 4904 1323 4974 (Isa.
1362 4920 1456 4969 LII,
1487 4904 1521 4954 7
1547 4920 1558 4969 ;
1615 4903 1850 4956 Nattam.

197 5008 228 5060 1,
259 4996 364 5066 I5.)

262 5086 436 5151 Quam
467 5079 771 5156 particula
797 5078 1144 5151 plerumque
1178 5097 1280 5151 pro
1331 5077 1720 5134 admiratione
1752 5096 1852 5150 po-

1962 4904 2136 4956 rcbus
2169 4902 2400 4966 futuris,
2435 4903 2711 4973 quoniam
2736 4903 2914 4957 ﬁxum
2937 4902 3302 4959 immutabile
3324 4921 3451 4960 esse
3474 4920 3610 4974 prae-

1962 4990 2256 5055 videbant,
2290 4990 2441 5059 quod
2478 4990 2736 5044 futurum
2771 5007 2898 5046 esse
2928 4991 3340 5061 praedicabant.

2038 5078 2241 5148 Igitur,
2277 5095 2347 5132 ne
2380 5079 2513 5149 quis
2545 5078 2761 5134 diceret
2813 5085 3050 5151 propter
3078 5081 3186 5135 hoc
3230 5079 3462 5134 Judieos
3492 5089 3607 5128 non

201 5172 368 5239 nitur,
401 5178 470 5227 ut
503 5174 603 5226 est
632 5169 792 5223 illud.
831 5170 1005 5236 Quam
1036 5170 1301 5223 amabilia
1334 5172 1465 5223 sunt
1494 5165 1856 5221 tabernacula
1965 5166 2302 5230 credidisse,
2338 5167 2636 5236 quoniam,
2673 5166 2808 5222 licet
2835 5168 3146 5230 audierint,
3181 5182 3293 5219 non
3327 5177 3608 5232 cognove-

208 5264 312 5327 tua,
361 5263 660 5317 Domine!
711 5259 880 5328 (Psal.
932 5273 1162 5321 Lxxxm,
1211 5259 1292 5323 2.)
1345 5257 1488 5312 Item
1525 5258 1616 5313 :0
1664 5255 1856 5322 Israel,

207 5365 354 5417 quam
387 5365 611 5420 magna
659 5347 954 5401 estdomus
1004 5347 1262 5400 Domini!
1311 5345 1567 5415 (Baruclt.
1631 5361 1712 5412 ιιι,
1743 5343 1859 5414 24.)

268 5474 415 5594 (370)
451 5472 563 5527 Hic
600 5471 659 5523 in
695 5486 877 5542 marg.
912 5474 1106 5540 autog.
1133 5468 1347 5542 legitur
1377 5485 1501 5594 calp.
1533 5467 1786 5522 XXXIII.

268 5547 386 5594 {3’71
450 5549 517 5594 In
554 5547 756 5594 autog.
802 5546 1138 5594 sanarentur
1167 5559 1186 5594 :
1217 5541 1316 5594 sed
1363 5557 1420 5594 sa
1459 5545 1718 5594 varentur
1749 5538 1786 5592 Ι(

287 5476 394 5528 370
451 5476 563 5527 Hic
600 5476 659 5523 in
695 5486 877 5542 marg.
912 5476 1106 5540 autog.
1134 5476 1347 5542 legitur
1377 5485 1501 5594 calp.

287 5476 415 5617 371)
450 5549 517 5597 In
554 5547 756 5617 autog.
802 5546 1186 5617 sanarentur
1217 5541 1316 5596 sed
1351 5557 1420 5617 _s_a
1459 5557 1518 5594 va

528 5745 797 5800 ΡΑτιιοι..
845 5738 1165 5804 CXXXIV.

1524 5545 1718 5594 rentur
1749 5538 1862 5594 legi

287 5555 414 5617 371)
450 5555 517 5597 In
554 5555 756 5613 autog.
802 5555 1138 5595 sanarentur
1167 5559 1186 5596 .'
1217 5555 1316 5596 sed
1363 5555 1718 5595 satvarcntur
1749 5555 1858 5609 tegl

209 5555 404 5675 debere
422 5623 661 5673 certum
683 5615 779 5669 ﬁet
798 5630 864 5668 ex
883 5612 1128 5684 his,qua3
1152 5612 1487 5669 immediate
1509 5614 1858 5684 sequuntur.

1968 5261 2124 5318 runt,
2152 5260 2455 5325 propterea
2477 5256 2782 5327 subjungit
2801 5255 3138 5326 Apostolus:
3159 5251 3259 5305 Sed
3278 5249 3396 5303 dico
3419 5266 3438 5303 .·
3456 5248 3608 5304 Nun-

1968 5343 2098 5414 quid
2128 5344 2294 5397 Israel
2326 5360 2432 5398 non
2481 5344 2772 5413 cognovit?
2800 5343 3010 5398 Volens
3057 5343 3252 5393 autem
3283 5339 3608 5410 ostendere,

2043 5465 2191 5539 (372)
2219 5466 2280 5539 te
2312 5471 2505 5539 sutos-
2539 5465 3051 5539 euangelizandum:
3120 5529 3153 5539 _.

2043 5529 2188 5606 (373)
2222 5537 2391 5610 Vulg.
2426 5529 2631 5610 Christi
2660 5529 2807 5592 Ksed
2859 5532 2983 5587 alia“:
3027 5529 3304 5588 lectiones
3336 5550 3469 5591 cum
3502 5553 3612 5594 au-

1972 5613 2090 5680 tog.
2125 5613 2321 5664 nostro
2353 5609 2744 5664 Consentiunt.

3259 5729 3297 5799 8
