4090 6170
419 360 536 419 235

1445 355 1783 417 ATTONIS
1826 354 2408 418 VERCELLENSIS
2452 354 2801 455 EPISCDPI

3699 357 3827 418 236

421 490 562 563 quia
589 494 647 547 et
666 489 997 558 audierunt,
1017 492 1075 545 et
1092 492 1484 561 cognoverunt
1508 506 1521 556 ;
1550 489 1650 544 sed
1675 493 1908 561 prepter
1927 505 2064 561 gen-
2100 491 2147 556 Α
2176 505 2278 561 per
2302 490 2701 562 semetipsum,
2726 489 2932 545 deinde
2953 504 3057 561 per
3076 488 3404 560 apostolos:
3436 488 3538 545 sed
3559 487 3647 544 illi
3671 505 3833 545 nun-

420 577 617 634 tilium
675 577 1058 635 invidentiam
1107 577 1340 631 credere
1397 576 1734 649 noluerunt,
1794 568 2064 634 addidit:

416 668 648 724 Primus
689 664 906 739 Moyses
953 666 1087 722 dicit
1116 684 1135 720 :
1166 667 1279 736 Ego
1308 665 1378 721 ad
1405 667 1817 723 aemulationem
1860 683 1947 723 vos
1975 668 2068 722 ad-

418 756 617 813 ducam
672 758 735 811 in
778 772 891 813 non
935 760 1194 828 gentem,-
1224 757 1286 810 in
1332 764 1550 824 gentem
1597 757 1975 828 insipientem,
2007 757 2067 811 in

420 847 566 903 iram
593 861 685 902 vos
713 848 929 902 mittam
957 848 1139 915 (Deut.
1174 862 1349 914 xxxu,
1380 847 1445 900 21
1479 871 1493 915 ;
1532 850 1687 901 Rom.
1722 864 1777 914 x,
1812 847 1919 916 19).

490 953 801 1009 Λίωιιιᾶιίο
829 953 1141 1025 aliquando
1159 969 1262 1026 pro
1291 952 1617 1008 imitatione
1634 953 1888 1024 ponitur,
1918 952 2069 1007 sicut

422 1047 513 1098 est
541 1061 555 1099 :
591 1044 956 1099 Emulamini
982 1043 1317 1098 charismata
1344 1043 1578 1097 meliora
1606 1043 1653 1113 (I
1684 1041 1803 1097 Cor.
1828 1058 1929 1111 xu,
1952 1040 2064 1110 31).

421 1131 753 1204 Aliquando
784 1150 886 1206 pro
907 1132 1026 1188 zelo
1058 1131 1381 1199 invidiee,ut
1412 1130 1519 1186 hoc
1550 1130 1812 1200 loco,non
1830 1132 2065 1201 gentem,

421 1221 706 1294 populum
728 1227 895 1278 vocat
914 1220 1214 1293 gentilem,
1244 1220 1345 1292 qui
1367 1221 1643 1277 recedens
1674 1236 1707 1274 a
1738 1224 1852 1274 Deo
1882 1217 2068 1274 colen-

420 1312 516 1381 do,
550 1327 764 1369 nomen
795 1311 984 1383 gentis
1013 1310 1236 1377 amisit,
1266 1315 1322 1366 et
1351 1309 1638 1381 insipiens
1668 1309 1856 1364 factus
1886 1311 1993 1363 est.

492 1418 721 1491 Moyses
736 1433 873 1491 ergo
893 1418 1215 1491 praevidens
1232 1417 1481 1489 gentiles
1493 1417 1563 1472 ad
1578 1416 1753 1471 ﬁdem
1770 1419 2065 1481 venturos;

419 1508 653 1564 Judaaos
684 1512 881 1564 autem
910 1506 1235 1562 invidentes
1258 1506 1317 1560 in
1350 1505 1693 1561 infidelitate
1720 1520 2065 1577 permansu-

420 1615 538 1669 ros,
573 1598 655 1653 ait
676 1598 735 1653 in
776 1612 915 1653 voce
962 1596 1193 1652 Domini
1227 1612 1239 1649 :
1272 1600 1382 1666 Ego
1418 1596 1493 1650 ad
1537 1595 1952 1651 aemulationem
1981 1609 2070 1649 vos

422 1687 711 1754 adducam,
743 1686 956 1741 etc.‘Et
986 1689 1075 1741 est
1120 1702 1331 1741 sensus
1366 1702 1378 1738 :
1413 1686 1556 1739 Cum
1587 1682 1849 1738 videritis
1880 1699 2066 1754 popu-

419 1776 548 1832 lum
577 1774 767 1843 illum,
789 1774 890 1847 qui
917 1774 1241 1830 recedensa
1270 1778 1404 1839 Deo,
1423 1772 1712 1843 idolisque
1729 1770 2062 1838 immolans,

2176 595 2353 650 quam
2401 579 2795 634 crediderunt.
2848 577 3013 633 Unde
3061 577 3338 633 continuo
3390 578 3715 634 subditur:
3751 578 3838 635 Ad

2172 668 2436 738 populum
2463 684 2573 722 non
2588 668 2912 723 credentem.
2944 667 3013 722 Et
3035 667 3175 739 quia
3197 683 3314 721 non
3347 665 3541 722 solum
3564 684 3683 724 non
3710 684 3838 724 cre-

2177 756 2468 825 diderunt,
2522 758 2625 813 sed
2672 757 2847 812 etiam
2914 772 3209 828 praecones
3276 756 3475 828 gratiae
3535 756 3839 828 persecuti

2177 849 2335 912 sunt,
2370 862 2503 900 mox
2549 845 2783 900 additur
2813 862 2826 901 :
2860 847 2926 899 Et
2972 844 3438 901 contradicentem
3466 844 3630 901 mihi.
3665 845 3837 918 Mag-

2177 950 2320 988 num
2352 934 2567 1006 quippe
2597 933 2841 1005 malum,
2878 938 2965 989 est
3015 951 3131 989 non
3162 936 3417 1005 credere,
3467 935 3569 990 sed
3601 935 3835 990 incom-

2175 1021 2513 1092 parabiliter
2542 1025 3064 1094 majus,praacones
3082 1022 3281 1095 gratiae
3312 1023 3838 1096 persequi,quibus

2177 1111 2513 1182 quicunque
2545 1113 2845 1180 resistunt,
2878 1111 2990 1183 ipsi
3020 1112 3269 1167 Domino
3301 1112 3737 1169 contradicunt.

2248 1227 2406 1294 (CAP.
2439 1228 2556 1299 XI).
2590 1228 2722 1295 Sed,
2753 1242 2825 1283 ne
2850 1228 2996 1283 forte
3025 1226 3270 1301 gentiles
3301 1227 3745 1296 extollerentur,
3779 1235 3840 1286 et

2177 1317 2476 1371 crederent
2486 1319 2677 1371 totum
2690 1314 2860 1371 illum
2874 1315 3157 1388 p0pulum
3178 1316 3836 1390 crimineinﬁdelitatis,

2176 1408 2235 1459 et
2283 1405 2761 1461 contradictionis
2815 1405 3185 1476 damnatum,
3219 1405 3434 1476 adjecit
3459 1407 3784 1478 Apostolus
3819 1426 3835 1463 :

2179 1494 2306 1548 Dico
2335 1509 2459 1564 ergo
2488 1512 2506 1547 :
2538 1494 2791 1565 nunquid
2809 1492 3029 1566 repulit
3054 1496 3196 1550 Deus
3220 1496 3486 1566 populum
3512 1511 3677 1551 suum
3697 1499 3723 1549 ἵ
3752 1500 3843 1552 Ac

2177 1580 2227 1636 si
2258 1586 2456 1653 aperte
2477 1582 2633 1638 dicat
2666 1600 2680 1637 :
2716 1581 2896 1638 nolite
2914 1586 3120 1654 gentes
3149 1581 3371 1655 extolli,
3399 1599 3587 1655 neque
3608 1586 3839 1656 putetis

2176 1686 2413 1725 omnem
2442 1669 2604 1726 illam
2640 1670 2867 1737 plebem
2898 1670 3216 1743 repulsam,
3243 1670 3549 1743 quoniam,
3577 1672 3690 1729 etsi
3712 1691 3838 1731 non

2176 1775 2401 1830 omnes,
2426 1759 2596 1815 multi
2627 1764 2822 1815 tamen
2854 1775 2923 1815 ex
2949 1759 3035 1815 eis
3066 1760 3457 1816 crediderunt.
3481 1762 3551 1818 Et
3579 1762 3689 1819 hoc
3721 1767 3839 1834 est,

422 1866 611 1922 factus
641 1870 730 1920 est
758 1864 1065 1937 insipiens,
1082 1867 1148 1918 ut
1178 1878 1389 1918 nomen
1407 1862 1599 1935 genus
1616 1860 1879 1916 amiserit
1899 1860 2068 1931 (371,),
2099 1860 2149 1925 Β
2179 1849 2334 1919 quod
2350 1847 2827 1905 ait:Absit.Unde
2839 1848 3036 1904 volens
3048 1848 3157 1904 hoc
3182 1849 3399 1906 arctius
3421 1853 3833 1923 comprobare,

423 1955 483 2010 in
514 1970 607 2010 me
639 1955 892 2025 credere,
924 1952 1282 2023 irascemini,
1316 1957 1371 2007 et
1401 1949 1852 2023 indignabimini
1875 1950 2024 2020 (375)
2050 1966 2063 2011 ;

420 2045 479 2098 et
510 2042 728 2099 invidia
751 2042 1083 2109 tabescetis,
1118 2058 1183 2096 ac
1214 2057 1316 2113 per
1346 2040 1455 2096 hoc
1486 2039 1545 2093 in
1578 2038 1919 2094 inﬁdelitate
1950 2054 2068 2092 ma-

419 2131 653 2188 nebitis.
680 2130 890 2186 Aliter:
923 2130 1182 2202 Populus
1203 2129 1467 2202 gentium
1484 2128 1650 2201 prius
1668 2127 1922 2200 populus
1943 2130 2067 2181 erat

419 2220 546 2285 Dei,
578 2220 679 2276 sed
728 2219 1003 2274 recedens
1034 2235 1066 2273 a
1095 2219 1234 2285 Deo,
1268 2223 1325 2273 et
1372 2218 1739 2274 daemonibus
1788 2217 2065 2282 serviens,

420 2308 706 2363 miserum
736 2323 949 2362 nomen
975 2305 1168 2379 gentis
1194 2307 1415 2377 accepit
1446 2323 1460 2361 :
1495 2324 1609 2361 non
1644 2309 1876 2377 gentem
1908 2320 2065 2376 ergo,

422 2395 709 2471 populum
744 2395 1021 2467 gentilem
1049 2395 1209 2463 dicit,
1243 2412 1309 2451 eo
1342 2395 1498 2465 quod
1531 2394 1684 2450 idola
1725 2393 2066 2461 deserendo,

421 2489 478 2542 et
505 2486 794 2542 credendo
824 2485 884 2540 in
916 2484 1236 2550 Christum,
1261 2484 1451 2545 factus
1482 2481 1557 2539 sit
1585 2481 1839 2556 populus
1870 2481 1993 2552 Dei,
2013 2486 2073 2536 et

420 2575 703 2632 miserum
736 2590 947 2631 nomen
976 2572 1167 2646 gentis
1197 2572 1480 2628 amiserit.

492 2683 772 2738 Praeterea
827 2679 1031 2737 volens
1080 2679 1385 2735 ostendere
1440 2677 1687 2751 gentiles
1733 2678 1920 2750 gratia
1974 2679 2069 2734 Dei

421 2774 764 2844 praeventos,
817 2773 882 2824 ut
937 2768 1257 2837 crederent,
1309 2767 1616 2838 subjunxit
1662 2767 2069 2823 testimonium

421 2859 582 2918 Isaiae
612 2858 862 2916 dicentis
881 2857 940 2913 in
969 2873 1218 2930 persona
1237 2856 1502 2927 Domini}:
1528 2857 1788 2911 Inventus
1816 2873 1939 2912 sum
1958 2873 2072 2913 non

423 2948 795 3021 querentibus
820 2962 925 3018 me,
950 2948 1138 3020 palam
1189 2947 1423 3018 apparui
1451 2946 1556 3012 his,
1589 2947 1684 3017 qui
1728 2960 1816 3000 me
1841 2961 1952 3002 non
1982 2948 2070 3002 in-

422 3039 796 3110 terrogabant.
829 3034 1011 3094 Isaias
1042 3036 1200 3091 enim
1230 3051 1433 3091 omnes
1464 3034 1679 3101 minas,
1715 3038 1773 3090 et
1801 3051 2071 3106 persecu-

420 3126 610 3184 tiones
638 3126 976 3183 Judaaorum
1002 3128 1404 3193 contemnens,
1431 3127 1488 3178 et
1511 3122 1828 3195 pretiosius
1850 3122 2072 3179 habens

2177 1937 2563 2009 semetipsum
2596 1937 2930 2009 exemplum
2960 1938 3174 2009 posuit,
3206 1938 3406 1995 dicens
3440 1958 3453 1995 :
3488 1941 3628 1996 Nam
3651 1945 3702 1997 et
3734 1958 3838 2012 ego

2176 2028 2432 2081 Israelita
2459 2044 2582 2082 sum
2612 2043 2682 2081 ex
2709 2029 2917 2082 semine
2946 2028 3202 2095 Abrahae,
3236 2029 3386 2084 tribu
3413 2031 3733 2102 Benjamin.
3769 2032 3842 2087 Et

2178 2120 2269 2171 est
2298 2133 2508 2171 sensus
2540 2132 2552 2170 :
2591 2117 2652 2171 In
2683 2115 2792 2170 hoc
2818 2117 3252 2188 comprobatur,
3274 2118 3555 2188 quoniam
3588 2138 3707 2176 non
3740 2137 3839 2177 re-

2180 2205 2333 2277 pulit
2362 2206 2647 2261 Dominus
2668 2204 2952 2277 populum
2974 2222 3149 2261 suum
3171 2207 3318 2279 (378)
3341 2225 3354 2275 ;
3379 2209 3519 2279 quia
3546 2215 3604 2265 et
3633 2226 3742 2283 ego
3766 2227 3843 2267 ex

2180 2294 2311 2366 ipsa
2338 2294 2505 2366 plebe
2535 2311 2668 2350 sum
2701 2294 2900 2350 doctor
2918 2294 3182 2366 gentium
3213 2295 3274 2351 in
3295 2296 3432 2366 ﬁde,
3464 2303 3524 2354 et
3539 2299 3784 2356 veritate
3821 2319 3838 2358 :

2182 2383 2283 2437 ubi
2306 2383 2780 2439 subaudiendum
2802 2389 2891 2438 est
2919 2401 2931 2438 :
2955 2383 3070 2439 Nec
3100 2400 3204 2457 ego
3237 2385 3534 2455 solus,sed
3556 2392 3613 2445 et
3637 2390 3842 2446 emteri

2183 2471 2464 2539 ministri,
2497 2476 2554 2527 et
2584 2471 2900 2543 coapostoli
2949 2473 3064 2529 mei
3095 2488 3164 2529 ex
3192 2473 3292 2530 illo
3341 2475 3578 2548 populo,
3609 2477 3841 2551 Joseph

2173 2560 2397 2629 justus,
2447 2564 2505 2616 et
2551 2559 2737 2615 Maria
2777 2559 2961 2632 virgo,
3008 2577 3134 2632 quae
3164 2562 3392 2636 peperit
3420 2564 3738 2634 Christum,
3764 2584 3846 2623 ex

2183 2647 2284 2704 illo
2312 2649 2571 2705 Joannes
2603 2648 2831 2704 Domini
2860 2666 3205 2721 praecursor,
3230 2655 3288 2708 et
3306 2658 3578 2723 parentes
3597 2655 3729 2727 ejus
3751 2656 3847 2712 Si-

2182 2753 2375 2805 meon,
2409 2742 2466 2792 et
2496 2739 2683 2808 Anna,
2716 2736 2863 2793 alter
2892 2737 3132 2811 Joseph,
3177 2744 3235 2795 et
3262 2740 3587 2799 Nathanael
3618 2743 3742 2813 ille,
3773 2746 3845 2801 in

2182 2843 2297 2898 quo
2328 2825 2496 2881 dolus
2527 2843 2644 2881 non
2673 2829 2797 2881 erat
2825 2828 3014 2898 (Joan.
3050 2846 3090 2897 1,
3121 2829 3233 2902 47),
3267 2831 3445 2887 turba
3473 2832 3670 2903 etiam,
3702 2850 3845 2905 quae

2180 2915 2561 2987 praecedebat,
2593 2919 2651 2970 et
2678 2917 3036 2987 sequebatur
3063 2917 3189 2988 ejus
3218 2919 3551 2990 iumentum
3586 2940 3600 2978 :
3632 2938 3705 2978 ex
3733 2923 3846 2982 illo

2180 3004 2566 3060 nihilominus
2596 3004 2833 3061 fuerunt
2859 3006 2974 3061 tria
3003 3005 3210 3078 millia,
3240 3012 3298 3064 et
3326 3010 3589 3083 quinque
3618 3013 3843 3085 millia,

2182 3110 2308 3165 quae
2339 3097 2472 3167 post
2499 3093 2627 3164 ejus
2656 3094 3142 3152 resurrectionem
3173 3097 3565 3157 crediderunt.

420 3214 802 3289 Evangelium
833 3213 1047 3270 Christi
1069 3229 1247 3286 quam
1275 3229 1356 3281 se,
1380 3213 1657 3267 audacter
1684 3211 1769 3267 eis
1800 3212 2074 3283 pradice-
2105 3224 2148 3290 ρ
2256 3209 2329 3265 Ut
2354 3213 2551 3265 autem
2577 3210 2903 3266 evidentius
2923 3212 3272 3283 probaretur
3301 3217 3457 3287 quod
3480 3216 3845 3287 dixerat,ad-

424 3305 525 3361 bat
555 3309 757 3378 gentes
785 3303 889 3360 Dei
938 3302 1126 3376 gratia
1174 3302 1630 3375 przeveniendas,
1660 3305 1726 3357 ut
1772 3303 2076 3358 crederent

423 3394 676 3467 ideoque
704 3392 989 3466 praemisit
1014 3391 1328 3464 Apostolus
1355 3409 1368 3446 :
1404 3392 1599 3457 Isaias,
1623 3391 1810 3460 audet,
1840 3396 1891 3447 et
1920 3392 2073 3447 dicit.

497 3501 610 3557 Sed
641 3501 795 3573 quod
828 3500 911 3557 ait
940 3516 954 3554 :
986 3501 1240 3555 Inventus
1288 3515 1428 3565 sum,
1463 3515 1577 3553 non
1625 3497 2074 3569 intelligendum

427 3598 534 3661 est,
567 3591 724 3662 quod
756 3605 890 3645 eum
922 3588 1085 3660 prius
1134 3591 1339 3661 gentes
1383 3587 1715 3643 invenerint
1757 3603 1770 3642 :
1805 3587 1906 3643 sed
1938 3587 2075 3659 quia

425 3678 704 3752 quaesitae,
735 3681 795 3733 et
816 3677 1059 3731 inventae
1086 3678 1246 3741 sunt,
1276 3675 1406 3730 ideo
1437 3689 1713 3745 quaerere,
1731 3676 1789 3729 et
1816 3672 2074 3729 invenire

426 3770 789 3825 meruerunt.
820 3766 987 3833 Nam,
1017 3764 1312 3836 quomodo
1336 3763 1606 3819 inventus
1624 3762 1721 3834 sit,
1738 3762 1864 3834 ipse
1886 3763 2073 3819 mani-

428 3859 625 3924 festat,
657 3872 791 3912 cum
844 3853 986 3909 dicit
1018 3870 1030 3907 :
1064 3853 1263 3909 Palam
1306 3852 1547 3924 apparui
1575 3852 1682 3920 his,
1713 3854 1810 3923 qui
1848 3868 1934 3908 me
1962 3868 2074 3908 non

416 3946 840 4018 interrogabant
871 3942 1040 4015 (376).
1074 3941 1275 3998 Palam
1308 3958 1561 4013 namque
1592 3941 1705 4009 his,
1740 3941 1838 4012 qui
1872 3958 1933 3997 se
1955 3959 2069 3999 non

414 4034 877 4109 interrogabant,
900 4031 1174 4104 apparuit
1199 4056 1214 4098 ;
1246 4030 1407 4102 quia,
1425 4047 1533 4086 sua
1552 4031 1741 4101 gratia
1769 4030 1901 4087 illos
1922 4048 2067 4103 prte-

412 4127 676 4192 veniens,
711 4123 900 4179 multa
929 4121 1119 4194 signa,
1150 4124 1209 4177 et
1238 4119 1504 4193 prodigia
1542 4120 1815 4187 ostendit,
1851 4121 2067 4191 quibus

409 4216 715 4271 crederent
744 4211 916 4281 (577).

479 4319 615 4388 Sed,
648 4334 723 4373 ne
770 4317 990 4371 diceret
1040 4314 1254 4386 aliquis
1306 4314 1540 4369 Judaeos
1588 4318 1897 4386 prepterea
1946 4333 2063 4372 non

404 4405 755 4471 credidisse,
790 4402 930 4476 quia
980 4402 1170 4475 signa,
1206 4405 1265 4457 et
1316 4401 1602 4457 miracula
1632 4419 1747 4459 non
1791 4404 2061 4472 viderint,

399 4494 703 4552 subdidit:
728 4492 821 4549 Λᾶ
836 4491 1003 4547 Israel
1020 4498 1208 4546 autem
1231 4490 1365 4544 dicit
1382 4490 1795 4564 (subintellige,
1812 4493 2014 4566 Isaias)
2043 4513 2057 4553 :

2186 3299 2338 3355 didit
2370 3317 2382 3355 :
2414 3298 2533 3354 Non
2560 3300 2765 3371 repulit
2792 3300 2936 3355 Deus
2964 3301 3178 3372 plebem
3203 3318 3382 3373 suam,
3404 3322 3570 3377 quam
3596 3312 3847 3379 praesa-

2184 3390 2285 3444 vit.
2317 3388 2425 3443 Ubi
2468 3388 2789 3443 notandum
2834 3388 2973 3461 quia
3025 3407 3140 3446 non
3188 3390 3272 3446 ait
3321 3396 3551 3450 tantum
3576 3397 3848 3467 plebem,-

2185 3478 2285 3532 sed
2338 3476 2565 3531 addidit
2609 3493 2787 3532 suam.
2822 3477 2892 3531 Et
2938 3482 3029 3533 est
3075 3494 3284 3535 sensus
3319 3496 3332 3536 :
3364 3481 3623 3556 Plebem,
3655 3502 3845 3558 quam

2185 3582 2246 3621 se
2271 3582 2439 3622 suam
2469 3565 2756 3621 facturum
2789 3566 3094 3638 praescivit,
3130 3584 3246 3624 non
3277 3571 3516 3641 repulit.

2255 3674 2365 3729 Sed
2391 3673 2773 3749 quaerendum
2793 3676 3090 3745 est,quare
3109 3675 3628 3749 dixerit,preescivit
3646 3699 3666 3739 :
3700 3700 3845 3741 cum

2182 3761 2545 3834 praescientia
2576 3766 2697 3817 tam
2724 3762 2784 3816 in
2817 3763 3254 3834 bono,quamin
3286 3766 3440 3823 malo
3463 3769 3602 3841 poni
3625 3771 3844 3830 soleat.

2180 3851 2290 3907 Sed
2314 3851 2638 3918 sciendum,
2664 3850 2802 3922 quia
2823 3852 3182 3922 prmscientia
3202 3852 3519 3926 aliquando
3549 3874 3653 3928 pro
3685 3877 3842 3932 prae-

2180 3940 2567 3997 destinatione
2611 3939 2869 4011 ponitur.
2903 3940 2997 3996 Sic
3027 3957 3162 4014 ergo
3214 3941 3322 3997 hoc
3353 3942 3500 4011 loco,
3527 3949 3839 4019 praecinit,

2178 4030 2391 4103 inquit,
2420 4029 2477 4084 id
2509 4034 2599 4085 est
2628 4028 3080 4101 praedestinavit.
3112 4030 3258 4087 Hinc
3280 4034 3551 4106 superius
3580 4038 3839 4109 Aposto-

2179 4117 2271 4174 lus
2303 4118 2384 4174 ait
2416 4137 2429 4173 :
2465 4120 2606 4186 Quos
2630 4120 3000 4190 prazscivit,et
3023 4119 3433 4191 praedestinavit
3461 4123 3637 4197 (3'79).
3670 4125 3839 4184 Hanc

2177 4207 2626 4279 praescientiam,
2684 4207 2806 4263 sive
2854 4208 3425 4279 praedestinationem
3474 4212 3615 4269 alibi
3664 4220 3841 4273 vocat

2175 4297 2517 4354 electionem
2551 4297 2751 4353 dicens
2788 4296 2984 4353 :Sicut
3029 4298 3189 4370 elegit
3226 4317 3328 4356 nos
3375 4303 3435 4356 in
3462 4304 3579 4375 ipso
3609 4304 3837 4376 (Ephes.

2173 4403 2212 4453 ι,
2243 4387 2318 4458 4).

2245 4492 2504 4564 Denique
2548 4492 2748 4548 volens
2799 4495 3106 4550 ostendere
3153 4496 3344 4568 gratia
3390 4497 3493 4554 Dei
3545 4498 3833 4573 reliquias

399 4585 525 4641 Tota
574 4584 667 4640 die
720 4581 963 4655 expendi
1007 4597 1208 4635 manus
1240 4595 1412 4650 meas,
1445 4584 1554 4635 etc.
1604 4580 1756 4651 (Isai.
1807 4599 1935 4661 μίν,
1984 4584 2063 4655 2.)
2092 4592 2141 4657 ι)
2172 4580 2446 4648 salvatas,
2496 4582 2767 4652 adjunxit
2800 4599 2812 4637 :
2844 4583 2927 4637 An
2976 4585 3197 4640 nescitis
3243 4586 3305 4639 in
3339 4588 3466 4643 Elia
3514 4588 3648 4661 quid
3695 4589 3835 4647 dicit

398 4672 510 4729 Ubi
539 4673 892 4737 notandum,
926 4671 1064 4742 quia
1093 4686 1208 4725 non
1241 4668 1342 4735 ait,
1367 4686 1588 4736 mense,
1620 4668 1707 4724 vel
1738 4687 1910 4741 anno,
1935 4673 2058 4743 sed,

401 4765 523 4818 tota
552 4762 663 4831 die,
696 4762 754 4817 id
787 4764 896 4825 est,
929 4759 1089 4815 omni
1121 4764 1402 4830 tempore.
1435 4760 1625 4815 Manus
1654 4764 1874 4827 autem,
1896 4768 2062 4817 vocat

405 4866 603 4923 opera.
636 4850 807 4905 Omni
830 4853 1094 4920 tempore
1126 4864 1340 4904 manus
1372 4865 1511 4904 suas
1534 4849 1790 4905 extendit
1818 4849 2058 4917 Judmis,

403 4957 522 4996 non
554 4939 745 4996 solum
780 4937 1170 5010 przedicando,
1204 4938 1304 4993 sed
1359 4937 1532 4993 etiam
1567 4938 1754 4993 multa
1784 4938 1972 5011 signa,
2005 4944 2061 4994 et

401 5029 672 5101 prodigia
724 5027 1028 5083 faciendo:
1063 5026 1252 5097 primo
1284 5043 1384 5098 per
1432 5026 1815 5098 patriarchas,
1850 5027 2060 5083 dehinc

396 5134 503 5190 per
521 5115 1159 5191 legislatorem,deinde
1180 5133 1283 5188 per
1299 5116 1715 5188 prophetas,ad
1732 5122 2057 5172 extremum

469 5296 617 5368 (374)
648 5297 711 5368 In
732 5300 959 5368 autog.
977 5295 1187 5349 amisit.

465 5366 615 5438 (375)
646 5366 1045 5438 Indignamini.

467 5436 615 5509 (376)
646 5437 749 5493 Hic
772 5436 838 5494 in
871 5454 1059 5509 marg.
1094 5441 1293 5509 autog.
1331 5436 1549 5508 legitur
1577 5452 1703 5507 cap.
1740 5436 1980 5493 XXXIV.

466 5508 613 5579 (377)
643 5511 936 5582 Jungatur
981 5508 1115 5564 cum
1148 5508 1257 5563 his
1287 5524 1414 5579 quae
1473 5508 1750 5563 dicuntur
1780 5510 2055 5582 superius

392 5578 463 5634 ad
494 5594 561 5633 ea
596 5578 791 5635 verba
816 5597 830 5635 :
863 5596 976 5636 non
1017 5581 1271 5646 volentis,
1304 5578 1402 5636 nec
1448 5581 1726 5636 currentis
1769 5578 2053 5637 scd—mise-

392 5652 565 5716 rantis
593 5652 673 5707 est
706 5651 818 5721 Dei,
854 5666 979 5723 cap.
1012 5669 1067 5707 x.

2171 4669 2457 4741 Scriptura
2477 4674 2502 4723 .7
2530 4669 2709 4733 Quasi
2754 4671 2975 4727 diceret
3008 4691 3021 4728 :
3056 4672 3230 4729 Scitis
3285 4676 3509 4747 utique,
3542 4680 3829 4749 quoniam

2169 4758 2413 4831 legistis.
2430 4761 2565 4827 Aut,
2591 4760 2759 4831 quasi
2780 4760 2995 4817 diceret
3016 4761 3229 4834 aliquis
3256 4781 3269 4818 :
3297 4765 3445 4828 Quid
3468 4765 3657 4822 dicit?
3676 4769 3830 4825 Sub-

2166 4846 2305 4918 jecit
2358 4863 2371 4903 :
2427 4848 2696 4915 Quomodo
2761 4850 2909 4921 (380)
2982 4852 3301 4923 interpellat
3354 4855 3492 4910 Deus
3563 4855 3831 4914 adversus

2167 4936 2338 4991 Israel
2366 4940 2390 4989 .9
2426 4938 2675 5005 Domine,
2723 4938 3012 5010 prophetas
3064 4944 3182 4996 tuos
3232 4943 3570 5011 occiderunt,
3620 4946 3832 5003 altaria

2167 5029 2263 5079 tua
2291 5026 2655 5096 suﬂbderunt,
2688 5033 2741 5081 et
2771 5044 2866 5098 ego
2894 5029 3115 5084 relictus
3139 5046 3260 5085 sum
3288 5033 3456 5100 solus,
3487 5041 3538 5089 et
3567 5043 3831 5106 quarunt

2166 5116 2412 5170 animam
2438 5132 2635 5170 meam.
2669 5117 2759 5184 Et,
2792 5117 2959 5188 quasi
2992 5117 3051 5173 in
3084 5118 3324 5176 alterius
3357 5137 3628 5193 persona,
3646 5123 3827 5180 inter-

2236 5294 2383 5375 (378)
2415 5293 2607 5375 Yerha
2636 5297 3149 5375 quoniam...suum,
3181 5297 3239 5352 in
3288 5314 3478 5372 marg.
3512 5301 3824 5372 superiora

2165 5370 2361 5435 autog.
2395 5369 2508 5420 sita
2537 5371 2695 5420 sunt.

2239 5436 2384 5516 (379)
2412 5437 2563 5491 Rom.
2593 5454 2716 5516 vui,
2737 5438 2827 5493 29.
2858 5438 3552 5516 Videantur,__attenteque
3574 5459 3823 5516 perpen-

2164 5506 2384 5579 dantur
2414 5524 2540 5579 quae
2590 5508 2647 5563 in
2678 5506 2835 5565 hunc
2881 5514 3125 5578 textum,
3158 5510 3372 5570 aliosve
3422 5506 3821 5576 huic'similes

2163 5577 2236 5632 ab
2266 5577 2503 5635 aucto—re
2533 5584 2731 5636 nostro
2762 5582 3039 5638 adnotata
3065 5577 3222 5641 sunt.

2234 5651 2383 5725 (380)
2413 5650 2584 5725 Vulg.
2617 5653 3087 5727 quemadmodum.
