4080 6174
319 319 439 381 237

931 320 1342 384 EXPOSITIO
1387 319 1468 381 IN
1514 318 1960 386 EPISTOLAS
2004 323 2372 387 PAULL—
2399 327 2477 387 IN
2524 326 2771 389 EPIST.
2819 328 2921 388 AD
2968 331 3157 394 ROM.

3644 341 3767 404 238

322 453 495 524 rogat
524 466 590 506 se
620 450 844 524 ipsum,
870 453 1267 526 subjungens:
1300 451 1405 507 Sed
1434 451 1571 523 quid
1599 453 1743 511 dicit
1772 456 1864 511 illi
1893 472 1998 512 res-
2024 458 2080 523 Α
2106 465 2315 528 gratia,
2339 459 2463 529 jam
2508 475 2617 515 non
2662 477 2733 516 ex
2773 461 3052 531 operibus,
3087 480 3203 536 quo
3234 467 3391 524 dicto
3420 473 3624 527 contra
3655 472 3763 527 Ju-

317 557 553 614 ponsum
583 539 839 596 divinum
859 545 888 597 Et
918 542 1131 616 Reliqui
1171 543 1313 596 mihi
1358 544 1569 612 septem
1600 544 1792 600 millia
1823 546 1995 617 (381),

321 632 423 702 qui
448 646 563 685 non
598 636 967 687 curvaverant
989 648 1169 701 genua
1196 639 1325 687 ante
1352 631 1513 686 Baal.

394 719 517 775 Hoc
551 718 888 791 exemplum
921 720 1227 776 manifeste
1257 723 1416 791 patet
1464 719 1525 773 in
1580 720 1735 777 libro
1768 723 1993 795 Regum

321 809 428 881 (III
454 811 584 877 Reg.
617 824 774 875 XVIII,
816 809 932 880 40).
983 809 1220 882 Legitur
1248 808 1427 876 enim,
1468 810 1635 881 quia,
1672 827 1809 866 cum
1839 811 1994 867 occi-

323 898 514 953 disset
565 896 805 968 propria
844 913 1025 953 manu
1056 898 1210 953 Elias
1241 897 1533 970 prOpheta
1564 900 1995 973 quadragintos

322 985 647 1060 prophetos
677 984 838 1054 Baal,
872 986 1027 1042 facta
1053 994 1141 1043 est
1181 986 1493 1042 vehemens
1528 988 1864 1058 persecutio
1896 990 1995 1044 ad-

320 1091 529 1131 versus
560 1073 877 1146 prophetas
911 1075 1161 1143 Domini,
1185 1074 1328 1130 adeo
1360 1079 1424 1128 ut
1451 1074 1615 1131 Elias
1646 1076 1902 1149 fugiens,
1935 1077 1994 1132 in

316 1164 483 1237 jugis
515 1162 832 1231 montium,
866 1167 925 1219 et
952 1164 1212 1221 cavernis
1258 1166 1559 1235 petrarum
1590 1163 1871 1231 latitaret,
1905 1183 1994 1221 se-

326 1268 444 1325 que
477 1251 670 1309 solum
720 1267 790 1307 ex
835 1253 1019 1308 servis
1058 1251 1284 1308 Domini
1316 1252 1582 1307 crederet
1610 1253 1992 1310 remansisse.

327 1341 439 1398 Ubi
471 1341 662 1397 factus
694 1345 783 1397 est
813 1356 1007 1397 sermo
1039 1340 1266 1397 Domini
1297 1341 1369 1395 ad
1400 1356 1535 1396 eum
1570 1342 1777 1398 dicens
1802 1360 1824 1398 :-
1850 1343 1997 1414 Quid

323 1432 419 1487 hic
445 1431 590 1501 agis,
625 1430 747 1484 Elia
767 1428 797 1483 ?
832 1431 944 1485 Cui
974 1429 1074 1487 ille
1102 1429 1378 1501 respondit
1407 1447 1425 1484 :
1463 1431 1594 1486 Zelo
1625 1433 1845 1488 zelatus
1872 1449 1997 1487 sum

321 1537 434 1593 pro
461 1521 697 1575 Domino
725 1520 832 1575 Deo
862 1520 1060 1586 Israel,
1094 1521 1357 1590 quoniam
1403 1519 1513 1589 ﬁlii
1554 1521 1732 1576 Israel
1759 1522 1994 1593 prophe-

322 1616 422 1666 tas
480 1616 599 1665 tuos
655 1607 996 1676 occiderunt,
1044 1617 1094 1665 et
1150 1610 1351 1663 alteria
1405 1616 1498 1663 tua
1552 1610 1916 1681 suﬂoderunt,
1947 1619 2000 1667 et

324 1700 560 1754 relictus
590 1713 713 1753 sum
752 1712 848 1769 ego
889 1698 1055 1768 solus,
1086 1700 1138 1752 et
1184 1701 1442 1768 quaerunt
1488 1700 1743 1754 animam
1788 1715 1993 1755 meam.

327 1789 443 1845 Cui
470 1788 740 1843 Dominus
771 1803 789 1839 :
839 1786 1061 1857 Reliqui
1088 1785 1231 1857 (382)
1281 1787 1424 1841 mihi
1460 1795 1668 1858 septem
1694 1788 1881 1843 millia
1908 1789 1999 1844 υἰ-

321 1893 544 1943 rorum,
576 1874 674 1947 qui
696 1890 811 1930 non
838 1878 1208 1929 curvaverant
1237 1890 1422 1947 genua
1448 1878 1577 1930 ante
1607 1876 1752 1930 Baal
1784 1894 1803 1930 :
1845 1892 1911 1931 ac
1945 1876 1996 1932 si

322 1966 584 2022 diceret:
617 1967 703 2019 Ne
734 1966 906 2035 putes
937 1966 993 2018 te
1020 1963 1216 2018 solum
1239 1978 1367 2018 esse
1395 1979 1633 2018 servum
1656 1964 1916 2031 ﬁdelem,
1939 1969 1997 2021 et

322 2054 477 2109 bene
506 2052 903 2111 laborantem.
936 2052 1213 2122 quoniam
1249 2054 1389 2107 sunt
1427 2051 1574 2107 mihi
1623 2055 1682 2107 et
1729 2052 1848 2119 alii,
1886 2068 1995 2109 nec

322 2141 550 2215 pauci:
601 2141 687 2197 ibi
742 2140 921 2209 enim,
954 2140 1052 2195 ubi
1107 2144 1165 2195 te
1214 2138 1405 2195 solum
1453 2143 1651 2211 putas,
1682 2139 1765 2195 ibi
1806 2140 1995 2197 habeo

322 2235 553 2304 septem
605 2227 816 2298 millia,
848 2245 975 2300 qua“:
1023 2242 1140 2283 non
1195 2231 1583 2283 curvaverunt
1629 2244 1820 2300 genua
1860 2232 1997 2285 ante

324 2319 488 2377 Baal.
524 2318 632 2376 Ubi
668 2317 1017 2383 notandum,
1052 2316 1193 2387 quia
1231 2332 1346 2371 non
1397 2316 1478 2371 ait
1510 2333 1523 2371 :
1579 2315 1801 2372 Relicta
1832 2322 1990 2385 sunt,

324 2413 430 2464 aut
460 2406 831 2478 reliquerunt
861 2421 924 2460 se
954 2404 1124 2471 mihi,
1147 2406 1273 2472 sed,
1300 2420 1405 2476 ego
1436 2405 1663 2475 reliqui.
1687 2405 1993 2477 Tanquam

326 2501 529 2569 aperte
551 2496 809 2551 diceret:
845 2494 961 2566 Ego
979 2510 1084 2549 eos
1104 2492 1318 2549 ealvavi
1347 2512 1359 2561 ;
1384 2509 1490 2565 ego
1522 2493 1812 2549 custodivi
1839 2511 1852 2561 ;
1885 2510 1993 2566 ego

325 2586 437 2642 feci
470 2589 540 2640 ut
568 2601 688 2639 non
720 2587 1027 2639 curvarent
1056 2599 1246 2652 genua
1276 2586 1410 2637 ante
1433 2581 1567 2636 Baal
1594 2600 1607 2647 ;
1642 2581 1889 2653 ideoque
1919 2599 1992 2639 ne

324 2658 601 2748 glorieris
655 2678 713 2728 te
758 2671 949 2728 solum
991 2688 1120 2728 esse
1170 2671 1230 2726 in
1263 2669 1518 2738 servitio,
1551 2669 1692 2741 quia
1720 2670 1904 2726 habeo
1935 2677 1993 2727 et

324 2764 477 2819 alios
506 2778 820 2818 conservos
849 2765 1003 2827 tuos,
1037 2776 1289 2833 quorum
1323 2763 1548 2815 mentes
1590 2758 1784 2813 inveni
1815 2750 1986 2830 (383),

324 2870 446 2910 non
469 2853 543 2907 de
575 2867 659 2918 se,
686 2867 801 2905 non
826 2850 895 2905 de
919 2848 1079 2918 Baal,
1103 2850 1202 2905 sed
1233 2850 1305 2904 de
1334 2865 1429 2904 me
1451 2853 1896 2921 praesumentes.
1922 2849 1990 2904 Et

322 2947 412 3012 tu,
449 2940 551 3013 qui
583 2940 733 2995 dicis
769 2956 782 2995 :
818 2937 1078 2993 Relictus
1110 2955 1242 2993 sum
1277 2936 1460 3006 solus,
1493 2936 1606 2992 nisi
1639 2936 1829 3009 gratia
1859 2954 1990 2993 mea

319 3030 540 3103 plenus
571 3043 754 3098 esses,
794 3026 896 3082 ubi
926 3043 1088 3083 esses
1108 3025 1136 3080 ‘2
1165 3027 1237 3081 Et
1267 3029 1331 3081 tu
1363 3025 1601 3097 quidem
1633 3041 1823 3097 genua
1853 3030 1989 3083 ante

317 3118 464 3175 Baal
496 3118 785 3173 ﬂecteres.
819 3120 928 3171 Per
971 3115 1367 3170 curvationem
1400 3130 1684 3186 genuum,
1719 3115 1984 3186 quaedam

2105 547 2260 601 dmos
2307 548 2478 617 (386),
2512 549 2613 619 qui
2668 548 2817 622 legis
2874 552 3150 623 operibus
3209 572 3270 613 se
3320 558 3531 616 salvari
3590 576 3765 633 posse

2105 634 2441 690 credebant.

2179 741 2374 797 Gratia
2414 745 2613 797 autem
2656 744 2812 800 dicta
2857 752 2966 817 est,
2999 765 3064 805 eo
3115 754 3270 823 quod
3318 756 3502 826 gratis
3551 757 3764 826 detur;

2104 828 2354 901 ideoque
2380 831 2725 903 subjungit:
2757 835 3015 907 Alioquin
3036 843 3229 909 gratia
3249 843 3375 913 jam
3399 861 3513 901 non
3534 854 3620 901 est
3644 863 3771 915 gra-

2105 920 2204 973 tia.
2238 920 2302 974 Id
2334 923 2424 973 est
2461 937 2474 973 :
2521 920 2578 974 Si
2610 919 2732 975 ulla
2762 925 2969 980 merita
2998 939 3440 1004 praecesserunt,
3473 951 3599 990 non
3633 951 3772 1012 ergo

2105 1008 2297 1079 gratia
2317 1007 2415 1064 Dei
2439 1007 2649 1064 salvati
2672 1011 2833 1079 estis,
2862 1016 3140 1084 quoniam
3168 1034 3408 1091 merces,
3432 1039 3557 1080 non
3586 1007 3779 1098 gratis

2107 1097 2209 1151 sed
2244 1097 2571 1152 secundum
2603 1099 2881 1156 meritum
2913 1102 3289 1175 impenditur.

2179 1202 2383 1275 Igitur,
2435 1204 2604 1277 quasi
2654 1212 2940 1277 quaereret
2985 1209 3220 1283 aliquis,
3271 1232 3375 1271 cur
3422 1217 3619 1294 Deus,
3664 1244 3783 1286 non

2107 1307 2335 1360 omnes,
2368 1292 2469 1346 sed
2521 1291 2803 1365 reliquias
2848 1299 3077 1354 tantum
3123 1300 3312 1358 salvas
3344 1305 3551 1361 fecerit
3581 1291 3781 1383 gratia

2108 1394 2240 1446 sua,
2277 1379 2659 1450 quaestionem
2690 1383 2803 1438 sibi
2840 1388 3117 1457 opposuit
3143 1391 3483 1464 Apostolus,
3517 1379 3775 1472 (δι-ρυε-

2108 1467 2290 1560 rando
2319 1468 2572 1560 subjecit
2604 1485 2629 1560 ξ,
2660 1472 2792 1560 quid
2819 1489 2943 1544 ergo
2964 1476 2992 1530 ?
3021 1477 3416 1545 (subauditur,
3450 1467 3773 1560 dicemus.)

2108 1554 2264 1608 Nihil
2315 1555 2539 1627 utique,
2575 1558 2688 1614 nisi
2737 1562 2896 1633 quia,
2930 1564 3070 1634 quod
3115 1568 3395 1636 quaerebat
3420 1574 3619 1641 Israel,
3652 1554 3769 1631 non

2107 1650 2191 1698 est
2240 1647 2574 1701 consecutus.
2609 1647 2784 1705 Israel
2835 1651 2975 1707 dicit
3012 1655 3298 1727 populum
3330 1656 3501 1715 illum
3529 1663 3766 1719 Judan-

2108 1747 2265 1799 rum,
2290 1732 2391 1803 qui
2420 1734 2546 1789 suis
2573 1736 2798 1793 meritis
2829 1738 3016 1812 legem
3048 1744 3364 1816 accepisse,
3388 1751 3447 1803 et
3473 1764 3605 1805 eam
3635 1751 3765 1809 suis

2025 1823 2075 1888 B
2107 1820 2331 1876 viribus
2361 1821 2624 1894 implere,
2656 1827 2902 1900 ejusque
2940 1831 3215 1903 cperibus
3236 1835 3554 1905 justificari
3586 1854 3760 1909 posse

2109 1909 2399 1997 credebat,
2424 1910 2672 1985 ideoque
2706 1916 2979 1986 salutem,
3004 1936 3182 1992 quam
3214 1925 3529 1997 quarebat,
3553 1943 3758 1984 conse-

2109 1996 2210 2068 qui
2240 2013 2355 2052 non
2389 2002 2728 2070 promeruit.
2764 2004 3057 2076 Spiritalis
3103 2023 3237 2063 vero
3286 2010 3465 2066 Israel
3514 2012 3586 2067 de
3633 2013 3760 2070 sola

2106 2085 2296 2157 gratia
2326 2087 2422 2142 Dei
2450 2104 2837 2159 praesumens,
2871 2092 3122 2150 salutem
3153 2103 3507 2155 consecutus
3536 2104 3643 2157 est.

2179 2192 2343 2248 Unde
2375 2210 2506 2250 mox
2536 2196 2806 2267 sequitur
2838 2215 2852 2253 :
2888 2200 3091 2256 Electio
3119 2210 3305 2257 autem
3331 2210 3627 2262 consecuta
3654 2212 3755 2264 est.

2105 2280 2457 2338 Electionem
2484 2300 2758 2356 namque,
2782 2285 3061 2359 reliquias
3089 2293 3256 2346 vocat
3285 2306 3388 2361 per
3407 2291 3753 2353 electionem

2104 2368 2376 2425 salvatas.
2413 2372 2491 2427 De
2519 2372 2739 2428 carnali
2769 2378 2967 2430 autem
3000 2377 3174 2434 Israel
3205 2379 3517 2438 subditur:
3547 2384 3755 2440 Caeleri

2105 2474 2225 2513 vero
2254 2461 2518 2516 excaecati
2546 2462 2692 2534 (387)
2733 2468 2882 2532 sunt,
2914 2466 3056 2522 sicut
3097 2470 3363 2539 scriptum
3413 2478 3490 2527 est
3519 2487 3539 2526 :
3589 2472 3754 2529 Dedit

2103 2548 2217 2602 illis
2249 2550 2385 2604 Deus
2414 2552 2685 2621 spiritum
2708 2558 3140 2625 compunctionis
3158 2557 3305 2627 388).
3339 2558 3752 2633 Compunctio,

2099 2640 2221 2692 tam
2245 2637 2302 2690 in
2328 2638 2482 2693 bona
2505 2640 2986 2711 sanctiﬁcatione,
3012 2661 3190 2716 quam
3219 2648 3277 2702 in
3300 2647 3456 2704 mala
3477 2650 3744 2720 ponitur:

2098 2730 2573 2798 compunguntur
2591 2730 2750 2785 enim
2780 2730 3052 2789 homines
3083 2735 3156 2790 ad
3189 2736 3432 2805 bonum,
3455 2754 3589 2793 cum
3613 2740 3773 2811 Spi-‘

2098 2813 2213 2869 ritu
2236 2813 2338 2869 Dei
2362 2817 2697 2889 compuncti
2719 2818 2940 2891 aliquid
2966 2821 3188 2878 bonum
3215 2829 3566 2895 operantur;
3589 2843 3747 2883 com-

2096 2908 2444 2975 punguntur
2491 2910 2547 2960 et
2594 2907 2666 2961 ad
2719 2907 2963 2979 malum,
3012 2927 3149 2966 cum
3193 2912 3412 2970 diaboli
3459 2914 3747 2973 instinctu

2098 2990 2337 3063 aliquod
2383 2992 2603 3049 malum
2654 3002 2960 3067 peragunt.

2168 3099 2302 3167 Sed,
2339 3099 2388 3154 si
2421 3098 2576 3155 Deus
2607 3100 2725 3156 illis
2757 3103 3036 3175 spiritum
3068 3108 3537 3178 compunctionis
3566 3111 3748 3180 dedit,

318 3208 546 3263 mentis
575 3204 861 3276 subjectio
888 3203 1337 3274 designatur,de
1364 3185 1481 3274 qua
1501 3202 1639 3257 alibi
1664 3185 1816 3257 idem
1841 3207 1985 3275 Apo-
2016 3185 2058 3251 C
2099 3190 2162 3242 Ut
2193 3204 2308 3242 ΰοο
2340 3188 2661 3258 crederent:
2685 3206 2812 3261 qu33
2843 3191 3079 3248 ίῙῙοΓυω
3112 3194 3283 3267 0111Ρᾶ
3314 3196 3441 3267 fait,
3465 3199 3601 3268 quia
3630 3216 3748 3256 non

316 3297 518 3354 stolus
546 3313 559 3350 :
594 3299 662 3349 In
690 3295 915 3348 nomine
935 3294 1060 3348 Jesu
1091 3308 1246 3347 omne
1274 3308 1417 3363 genu
1444 3293 1700 3361 ﬂectatur
1727 3291 1987 3365 (Philipp.

318 3404 384 3454 II,
412 3385 512 3454 10)
542 3400 556 3438 :
592 3382 693 3435 ubi
723 3397 826 3453 per
855 3397 1114 3453 genuum
1139 3380 1444 3437 ﬂexionem
1478 3378 1807 3436 humiliatio
1829 3397 1987 3437 men-

316 3476 398 3531 tis
434 3471 795 3540 ostenditur,
830 3487 946 3541 qua
986 3486 1192 3525 omnes
1241 3474 1520 3524 creaturae
1560 3475 1672 3525 Deo
1726 3470 1988 3527 subdun-

319 3569 424 3619 tur
457 3558 633 3633 (384).
687 3558 773 3613 Illi
823 3574 961 3630 ergo
1005 3563 1138 3614 ante
1178 3558 1314 3615 Baal
1362 3574 1555 3631 genua
1592 3562 1853 3630 curvant,
1888 3562 1989 3632 qui

325 3650 594 3724 quadam
627 3647 843 3704 mentis
876 3647 1257 3719 subjectione,
1290 3647 1350 3703 id
1391 3652 1481 3704 est
1520 3664 1831 3721 consensu,
1864 3648 1986 3706 dia-

322 3739 467 3797 bolo
498 3753 562 3795 se
599 3736 881 3793 subdunt.

399 3826 565 3897 Baal,
599 3826 724 3899 ipse
774 3829 866 3883 est
912 3830 969 3881 et
1019 3825 1175 3896 Beel,
1213 3826 1370 3881 idem
1418 3830 1476 3880 et
1522 3825 1897 3899 Beelphegor,
1930 3832 1989 3883 et

324 3916 554 3973 Belbrit
580 3932 594 3982 ;
648 3915 750 3970 sed
780 3914 919 3970 Baal
950 3914 1143 3970 dictus
1174 3919 1283 3983 est,
1318 3914 1457 3985 quia
1486 3913 1547 3967 in
1578 3913 1803 3969 excelso
1835 3915 1986 3970 cole-

323 4008 543 4072 batur;
578 4002 941 4075 Beelphegor
969 4018 1126 4070 vero,
1160 4002 1300 4074 quia
1338 4002 1398 4056 in
1441 4005 1638 4056 monte
1669 4002 1912 4074 Phegor.

410 4092 525 4148 Cur
555 4096 750 4148 autem
779 4090 1102 4163 sumpserit
1129 4090 1239 4147 hoc
1257 4089 1680 4159 testimonium,
1705 4091 1983 4163 aperitur,

324 4198 469 4238 cum
502 4181 777 4236 subditur
810 4198 823 4236 :
874 4179 965 4235 Sic
993 4194 1122 4249 ergo
1159 4183 1210 4235 et
1253 4182 1313 4235 in
1350 4178 1446 4234 hoc
1474 4186 1708 4250 tempore
1738 4180 1987 4252 reliquiae

327 4269 635 4326 secundum
662 4267 982 4325 eledionem
1009 4270 1205 4337 gratiae
1233 4268 1398 4324 salvae
1426 4270 1598 4339 facta?
1632 4273 1780 4324 sunt.
1813 4270 1892 4324 Ac
1935 4269 1986 4325 si

327 4358 556 4414 diceret
586 4374 599 4413 :
643 4358 803 4413 Idem
833 4356 1119 4412 Dominus
1149 4356 1420 4413 Christus
1449 4360 1538 4411 est
1567 4358 1759 4426 modo,
1794 4357 1895 4429 qui
1928 4361 1986 4413 et

324 4451 500 4510 tunc.
536 4450 594 4502 et
642 4462 758 4518 qua
805 4444 993 4518 gratia
1034 4444 1167 4501 illos
1211 4444 1474 4514 salvavit,
1507 4445 1709 4501 eadem
1742 4445 1985 4501 salvavit

327 4535 643 4607 reliquias.

403 4625 480 4679 Et
512 4624 623 4679 hoc
654 4628 765 4691 est,
796 4624 949 4696 quod
1000 4623 1141 4679 dicit
1169 4623 1317 4695 (385)
1351 4638 1364 4678 :
1418 4622 1729 4678 Secundum
1773 4624 1991 4680 electio-

328 4730 469 4769 nem
499 4715 719 4782 gratim,
740 4714 799 4768 id
823 4716 912 4768 est
932 4711 1526 4785 prazdestinationem.
1553 4712 1989 4769 Prsedestinatio

325 4818 623 4873 namque,
646 4807 701 4857 et
723 4800 946 4867 electio,
971 4802 1157 4874 gratia
1179 4801 1272 4856 Dei
1296 4804 1402 4855 est.
1428 4799 1626 4856 Gratia
1655 4806 1874 4869 autem,
1903 4806 1992 4858 est

322 4890 542 4964 ipsum
568 4891 809 4959 donum,
835 4906 951 4961 quo
972 4891 1219 4961 quisque
1242 4889 1625 4959 justiﬁcatur,
1649 4890 1829 4945 nullis
1852 4908 1993 4961 pra;-

322 4981 693 5037 cedentibus
722 4979 968 5036 meritis.
1003 4979 1164 5034 Unde
1195 4994 1330 5034 mox
1359 4978 1633 5034 subditur
1664 4995 1677 5033 :
1723 4979 1785 5034 Si
1812 4984 1993 5035 autem

408 5175 566 5245 (381)
600 5174 690 5229 111
721 5175 844 5243 Reg.
876 5191 992 5238 nx,
1028 5173 1113 5245 18.
1134 5171 1304 5245 Vulg.
1339 5175 1462 5245 tum
1494 5170 1610 5238 hic,
1641 5176 1769 5228 tum
1804 5173 1862 5229 in
1894 5174 1992 5230 cit.

318 5246 388 5302 f0
401 5242 509 5318 nte
530 5242 767 5318 ,Regum
796 5242 928 5316 post
954 5242 1345 5318 millia_ha_bet
1370 5244 1636 5318 virorum.

419 5316 576 5387 (382)
603 5313 705 5371 ΠΙ
731 5313 860 5387 Reg.
891 5332 1005 5385 ιιι,
1038 5315 1092 5369 9.
1138 5313 1308 5387 νᾼιιιε.
1340 5314 1673 5387 relinquam.

418 5385 575 5459 (383)
607 5390 816 5459 Autog.
836 5386 1011 5459 habet
1040 5385 1235 5454 invidi,
1261 5385 1362 5442 sed
1389 5385 1602 5441 menda
1622 5402 1750 5441 meo
1772 5385 1997 5458 judicio

331 5460 439 5515 ita
469 5458 839 5513 emendanda
867 5458 992 5513 visa
1020 5462 1125 5514 est.

448 5529 575 5599 384)
607 5530 671 5584 In
703 5545 890 5603 marg.
924 5532 1118 5602 autog.
1151 5528 1248 5584 hic
1277 5526 1491 5600 legitur
1520 5543 1644 5600 cap.
1678 5528 1890 5585 XXXV.

418 5534 577 5682 (385)
610 5600 821 5661 Notatu
843 5600 1088 5679 dignum
1111 5598 1434 5679 capitulum
1457 5617 1470 5671 ;
1493 5600 1727 5675 etquod
1748 5617 1883 5660 cum

450 5600 577 5677 385)
610 5600 821 5661 Notatu
837 5598 1091 5679 dignum
1111 5598 1434 5679 capitulum
1457 5617 1470 5671 ;
1493 5598 1727 5675 etquod
1748 5617 1883 5660 cum
1904 5600 1998 5660 his

2098 3276 2516 3331 crediderunt?
2548 3277 2670 3332 Imo
2700 3280 2849 3349 ejus,
2875 3281 2977 3352 qui
3004 3282 3185 3349 dedit,
3210 3298 3339 3339 esse
3367 3286 3611 3343 videtur.
3635 3289 3749 3344 Sed

2098 3364 2271 3419 absit.
2300 3364 2448 3420 Nam
2478 3366 2633 3436 quod
2658 3366 2822 3435 justo
2854 3372 3007 3424 Deus
3029 3369 3255 3440 judicio
3284 3372 3410 3429 fieri
3440 3377 3748 3450 permittit,

2099 3458 2377 3509 consueto
2430 3470 2593 3510 more
2639 3455 3095 3528 Scripturarum,
3128 3458 3256 3531 ipse
3294 3462 3483 3520 facere
3511 3465 3748 3523 dicitur.

2096 3542 2263 3597 Dedit
2292 3558 2428 3614 ergo
2461 3558 2475 3597 :
2527 3543 2667 3614 quia
2697 3545 2822 3600 dari
2853 3547 3143 3619 permisit,
3176 3551 3374 3623 oculos,
3406 3557 3467 3608 ut
3510 3570 3620 3611 non
3664 3556 3749 3611 vi-

2096 3630 2281 3693 deant,
2326 3638 2377 3686 et
2422 3648 2600 3701 aures,
2647 3637 2708 3688 ut
2755 3651 2865 3691 non
2912 3636 3165 3692 audiant.
3200 3638 3412 3697 Oculos
3450 3642 3561 3700 hoc
3599 3643 3746 3709 loco.

2094 3716 2183 3773 vel
2236 3734 2407 3773 aures
2456 3736 2572 3775 non
2624 3722 2956 3791 corporales
3002 3725 3287 3783 debemus
3326 3730 3609 3803 accipere,
3644 3733 3747 3789 sed

2096 3805 2411 3876 spiritales,
2434 3807 2651 3863 mentis
2674 3810 2915 3867 scilicet.
2941 3814 3110 3868 Dedit
3138 3830 3274 3886 ergo
3296 3820 3449 3874 Deus
3470 3819 3587 3876 illis
3611 3837 3747 3877 ocu-

2094 3893 2203 3963 los,
2227 3899 2293 3949 ut
2322 3911 2437 3948 non
2458 3895 2713 3963 videant,
2738 3897 2797 3952 id
2829 3904 2921 3955 est
2942 3917 3060 3955 non
3080 3901 3412 3977 intelligant
3432 3907 3742 3978 spiritalia.

2098 3981 2264 4036 Dedit
2283 3997 2475 4052 aures,
2503 3986 2569 4037 ut
2588 3999 2701 4038 non
2724 3986 2986 4056 audiant,
3010 3988 3068 4043 id
3090 3993 3182 4044 est
3201 3990 3416 4048 divinis
3434 3996 3743 4067 praeceptis

2095 4086 2210 4125 non
2236 4069 2534 4125 obediant.
2558 4071 2630 4126 Et
2659 4076 2819 4142 nota,
2843 4074 2984 4144 quia
3004 4091 3119 4130 non
3151 4076 3253 4145 ait,
3278 4094 3466 4150 usque
3495 4080 3554 4135 in
3576 4085 3742 4137 aeter-

2095 4173 2261 4222 num,
2285 4157 2407 4227 sed,
2431 4174 2604 4230 usque
2634 4160 2694 4214 in
2715 4159 3043 4218 hodiernum
3060 4163 3229 4233 diem,
3251 4182 3325 4222 ne
3346 4183 3507 4239 spem
3530 4168 3743 4226 salutis

2094 4262 2295 4302 eorum
2344 4246 2600 4304 adimere
2653 4248 2966 4306 videretur.
3022 4252 3291 4309 Firmiter
3344 4256 3500 4311 enim
3558 4258 3744 4314 credit

2094 4334 2368 4401 Ecclesia,
2402 4336 2541 4407 quia
2588 4335 2848 4409 reliquiae
2893 4338 3064 4395 salvae
3096 4341 3253 4409 ﬁent,
3279 4344 3447 4414 juxta
3477 4345 3742 4402 testimo-

2094 4422 2259 4478 nium
2291 4424 2447 4495 quod
2480 4425 2752 4497 superius
2787 4427 2985 4499 posuit
3013 4429 3323 4501 Apostolus
3355 4432 3515 4488 Isaiae
3545 4433 3741 4491 dicen-

2097 4512 2173 4567 tis
2199 4528 2211 4567 :
2246 4511 2309 4567 Si
2334 4514 2503 4583 fuerit
2531 4530 2796 4570 numerus
2815 4516 3061 4586 ﬁliorum
3081 4520 3259 4574 Israel
3288 4525 3554 4593 tanquam
3572 4539 3747 4581 arena

2104 4602 2303 4668 maris,
2338 4603 2597 4673 reliquiae
2623 4603 2786 4658 salute
2815 4605 2945 4674 ﬁent
2974 4606 3128 4683 (Isai.
3159 4624 3214 4679 x,
3244 4610 3357 4677 22).

2169 4708 2447 4779 Sequitur
2480 4726 2491 4763 :
2543 4710 2607 4763 Et
2640 4709 2811 4764 David
2846 4711 2981 4766 dicit
3011 4730 3031 4766 :
3071 4715 3195 4769 Fiat
3222 4730 3411 4771 mensa
3438 4732 3627 4773 eorum
3654 4735 3741 4776 co-

2098 4814 2220 4852 ram
2252 4798 2386 4868 ipsis
2417 4798 2477 4851 in
2508 4798 2782 4868 laqueum,
2814 4802 2865 4854 et
2912 4801 2973 4854 in
3007 4805 3311 4873 captionem
3342 4805 3513 4876 (Psal.
3549 4824 3741 4877 vam,

2096 4886 2209 4955 23).
2244 4885 2360 4939 Hoc
2409 4884 2710 4955 propheta,
2747 4904 2861 4941 non
2914 4891 3169 4960 optantis
3215 4897 3365 4960 voto,
3400 4895 3502 4949 sed
3546 4893 3745 4949 futura

2101 4973 2474 5046 praedicentis
2503 4972 2735 5030 locutus
2766 4981 2873 5031 est.
2910 4977 3022 5036 Nec
3054 4979 3183 5037 ideo
3216 4982 3433 5038 factum
3464 4986 3573 5049 est,
3605 4981 3743 5051 quia

2104 5171 2453 5241 conferatur,
2486 5186 2613 5242 qua
2645 5171 2781 5229 alibi
2825 5174 2933 5233 hac
2981 5178 3052 5234 de
3100 5178 3342 5234 materia
3385 5176 3457 5230 ab
3507 5178 3743 5232 auctore

2105 5247 2315 5320 nostro
2335 5242 2549 5320 saepius
2579 5244 2636 5320 in
2671 5245 2785 5320 hac
2805 5248 3051 5320 epistola
3078 5252 3378 5320 observata
3406 5249 3563 5320 sunt.

2157 5314 2325 5439 ,(386)
2358 5313 2489 5370 Post
2516 5317 2742 5373 Judaeos
2772 5313 3058 5392 in'autog.
3091 5317 3305 5389 legitur
3344 5320 3461 5385 aut,
3495 5316 3743 5375 fortasse

2104 5401 2207 5441 an.

2177 5454 2329 5528 (387)
2357 5457 2565 5528 Autog.
2598 5460 2866 5514 excusati.

2179 5526 2328 5603 (388)
2357 5526 2681 5603 Nota'duas
2711 5530 2885 5603 hasce
2914 5531 3137 5598 species
3160 5530 3647 5603 compunctionis,
3669 5533 3744 5595 ad

2109 5597 2332 5658 malum
2364 5598 2603 5669 scilicet,
2636 5603 2693 5656 et
2729 5600 2800 5657 ad
2832 5597 3073 5656 bonum.
