4090 6170
387 324 504 386 239

1408 315 1746 377 ATTONIS
1790 314 2378 377 VERCELLENSIS
2425 312 2777 375 EPISCOPI

3674 311 3788 376 240

387 453 671 528 propheta
717 450 900 518 dixit;
935 449 1058 517 sed,
1090 447 1229 520 quia
1258 447 1519 503 futurum
1555 451 1679 503 erat
1726 450 1791 502 ut
1846 447 2030 514 ﬁeret,
2063 451 2120 518 Α
2148 449 2237 501 tes
2261 443 2504 518 gentiles
2525 443 2734 500 imitati
2755 446 2914 510 sunt,
2930 443 3031 498 sed
3052 442 3190 514 quia
3210 442 3540 514 exemplum
3561 458 3794 516 accepe-

387 544 515 600 ideo
547 543 653 597 hoc
684 539 968 613 propheta
999 537 1283 611 praedixit.

459 636 572 686 Cur
595 647 727 702 ergo
751 627 1118 684 maledicitur
1143 625 1388 682 mensa?
1409 624 1660 692 Scilicet,
1686 625 1825 695 quia
1848 624 2036 680 multa

387 719 545 775 mala
563 723 870 792 patrantur
891 717 962 772 ad
988 731 1273 770 mensam.
1294 716 1380 768 Ad
1406 729 1673 769 mensam
1694 714 2034 769 innocentes

384 812 687 874 vocantur,
721 811 785 862 ut
813 805 1216 877 decipiantur;
1252 804 1324 858 ad
1354 819 1618 858 mensam
1648 801 1901 858 Absalon
1933 819 2027 858 oc-

388 896 530 952 cidit
550 900 778 950 Amnon
801 912 814 962 ;
839 892 1237 965 Holophernes
1257 890 1464 946 Judith
1487 891 1557 945 ad
1581 907 1846 945 mensam
1866 906 2030 945 voca-
2068 890 2075 896 ’

387 986 489 1053 vit,
515 989 579 1040 ut
600 984 887 1055 deciperet
911 1000 924 1050 ;
958 983 1030 1038 ad
1057 998 1321 1036 mensam
1345 979 1607 1048 Herodis,
1633 978 1878 1035 convivae
1901 980 2029 1050 ejus

389 1077 565 1146 caput
613 1074 914 1128 obtinuere
960 1071 1225 1126 Joannis.
1275 1068 1624 1141 Spiritaliter
1677 1073 1873 1123 autem
1929 1084 2031 1140 per

390 1179 655 1218 mensam
683 1163 982 1233 Scriptura
1012 1164 1212 1215 sancta
1243 1158 1600 1228 designatur,
1633 1174 1758 1228 quae
1791 1156 2032 1227 spirita-

387 1250 542 1306 libus
573 1251 741 1318 cibis,
776 1255 832 1305 et
879 1248 1114 1321 potibus
1157 1252 1396 1302 onerata
1435 1251 1544 1318 est,
1579 1246 1791 1316 quibus
1823 1244 2031 1299 animas

387 1338 748 1406 reﬁciuntur,
771 1342 829 1392 et
859 1338 1006 1392 bene
1037 1353 1242 1392 mensa
1267 1336 1390 1390 haec
1418 1335 1753 1390 Judaeorum
1785 1350 1913 1389 esse
1942 1333 2030 1387 di-

387 1429 559 1494 citur,
573 1427 853 1500 quoniam
872 1425 996 1482 suis
1017 1425 1241 1480 meritis
1263 1441 1391 1481 eam
1409 1423 1702 1495 accepisse
1723 1423 2029 1495 putabant.

387 1517 468 1572 De
497 1518 606 1572 hac
626 1532 832 1571 mensa
859 1515 919 1569 in
945 1513 1172 1586 psalmo
1193 1513 1450 1569 Ecclesia
1478 1512 1742 1584 loquitur
1765 1528 1776 1566 :
1812 1511 2035 1566 Parasti

386 1608 448 1660 in
476 1612 758 1676 conspectu
785 1619 903 1658 meo
926 1619 1192 1671 mensam,
1215 1601 1476 1658 adversus
1505 1618 1613 1668 eos,
1637 1603 1730 1672 qui
1757 1601 2033 1655 tribulant

384 1709 472 1748 me
500 1694 670 1764 (Psal.
701 1710 840 1764 XXII,
872 1693 961 1763 5);
991 1692 1214 1748 scilicet
1245 1692 1523 1747 adversus
1552 1690 1872 1745 haereticos.
1902 1689 2032 1744 Haec

386 1781 586 1854 itaque
609 1781 1040 1838 mensaJudaeis
1065 1781 1220 1837 facta
1241 1784 1330 1836 est
1348 1779 1408 1835 in
1428 1780 1725 1852 laqueum,
1741 1783 1797 1888 et
1817 1779 2034 1878 captio:
2061 1823 2109 1888 B

385 1885 544 1938 nem,
578 1870 855 1942 quoniam
887 1869 1072 1926 solam
1101 1869 1357 1926 litteram
1389 1873 1698 1941 sequentes
1729 1866 2028 1938 illaqueati

387 1963 546 2027 sunt,
570 1963 626 2015 et
649 1959 870 2031 decepti
900 1958 1121 2015 carnali
1146 1959 1546 2029 intellectu,ut
1571 1975 1684 2013 non
1709 1957 2030 2025 crederent,

386 2050 444 2104 et
463 2047 522 2102 in
548 2047 1039 2120 laqueum,quem
1068 2048 1340 2120 gentibus
1366 2046 1798 2118 parabant,ipsi
1821 2045 2034 2100 incide-

386 2140 544 2192 runt.
567 2137 638 2192 Et
667 2137 815 2193 bene
839 2137 939 2204 ait,
961 2153 1146 2193 coram
1171 2139 1326 2207 ipsis,
1355 2135 1633 2207 quoniam
1661 2135 2030 2206 iniquitatem

387 2242 557 2281 suam
585 2225 807 2291 vident,
841 2229 898 2279 et
926 2225 1218 2280 declinare
1246 2225 1474 2280 nolunt.

458 2313 621 2375 Quod
648 2316 846 2368 autem
876 2313 1144 2383 sequitur
1175 2330 1187 2368 :
1231 2314 1296 2367 Et
1325 2314 1386 2366 in
1415 2313 1858 2376 retributionem,
1891 2315 1941 2366 et
1971 2313 2033 2366 in

385 2401 724 2471 scandalum,
745 2417 932 2456 unum
954 2404 1043 2456 est
1063 2417 1128 2456 ac
1153 2402 1202 2456 si
1223 2401 1469 2456 diceret:
1497 2401 1559 2456 In
1586 2400 2031 2456 retributionem

386 2489 645 2547 scandali
679 2507 694 2545 :
741 2507 876 2546 nam
908 2489 1048 2562 quia
1076 2490 1309 2545 credere
1342 2489 1676 2558 noluerunt,
1708 2489 1817 2544 hoc
1849 2488 1965 2544 illis
1999 2505 2034 2544 a

385 2581 498 2637 Deo
528 2581 884 2636 retributum
906 2583 1015 2647 est,
1043 2584 1111 2635 ut
1139 2595 1306 2635 sacra
1326 2579 1626 2651 Scriptura
1646 2583 1802 2634 esset
1831 2577 1948 2633 illis
1972 2578 2031 2633 in

384 2669 730 2725 scandalum
751 2685 764 2724 :
785 2668 1247 2739 quotiescunque
1268 2669 1424 2722 enim
1448 2667 1788 2739 spiritaliter
1809 2666 2030 2738 aliquid

383 2758 443 2814 in
465 2776 532 2816 ea
560 2759 928 2830 interpretari
952 2758 1170 2823 vident,
1194 2757 1685 2826 scandalizantur,
1703 2773 1769 2812 ac
1795 2773 1898 2828 per
1923 2755 2032 2811 hoc

388 2849 500 2920 ipsi
529 2847 640 2903 sibi
671 2852 812 2903 sunt
841 2846 1211 2903 scandalum.

459 2938 828 2993 Obscurentur
878 2937 1028 2992 oculi
1074 2951 1264 2991 eorum
1311 2951 1380 2990 ne
1424 2935 1664 3002 videant,
1714 2938 1767 2989 et
1811 2933 2033 2989 dorsum

386 3029 632 3098 ipsorum
681 3041 892 3098 semper
938 3028 1188 3081 incurva.
1222 3025 1339 3080 Hoc
1376 3025 1574 3093 etiam,
1609 3040 1724 3080 non
1755 3024 2028 3095 optando.

387 3117 487 3174 sed
518 3115 919 3188 prophetando
945 3115 1259 3171 Psalmista
1287 3115 1467 3170 dixit:
1501 3113 1807 3170 Obscurati
1836 3113 2032 3184 itaque

385 3208 524 3262 sunt
570 3205 724 3262 oculi
771 3221 974 3261 eorum
1028 3205 1184 3260 nube
1231 3203 1480 3259 carnalis
1519 3201 1934 3276 intelligentia,
1966 3204 2032 3256 ut

385 3293 670 3366 spiritalia
718 3311 835 3349 non
881 3293 1162 3360 viderent,
1196 3297 1254 3349 et
1294 3291 1632 3364 prophetias
1684 3291 1754 3346 de
1799 3290 2030 3347 Christo

385 3384 745 3456 praemissas,
765 3381 1038 3453 impletas
1067 3398 1194 3438 esse
1220 3398 1338 3436 non
1366 3382 1666 3436 crederent
1685 3381 1855 3450 (389).
1889 3385 2028 3435 Dor-

385 3489 518 3529 sum
539 3489 672 3528 vero
695 3471 885 3526 Judaei
915 3470 976 3524 in
1001 3471 1205 3525 faciem
1227 3470 1455 3525 Christo
1475 3471 1781 3537 dederunt,
1807 3469 1944 3540 quia
1968 3469 2028 3523 in

383 3577 519 3616 eum
550 3561 782 3616 credere
811 3557 1112 3630 dedignati
1144 3563 1300 3614 sunt.
1334 3558 1392 3613 Si
1433 3575 1570 3630 ergo
1619 3558 1839 3613 dictum
1890 3562 1981 3612 est
2011 3575 2024 3612 :

381 3649 615 3705 Dorsum
655 3651 898 3720 ipsorum
938 3663 1148 3719 semper
1192 3647 1444 3713 incurva,
1479 3664 1545 3702 ac
1591 3646 1642 3702 si
1691 3646 2026 3703 diceretur:

385 3737 461 3793 Ut
479 3753 784 3810 nunquam
807 3736 866 3792 in
889 3735 1122 3808 melius,
1148 3737 1247 3792 sed
1271 3752 1503 3808 semper
1523 3736 1581 3790 in
1604 3737 1770 3807 pejus
1793 3753 2028 3791 conver-

384 3830 608 3882 tantur.
629 3827 975 3882 Incurvatur
995 3825 1192 3897 itaque
1211 3826 1453 3880 dorsum
1477 3824 1731 3892 illorum,
1752 3829 1890 3896 quia
1913 3841 2028 3880 non

386 3915 665 3986 caelestia,
696 3915 798 3971 sed
844 3918 1077 3971 terrena
1121 3930 1355 3986 semper
1402 3913 1729 3986 acquirunt.
1780 3919 2028 3969 Dorsum

385 4005 601 4078 quippe
630 4005 954 4072 incurvare,
985 4007 1076 4060 est
1121 4020 1354 4076 semper
1400 4003 1674 4059 inferiora
1721 4003 2026 4075 respicere.

381 4094 595 4151 Volens
614 4095 795 4167 igitur
809 4093 1112 4149 ostendere
1131 4109 1331 4148 casum
1353 4091 1680 4148 inﬁdelium
1691 4093 2028 4149 Judmorum

384 4200 756 4256 nequaquam
786 4199 1010 4252 vacare,
1042 4182 1260 4253 adjecit
1287 4181 1434 4253 (390)
1469 4201 1481 4238 :
1518 4184 1651 4238 Dico
1676 4198 1803 4250 ergo
1833 4199 1852 4236 :
1884 4184 2029 4237 Nun-

383 4274 514 4345 quid
531 4275 611 4326 sic
633 4271 995 4343 offenderunt,
1018 4279 1077 4325 ut
1095 4272 1352 4326 caderent
1371 4274 1396 4322 .9
1425 4268 1532 4324 Ubi
1555 4271 2026 4326 subaudiendum

382 4364 491 4425 est,
521 4358 873 4414 solummodo.
905 4359 973 4412 Et
1001 4363 1091 4413 est
1119 4374 1331 4413 sensus
1365 4375 1377 4412 :
1425 4357 1614 4413 Nolite
1644 4357 1893 4430 gentiles
1924 4361 2026 4414 ad-

379 4463 583 4503 versus
611 4447 846 4503 Judaaos
877 4447 1024 4517 (391)
1071 4447 1372 4516 quoniam,
1405 4447 1515 4502 etsi
1545 4447 1930 4516 offenderunt,
1963 4454 2029 4504 ut

380 4538 672 4606 caderent,
701 4553 874 4593 casus
906 4541 1101 4592 tamen
1132 4535 1368 4590 illorum
1400 4553 1514 4591 non
1545 4541 1709 4591 vacat
1735 4554 1748 4592 :
1783 4536 1898 4593 illis
1931 4555 2026 4593 ca-
2056 4559 2104 4624 D

380 4626 674 4697 dentibus,
697 4625 864 4681 vobis
889 4626 1024 4680 data
1046 4630 1135 4681 est
1157 4624 1384 4680 occasio
1408 4626 1768 4696 resurgendi.
1790 4626 1952 4682 Unde
1971 4632 2028 4683 et

379 4715 653 4771 subditur
679 4732 693 4770 :
728 4714 829 4770 Sed
858 4715 1083 4769 illorum
1113 4715 1310 4769 delicto
1340 4715 1490 4769 salus
1518 4715 1787 4785 gentibus,
1815 4719 1873 4769 ut
1902 4717 2024 4770 illos

376 4805 726 4859 aemulentur.
752 4803 972 4859 Delicto
1001 4821 1254 4874 namque
1283 4803 1644 4859 inﬁdelitatis
1665 4803 2023 4872 Judzeorum,

379 4891 541 4949 salus
573 4893 726 4947 facta
754 4896 843 4947 est
873 4893 1169 4963 gentibus,
1197 4891 1470 4963 quoniam
1505 4892 1737 4948 illorum
1771 4892 2024 4948 inﬁdeli-

376 4986 517 5048 tate,
542 4981 817 5054 gentibus
850 4981 1075 5036 occasio
1107 4981 1380 5036 credendi
1411 4981 1546 5037 data
1576 4986 1684 5052 est,
1707 4986 1765 5037 et
1791 4982 2022 5038 salvataa

375 5076 534 5126 sunt

444 5160 607 5224 Quod
639 5163 833 5215 autem
867 5158 1006 5214 dicit
1037 5175 1050 5214 :
1092 5167 1152 5213 ut
1181 5158 1305 5213 illos
1333 5162 1688 5226 (emutentur,
1723 5176 1837 5214 non
1870 5159 2020 5215 acci-

372 5248 656 5321 piendum
680 5254 790 5317 est,
807 5248 964 5319 quod
984 5247 1216 5303 Iudaeos
1236 5247 1296 5302 in
1320 5247 1660 5304 inﬁdelitate
1679 5263 2022 5319 permanen-

405 5458 810 5583 1(389)Yerba
856 5469 970 5516 et...
1031 5467 1303 5525 creare-nt,
1355 5457 1414 5512 in
1473 5459 1736 5531 margine
1794 5459 2018 5518 laterali

405 5547 419 5583 ι
449 5547 484 5583 a
523 5546 634 5583 sun
668 5571 680 5583 .

370 5546 484 5587 sua
523 5546 680 5584 sunt.

440 5601 586 5680 (390)
618 5605 683 5658 In
728 5605 923 5674 autog.
957 5618 1142 5676 marg.
1176 5600 1390 5673 legitur
1418 5599 1511 5658 hic
1543 5618 1668 5676 cap.
1702 5602 1940 5660 XXXVI.

2147 539 2288 589 runt
2308 534 2379 589 ab
2412 535 2528 590 eis:
2564 534 2718 605 quod
2750 533 2799 587 si
2832 549 2947 588 non
2975 533 3300 598 crederent,
3323 532 3475 587 sicut
3507 531 3590 586 illi
3613 532 3796 604 perie-

2145 628 2306 692 runt,
2337 628 2394 678 et
2425 623 2537 695 ipsi
2569 623 2844 694 perirent.

2219 712 2456 784 Propter
2485 713 2638 783 quod
2672 710 2981 766 subditur:
3017 709 3167 778 Quod
3196 711 3247 765 si
3267 710 3794 766 delictum'illorum

2143 800 2359 858 divitia:
2387 804 2515 856 sunt
2543 801 2754 868 mundi,
2787 805 2837 855 et
2879 802 3175 856 diminutio
3205 816 3388 856 eorum
3417 802 3634 858 divitia
3662 818 3793 872 gen-

2147 891 2312 956 tium,
2341 898 2540 962 quanto
2569 893 2744 960 magis
2771 890 3056 961 plenitudo
3089 893 3317 944 eorum?
3346 889 3635 945 Delictum
3663 890 3792 946 illo-

2144 996 2280 1034 rum
2312 980 2516 1034 mundi
2556 979 2768 1034 divitia:
2818 983 2974 1050 sunt,
3008 978 3286 1050 quoniam
3339 979 3398 1033 in
3446 979 3796 1035 inﬁdelitate

2147 1073 2576 1140 permanentes,
2608 1068 2818 1123 vastati
2863 1072 3002 1123 sunt
3053 1085 3086 1123 a
3138 1067 3438 1136 Romanis,
3473 1073 3530 1123 et
3581 1068 3798 1141 captivi

2143 1157 2303 1211 ducti
2330 1173 2430 1229 per
2446 1157 2708 1228 singulas
2727 1155 2897 1230 longe
2919 1157 3148 1228 lateque
3171 1156 3798 1228 provincias,ferentes

2143 1262 2343 1300 secum
2362 1245 2541 1301 libros
2562 1246 2800 1318 legis,et
2816 1246 3256 1317 prophetarum,
3272 1246 3488 1316 quibus
3507 1247 3797 1315 mundus,

2143 1333 2199 1387 id
2231 1338 2339 1402 est,
2365 1335 2569 1389 mundi
2601 1334 2957 1390 habitatores
2985 1334 3154 1389 ditati
3187 1339 3344 1389 sunt.
3376 1334 3601 1405 Ubique
3633 1335 3796 1391 enim

2143 1427 2347 1477 sancta
2376 1421 2636 1478 Ecclesia
2664 1424 2737 1478 ab
2767 1422 2886 1477 illis
2918 1423 3141 1495 accepit
3171 1423 3354 1478 libros
3383 1422 3548 1496 legis,
3571 1427 3627 1479 et
3656 1440 3798 1494 pro-

2142 1510 2473 1582 phetarum,
2496 1528 2599 1583 per
2627 1528 2775 1584 quos
2806 1512 3065 1568 ostendit
3095 1512 3431 1584 prophetiae
3461 1513 3530 1568 de
3559 1511 3797 1569 Christo

2142 1600 2477 1671 praemissas
2498 1601 2625 1672 jam
2656 1617 2816 1657 essse
2854 1600 3148 1673 impletas.

2217 1688 2531 1744 Diminutio
2571 1705 2804 1762 quoque
2852 1706 3053 1746 eorum
3107 1689 3318 1745 divitiae
3369 1693 3509 1746 sunt
3558 1691 3797 1759 mundi,

2141 1779 2440 1849 quoniam,
2476 1795 2612 1834 cum
2643 1779 2814 1851 pauci
2846 1795 2916 1835 ex
2954 1779 3173 1836 Judaeis
3204 1780 3576 1848 crediderint,
3609 1785 3668 1836 et
3722 1767 3802 1836 ab.

2141 1866 2476 1923 infidelibus
2503 1868 2730 1940 expulsi
2761 1868 2897 1936 sint,
2923 1869 2994 1924 ad
3026 1869 3289 1940 ipsorum
3318 1869 3798 1942 prmdicationem

2142 1959 2343 2027 gentes
2393 1957 2526 2022 ﬁde,
2567 1957 2909 2029 cunctisque
2937 1957 3250 2013 virtutibus
3281 1958 3478 2013 ditata:
3508 1963 3665 2014 sunt.
3691 1959 3800 2014 Est

2140 2059 2277 2116 ergo
2300 2060 2539 2100 sensus:
2561 2046 2620 2101 Si
2644 2045 2716 2100 ad
2740 2063 3059 2118 paucorum
3079 2046 3442 2102 credentium
3454 2047 3486 2103 J
3493 2047 3799 2103 udaeorum

2139 2133 2613 2203 praedicationem
2645 2139 2850 2206 gentes
2871 2136 3262 2204 crediderunt,
3287 2141 3345 2191 et
3374 2135 3604 2192 salvatae
3630 2140 3798 2203 sunt,

2141 2227 2361 2292 quanto
2392 2224 2581 2296 magis
2614 2223 3000 2295 salvarentur,
3024 2224 3074 2281 si
3106 2229 3208 2280 aut
3238 2241 3464 2296 omnes,
3488 2229 3590 2281 aut
3619 2225 3802 2281 multi

2140 2327 2209 2366 ex
2237 2311 2458 2367 Judreis
2487 2313 2836 2368 crederent?

2209 2401 2319 2454 Sed
2350 2405 2618 2471 poterant
2646 2401 2894 2474 gentiles
2942 2402 3134 2459 dicere
3166 2420 3178 2458 :
3231 2420 3367 2459 cum
3407 2404 3671 2476 gentium
3710 2404 3798 2460 sis

2138 2488 2472 2558 Apostolus,
2496 2491 2598 2560 qui
2627 2490 2698 2545 ad
2719 2494 2775 2545 te
2793 2491 3012 2546 Judsais
3027 2491 3405 2564 Evangelium
3429 2491 3798 2564 praedicare?

2139 2580 2454 2648 Propterea
2481 2579 2755 2634 subditur
2787 2597 2801 2634 :
2849 2581 3002 2635 Vobis
3031 2582 3176 2637 enim
3208 2582 3334 2636 dico
3363 2582 3614 2652 gentibus
3642 2581 3801 2653 (392)

2140 2665 2230 2736 (su
2242 2666 2596 2739 bintelligitu
2608 2686 2653 2733 r,
2669 2685 2795 2740 quae
2818 2668 2939 2724 haec
2956 2669 3290 2741 loquimini)
3308 2671 3556 2740 quandiu
3571 2671 3801 2741 quidem

2137 2769 2232 2824 ego
2263 2771 2386 2810 sum
2408 2758 2653 2826 gentium
2673 2759 2976 2829 Apostolus,
3005 2760 3377 2814 ministerium
3406 2777 3589 2816 meum
3618 2765 3798 2816 hono-

2137 2842 2381 2911 riﬁcabo.

2211 2931 2601 2988 Ministerium
2642 2951 2836 3003 suum,
2870 2937 3300 3007 praedicationis
3330 2937 3590 2994 ofﬁcium
3622 2939 3797 3006 dicit,

2140 3022 2295 3091 quod
2320 3022 2648 3093 specialiter
2671 3025 2931 3097 suscepit
2959 3025 3017 3080 in
3041 3027 3336 3098 gentibus,
3356 3027 3526 3097 juxta
3547 3029 3707 3099 quod
3735 3027 3798 3083 in

2137 3109 2379 3165 Actibus
2404 3111 2806 3182 apostolorum
2829 3113 3081 3186 Spiritus
3103 3121 3340 3171 sanctus
3371 3115 3666 3188 loquitur:
3707 3117 3799 3173 Se-

2061 3190 2104 3257 C
2141 3201 2361 3266 gregale
2404 3201 2546 3254 mihi
2591 3203 2928 3268 Barnabam,
2969 3207 3021 3258 et
3064 3205 3305 3259 Paulum
3332 3206 3481 3276 (393)
3527 3207 3590 3261 in
3629 3221 3796 3277 opus,

2137 3287 2277 3356 quod
2323 3288 2468 3357 elegi
2511 3306 2616 3345 eos.
2660 3292 2730 3346 Et
2778 3292 3064 3347 Dominus
3110 3293 3351 3348 Ananiae
3388 3311 3402 3350 :
3461 3295 3614 3366 Vade,
3648 3299 3800 3367 quia

2136 3391 2232 3430 vas
2279 3377 2559 3433 electionis
2599 3383 2676 3434 est
2722 3381 2884 3450 mihi,
2920 3385 2978 3436 ut
3018 3387 3200 3454 portet
3246 3399 3444 3439 nomen
3491 3400 3678 3439 meum
3733 3388 3799 3441 in

2136 3466 2384 3534 gentibus
2423 3467 2557 3537 (Act.
2604 3485 2678 3536 Ix,
2715 3469 2824 3540 15).

2209 3554 2508 3616 Quomodo
2530 3573 2666 3628 ergo
2688 3557 2796 3613 hoc
2817 3575 2992 3614 suum
3015 3561 3410 3616 ministerium
3432 3561 3794 3620 honoriﬁca-

2136 3642 2233 3697 bat
2253 3645 2280 3698 Ὺ
2308 3644 2554 3711 Scilicet,
2581 3646 2719 3718 quia
2740 3665 2855 3703 non
2883 3648 3118 3704 illorum
3141 3654 3373 3705 tantum
3397 3667 3597 3707 curam
3619 3668 3795 3724 gere-

2137 3731 2256 3796 bat,
2281 3733 2338 3787 in
2375 3735 2590 3804 quibus
2613 3736 2940 3807 specialiter
2965 3737 3395 3809 praedicationis
3417 3741 3677 3798 ofﬁcium
3704 3760 3800 3798 ac-

2139 3826 2390 3893 ceperat,
2415 3825 2514 3878 sed
2541 3829 2598 3880 et
2617 3825 2834 3882 Judaais
2864 3827 3152 3883 instanter
3176 3828 3553 3901 Evangelium
3580 3832 3796 3902 praedi-

2138 3910 2328 3967 cabat.

2207 4000 2323 4057 Cur
2349 4006 2544 4058 autem
2576 4003 2684 4059 hoc
2707 4005 2920 4060 faceret
2948 4005 3075 4077 ipse
3096 4007 3458 4075 manifestat,
3485 4025 3617 4064 cum
3650 4012 3797 4066 sub-

2129 4092 2330 4163 jungit
2356 4108 2368 4145 :
2395 4093 2458 4147 Si
2477 4093 2741 4164 quomodo
2769 4094 2844 4149 ad
2862 4095 3243 4152 aemulandum
3259 4112 3542 4168 provocem
3560 4114 3796 4154 carnem

2139 4197 2338 4236 meam.
2373 4181 2619 4238 Carnem
2649 4200 2840 4252 suam,
2873 4185 2930 4238 id
2965 4191 3074 4254 est,
3104 4184 3334 4256 plebem
3363 4187 3695 4254 Judaicam,
3721 4205 3796 4243 ex

2136 4286 2252 4340 qua
2273 4271 2466 4327 carnis
2491 4272 2774 4344 originem
2798 4274 3073 4346 sumpsit,
3097 4275 3168 4329 ad
3191 4274 3584 4331 aemulandum
3615 4291 3700 4340 se,
3725 4277 3796 4332 id

2135 4363 2244 4424 est,
2277 4359 2630 4416 imitandum
2663 4377 2974 4433 provocare
3002 4361 3229 4418 volebat
3259 4381 3273 4418 :
3325 4368 3408 4432 ut,
3444 4363 3596 4419 sicut
3631 4363 3791 4436 ipse,

2134 4446 2212 4502 ita
2240 4453 2297 4503 et
2329 4448 2428 4503 illa
2457 4450 2735 4515 crederet,
2766 4456 2824 4506 et
2854 4451 3195 4508 salvaretur.
3231 4453 3302 4508 Et
3330 4452 3440 4508 hoc
3481 4457 3592 4522 est,
3623 4454 3794 4523 quod

2136 4536 2401 4605 sequitur
2433 4555 2445 4592 :
2507 4539 2568 4593 Ut
2609 4539 2794 4592 salvos
2820 4539 3027 4608 [aciam
3056 4540 3266 4611 aliquos
3297 4557 3365 4595 ex
3395 4541 3530 4595 illis.

2206 4624 2294 4690 Et,
2317 4629 2381 4679 ut
2415 4629 2608 4681 tamen
2633 4627 2903 4697 probaret
2925 4644 3038 4682 non
3064 4645 3270 4683 vacare
3296 4645 3497 4684 casum
3521 4628 3792 4696 illorum,

2133 4715 2393 4785 adjecit:
2452 4714 2516 4768 Si
2563 4717 2713 4769 enim
2762 4719 2986 4771 amissio
3033 4732 3244 4785 eorum,
3277 4718 3656 4774 reconciliatio
3708 4727 3798 4775 est

2131 4804 2345 4871 mundi,
2379 4818 2502 4873 quae
2530 4807 2851 4875 assumptio,
2883 4806 2999 4859 nisi
3026 4807 3141 4860 vita
3177 4823 3246 4860 ea:
3289 4808 3514 4861 mortuis
3533 4806 3560 4860 ἲ
3588 4806 3790 4861 Amis-

2134 4891 2356 4946 sionem
2377 4893 2711 4947 Judaeorum
2742 4893 3128 4964 perditionem
3153 4899 3334 4962 vocat,
3360 4912 3484 4966 quae
3518 4895 3670 4949 facta
3692 4899 3795 4950 est

2133 4997 2235 5053 per
2257 4981 2677 5047 inﬁdelitatem,
2695 4998 2822 5052 qua:
2845 4982 3236 5038 reconciliatio
3262 4985 3467 5038 mundi
3496 4983 3622 5052 fuit,
3642 5000 3792 5054 quo-

2131 5069 2288 5124 niam
2313 5069 2426 5124 illis
2457 5070 2515 5124 in
2539 5069 2878 5125 inﬁdelitate
2901 5061 3401 5142 permanantibus,
3420 5072 3702 5137 mundus,
3721 5072 3789 5126 id

2131 5162 2241 5224 est,
2270 5157 2627 5214 habitatores
2650 5159 2875 5230 mundi,
2901 5161 2971 5213 ad
3000 5160 3469 5231 prazdicationem
3493 5159 3791 5231 apostolo-

2130 5264 2283 5313 rum,
2317 5247 2418 5318 qui
2447 5246 2672 5318 expulsi
2717 5252 2874 5319 sunt',
2907 5249 3192 5304 credendo
3225 5247 3581 5304 reconciliati
3613 5254 3783 5318 sunt,

2221 5461 2344 5528 391)
2379 5460 2645 5517 Fortasse
2674 5463 2885 5528 extolli,
2915 5461 3005 5515 vel
3047 5463 3238 5517 irasci.

2219 5532 2343 5608 39?)
2377 5537 2440 5608 In
2465 5538 2905 5608 _autog._marg.
2936 5533 3033 5589 hic
3063 5532 3311 5591 habetur
3337 5551 3462 5608 cap.
3496 5532 3778 5590 XXXVII.

2221 5463 2344 5602 391)
2379 5463 2645 5517 Fortasse
2674 5463 2816 5518 extet

2219 5534 2324 5586 392
2377 5537 2440 5587 In
2482 5538 2677 5605 autog.
2718 5551 2824 5590 mal

2197 5463 2343 5683 £393)
2380 5603 2540 5678 Vulg.
2574 5605 2824 5664 Saulum.
