4070 6168
259 309 366 372 253

839 309 1258 373 EXPOSITIO
1299 310 1378 372 IN
1422 309 1850 373 EPISTOLAS
1895 308 2133 372 PAULI
2162 310 2349 373 -ΙΝ
2397 310 2648 374 EPIST.
2692 310 2797 373 AD
2846 310 3042 375 ROM.

3531 313 3650 375 254

255 439 628 517 praeveniente:
657 439 1141 514 (subintelligitur
1172 443 1328 498 enim
1373 442 1487 510 hic,
1534 442 1686 498 sicut
1714 447 1770 499 et
1797 442 1893 497 in-
1921 444 1977 509 Α
2005 458 2137 497 vero
2169 443 2418 515 speciale
2449 445 2840 516 commendat,
2892 444 3046 517 quod
3096 444 3404 519 principuis
3434 444 3631 503 Christ

259 528 547 602 superiori,
567 531 792 599 estote).
816 534 1005 585 Monet
1027 547 1161 601 ergo
1187 548 1291 585 nos
1314 532 1621 602 Apostolus
1644 532 1890 588 invicem

258 617 556 693 praevenire
576 618 902 673 dilectionis
921 620 1231 687 honore,ut
1245 621 1619 677 fraternitatis
1636 621 1891 677 charitas

256 710 308 763 in
339 706 503 761 nobis
538 707 724 778 magis
755 711 1153 762 confirmetur.

318 796 419 851 Sed
456 794 595 865 quid
629 795 739 849 sibi
771 796 913 863 vult,
968 798 1120 869 quod
1155 798 1465 853 subditur:
1508 798 1891 854 Sollicitudine

251 900 349 939 non
374 885 541 954 pigri,
574 899 704 937 cum
740 885 1013 955 superius
1038 886 1280 941 dixerit:
1314 888 1655 959 Quiprzeest,
1690 891 1751 943 in
1780 890 1886 943 sol-

254 971 532 1029 licitudine
556 974 751 1042 praBsit
775 977 799 1024 .9
828 973 1073 1029 Videtur
1104 975 1262 1029 enim
1286 976 1375 1030 bis
1398 976 1454 1030 id
1478 993 1606 1031 esse
1639 977 1883 1032 dictum.

248 1063 655 1118 Verumtamen
695 1062 1021 1131 sciendum,
1076 1064 1214 1134 quia
1256 1065 1526 1135 superius
1573 1066 1886 1136 specialem

246 1149 505 1223 praecepit
535 1149 1015 1217 sollicitudinem,
1063 1169 1239 1223 quam
1295 1154 1402 1208 soli
1434 1154 1645 1208 debent
1676 1155 1887 1210 habere

244 1238 487 1313 praelati;
526 1238 622 1293 hic
652 1255 785 1294 vero
834 1241 1186 1311 generalem,
1239 1258 1415 1312 quam
1449 1258 1653 1298 omnes
1685 1243 1885 1299 fideles

244 1331 453 1399 oportet
485 1327 704 1382 habere
735 1328 974 1399 scilicet,
1003 1334 1067 1384 ut
1118 1330 1353 1385 solliciti
1392 1330 1608 1385 diaboli
1641 1332 1885 1387 insidias

243 1416 410 1471 vitent
439 1416 612 1487 (415).
649 1416 861 1471 Fidelis
893 1419 1050 1472 enim
1082 1419 1335 1489 quisque
1371 1418 1590 1474 animal
1620 1420 1721 1475 Dei
1752 1425 1842 1476 est
1869 1439 1880 1475 :

242 1501 445 1558 animal
477 1507 676 1558 autem
710 1503 807 1559 Dei
840 1504 1135 1561 oculatum
1168 1524 1297 1562 esse
1326 1508 1512 1574 decet,
1544 1512 1608 1562 ut
1642 1509 1886 1564 circum-

242 1607 459 1663 quaque
490 1592 832 1664 prospiciat,
862 1610 934 1648 ne
965 1593 1194 1649 diabolo
1216 1595 1499 1667 capiatur.
1534 1601 1696 1652 Hanc
1727 1598 1884 1652 solli-

239 1680 553 1735 citudinem
579 1681 786 1736 beatus
810 1682 1014 1738 Petrus
1039 1684 1338 1755 apostolus
1359 1685 1547 1753 docet,
1572 1686 1880 1757 inquiens:

235 1769 463 1824 Solliciti
496 1772 680 1837 estote,
712 1775 765 1825 et
792 1773 1024 1842 vigilate
1056 1773 1224 1842 (416),
1259 1777 1365 1828 etc.

293 1859 513 1928 Spiritu
540 1862 829 1930 ferventes,
880 1862 1105 1917 Domino
1147 1864 1444 1917 servientes
1489 1863 1883 1933 (subauditur,

232 1948 445 2017 estote).
497 1948 719 2019 Spiritu
778 1950 1061 2005 ferventes
1119 1968 1246 2007 esse
1306 1956 1601 2021 monetur,
1660 1957 1724 2007 ut
1755 1952 1888 2024 igne

228 2034 529 2091 charitatis
561 2037 811 2105 accensi,
863 2055 930 2093 ea
972 2055 1142 2110 agere
1190 2040 1558 2107 studeamus,
1613 2057 1737 2111 quae
1770 2041 1886 2097 Deo

228 2122 517 2195 placeant,
549 2143 620 2180 ne
652 2126 796 2181 forte
827 2128 1055 2182 dicatur
1088 2129 1277 2196 nobis,
1327 2130 1480 2199 quod
1513 2130 1799 2185 Dominus
1830 2130 1888 2185 in

227 2214 580 2285 Apocalypsi
617 2215 897 2270 Laodicia)
949 2218 1097 2287 (417)
1128 2218 1396 2272 Ecclesia:
1448 2218 1653 2289 angelo
1710 2219 1885 2274 dicit:

231 2302 457 2357 Utinam
487 2318 630 2357 esses
678 2304 909 2371 calidus,
963 2308 1057 2358 aut
1104 2305 1378 2375 frigidus:
1435 2306 1528 2361 sed
1576 2309 1705 2377 quia
1753 2310 1890 2379 tepi-

225 2389 321 2445 dus
381 2407 463 2457 es,
503 2393 767 2463 incipiam
817 2401 865 2448 te
894 2410 1141 2449 evomere
1187 2411 1260 2450 ea:
1307 2411 1404 2449 ore
1432 2412 1551 2451 meo
1583 2398 1768 2467 (Apoc.
1802 2414 1889 2463 III,

238 2480 321 2543 15,
358 2480 472 2550 16).

301 2568 416 2623 Sed
448 2567 591 2639 quid
618 2567 727 2623 sibi
748 2570 890 2637 vult,
920 2571 1074 2642 quod
1100 2588 1204 2626 nos
1228 2570 1320 2626 hic
1343 2572 1672 2643 specialiter
1693 2574 1890 2629 admo-

234 2660 330 2711 net
362 2674 498 2713 esse
532 2659 637 2712 Deo
664 2660 953 2715 servientes
973 2664 998 2711 .9
1028 2660 1121 2715 Sic
1164 2661 1318 2716 enim
1362 2663 1537 2716 verba
1568 2679 1772 2717 sonare
1802 2664 1885 2717 vi-

232 2744 469 2815 dentur,
506 2748 673 2818 quasi
704 2748 801 2818 qui
843 2765 910 2804 ea
957 2749 1111 2819 facit,
1163 2767 1289 2822 qua:
1340 2752 1610 2822 superius
1642 2753 1886 2821 dixerat,

230 2850 343 2888 non
380 2836 601 2890 serviat
630 2837 765 2892 Deo.
795 2840 1066 2894 Attamen
1094 2840 1398 2895 sciendum
1433 2841 1572 2911 quia
1618 2841 1753 2896 licet
1784 2843 1885 2913 qui

226 2924 624 2992 praecedentia
668 2925 887 2980 faciunt
928 2927 1043 2981 Deo
1093 2928 1367 2992 serviant,
1420 2929 1529 2984 hoc
1560 2930 1889 2999 specialiter

222 3012 552 3081 Apostolus
570 3016 978 3070 commendare
1001 3015 1202 3082 voluit,
1226 3017 1333 3071 hoc
1356 3018 1692 3085 admonere,
1717 3019 1885 3089 quid-

223 3100 366 3169 quid
388 3100 649 3173 agimus,
670 3108 906 3175 propter
923 3103 1154 3157 nullum
1173 3109 1468 3159 terrenum
1488 3108 1886 3173 commodum,

2000 532 2281 588 membris
2312 538 2398 588 est
2422 534 2839 591 exhibendum.

2069 640 2667 697 Animadvertandum
2715 659 2850 697 vero
2900 646 3008 710 est,
3062 658 3173 713 quo
3216 642 3393 697 verbo
3451 646 3651 699 utatur

1996 728 2347 799 Apostolus;
2381 729 2458 783 ait
2488 730 2645 784 enim
2670 746 2683 784 :
2717 731 3139 787 Necessitatibus
3162 734 3475 786 sanctorum
3503 748 3649 787 com-

1997 820 2363 881 municantes,
2393 817 2450 871 id
2474 822 2581 884 est,
2616 820 3031 891 participantes
3058 840 3071 889 ;
3106 836 3170 875 ac
3200 819 3251 874 si
3272 826 3468 891 aperte
3493 821 3647 876 dice-

1998 912 2118 961 ret:
2155 906 2255 974 Ea,
2288 924 2414 977 quae
2462 912 2655 962 vestra
2685 914 2849 975 sunt,
2901 927 3016 964 non
3060 913 3341 981 tanquam
3370 913 3564 965 vestra
3593 914 3650 965 et

1998 996 2250 1066 propria,
2281 996 2380 1050 sed
2415 1000 2695 1065 tanquam
2750 996 2940 1052 aliena
2981 1003 3039 1053 et
3069 997 3406 1053 communia
3436 998 3647 1053 Condi-

1996 1083 2141 1137 toris
2194 1084 2347 1139 dona
2396 1084 2676 1139 membris
2723 1084 2935 1140 Christi
2989 1085 3295 1157 principuis
3348 1086 3649 1158 impertire

1996 1173 2167 1243 (419).

2066 1263 2502 1333 Hospitalitatem
2538 1265 2832 1317 sectantes.
2881 1262 3029 1317 Nota
3059 1264 3198 1333 quia
3229 1281 3343 1319 non
3376 1265 3648 1337 praecepit

1994 1348 2312 1421 hospitales
2334 1352 2588 1417 esse,sed
2605 1350 3065 1422 hospitalitatem
3084 1352 3315 1407 sectari.
3330 1353 3647 1424 Hospitalis

1995 1439 2213 1511 quippe
2244 1445 2352 1507 est,
2387 1440 2486 1511 qui
2529 1440 2823 1495 venientes
2855 1441 2924 1495 ad
2977 1457 3038 1495 se
3068 1440 3330 1512 hospites
3360 1441 3646 1513 suscipit;

1993 1526 2453 1599 hospitalitatem
2474 1532 2748 1595 sectatur,
2764 1530 2865 1600 qui
2879 1528 3068 1599 villas,
3086 1532 3145 1584 et
3155 1528 3375 1601 plateas
3394 1529 3651 1587 civitatis

1994 1617 2219 1687 circuit,
2244 1635 2315 1673 ne
2336 1618 2483 1673 forte
2500 1618 2713 1690 aliquis
2730 1633 3057 1690 pauperum
3082 1618 3206 1673 sine
3220 1622 3371 1673 tecto
3390 1622 3645 1685 maneat,

1992 1705 2079 1761 vel
2109 1705 2289 1762 ullam
2320 1706 2649 1763 molestiam
2686 1708 2970 1779 patiatur.

1912 1812 1961 1877 B
2062 1813 2367 1869 Benedicite
2394 1814 2841 1884 persequentibus
2874 1830 2981 1869 vos.
3016 1814 3086 1868 Et
3116 1817 3206 1868 est
3236 1829 3446 1868 sensus
3477 1830 3489 1867 :
3514 1812 3646 1868 Jam

1998 1902 2253 1956 innovati
2270 1901 2567 1972 estis,jam
2584 1903 2715 1956 novi
2733 1901 2990 1957 hominis
3002 1905 3241 1973 gustum
3260 1901 3644 1973 percepistiis,

1996 1991 2243 2062 ideoque
2292 1990 2557 2046 maledici
2605 2007 2732 2045 esse
2780 2008 2896 2045 non
2947 1990 3206 2045 debetis:
3244 2006 3379 2044 nam
3429 2006 3497 2044 ex
3527 2006 3645 2057 ore,

1999 2094 2114 2148 quo
2149 2078 2407 2148 procedit
2438 2078 2783 2145 benedictio,
2828 2077 3157 2132 maledictio
3189 2078 3497 2147 procedam
3530 2094 3645 2132 non

1998 2165 2191 2229 debet,
2226 2165 2376 2219 sicut
2404 2165 2557 2220 enim
2604 2165 2859 2221 Jacobus
2911 2166 3053 2220 dicit
3101 2166 3242 2235 (Jac.
3277 2182 3361 2233 III,
3396 2166 3483 2235 11)
3518 2183 3531 2232 ;
3566 2166 3648 2220 Ex

2000 2270 2115 2308 uno
2160 2254 2327 2329 fonte
2364 2253 2569 2321 dulcis,
2621 2258 2678 2308 et
2724 2270 2925 2309 amara
2975 2270 3129 2325 aqua
3180 2254 3489 2325 procedere
3528 2270 3645 2309 non

1999 2346 2213 2414 potest.

2068 2448 2375 2504 Benedicite
2402 2456 2453 2503 et
2490 2448 2665 2504 nolite
2716 2449 3059 2504 maledicere.
3102 2449 3212 2503 Sed
3264 2448 3644 2520 quaerendum

1998 2554 2177 2609 quare
2209 2538 2528 2608 subjungat
2572 2538 2884 2610 Apostolus
2911 2556 2923 2592 :
2950 2536 3201 2592 Gundere
3244 2553 3369 2591 cum
3398 2535 3643 2605 gauden-

1998 2627 2148 2681 tibus
2172 2626 2465 2697 tNunquid
2481 2627 2857 2698 gaudendum
2872 2634 2957 2681 est
2973 2643 3102 2681 cum
3131 2626 3244 2691 his,
3268 2625 3363 2694 qui
3384 2626 3453 2679 de
3475 2623 3643 2680 bonis

1996 2715 2440 2787 temporalibus,
2455 2720 2509 2769 et
2523 2716 2591 2769 de
2606 2719 2789 2770 morte
2807 2731 3045 2770 suorum
3062 2714 3434 2769 inimicorum
3448 2714 3646 2768 laetan-

1995 2808 2093 2859 tur
2112 2804 2139 2857 ?
2154 2803 2336 2859 Absit.
2354 2804 2463 2859 Sed
2485 2804 2810 2871 sciendum,
2826 2804 3065 2874 quiaest
3082 2803 3363 2876 gaudium
3386 2802 3641 2870 carnale,

1996 2895 2066 2947 de
2094 2908 2208 2962 quo
2244 2892 2521 2947 Dominus
2563 2892 2739 2948 dicit:
2799 2895 2880 2947 Vae
2932 2894 3102 2958 vobis,
3136 2895 3231 2962 qui
3261 2892 3457 2948 ridetis
3488 2893 3643 2963 (Luc.

1994 2998 2072 3046 v1,
2103 2983 2193 3049 25)
2220 2997 2234 3033 :
2264 2986 2351 3035 est
2381 2985 2438 3035 et
2469 2980 2747 3051 spiritale,
2782 2982 2853 3035 de
2897 2998 3011 3051 quo
3043 2980 3180 3036 alibi
3212 2981 3365 3035 idem
3397 2984 3645 3052 Aposto-

1995 3068 2088 3124 lus
2118 3088 2131 3124 :
2162 3069 2394 3124 Gaudete
2423 3071 2483 3122 in
2504 3071 2730 3125 Domino
2759 3086 2971 3139 semper
2998 3070 3264 3139 (Philipp.
3291 3086 3375 3133 III,
3402 3069 3474 3137 1).
3499 3072 3641 3123 Cum

216 3155 319 3243 έρα
360 3155 1886 3263 ρτῑριέεδεῑῖ..ιιίέέ..μίίιξίεηξῑεεξξιλξιξιξοῖξξ
1916 3179 1957 3245 ς
1998 3157 2281 3263 aliaeve
2314 3157 2688 3263 eauczepdurp
2710 3162 2827 3263 ρει»
2864 3158 2962 3263 qui
2994 3155 3644 3263 άρὺοιξίεξέρίςξτεξηξυε

214 3281 328 3343 est,
366 3283 438 3332 ut
469 3277 556 3331 illi
592 3278 817 3349 placere
853 3281 1173 3351 possimus.

286 3366 401 3436 Spe
464 3366 779 3435 gaudentes.
832 3367 921 3422 Illi
970 3385 1071 3439 spe
1119 3370 1391 3439 gaudent,
1448 3371 1547 3442 qui
1605 3373 1886 3443 gaudium

211 3458 464 3509 mternae
500 3454 880 3511 beatitudinis
924 3456 1006 3511 ita
1052 3457 1270 3511 habent
1307 3459 1365 3512 in
1416 3476 1539 3530 spe,
1568 3461 1735 3530 quasi
1758 3462 1885 3532 jam

212 3542 495 3597 habeant
518 3542 575 3597 in
602 3559 682 3598 re.
708 3545 919 3600 Etideo
942 3545 1228 3617 quidquid
1252 3548 1476 3603 adversi
1500 3549 1805 3620 patiuntur
1825 3551 1883 3604 in

214 3631 325 3686 hoc
360 3631 606 3697 saeculo,
654 3633 939 3703 patienter
976 3635 1188 3689 ferunt.
1228 3636 1294 3689 Et
1341 3636 1412 3691 ob
1441 3638 1549 3692 hoc
1581 3638 1885 3709 subjunxit

218 3719 588 3791 Apostolus:
622 3724 682 3776 In
715 3722 1082 3779 tribulatione
1106 3727 1390 3795 patientis.
1423 3726 1568 3781 Hinc
1598 3727 1879 3785 Jacobus:

221 3808 394 3867 Omne
421 3809 699 3879 gaudium
738 3814 1043 3879 exstimate,
1076 3815 1276 3883 fratres
1318 3831 1442 3869 cum
1472 3817 1532 3869 in
1563 3820 1883 3873 tentationes

218 3902 403 3955 varias
428 3900 744 3954 incideritis
778 3901 916 3970 (Jac.
950 3919 989 3967 ι,
1020 3903 1097 3971 2).

286 3989 503 4059 Igitur,
534 3989 674 4059 quia
695 3988 816 4043 hinc
840 4005 1009 4044 nemo
1033 3991 1309 4060 consequi
1334 3996 1541 4062 potest,
1568 3992 1679 4048 nisi
1707 3995 1884 4049 conti-

218 4092 331 4132 nua
363 4077 663 4144 oratione,
697 4078 1036 4149 subjunxit;
1065 4080 1315 4135 Orationi
1345 4082 1612 4137 instantes
1641 4084 1882 4153 (subau-

217 4166 394 4234 ditur,
428 4170 669 4235 estote).
699 4154 767 4222 Et
789 4173 943 4222 nota.
970 4168 1108 4239 quia
1129 4185 1243 4223 non
1267 4168 1346 4223 ait
1367 4174 1617 4241 tantum,
1651 4177 1883 4229 orantes

215 4256 385 4330 (418),
438 4258 823 4324 sed,0rationi
866 4260 1149 4312 instantes.
1174 4259 1299 4312 Non
1355 4261 1510 4314 enim
1563 4261 1780 4316 sufficit
1810 4264 1880 4317 ad

216 4350 454 4419 tempus
480 4346 684 4402 solum
713 4362 898 4411 orare,
924 4346 1035 4401 nisi
1059 4351 1114 4402 et
1137 4348 1411 4402 continuo
1432 4365 1685 4403 oremus.
1720 4350 1882 4406 Unde

214 4433 271 4489 in
304 4435 632 4509 Evangelio
668 4434 950 4490 Dominus
980 4435 1159 4489 dicit:
1186 4436 1414 4491 Orantes
1445 4439 1595 4491 omni
1624 4446 1879 4509 tempore,

1998 3246 2275 3318 gaudent,
2308 3250 2364 3299 et
2394 3246 2463 3300 ad
2496 3246 2601 3300 hoc
2651 3246 2937 3311 laborant,
2989 3251 3055 3300 ut
3104 3245 3341 3299 nomina
3380 3245 3643 3315 ipsorum

1997 3333 2329 3388 scribantur
2358 3332 2417 3387 in
2451 3333 2613 3401 coelo,
2650 3333 2865 3404 quibus
2894 3339 2951 3387 et
2981 3333 3264 3388 Dominus
3294 3332 3471 3400 dicit;
3507 3332 3645 3388 Gau-

1994 3422 2132 3485 dete,
2165 3425 2218 3476 et
2248 3422 2535 3488 exsatiate,
2569 3424 2700 3491 quia
2730 3424 2957 3476 nomina
2986 3430 3161 3478 vestra
3188 3423 3394 3493 scripta
3421 3430 3550 3477 sunt
3580 3424 3642 3477 in

1993 3511 2125 3564 caelo
2161 3511 2352 3581 (Luex,
2385 3512 2500 3580 20).

2063 3618 2217 3672 Flere
2265 3633 2390 3672 cum
2444 3618 2699 3687 flentibus
2759 3618 3155 3687 (subauditur,
3204 3618 3467 3690 oportet).
3530 3618 3639 3673 Sed

1992 3706 2261 3777 nunquid
2282 3723 2413 3760 cum
2431 3706 2521 3761 bis
2538 3707 2794 3762 flendum
2810 3712 2917 3773 est,
2933 3707 3031 3779 qui
3047 3706 3642 3778 damnatemporalia,

1992 3801 2093 3850 aut
2122 3801 2368 3850 mortem
2402 3797 2862 3867 propinquorum
2889 3796 3149 3851 deﬂent?
3180 3796 3304 3851 Non
3333 3814 3346 3864 ;
3372 3796 3470 3851 sed
3500 3812 3642 3850 cura

1990 3884 2083 3938 his
2116 3884 2236 3955 qui,
2296 3884 2381 3938 vel
2433 3901 2559 3951 sua,
2608 3884 2695 3939 vel
2745 3885 2994 3940 aliorum
3045 3885 3260 3940 deflent
3298 3888 3550 3956 peccata,
3585 3888 3644 3938 et

1991 3989 2185 4028 moras
2214 3972 2541 4027 Conditoris
2580 3974 2969 4028 differuntur:
3020 3973 3209 4044 qualis
3240 3979 3364 4028 erat
3390 3973 3506 4043 ille,
3540 3973 3640 4043 qui

1993 4062 2259 4116 dicebat:
2297 4062 2505 4115 Lavabo
2547 4077 2648 4131 per
2694 4063 2944 4130 singulas
2989 4070 3165 4117 noctes
3206 4063 3405 4118 lectum
3434 4077 3635 4131 meum,

1992 4151 2253 4221 lacrymis
2284 4153 2519 4203 stratum
2550 4166 2731 4204 meum
2762 4150 2947 4221 rigabo
2977 4150 3148 4221 (Psal.
3184 4168 3259 4218 v1,
3290 4152 3367 4223 7).

2062 4258 2121 4312 1d
2148 4260 2323 4328 ipsum
2352 4258 2583 4311 invicem
2628 4260 2923 4312 sentientes
2972 4258 3366 4329 (subauditur,
3408 4258 3635 4329 estote).

1989 4350 2069 4402 Ac
2099 4346 2147 4401 si
2180 4351 2375 4417 aperte
2427 4346 2679 4401 diceret:
2719 4346 2907 4402 Nolite
2958 4346 3309 4404 dissidentes
3352 4363 3504 4415 esse,
3535 4348 3637 4404 sed

1992 4452 2117 4506 qua:
2150 4436 2219 4489 de
2244 4434 2432 4509 vobis,
2464 4437 2664 4490 eadem
2698 4437 2907 4491 sentite
2939 4438 3009 4491 de
3042 4436 3335 4490 fratribus.
3369 4437 3484 4490 Non
3520 4438 3638 4490 alta

214 4529 271 4579 ut
298 4525 466 4594 digni
517 4525 847 4579 habeamini
876 4526 1030 4595 (Luc.
1089 4541 1203 4590 χχι,
1250 4526 1360 4595 36),
1412 4530 1522 4580 etc.
1571 4526 1714 4581 Hinc
1745 4527 1883 4583 alibi
1915 4543 1961 4606 D
1991 4526 2261 4594 sapientes
2286 4525 2678 4595 (subauditur,
2702 4524 3087 4595 sitis).Altum
3108 4541 3308 4594 sapore
3327 4528 3414 4578 est
3435 4540 3636 4593 super-

213 4610 365 4670 idem
398 4613 768 4687 Apostolus:
827 4614 956 4668 Sine
1004 4614 1411 4669 intermissione
1455 4623 1603 4671 orate
1634 4618 1678 4688 (I
1711 4616 1879 4673 Thess.

213 4719 265 4769 v,
298 4706 409 4775 17).

278 4794 732 4850 Necessitatibus
803 4796 1116 4848 sanctorum
1179 4796 1661 4849 communicantes.
1722 4796 1881 4859 Quae-

213 4884 467 4938 rendum
506 4886 606 4938 est
637 4898 742 4937 cur
760 4882 870 4936 hoc
891 4882 1206 4953 Apostolus
1227 4883 1585 4955 praeceperit,
1617 4901 1748 4939 cum
1782 4902 1880 4939 su-

216 4972 415 5041 perius
449 4971 711 5028 dixerit:
747 4971 855 5035 Qui
887 4971 1111 5041 tribuit,
1136 4972 1192 5026 in
1218 4972 1594 5043 simplicitate
1625 4974 1878 5045 tribuatI;

212 5062 450 5118 videtur
478 5062 648 5117 enim
682 5076 867 5115 unum
899 5076 1044 5115 esse.
1078 5061 1151 5115 At
1185 5061 1515 5129 sciendum,
1547 5061 1685 5132 quia
1710 5080 1881 5134 supe-

214 5150 334 5207 rius
364 5150 653 5226 generale
674 5167 821 5222 Opus
848 5148 1258 5204 misericordia:
1291 5150 1756 5206 commendavit:
1786 5151 1880 5207 hic

282 5311 437 5383 (415)
478 5313 546 5366 in
576 5313 771 5383 autog.
805 5324 990 5383 marg.
1024 5308 1251 5383 la_terali
1280 5309 1557 5382 leguntur
1582 5309 1675 5364 hic
1707 5311 1881 5383 verba

213 5379 374 5439 haec:
420 5379 537 5438 ille
574 5390 626 5437 et
680 5379 1008 5439 Vercellinus
1054 5381 1247 5453 diacon
1291 5379 1391 5452 pi:
1441 5398 1566 5453 quae
1614 5382 1790 5437 verba
1820 5383 1878 5437 in

213 5459 403 5524 parte,
439 5454 687 5519 scilicet,
722 5454 875 5523 quod
910 5451 1301 5507 Vercellinum
1332 5451 1555 5519 attinet,
1590 5454 1877 5525 interpre-

215 5526 515 5581 tationem
550 5526 868 5581 sortientur
897 5526 953 5579 in
988 5526 1101 5580 line
1125 5524 1511 5581 Epistolarum
1545 5525 1658 5580 divi
1695 5524 1875 5581 Pauli.

284 5599 443 5669 (416)
476 5600 508 5651 Ι
534 5602 683 5655 Petr.
736 5615 813 5667 Iv,
843 5598 897 5652 7.
947 5596 1030 5654 Ibi
1075 5596 1244 5669 Vulg.
1293 5596 1417 5652 loco
1446 5596 1675 5654 solliciti
1703 5598 1881 5654 habet

1992 4613 2145 4669 bire:
2182 4613 2303 4668 hinc
2332 4613 2486 4668 euim
2519 4613 2810 4669 sententia
2838 4612 2969 4667 illos
3014 4612 3352 4684 spiritaliter
3379 4611 3634 4681 respicit,

1993 4703 2094 4775 qui
2125 4702 2195 4757 de
2227 4701 2349 4758 suis
2383 4702 2626 4769 meritis,
2653 4708 2709 4758 et
2729 4704 3064 4758 Judaeorum
3086 4700 3411 4772 abjectione
3432 4698 3640 4772 gloria-

1992 4792 2228 4847 bantur.

2064 4881 2168 4937 Sed
2199 4880 2503 4934 humilibus
2533 4882 2943 4936 consentientes.
2994 4878 3258 4935 Humiles
3290 4877 3422 4934 illos
3451 4884 3635 4945 vocat,

1992 4970 2062 5025 de
2094 4969 2308 5041 quibus
2343 4968 2627 5023 Dominus
2659 4969 2714 5023 in
2750 4969 3055 5043 Evangelio
3105 4969 3284 5024 dicit:
3312 4970 3469 5023 Beati
3490 4985 3636 5038 pau-

1990 5076 2145 5129 peres
2174 5060 2376 5130 spiritu
2417 5058 2622 5129 (Matth.
2665 5076 2717 5126 v,
2766 5062 2841 5129 :3),
2897 5060 2950 5114 id
2998 5063 3107 5125 est,
3157 5057 3410 5114 humiles
3441 5055 3633 5109 corde.

1989 5150 2091 5205 His
2124 5165 2229 5204 nos
2262 5146 2576 5219 Apostolus
2625 5148 3051 5204 consentientes
3081 5164 3209 5205 esse
3248 5147 3543 5211 admonet,
3576 5141 3636 5197 id

1986 5312 2301 5384 prudentes.

2062 5382 2205 5454 (417)
2238 5386 2303 5435 In
2336 5383 2531 5450 autog.
2565 5379 2875 5435 Laodociaz.

2238 5458 2303 5533 I~n
2326 5458 2529 5533 _auto_g_.
2562 5454 2859 5533 orationes.

2060 5516 2208 5596 (419)
2241 5516 2618 5591 Subauditur,
2643 5524 2867 5596 debetis,
2904 5518 3009 5589 vol,
3039 5519 3162 5573 loco
3188 5520 3486 5591 impertire,
3519 5516 3632 5591 legi

1990 5594 2234 5654 fortasse
2262 5598 2452 5665 debet,
2487 5594 2868 5668 impertimini.
