4090 6170
395 307 516 373 255

1407 311 1748 376 ATTONIS
1791 311 2380 377 VERGELLENSIS
2423 305 2779 375 EPISGOPI

3681 305 3802 370 256

399 449 509 516 est,
541 449 606 500 ut
632 443 691 499 in
749 443 1059 518 colloquio,
1121 443 1476 514 ati'abilitate,
1537 449 1594 502 et
1645 461 1956 512 consensu,
1985 449 2042 501 et
2070 447 2123 512 Α
2223 444 2540 517 Sequitur:
2569 443 2630 500 Si
2657 445 2783 514 ﬁeri
2823 447 3016 514 potest,
3067 441 3208 512 quod
3257 457 3329 498 ea:
3355 439 3508 498 vobis
3546 443 3650 514 est,
3683 458 3808 498 cum

397 533 460 590 in
486 534 777 606 omnibus,
810 535 1029 607 quibus
1061 536 1341 609 indigent,
1365 535 1763 592 subveniendo
1794 553 2036 592 consen-

399 623 636 679 tiamus.

471 712 672 783 Igitur,
708 717 774 767 ut
817 713 1150 768 ostenderet
1191 713 1332 784 quid
1363 719 1516 769 esset
1563 713 1680 769 alta
1728 731 1948 786 sapere,
1983 717 2042 771 et

397 802 690 872 quomodo
721 802 1046 857 humilibus
1067 803 1394 858 consentire
1425 804 1764 870 debeamus,
1794 804 2038 873 subjun-

396 891 482 946 xit
503 907 514 945 :
540 891 720 946 Nolite
739 907 857 946 esse
869 891 1163 962 prudentes
1182 893 1332 963 apud
1353 895 1724 963 vosmetipsos:
1747 909 1862 964 quo
1885 893 2040 946 dicto

397 980 652 1035 ostendit
681 996 808 1035 esse
837 980 1156 1050 prudentes
1187 981 1340 1052 apud
1391 981 1757 1051 semetipsos,
1793 981 1892 1052 qui
1925 981 2044 1036 alta

398 1068 654 1139 sapiunt.
689 1071 755 1124 Et
785 1073 941 1132 nota,
977 1068 1114 1140 quia
1153 1085 1268 1124 non
1317 1071 1400 1124 ait
1429 1075 1690 1125 tantum:
1729 1071 1903 1126 Nolite
1931 1085 2043 1125 esse

395 1156 709 1226 prudentes,
743 1174 815 1212 ne
843 1158 1204 1213 contrarium
1235 1159 1530 1214 videretur
1557 1159 1785 1214 Domini
1816 1163 2042 1214 sentcn-

395 1245 508 1312 tiae,
545 1247 644 1316 qui
690 1245 810 1302 ait:
863 1250 1040 1303 Estote
1083 1249 1378 1318 prudentes
1402 1265 1420 1308 :
1469 1249 1568 1304 sed
1607 1249 1858 1319 abjecit:
1891 1248 2043 1318 Apud

394 1338 744 1407 vosmetipsos
769 1337 972 1406 (Matth.
1001 1355 1056 1403 x,
1093 1339 1199 1408 16).
1253 1339 1421 1408 Apud
1462 1338 1682 1408 seipsos
1727 1339 2042 1409 prudentes

398 1429 556 1496 sunt,
585 1425 686 1496 qui
718 1443 782 1480 se
805 1443 909 1497 pro
961 1443 1068 1481 sua
1099 1427 1408 1498 prudentia
1438 1428 1686 1498 jactant,
1723 1427 1824 1498 qui
1871 1443 2040 1482 suam

395 1515 878 1586 imprudentiam,
913 1516 1080 1586 quasi
1131 1531 1423 1570 summam
1457 1516 1828 1587 prudentiam
1859 1516 2042 1587 depu-

394 1607 552 1670 tant;
569 1604 670 1675 qui
683 1605 754 1659 de
767 1605 989 1659 meritis
1002 1605 1756 1676 praesumunt,aliorumque
1771 1604 2043 1675 abjectio-

397 1710 471 1748 ne
483 1693 840 1764 gloriantur:
855 1692 937 1747 illi
951 1693 1346 1766 videlicet,qui
1361 1693 1556 1750 carnis
1568 1698 1901 1766 sequuntur
1913 1709 2045 1764 pru-

399 1782 682 1862 dentiam,
713 1782 786 1836 de
817 1799 934 1853 qua
955 1782 1228 1854 superius
1249 1783 1328 1838 ait
1356 1782 1706 1854 Apostolus:
1737 1781 2044 1838 Prudentia
2075 1820 2122 1884 Β

397 1873 585 1926 carnis
613 1886 762 1926 mors
791 1874 870 1925 est
921 1871 1094 1928 (Rom.
1139 1889 1260 1940 νηί,
1307 1873 1384 1944 6),
1435 1873 1491 1927 id
1535 1877 1641 1940 est,
1675 1872 1776 1944 qui
1808 1871 2044 1928 inimico

397 1959 581 2014 vicem
611 1960 885 2028 reddunt,
909 1959 1278 2015 maledicenti
1303 1977 1364 2016 se
1386 1959 1776 2028 maledicunt;
1802 1959 2046 2030 ideoque

400 2047 740 2117 subjunxit:
793 2049 974 2104 Nulli’
1027 2050 1242 2104 malum
1291 2065 1394 2120 pro
1447 2050 1596 2104 malo
1643 2048 1936 2104 reddentes.
1988 2048 2046 2102 Si

397 2135 556 2191 enim
585 2136 808 2190 malum
839 2141 930 2191 est
963 2136 1184 2190 malum
1213 2136 1386 2192 alicui
1416 2137 1648 2205 inferre,
1681 2136 2045 2206 incompara-

399 2223 594 2278 biliter
625 2226 820 2294 majus
849 2229 938 2279 est
969 2224 1194 2280 malum
1236 2243 1338 2296 pro
1389 2225 1542 2280 malo
1591 2225 1868 2280 reddere:
1901 2223 2044 2278 illud

401 2311 560 2366 enim
587 2312 918 2382 frequenter
965 2312 1298 2383 ignorantia
1346 2315 1429 2376 ﬁt,
1481 2313 1592 2367 hoc
1639 2329 1774 2368 vero
1819 2328 2050 2384 semper

402 2397 616 2454 studio.
651 2399 754 2454 His
784 2416 919 2470 ergo
941 2401 1132 2456 verbis
1174 2401 1284 2455 hoc
1335 2402 1500 2456 docet
1528 2400 1859 2470 Apostolus,
1894 2401 2048 2472 quod

401 2487 687 2543 Dominus
716 2488 774 2542 in
807 2489 1106 2560 Evangelia
1132 2506 1146 2545 :
1175 2491 1241 2546 Si
1269 2492 1391 2562 quis
1421 2494 1471 2545 te
1493 2491 1820 2560 percusserit
1847 2491 1907 2545 in
1935 2507 2050 2545 una

401 2577 658 2643 maxilla,
686 2577 874 2648 praebe
902 2581 955 2634 ei
983 2583 1035 2633 et
1064 2579 1299 2635 alteram
1343 2579 1556 2644 (Matth.
1585 2595 1639 2648 v,
1671 2579 1740 2634 39
1767 2597 1780 2647 ;
1807 2583 1938 2633 Luc.
1969 2595 2046 2646 vx,

402 2665 517 2732 29),
550 2665 672 2728 Quo
703 2666 760 2720 in
789 2682 1018 2738 genere,
1053 2671 1118 2721 ut
1140 2669 1346 2724 beatus
1368 2668 1726 2740 Augustinus
1756 2667 1916 2736 dicit,
1952 2683 2052 2724 sex

405 2756 544 2808 sunt
574 2753 911 2808 differentiae
939 2772 952 2812 :
977 2755 1130 2810 bona
1153 2772 1256 2828 pro
1285 2756 1455 2812 malis
1485 2757 1723 2812 reddere
1747 2775 1760 2824 ;
1789 2773 1904 2812 non
1927 2757 2052 2812 red-

407 2841 544 2896 dere
600 2841 754 2898 mala
806 2859 909 2914 pro
961 2843 1168 2912 malis;
1217 2845 1369 2902 bona
1413 2863 1518 2918 pro
1567 2846 1736 2901 nobis
1766 2846 2046 2914 reddere;

409 2930 563 2986 mala
593 2947 696 3002 pro
727 2931 940 3001 malis;
977 2950 1092 2988 non
1121 2934 1360 2990 reddere
1389 2936 1542 2991 bona
1573 2951 1676 3008 pro
1707 2935 1914 3003 bonis;
1947 2935 2048 2990 sed

408 3018 564 3076 mala
594 3035 697 3092 pro
718 3020 910 3076 bonis.
934 3021 1193 3084 Quorum
1215 3023 1330 3078 duo
1363 3023 1864 3096 primajustorum
1887 3027 2047 3092 sunt,

409 3113 465 3164 et
493 3107 656 3181 prius
687 3109 935 3166 melius:
967 3111 1081 3166 duo
1108 3128 1243 3166 vero
1271 3113 1479 3167 ultima
1501 3113 1900 3184 reproborum,
1948 3111 2048 3167 sed

2146 535 2403 592 omnibus
2432 535 2745 590 hominibus
2771 548 2964 604 pacem
3011 532 3283 586 habentes.
3333 531 3452 586 Pax
3491 531 3646 587 duos
3672 547 3808 588 con-

2139 625 2360 696 jungit,
2397 625 2643 695 Ideoque
2673 639 2801 694 pax,
2851 621 2963 676 nisi
2995 621 3144 675 inter
3189 622 3355 688 duos,
3390 637 3522 676 esse
3555 636 3670 676 non
3701 637 3808 692 po-

2145 717 2280 768 test.
2309 712 2471 768 Unde
2501 712 2655 766 idem
2675 710 2980 782 Apostolus
3006 728 3018 766 :
3053 709 3299 766 Christus
3339 718 3416 766 est
3443 727 3563 782 pax
3589 720 3804 778 nostra,

2149 803 2246 872 qui
2272 803 2404 871 fecit
2430 807 2667 871 utraque
2727 817 2898 854 unum
2943 799 3157 871 (Ephes.
3205 817 3266 866 ιι,
3317 799 3426 872 14).
3479 799 3807 854 Prsevidens

2148 906 2304 961 ergo,
2341 889 2476 960 quia
2520 906 2628 960 pax
2675 888 3019 944 inconvulsa
3075 889 3290 943 servari
3349 905 3468 942 non
3513 891 3713 960 potest
3739 905 3808 943 ex

2149 983 2312 1050 parte
2335 978 2729 1045 inimicorum,
2762 993 2964 1032 eorum
2998 975 3284 1044 videlicet,
3315 977 3414 1048 qui
3449 993 3484 1032 a
3517 977 3694 1031 bonis
3727 993 3807 1032 re-

2149 1066 2962 1139 prehenduntur,temperavit
2985 1083 3152 1121 suam
3173 1065 3769 1132 locutionem,dicens
3793 1083 3805 1122 :

2150 1157 2211 1211 Si
2237 1155 2371 1227 ﬁeri
2395 1163 2588 1228 potest,
2624 1155 2978 1211 Praevidebat
2999 1155 3156 1209 enim
3192 1155 3344 1226 quod
3371 1153 3496 1209 ﬁeri
3531 1171 3651 1210 non
3685 1171 3814 1226 pos-

2151 1249 2257 1312 set,
2293 1245 2542 1316 ideoque
2589 1244 2932 1314 subjunxit;
2995 1243 3144 1311 Quod
3193 1259 3260 1298 ex
3313 1245 3463 1298 vobis
3505 1247 3588 1299 est
3617 1269 3631 1311 ;
3663 1261 3730 1298 ac
3760 1243 3808 1299 si

2150 1333 2577 1405 apertediceret
2601 1351 2615 1389 :
2641 1333 2787 1396 Quia
2804 1349 2870 1388 ex
2893 1333 3264 1387 inimicorum
3287 1335 3449 1404 parte
3465 1331 3808 1387 inconvulsa

2151 1421 2370 1478 servari
2401 1439 2517 1478 non
2547 1425 2756 1494 potest,
2774 1423 2929 1493 quod
2961 1437 3030 1476 ex
3053 1421 3220 1475 vobis
3244 1425 3350 1490 est,
3386 1419 3446 1476 id
3479 1425 3590 1488 est,
3623 1437 3808 1492 quan-

2149 1516 2277 1566 tum
2309 1511 2380 1566 ad
2411 1527 2512 1566 vos
2541 1515 2649 1577 est,
2683 1527 2752 1566 ex
2779 1515 2971 1566 vestra
3015 1510 3236 1566 scilicet
3261 1513 3426 1582 parte
3463 1509 3810 1566 inconvulsa

2149 1603 2431 1668 servetur,
2475 1604 2539 1655 ut
2583 1615 2814 1672 semper
2858 1597 3091 1654 illorum
3142 1597 3482 1654 desideratis
3529 1598 3805 1656 salutem.

2153 1689 2378 1753 Quibus
2407 1689 2600 1744 verbis
2649 1705 3022 1760 nequaquam
3055 1687 3514 1743 ecclesiasticam
3547 1688 3806 1760 discipli-

2151 1795 2286 1834 nam
2313 1777 2608 1833 interdicit
2634 1795 2646 1846 ;
2672 1779 2730 1832 id
2753 1782 2861 1844 est,
2887 1781 2951 1832 ut
2973 1793 3106 1833 cum
3133 1777 3400 1832 videmus
3426 1776 3677 1847 aliquem
3699 1779 3808 1832 fra-

2153 1871 2302 1922 trem
2325 1866 2577 1938 lapsum,
2596 1884 2710 1922 non
2729 1883 2861 1922 eum
2881 1866 3274 1937 corrigamus:
3293 1865 3808 1938 oportetenimhoc

2154 1969 2343 2026 agere,
2379 1955 2430 2010 si
2479 1955 2722 2010 forsitan
2772 1953 2942 2010 illum
2990 1953 3300 2009 emendare
3341 1953 3662 2026 possimus.
3695 1953 3808 2009 Sed

2155 2045 2654 2114 quemadmodum
2675 2059 2806 2098 cum
2831 2042 3107 2098 omnibus
3129 2040 3470 2098 hominibus
3485 2053 3688 2113 pacem
3711 2041 3812 2096 ha-

2153 2133 2289 2188 bere
2321 2133 2640 2204 possimus,
2698 2133 2823 2203 ipse
2871 2132 3230 2195 manifestat,
3280 2147 3416 2185 cum
3463 2129 3809 2202 subjungit:

2154 2223 2267 2278 Non
2289 2224 2644 2292 vosmetipsos
2659 2220 3024 2291 defendentes,
3045 2219 3474 2287 charissimi,sed
3494 2219 3619 2275 date
3638 2221 3814 2274 locum

2155 2313 2272 2366 ire.
2305 2311 2395 2366 Ira
2419 2311 2480 2366 in
2512 2311 2620 2365 hoc
2653 2309 2799 2376 loco,
2836 2309 3104 2382 quamvis
3133 2308 3392 2364 hominis
3422 2308 3611 2380 possit
3641 2308 3814 2362 intel-

2157 2399 2278 2472 ligi,
2304 2400 2725 2472 congruentius
2751 2405 2948 2454 tamen
2973 2398 3295 2470 accipimus
3315 2397 3466 2452 iram
3489 2397 3681 2468 Dei,id
3707 2399 3816 2469 est,

2155 2489 2493 2544 vindictam.
2528 2488 2674 2543 Cum
2697 2505 2832 2560 ergo
2857 2488 3250 2560 nosmetipsos
3282 2504 3394 2542 non
3417 2486 3814 2558 defendimus,

2157 2577 2387 2633 duobus
2419 2577 2608 2632 modis
2638 2576 2831 2632 locum
2877 2573 2975 2632 ira;
3002 2577 3250 2646 damus;
3295 2575 3385 2631 vel
3418 2575 3558 2647 quia
3587 2575 3676 2630 ira
3703 2575 3817 2630 ini-

2159 2666 2295 2722 mici
2327 2667 2590 2733 sedatur,
2623 2667 2762 2721 dum
2808 2666 2918 2722 sibi
2973 2665 3256 2721 ultionem
3295 2665 3464 2720 reddi
3495 2681 3608 2720 non
3633 2663 3818 2734 videt,

2157 2755 2244 2812 vel
2275 2755 2414 2826 quia
2443 2772 2544 2827 pro
2574 2771 2768 2810 amore
2799 2754 2900 2810 Dei
2925 2755 3215 2826 patienter
3247 2753 3493 2809 adversa
3519 2752 3818 2808 sustinen-

2160 2849 2267 2910 tes,
2303 2844 2494 2899 locum
2525 2849 2639 2900 Deo
2671 2843 3086 2915 relinquimus,
3134 2847 3199 2898 ut
3229 2842 3357 2913 ipse
3389 2859 3492 2914 pro
3528 2841 3701 2898 nobis
3729 2840 3818 2896 ul-

2159 2933 2429 2989 ciscatur.
2459 2936 2731 2988 Attamen
2783 2948 2898 2987 non
2948 2947 3016 2988 ea
3071 2929 3396 2986 intentione
3445 2929 3672 2986 malum
3703 2946 3817 2986 non

2159 3021 2346 3078 facere
2377 3021 2523 3093 (422)
2572 3023 2872 3093 debemus,
2919 3025 2985 3076 ut
3032 3021 3186 3077 Deus
3244 3019 3452 3092 puniat
3480 3019 3818 3090 inimicum,

2161 3111 2260 3167 sed
2289 3111 2531 3177 instare,
2565 3114 2629 3164 ut
2674 3111 2745 3165 ad
2779 3127 2977 3182 pacem
3010 3113 3402 3178 convertatur,
3458 3113 3516 3164 et
3543 3107 3816 3164 salvetur.

407 3197 699 3270 posterius
730 3203 820 3254 est
851 3200 1107 3255 deterius
1133 3218 1145 3256 :
1189 3201 1288 3256 illa
1333 3218 1466 3256 vero
1516 3183 1710 3256 media
1739 3200 2054 3257 mediocria
2082 3183 2126 3252 ί]
2233 3200 2348 3256 Sed
2381 3199 2566 3255 oritur
2589 3199 2854 3272 quintio,
2878 3215 3010 3254 cum
3034 3198 3320 3254 Dominus
3349 3199 3544 3254 dicat:
3597 3199 3821 3268 Diligite

408 3292 569 3354 sunt,
602 3291 660 3342 et
687 3288 852 3360 prius
885 3287 1053 3344 bonis
1086 3291 1502 3362 propinquum,
1535 3291 1826 3362 posterius
1858 3289 2052 3346 malis.

409 3375 775 3432 Mediocriter
807 3377 962 3432 enim
1001 3378 1160 3443 boni,
1187 3379 1337 3434 bona
1363 3395 1466 3450 pro
1496 3380 1667 3434 bonis
1695 3379 1967 3446 reddunt,
2001 3383 2058 3434 et

412 3464 782 3520 mediocriter
811 3466 971 3532 mali,
1003 3465 1160 3520 mala
1189 3483 1291 3536 pro
1335 3467 1528 3522 malis.
1574 3467 1719 3522 Nam
1751 3471 1810 3522 et
1831 3467 1922 3522 lex
1947 3467 2058 3522 hoc

413 3551 496 3605 eis
528 3552 807 3623 praecipit,
841 3553 1074 3608 dicens:
1117 3555 1316 3625 Diliges
1363 3557 1604 3609 amicum
1645 3561 1826 3626 tuum,
1860 3557 1908 3610 et
1939 3556 2059 3612 odio

414 3640 637 3694 habebis
669 3642 963 3696 inimicum
985 3645 1140 3696 tuum
1163 3643 1312 3698 Levit
1337 3661 1349 3697 :
1375 3660 1488 3714 XIX,
1519 3644 1614 3710 18;
1643 3643 1828 3698 Matth.
1861 3661 1913 3698 v.
1949 3645 2058 3714 43).

413 3728 587 3782 Jubet
609 3728 824 3802 quippe
845 3729 1123 3786 talionem
1149 3749 1249 3803 pro
1273 3731 1486 3786 talione
1504 3731 1761 3800 reddere,
1785 3735 1840 3788 et
1857 3738 2064 3788 caetera

417 3816 757 3886 hujusmodi
787 3819 954 3889 (420).
991 3819 1275 3876 Dominus
1305 3821 1485 3892 igitur
1507 3820 1711 3877 nolens
1743 3821 2064 3893 discipulos

418 3923 557 3962 suos
589 3905 646 3962 in
679 3905 772 3962 his
819 3923 1076 3973 manere,
1127 3913 1192 3964 ut
1220 3926 1318 3965 eos
1366 3912 1436 3964 ad
1470 3908 1676 3966 altiora
1707 3917 2061 3982 provocarat,

416 3996 730 4068 praecepit:
765 3998 996 4068 Diligite
1017 3999 1270 4054 inimicos
1295 4002 1514 4066 vestros,
1541 3999 1834 4070 benefacite
1865 3999 1950 4054 his
1972 4001 2067 4071 qui

415 4101 507 4141 vos
539 4085 768 4140 oderunt
799 4085 1006 4157 (Matth.
1056 4104 1108 4154 v,
1162 4087 1267 4156 lii;
1319 4091 1448 4144 Luc.
1493 4105 1572 4156 vr,
1621 4090 1732 4156 26).
1767 4089 1838 4144 Ut
1868 4093 2064 4144 autem

417 4175 751 4229 ostenderet
765 4175 860 4246 qui
877 4175 1130 4246 suntqui
1145 4176 1368 4231 malum
1385 4194 1485 4248 pro
1499 4177 1651 4232 malo
1664 4195 1779 4232 non
1793 4179 2066 4243 reddunt,

420 4263 728 4332 subjunxit
754 4279 766 4319 :
789 4263 1141 4320 Providentes
1160 4269 1300 4320 bona
1317 4281 1426 4320 non
1446 4267 1623 4321 solum
1639 4283 1820 4321 coram
1837 4267 1964 4331 Deo,
1979 4268 2070 4322 sed

422 4351 588 4406 etiam
601 4367 782 4406 coram
801 4351 950 4422 (421)
975 4354 1310 4408 hominibus.
1332 4354 1674 4425 Quicunque
1697 4371 1885 4410 mores
1907 4373 2066 4422 suos,

421 4443 478 4496 et
508 4441 766 4494 actiones
797 4439 880 4495 ita
922 4449 1301 4513 componunt,
1354 4444 1648 4508 ordinant,
1680 4448 1744 4498 ut
1773 4461 1806 4498 a
1835 4445 2069 4500 nemine

2163 3288 2419 3346 inimicos
2447 3297 2669 3354 vestros,
2725 3293 2780 3343 et
2808 3287 3140 3360 Apostolus.
3184 3289 3301 3344 Non
3335 3303 3424 3344 vos
3453 3287 3820 3360 defendentes,

2162 3378 2500 3444 charissimi,
2536 3377 2636 3432 sed
2657 3377 2781 3432 date
2804 3377 2983 3432 locum
3011 3377 3112 3431 irae
3133 3394 3152 3431 :
3175 3393 3302 3440 cur,
3329 3377 3482 3432 sicut
3509 3376 3571 3430 in
3601 3378 3820 3448 Apoca-

2165 3466 2314 3539 lypsi
2345 3465 2592 3537 legitur:
2630 3465 2817 3521 Sancti
2839 3466 2935 3519 sub
2957 3481 3058 3520 ara
3080 3468 3187 3521 Dei
3204 3467 3452 3520 clamant
3471 3481 3490 3519 .'
3527 3465 3821 3537 Usquequo.

2165 3555 2642 3624 Domineﬁsanctus
2696 3558 2748 3608 et
2799 3569 2990 3622 verax,
3031 3570 3140 3610 non
3181 3554 3403 3626 judicas
3459 3559 3514 3609 et
3567 3555 3824 3608 vindicas

2165 3645 2496 3715 sanguinem
2522 3647 2768 3699 nostrum
2797 3644 2978 3714 (Apoc.
3031 3660 3108 3714 VI,
3143 3643 3280 3714 10)?
3310 3643 3390 3698 Ne
3419 3659 3558 3714 ergo
3589 3647 3822 3698 contra-

2169 3733 2326 3788 rium
2347 3732 2633 3800 videatur,
2657 3731 2963 3787 sciendum
2987 3741 3095 3796 est,
3122 3731 3260 3803 quia
3283 3733 3470 3787 sancti
3495 3749 3612 3787 non
3637 3730 3822 3786 vindi-

2169 3827 2323 3878 ctam
2357 3837 2597 3877 suorum
2630 3822 3003 3876 inimicorum
3027 3821 3364 3878 desiderant
3385 3819 3457 3876 ad
3489 3820 3821 3876 damnatio-

2169 3927 2325 3978 nem,
2359 3911 2459 3965 sed
2494 3911 2564 3964 ad
2597 3910 3033 3965 conversionem
3060 3935 3074 3976 ;
3106 3910 3227 3965 haec
3259 3913 3349 3966 est
3377 3909 3536 3965 enim
3567 3909 3826 3964 vindicta

2172 3999 2478 4071 sanguinis
2500 3997 2759 4064 illorum,
2779 3997 2866 4053 vel
2890 4002 3042 4054 certe
3067 4002 3273 4071 optant
3294 3999 3448 4053 diem
3464 3997 3823 4070 judicii,quo

2172 4105 2374 4144 eorum
2397 4101 2682 4142 numerus
2697 4087 3032 4158 impleatur,
3050 4087 3259 4143 etmali
3273 4088 3619 4160 puniantur,
3635 4091 3832 4142 utnon

2173 4177 2258 4233 eis
2285 4177 2456 4231 liceat
2485 4173 2739 4245 amplius
2771 4193 3028 4246 peccare.

2249 4265 2431 4338 Igitur
2447 4264 2648 4320 volens
2671 4281 2838 4319 suam
2863 4263 3254 4320 narrationem
3269 4263 3531 4336 exemplo
3551 4261 3828 4334 probare,

2175 4355 2426 4420 subjecit
2449 4371 2462 4409 :
2487 4353 2638 4409 Sicut
2649 4355 2912 4425 script-um
2927 4355 3086 4422 est,in
3101 4353 3250 4409 libro
3271 4354 3492 4410 scilicet
3511 4351 3828 4422 cujusdam

2177 4443 2499 4514 sapientis;
2531 4443 2662 4497 Mihi
2692 4443 3024 4512 vingictam;
3057 4459 3150 4514 ego
3193 4443 3524 4510 retribuam,
3555 4441 3692 4496 dicit
3720 4441 3829 4495 Do-

423 4529 768 4602 reprehendi
804 4529 1050 4601 possint,
1085 4531 1144 4585 hi
1175 4547 1371 4586 coram
1404 4531 1518 4586 Deo
1548 4534 1699 4588 bona
1730 4533 2065 4604 provident;
2097 4551 2147 4617 D
2177 4535 2362 4588 minus
2391 4533 2566 4604 (Deut.
2627 4549 2802 4596 xxxu,
2835 4533 2947 4600 35).
3008 4532 3137 4587 Hzec
3178 4533 3355 4587 verba
3405 4529 3638 4585 Domini
3671 4533 3828 4598 sunt,

423 4617 524 4689 qui
555 4635 688 4673 vero
715 4617 817 4686 ita,
843 4623 907 4672 ut
927 4619 1103 4674 etiam
1127 4619 1443 4676 imitabiles
1472 4623 1802 4692 ostendant,
1825 4621 1886 4676 hi
1915 4623 2069 4677 bona

425 4707 730 4778 provident
759 4706 933 4762 etiam
964 4723 1160 4762 coram
1183 4708 1558 4765 hominibus:
1598 4709 1800 4782 quales
1831 4709 2069 4765 fuerunt

423 4800 696 4866 parentes
727 4796 1104 4866 praecursoria
1153 4798 1379 4852 Domini
1429 4798 1612 4853 nostri
1651 4797 1980 4866 Zacharias,
2013 4803 2070 4854 et

422 4883 742 4952 Elisabeth,
777 4885 847 4940 de
880 4885 1096 4956 quibus
1117 4885 1363 4957 legitur:
1399 4887 1536 4955 Quia
1565 4893 1722 4943 erant
1739 4887 1880 4959 justi
1907 4890 2068 4943 ambo

420 4975 749 5040 anteDeum,
777 4973 1090 5029 incedentes
1117 4977 1176 5030 in
1223 4976 1474 5031 omnibus
1501 4978 1796 5044 mandatis,
1828 4981 1878 5033 et
1909 4977 2068 5047 justi-

419 5063 766 5134 ﬁcationibus
793 5063 1016 5118 Domini
1043 5066 1167 5118 sine
1199 5065 1422 5136 querela
1453 5066 1602 5136 (Luc.
1637 5085 1672 5136 ι,
1703 5065 1780 5138 6).

493 5243 641 5312 (420)
671 5241 848 5296 Exod.
881 5258 996 5308 xxx,
1056 5242 1146 5295 23.
1181 5242 1249 5296 24
1309 5246 1364 5298 et
1422 5259 1626 5313 seqq.;
1685 5242 1863 5298 Levit.
1916 5259 2067 5313 Ἆπιν,

421 5311 511 5365 20.
540 5329 554 5388 ;
587 5313 751 5388 Deut.
785 5331 901 5380 Xix,
934 5314 1275 5388 21;}iatth.
1307 5331 1360 5378 v,
1393 5316 1480 5388 3S.
1612 5313 1672 5368 B.
1697 5316 1939 5388 August.
1969 5311 2068 5368 lib;

425 5387 580 5457 cont.
617 5384 810 5438 Faust.
847 5401 908 5457 c.
941 5385 1026 5438 25.
1065 5383 1297 5457 Poenam
1355 5385 1595 5439 talionis
1643 5401 1759 5457 npn
1791 5383 2072 5457 'privatus

429 5453 782 5526 quicunque,
817 5456 914 5510 sed
940 5457 1122 5526 judex
1161 5456 1477 5526 inﬂigebat.
1513 5457 1641 5512 Haec
1691 5455 1780 5510 lex
1811 5453 1960 5512 6diis
1988 5455 2071 5510 vi-

427 5525 842 5651 tandiscpotius
863 5525 1040 5608 quam
1061 5525 1328 5584 vindictas
1357 5529 1686 5584 exercendae
1709 5529 2071 5585 consulebat.

427 5595 577 5651 Nam
598 5611 630 5651 ο
677 5613 798 5651 lum
821 5597 1196 5651 inimicorum
1221 5599 1324 5651 Dei
1353 5601 1442 5651 lex
1461 5600 1722 5651 iubebat-
1743 5617 1860 5651 non
1881 5601 2071 5651 nriva-

425 5595 577 5654 Nam
598 5595 798 5654 odium
821 5595 1196 5658 inimicorum
1221 5599 1324 5659 Dei
1353 5600 1723 5674 lexjubebat,
1743 5617 1860 5658 non
1881 5601 2072 5674 priva-

2179 4623 2427 4692 ideoque
2449 4621 2923 4676 subaudiendum
2954 4625 3077 4676 est:
3131 4621 3274 4675 Mihi
3305 4620 3623 4675 vindictam
3659 4618 3830 4674 relin-

2179 4711 2372 4783 quite;
2413 4725 2513 4780 ego
2546 4709 2888 4776 retribuam,
2939 4710 2995 4763 id
3031 4713 3138 4776 est,
3197 4713 3451 4764 vestram
3485 4707 3830 4780 patientiam

2179 4799 2586 4864 remunerabo,
2644 4797 2735 4852 vel
2793 4815 2896 4869 pro
2971 4797 3136 4852 vobis
3197 4797 3480 4852 ultionem
3543 4797 3830 4852 reddam:

2178 4891 2427 4959 utroque
2457 4887 2614 4942 enim
2646 4887 2819 4942 modo
2851 4886 3095 4958 intelligi
3127 4891 3336 4958 potest.

2251 4977 2383 5042 Sed,
2418 4977 2556 5048 quia
2585 4975 2809 5031 dixerat
2833 4992 2846 5030 :
2879 4976 3016 5030 Mihi
3035 4975 3354 5046 vindictam,
3381 4977 3519 5045 etc.,
3543 4978 3612 5029 ut
3641 4976 3838 5029 osten-

2180 5067 2342 5122 deret
2370 5066 2510 5138 quid
2544 5081 2714 5138 agere
2764 5063 3132 5132 deberemus,
3187 5063 3442 5136 adjecit:
3483 5063 3549 5120 Si
3573 5062 3840 5120 esurierit

2179 5246 2396 5308 torum,
2430 5257 2578 5312 quos
2599 5255 2630 5294 e
2652 5240 2940 5296 contrario
2967 5241 3204 5312 diligere
3226 5238 3836 5312 pracipiebat.Levit.

2179 5331 2297 5378 xm,
2337 5316 2418 5382 17,
2445 5309 2546 5369 i8:
2583 5313 2757 5366 Exod.
2791 5329 2949 5377 xxni,
2982 5313 3032 5378 4,
3064 5309 3135 5380 5;
3171 5309 3342 5366 Deut.
3377 5309 3514 5381 x’xu,
3551 5311 3674 5366 1-4.

2253 5385 2398 5458 (421)
2429 5383 2624 5458 Vulg,
2656 5401 2840 5440 coram
2870 5383 3121 5458 omnibus
3155 5383 3508 5458 li‘omimibus.

2255 5453 2401 5528 (422)
2437 5457 2507 5530 In,
2532 5453 2724 5530 ii—utog.
2755 5459 2964 5530 facere,
2981 5457 3204 5530 absque
3227 5453 3517 5530 particula
3537 5470 3699 5518 non;
3729 5453 3842 5510 for-

2181 5531 2342 5586 tasse
2369 5529 2638 5586 sustinere
2659 5527 2802 5603 pati,
2836 5533 2892 5586 et
2919 5527 3155 5586 similia.
3227 5527 3248 5530 “
3297 5539 3300 5542 ‘
