4080 6174
246 332 339 394 261
820 328 1237 391 EXPOSITIO
1280 328 1358 388 IN
1403 326 1846 390 EPISTOLAS
1891 329 2147 392 PAULI.
2174 365 2248 376 —
2278 334 2354 394 IN
2397 336 2646 401 EPIST.
2694 344 2798 402 AD
2845 344 3036 405 ROM.

3525 353 3642 414 262

244 464 432 540 propter
458 460 873 529 conscientiam,
906 461 963 516 id
990 464 1079 517 est
1139 465 1370 533 propter
1420 462 1552 533 ejus
1611 476 1885 556 amorem
1916 461 2365 556 Adilectionem
2424 474 2671 541 proximi
2732 475 3043 549 pertinent,
3105 480 3231 537 ideo
3289 484 3644 556 generaliter

248 554 391 625 cujus
415 548 691 621 praecepti
725 549 903 605 vultis
933 566 1059 605 esse
1090 549 1421 621 impletores
1450 567 1461 603 :
1489 556 1547 605 et
1576 566 1737 622 pura
1760 550 1886 620 qui-

247 645 354 700 dem
386 642 577 694 mente
610 638 869 709 idipsum
902 639 1091 694 facere
1122 639 1364 709 debetis,
1395 655 1508 695 non
1548 641 1627 695 ad
1662 639 1883 693 oculum

247 730 587 795 servientes,et
617 728 777 798 quasi
805 727 1121 782 hominibus
1148 728 1416 799 placentes
1448 728 1670 799 (Ephes.
1702 744 1779 794 vr,
1806 729 1881 801 6),

247 821 327 877 sed
358 818 487 887 Deo,
523 816 622 889 qui
657 817 864 887 probat
897 817 1074 872 corda
1102 822 1294 872 vestra
1312 819 1479 889 (437).
1503 818 1572 871 Et
1594 817 1881 888 quoniam

247 905 499 982 praemisit
524 923 535 960 :
562 905 659 960 Dei
687 907 940 961 minister
968 908 1068 971 est,
1102 907 1310 961 vindex
1340 909 1405 962 in
1435 909 1525 961 ira
1556 910 1605 962 ei
1638 908 1742 978 qui
1769 925 1884 962 ma-

249 1002 343 1054 lum
366 997 495 1067 agit,
557 995 774 1050 idcirco
833 995 1176 1065 subjunxit:
1232 997 1356 1051 Ideo
1406 999 1558 1051 enim
1585 1006 1641 1051 et
1673 998 1883 1053 tributa

245 1087 491 1161 prestatis
508 1100 530 1145 ;
562 1084 622 1138 id
658 1087 847 1149 est,ne
878 1085 1271 1155 persequendi
1302 1086 1676 1141 occasionem
1710 1086 1877 1143 detis.

247 1175 457 1232 Hinistri
476 1174 626 1229 enim
656 1173 755 1228 Dei
786 1180 934 1237 sunt,
970 1175 1030 1227 in
1061 1174 1161 1228 hoc
1191 1176 1371 1244 ipsum
1405 1176 1734 1230 servientes.
1772 1177 1879 1230 Mi-

250 1267 433 1322 nistros
463 1262 569 1317 Dei
600 1261 893 1333 principes
922 1267 1109 1327 vocat,
1162 1263 1379 1334 quibus
1431 1281 1465 1318 a
1516 1264 1637 1320 Deo
1674 1265 1882 1322 collata

248 1359 321 1411 est
347 1355 597 1424 potestas
628 1352 699 1406 ad
732 1351 1080 1422 exigendum
1112 1352 1419 1407 tributum.
1456 1352 1634 1408 Unde
1692 1358 1749 1409 et
1779 1371 1881 1426 ge-

250 1442 491 1499 neraliter
523 1456 627 1497 eos
658 1439 992 1506 exhortans,
1026 1440 1311 1511 subjecit:
1344 1442 1580 1498 Reddite
1608 1461 1736 1513 ergo
1768 1462 1883 1501 om-

246 1534 382 1587 nibus
407 1530 595 1585 debita
611 1547 635 1595 ;
665 1529 813 1602 (438)
844 1532 939 1584 cui
966 1531 1248 1596 tributum,
1282 1531 1611 1593 tributum:
1642 1536 1733 1589 cui
1763 1551 1880 1589 vec-

250 1620 656 1690 tigal,vectigal.
689 1618 1019 1687 Tributum,
1054 1623 1117 1674 ut
1146 1619 1385 1690 quidam
1435 1620 1677 1693 volunt,
1712 1640 1745 1678 a
1776 1626 1885 1678 tri—

250 1708 429 1765 buendo
458 1708 699 1763 dicitur.
731 1708 835 1764 Est
859 1709 1013 1764 enim
1064 1723 1294 1779 census,
1326 1712 1427 1764 aut
1470 1711 1751 1767 redditus
1785 1714 1887 1783 qui

1998 553 2294 611 subdidit:
2332 559 2393 612 Et
2415 561 2466 614 si
2493 563 2633 631 quod
2663 573 2741 618 est
2791 566 2945 620 aliud
2973 553 3633 645 mandatumtsubaudi-

1998 645 2110 709 tur,
2146 645 2213 697 ad
2239 644 2605 705 dilectionem
2634 654 2879 723 proximi
2908 658 3246 733 pertinens),
3272 665 3331 717 in
3353 664 3455 719 hoc
3478 667 3641 723 verbo

1996 731 2356 805 instauratur,
2392 736 2448 790 id
2483 743 2589 807 est,
2626 740 2683 795 in
2741 744 2911 799 verbo
2970 747 3295 807 dilectionis
3337 753 3635 825 impletur.

1996 818 2156 875 Unde
2185 827 2239 876 et
2272 825 2548 881 continuo
2608 828 2802 899 ipsum
2850 835 3089 890 verbum
3140 840 3358 905 intulit,
3395 818 3636 900 dicens:

1992 908 2204 979 Diliges
2252 915 2571 981 proximum
2629 925 2783 972 tuum
2835 924 2979 977 sicut
3024 928 3073 979 te
3104 928 3306 997 ipsum.
3343 930 3413 985 Ut
3442 937 3638 987 autem

1992 1000 2324 1055 ostenderet
2381 1005 2677 1093 quomodo
2736 1007 2973 1079 impleat
3030 1012 3237 1085 legem,
3300 1020 3399 1090 qui
3448 1021 3642 1093 diligit

1989 1086 2344 1156 proximum,
2376 1091 2684 1160 subjunxit
2712 1112 2724 1148 :
2761 1098 2986 1155 Dilectio
3012 1106 3260 1171 proximi
3289 1108 3501 1162 malum
3532 1126 3643 1165 non
3686 1166 3693 1169 _

1990 1180 2263 1245 operatur.
2299 1179 2649 1252 Quicunque
2681 1191 2877 1240 sancte
2908 1193 2964 1242 et
2992 1190 3083 1260 pie
3114 1192 3195 1247 ita
3223 1196 3554 1265 proximum
3579 1202 3647 1253 ut

1991 1281 2052 1319 se
2083 1266 2294 1338 diligit,
2325 1270 2604 1339 peccandi
2664 1275 3026 1333 occasionem
3087 1298 3201 1336 non
3262 1284 3469 1353 habet;
3505 1304 3644 1343 nam

1992 1354 2131 1422 quia
2160 1372 2273 1410 non
2306 1357 2432 1412 vult
2461 1362 2528 1412 ut
2557 1376 2665 1415 sua
2714 1379 2857 1418 uxor
2906 1376 3331 1441 corrumpatur,
3362 1375 3484 1445 ipse
3527 1394 3645 1432 non

1993 1444 2317 1515 corrumpit
2345 1445 2612 1516 alterius,
2648 1452 2785 1520 quia
2816 1470 2931 1509 non
2961 1457 3083 1511 vult
3122 1460 3327 1532 occidi,
3362 1444 3465 1519 nec
3518 1465 3647 1537 ipse

1995 1533 2198 1600 quaerit
2223 1534 2487 1590 occidere
2519 1538 2874 1608 proximum.
2910 1545 3001 1599 Sic
3034 1549 3085 1601 et
3122 1564 3225 1618 per
3254 1554 3479 1606 caetera.
3515 1554 3649 1611 Pro-

1994 1620 2218 1676 ximum
2252 1639 2488 1679 omnem
2521 1624 2818 1684 hominem
2867 1632 3006 1687 dicit
3062 1651 3192 1690 cum
3244 1654 3359 1709 quo
3410 1658 3651 1712 peccare

1995 1724 2333 1780 possumus.

252 1798 473 1870 exigitur
505 1814 540 1851 a
573 1796 918 1862 colonis,vel
942 1796 1287 1894 territoriis;
1311 1813 1530 1899 .reve‘ra
1562 1801 1886 1899 autem‘tri-
1920 1834 1966 1899 Β
2068 1799 2360 1899 “militum
2386 1817 2526 1899 ‘67:th
2554 1804 2689 1899 {891:3
2712 1814 2788 1899 35f
2814 1808 3049 1899 (ξίίθσίίο-
3086 1811 3145 1865 Si
3187 1813 3445 1873 Charitas
3477 1820 3653 1889 .luxm

249 1888 425 1942 butum
442 1904 477 1940 a
492 1886 742 1939 tribubus
764 1884 1000 1939 dicitur.
1018 1884 1262 1939 Romani
1278 1884 1579 1955 siquidem
1596 1888 1887 1943 mundum

246 1976 412 2030 intres
429 1978 631 2046 partes
649 1973 1475 2040 diviserunt,Asiam,At‘ricam
1493 1980 1557 2029 et
1574 1980 1887 2048 Europam,

248 2064 437 2135 quibus
459 2062 564 2135 qui
587 2066 874 2133 praeerant
894 2062 1113 2117 tribuni
1136 2062 1516 2132 vocabantur,
1545 2069 1603 2118 et
1624 2066 1722 2136 qui
1758 2084 1891 2121 cen-

244 2167 359 2209 sum
396 2151 729 2218 solvebant,
763 2151 1081 2206 tributarii.
1113 2149 1892 2222 Vectigalautemavehendo

245 2241 442 2298 dictum
469 2246 564 2295 est
593 2258 607 2307 ;
647 2244 735 2295 est
750 2240 905 2295 enim
930 2256 1141 2295 census
1164 2239 1403 2295 ﬁscalis.
1434 2240 1504 2294 Et
1525 2247 1616 2297 est
1645 2260 1888 2302 sensus:

233 2329 387 2400 juxta
402 2328 710 2401 propriam
734 2328 1082 2399 dignitatem
1096 2328 1374 2383 omnibus
1394 2329 1591 2385 debita
1612 2332 1890 2391 solvite:si

240 2418 552 2490 imperator
581 2420 692 2485 est,
715 2416 763 2473 si
789 2433 889 2472 rex
909 2421 1018 2487 est,
1038 2418 1087 2472 si
1111 2417 1403 2489 princeps,
1427 2418 1476 2471 si
1503 2420 1803 2490 magister,
1838 2425 1889 2480 si

238 2506 530 2574 dominus,
556 2505 605 2561 si
627 2512 810 2577 paler,
836 2505 924 2560 vel
950 2505 1238 2577 quidquid
1271 2505 1611 2576 hujusmodi
1641 2526 1653 2562 :
1688 2509 1745 2564 id
1778 2517 1888 2579 est,

238 2593 710 2666 imperatoribus,
734 2594 991 2665 regibus,
1014 2594 1405 2666 principibus,
1429 2595 1651 2651 tributa
1674 2603 1730 2653 et
1760 2617 1886 2657 vec-

240 2683 469 2755 tigalia;
510 2682 796 2754 magistro
828 2687 883 2737 et
904 2682 1075 2754 patri,
1106 2683 1426 2750 honorem;
1452 2684 1689 2740 domino
1717 2687 1885 2745 timo-

238 2788 372 2827 rem.
408 2774 483 2827 Et
520 2771 629 2827 hoc
659 2775 749 2827 est
779 2774 933 2841 quod
964 2772 1274 2827 subditur:
1308 2774 1413 2827 Cui
1443 2774 1884 2843 timorem,timo-

236 2877 385 2923 rem;
416 2862 521 2916 cui
550 2860 827 2927 honorem,
860 2861 1139 2916 honorem.
1173 2860 1283 2915 Sed
1317 2861 1456 2931 quia
1493 2862 1733 2934 longum
1767 2873 1888 2922 erat

234 2966 329 3021 per
357 2948 608 3022 singula
629 2965 997 3017 enumerare,
1048 2948 1177 3003 ideo
1224 2949 1577 3019 generaliter
1620 2953 1889 3013 universa

235 3038 972 3111 compleotens,subjunxit
996 3056 1008 3092 :
1032 3038 1255 3092 Nemini
1283 3038 1579 3109 quidquam
1608 3040 1847 3099 debeatis
1872 3063 1885 3113 ;

230 3128 281 3182 id
314 3134 431 3184 est.
486 3127 766 3183 omnibus
807 3127 979 3196 juxta
1026 3125 1377 3197 dignitatem
1424 3127 1617 3183 debita
1646 3132 1886 3203 reddite,

2003 1903 2200 1942 vocem
2225 1890 2478 1959 Apostoli
2514 1893 2817 1963 plenitudo
2842 1896 2987 1969 legis
3019 1906 3128 1965 est,
3147 1906 3203 1957 et
3224 1902 3376 1959 sicut
3393 1907 3652 1968 Joannes

2003 1976 2160 2047 dicit,
2197 1978 2454 2035 Charitas
2484 1984 2626 2035 Deus
2656 1988 2736 2038 est
2766 1988 2946 2055 (Joan.
2982 2005 3055 2053 IV,
3088 1991 3195 2059 16),
3252 2010 3386 2065 ergo
3434 2004 3490 2050 et
3525 1999 3645 2068 ple-

2004 2066 2207 2120 nitudo
2239 2067 2383 2138 legis
2415 2070 2568 2124 Deus
2600 2077 2706 2137 est,
2743 2074 2841 2143 qui
2876 2074 3056 2133 dixit:
3117 2080 3234 2133 Non
3288 2086 3410 2138 veni
3437 2066 3654 2143 solvere

2004 2158 2171 2226 legem
2198 2156 2289 2211 sed
2313 2158 2618 2229 adimplere
2648 2162 2871 2228 (Matth.
2905 2180 2956 2230 v,
3002 2166 3107 2232 17).
3139 2167 3371 2225 Poterat
3400 2173 3650 2232 fortasse

2002 2245 2070 2298 ad
2107 2244 2225 2299 haec
2252 2244 2467 2317 aliquis
2499 2248 2730 2303 dicere:
2772 2251 3063 2322 Apostole,
3124 2256 3257 2324 quis
3306 2257 3365 2312 in
3416 2264 3651 2319 mortali

2002 2350 2239 2403 corpore
2270 2335 2627 2391 constitutus
2660 2340 2851 2407 potest
2881 2337 3123 2409 implere
3154 2346 3308 2414 quod
3360 2347 3545 2419 dicis;
3591 2352 3651 2407 id

1999 2425 2109 2486 est,
2144 2426 2206 2476 ut
2238 2422 2569 2494 proximum
2604 2424 2902 2496 diligendo
2933 2428 3161 2485 nullum
3193 2432 3414 2492 malum
3448 2456 3650 2512 opere-

1998 2513 2142 2565 tur?
2168 2512 2420 2584 Ideoque
2454 2513 2762 2584 subjungit
2790 2515 3104 2585 Apostolus
3133 2536 3145 2574 :
3178 2521 3241 2574 Et
3297 2525 3394 2581 hoc
3421 2531 3652 2586 scientes

1996 2603 2206 2668 tempus
2236 2600 2381 2671 (439)
2418 2601 2813 2672 (subauditur,
2847 2620 2975 2659 esse
3007 2610 3252 2679 aptum).
3287 2612 3357 2669 Et
3394 2632 3652 2690 congrue

1996 2687 2105 2742 hoc
2132 2694 2364 2759 tempus
2387 2694 2591 2761 aptum
2612 2706 2740 2745 esse
2761 2691 2901 2746 dicit
2922 2693 2994 2748 ab
3021 2695 3239 2754 bonum
3262 2687 3647 2776 operand'um,

1998 2777 2136 2847 quia
2157 2783 2288 2849 post
2303 2778 2455 2833 hanc
2476 2780 2655 2833 vitam
2697 2783 2931 2851 tempus
2980 2784 3090 2839 erit
3137 2787 3455 2863 unicuique
3478 2813 3511 2850 a
3532 2796 3648 2853 Deo

1998 2866 2311 2935 recipiendi
2344 2868 2497 2937 quod
2530 2868 2730 2939 gessit.
2767 2869 2928 2924 Unde
2950 2872 3233 2931 Dominus
3264 2896 3366 2949 per
3396 2886 3648 2956 prophe-

1996 2957 2115 3007 tam
2141 2972 2152 3008 :
2195 2957 2451 3025 Tempore
2480 2966 2698 3026 accepto
2729 2959 2997 3014 exaudiui
3026 2971 3101 3032 te,
3133 2973 3184 3019 et
3240 2968 3302 3021 in
3335 2969 3423 3026 die
3453 2977 3648 3032 salutis

1997 3042 2189 3113 adjuvi
2218 3048 2270 3097 te
2299 3045 2455 3113 (Isai.
2488 3061 2639 3110 XLIX,
2663 3046 2725 3099 81
2758 3066 2770 3113 ;
2805 3049 2859 3103 II
2890 3047 3009 3104 Cor.
3042 3068 3120 3118 v1,
3158 3053 3235 3120 2),
3282 3060 3435 3127 quod
3470 3077 3645 3133 eXpo-

2001 3146 2143 3184 nens
2172 3131 2486 3201 Apostolus
2517 3134 2633 3186 ait:
2672 3135 2800 3189 Ecce
2828 3152 2975 3191 nunc
3022 3147 3232 3211 tempus
3288 3131 3643 3219 acceptabite,

229 3216 476 3283 Verum,
513 3216 652 3287 quia
674 3216 896 3271 bonum
919 3214 1225 3269 charitatis
1256 3232 1371 3269 non
1405 3217 1606 3285 semel,
1632 3220 1727 3272 sed
1758 3198 1890 3276 con;
1921 3198 1962 3262 (ἶ
2000 3233 2116 3271 ecce
2146 3198 2295 3273 nunc
2323 3218 2437 3272 dies
2465 3221 2660 3275 salutis
2692 3221 2875 3293 lIbid.)
2905 3226 2989 3279 Ad
3024 3198 3161 3297 quid
3196 3198 3647 3295 autemrdixerit

226 3306 398 3362 tinue
433 3304 807 3359 reddendum
840 3307 950 3369 est,
985 3302 1187 3356 intulit
1214 3320 1226 3357 :
1258 3303 1382 3357 Nisi
1411 3308 1472 3358 ut
1502 3307 1732 3361 invicem
1760 3309 1888 3364 diti-

219 3398 361 3463 gatis
385 3412 409 3456 ;
448 3407 523 3446 ac
556 3392 605 3445 si
639 3390 891 3445 diceret:
917 3390 1035 3445 Hoc
1059 3389 1387 3447 dilectionis
1420 3394 1637 3450 bonum
1665 3413 1895 3469 semper

218 3482 389 3539 vobis
427 3479 687 3535 invicem
718 3478 1061 3550 persolvetis
1085 3495 1319 3537 necesse
1338 3486 1444 3553 est,
1469 3484 1606 3554 quia
1632 3502 1745 3557 quo
1767 3504 1889 3542 am-

223 3573 379 3644 plius
415 3568 714 3635 redditur,
742 3572 907 3623 tanto
938 3568 1129 3640 magis
1147 3575 1410 3641 augetur.
1435 3573 1504 3627 Et
1536 3578 1600 3627 ut
1622 3577 1889 3632 ostende-

222 3664 303 3716 ret
332 3660 646 3732 quantum
680 3659 898 3711 bonum
930 3656 1011 3711 sit
1042 3656 1291 3730 dilectio,
1310 3661 1559 3731 subjecit
1582 3679 1592 3717 :
1617 3665 1721 3731 Qui
1738 3668 1892 3720 enim

225 3749 410 3819 diligit
438 3748 788 3819 proximum,
826 3747 999 3814 legem
1028 3748 1295 3816 implevit.

294 3838 410 3893 Sed
451 3852 595 3892 cum
628 3835 910 3890 Dominus
945 3835 1004 3888 in
1026 3836 1333 3906 Evangelio
1364 3844 1496 3910 post
1525 3845 1892 3899 commenda-

226 3930 343 3981 tam
373 3924 762 3981 dilectionem
785 3923 884 3979 Dei
908 3928 965 3978 et
984 3924 1234 3994 proximi
1259 3926 1413 3981 dicat
1437 3945 1449 3981 :
1478 3929 1541 3982 In
1571 3928 1657 3983 his
1686 3931 1892 3986 duobus

228 4016 516 4071 mandatis
549 4016 655 4068 tota
689 4014 779 4068 lea:
805 4012 1005 4083 pendet
1034 4012 1241 4082 (Matth.
1275 4031 1414 4085 xxu,
1448 4015 1557 4086 40),
1601 4020 1890 4088 quomodo

228 4103 554 4175 Apostolus
575 4118 710 4156 eum
734 4102 834 4172 qui
854 4102 1189 4172 proximum
1209 4101 1627 4176 diligat,legem
1651 4106 1892 4178 implere

228 4192 414 4247 dicit?
441 4192 537 4247 Ne
569 4204 705 4262 ergo
734 4190 1003 4245 videatur
1024 4190 1404 4260 contrarium,
1430 4193 1893 4251 animadverten-

228 4281 365 4336 dum
402 4285 503 4337 est
538 4280 681 4351 quia
710 4295 825 4333 non
859 4278 941 4333 ait
968 4279 1308 4350 Apostolus,
1338 4284 1518 4336 totam
1547 4282 1756 4354 legem,
1789 4285 1892 4340 sed

226 4372 492 4439 tantum,
528 4368 721 4440 legem
754 4367 938 4431 illam,
971 4368 1173 4423 volens
1204 4369 1527 4442 intelligere
1558 4388 1683 4442 quae
1706 4373 1896 4443 proxi-

226 4460 301 4514 mi
328 4460 513 4531 jubet
548 4456 1119 4521 dilectionem.Quod
1142 4456 1189 4511 si
1222 4461 1402 4513 totam
1428 4457 1613 4531 legem
1647 4460 1892 4534 intelligi

2001 3304 2109 3359 hoc
2142 3311 2373 3378 tempus
2407 3312 2633 3379 aptum,
2664 3311 2922 3381 aperitur
2977 3331 3111 3371 cum
3157 3320 3461 3377 subditur:
3506 3327 3647 3393 Quia

2000 3394 2136 3448 hora
2166 3398 2245 3449 est
2265 3396 2384 3466 jam
2416 3412 2513 3451 nos
2544 3397 2607 3451 de
2642 3414 2827 3455 somno
2876 3418 3139 3473 surgere;
3182 3424 3248 3463 ac
3293 3410 3342 3464 si
3392 3412 3642 3472 diceret:

1998 3481 2109 3536 Diu
2141 3483 2377 3553 quidem
2403 3485 2675 3554 jacuistis
2707 3487 2764 3541 in
2798 3505 3004 3547 somno
3034 3493 3420 3566 inﬁdelitatis,
3447 3516 3649 3573 corpo-

2001 3571 2081 3625 ris
2107 3572 2369 3643 ignaviae,
2408 3578 2464 3628 et
2494 3579 2834 3632 cazterorum
2865 3580 3161 3639 vitiorum.
3217 3588 3366 3643 Hora
3404 3594 3493 3645 est
3516 3591 3641 3661 jam

2000 3676 2256 3727 surgere.
2291 3662 2407 3717 Cur
2438 3669 2632 3719 autem
2662 3667 2787 3735 jam
2820 3667 2958 3727 hora
3016 3672 3112 3739 sit,
3171 3678 3460 3733 ostendit:
3490 3680 3647 3738 Nunc

1998 3750 2149 3803 enim
2177 3754 2400 3822 propior
2427 3758 2501 3807 est
2534 3763 2724 3810 nostra
2751 3759 2921 3824 salus,
2944 3778 3111 3831 quam
3139 3782 3263 3820 cum
3290 3768 3643 3828 credidimus.

2002 3838 2065 3891 Et
2095 3843 2183 3893 est
2213 3858 2423 3895 sensus
2454 3858 2466 3894 :
2503 3844 2641 3912 quia
2672 3845 2797 3900 dies
2820 3848 3029 3916 judicii
3062 3853 3315 3921 advenit,
3350 3860 3406 3910 et
3432 3863 3644 3915 nostra:

1999 3925 2125 3978 vitae
2160 3928 2293 3982 linis
2325 3931 2775 4001 appropinquat,
2838 3934 2963 3991 ideo
3022 3941 3289 4010 proprior
3345 3948 3433 3997 est
3490 3963 3647 4003 nunc

2002 4020 2202 4068 nostra
2230 4016 2414 4081 salus,
2474 4033 2649 4087 quam
2708 4025 2867 4085 tunc,
2929 4042 3061 4080 cum
3102 4030 3478 4100 credidimus,
3508 4035 3648 4103 quia

2001 4119 2115 4172 quo
2147 4104 2433 4173 praeterita
2463 4112 2819 4171 crcscunt,eo
2849 4113 3197 4171 minuuntur
3226 4119 3440 4173 futura.
3485 4120 3647 4178 Salu-

2001 4196 2118 4246 tem
2151 4208 2283 4247 vero
2335 4210 2449 4248 non
2508 4198 2887 4267 temporalem
2947 4202 3105 4271 dicit,
3168 4207 3267 4261 sed
3327 4211 3643 4269 aeternam:

2002 4297 2179 4352 quam
2211 4283 2461 4353 perfecte
2519 4285 2756 4355 quidem
2817 4289 3018 4346 ﬁdeles
3072 4295 3419 4368 percipiunt,
3449 4315 3584 4355 cum
3616 4319 3647 4358 e

2003 4371 2343 4440 corporibus
2406 4378 2635 4441 exeunt,
2697 4378 3010 4447 perfectius
3067 4386 3265 4440 tamen
3324 4388 3648 4460 percipient

2003 4475 2137 4514 cum
2169 4477 2202 4514 a
2232 4462 2480 4516 mortuis
2510 4468 2978 4524 resurrrexerint.

225 4546 435 4618 voluit,
474 4563 593 4602 nec
626 4545 710 4600 sic
740 4543 1098 4600 contrarium
1157 4548 1262 4601 est.
1322 4546 1428 4609 Qui
1489 4547 1646 4603 enim
1700 4549 1897 4621 diligit
1926 4569 1972 4632 D
2075 4549 2393 4620 Sequitur:
2424 4552 2543 4606 No.1:
2564 4558 2861 4623 praecessit,
2894 4562 2998 4614 etc.
3038 4560 3151 4615 Iste
3183 4568 3420 4619 sanctus
3463 4566 3645 4637 Apos-

224 4636 434 4705 Deum,
458 4635 667 4706 diligit
688 4634 892 4705 utique
915 4634 1269 4705 proximum,
1290 4636 1566 4706 quoniam
1588 4638 1711 4709 ipse
1727 4640 1897 4708 jubet

226 4725 473 4798 diligere
497 4724 843 4798 proximum
870 4741 882 4790 ;
908 4728 964 4778 et
986 4722 1085 4795 qui
1114 4723 1443 4794 proximum
1468 4726 1675 4799 diligit,
1694 4728 1896 4800 utique

226 4814 418 4887 diligit
450 4820 515 4870 et
548 4814 759 4883 Deum,
793 4813 1071 4885 quoniam
1119 4813 1245 4881 ejus
1290 4813 1491 4885 implet
1520 4823 1890 4889 przeccptum.

225 4901 349 4974 Ipse
374 4909 595 4959 autem
620 4903 677 4956 in
698 4901 1004 4973 Evangelio
1026 4901 1204 4957 dicit:
1241 4903 1345 4969 Qui
1386 4904 1575 4975 diligit
1607 4923 1711 4974 me,
1744 4924 1895 4961 man-

226 4990 353 5049 data
384 5010 518 5049 mea
548 4992 799 5047 servabit
832 4992 1008 5061 (Joan.
1041 5008 1158 5056 xxv,
1188 4992 1301 5057 15.)
1334 4990 1403 5046 Ut
1461 4997 1654 5048 autem
1702 5002 1894 5051 osten-

228 5082 388 5138 deret
421 5099 619 5155 quam
651 5080 859 5135 dixerit
888 5079 1095 5150 legem,
1120 5079 1366 5149 adjecit:
1394 5082 1530 5135 Nam
1556 5099 1663 5137 non
1692 5085 1895 5139 occides

228 5170 646 5240 (subauditur,
680 5170 964 5240 scriptum
995 5168 1126 5238 est),
1160 5183 1269 5222 non
1301 5169 1775 5235 adulterabismon
1804 5175 1894 5242 fu-

226 5260 467 5325 raberis,
503 5275 622 5314 non
674 5258 1038 5328 concupisces,
1097 5271 1208 5310 non
1262 5256 1467 5325 falsum
1525 5260 1897 5316 testimonium

226 5348 393 5406 dices.
428 5350 507 5405 Et
544 5346 688 5419 quia
716 5364 829 5402 non
860 5344 1056 5401 omnia
1109 5347 1605 5415 commemoravit,
1642 5364 1769 5419 quae
1824 5350 1895 5404 ad

296 5544 459 5615 (437)
495 5542 590 5615 En
619 5540 951 5615 pontiﬁcem
982 5537 1334 5613 evangelicis
1363 5556 1491 5597 vere
1522 5543 1809 5614 moribus,
1841 5549 1899 5602 et

228 5612 515 5673 doctrina
545 5612 861 5671 imbutum.

2007 4638 2598 4711 stolus,Evangelium
2636 4644 3023 4713 praedicando,
3048 4665 3193 4718 pene
3225 4655 3415 4707 totum
3446 4654 3647 4711 orbem

2001 4731 2290 4782 terrarum
2322 4728 2668 4797 circumivit,
2703 4736 2758 4785 et
2788 4732 2922 4800 quia
2950 4734 3095 4790 vidit
3127 4754 3257 4793 cum
3292 4740 3351 4794 in
3390 4744 3647 4800 tenebris

2003 4815 2363 4871 inﬁdelitatis
2395 4821 2451 4870 et
2479 4817 2835 4889 reliquorum
2880 4823 3152 4879 vitiorum
3196 4827 3411 4897 jacere,
3453 4831 3649 4887 excla-

2004 4906 2183 4959 mavit
2208 4921 2219 4959 :
2246 4906 2363 4959 No.1:
2378 4909 2677 4975 praecessit,
2704 4909 2924 4965 scilicet
2956 4913 3207 4985 antiqua
3261 4918 3556 4987 etscitatis,
3588 4920 3646 4973 id

2003 4998 2091 5047 est
2118 4992 2479 5049 inﬁdelitatis
2506 5013 2518 5060 ;
2552 4996 2664 5050 dies
2693 5002 2877 5054 autem
2909 5005 3377 5075 appropinquavit
3422 5010 3646 5059 aeternas

2004 5080 2232 5147 salutis,
2254 5080 2313 5136 id
2346 5087 2436 5137 est
2456 5083 2580 5138 dies
2603 5086 2736 5141 ﬁdei
2760 5092 2815 5141 et
2849 5094 3187 5147 ceterarum
3214 5094 3520 5158 virtutum,
3546 5091 3648 5161 qui

2004 5175 2143 5224 tunc
2167 5171 2420 5239 advenit,
2448 5189 2578 5226 cum
2599 5174 2864 5233 Christus
2888 5196 2988 5250 per
3012 5180 3352 5252 mysterium
3382 5181 3649 5236 Incarna-

2005 5258 2181 5313 tionis
2203 5259 2261 5312 in
2290 5261 2507 5315 mundo
2527 5266 2817 5333 apparuit,
2835 5268 3005 5337 cujus
3026 5268 3157 5322 ﬁdei
3184 5266 3312 5321 luce
3333 5265 3648 5326 inﬁdelita-

2006 5347 2084 5401 tis
2115 5348 2363 5403 tenebrie
2396 5354 2535 5405 sunt
2590 5352 2873 5425 effugata}.
2940 5358 3005 5410 Et
3060 5354 3198 5424 quia
3226 5355 3509 5424 praemisit
3537 5375 3650 5418 nox

2100 5543 2221 5621 ᾁξξῖ)
2251 5545 2315 5621 _I_n
2349 5562 2534 5621 marg.
2568 5552 2761 5619 autog,
2798 5546 2891 5601 hic
2921 5547 3134 5621 legitur
3160 5564 3287 5621 cap.
3323 5550 3512 5611 XLIV.

2100 5616 2219 5691 439)
2251 5616 2353 5674 Hic
2385 5618 2444 5674 in
2475 5616 2661 5691 marg,
2693 5616 2886 5692 autog.
2921 5616 3135 5697 legitur
3164 5616 3289 5701 cap.
3323 5624 3488 5707 XLV,
