4090 6170
413 330 532 390 263

1435 307 1774 372 ATTONIS
1821 305 2410 382 VERCELLENSIS
2454 301 2802 366 EPISCOPI

3701 305 3816 364 264

412 457 710 529 praecessit,
743 451 958 508 idcirco
988 448 1298 505 exhortans
1329 441 1671 514 subjungit:
1723 440 2063 507 Adiiciamus
2090 438 2144 506 Α
2178 441 2244 492 ut
2267 437 2596 529 ostenderet
2617 453 2742 507 quae
2765 435 2884 529 sint
2921 431 3285 529 armaqlucis,
3311 436 3412 488 aut
3441 431 3651 529 inAquo
3680 433 3814 506 sint,

413 563 544 616 ergo
575 561 740 616 opera
769 543 1156 598 tenebrarum;
1187 537 1245 590 id
1277 538 1384 604 est,
1418 529 1781 587 inﬁdelitatis
1811 534 1866 584 et
1894 535 2060 583 caete-

415 651 612 690 rorum
644 631 943 687 vitiorum.
983 629 1207 683 Rursus
1236 623 1374 695 quia
1405 619 1687 694 praemisit
1715 620 1837 674 dies
1873 622 2061 672 autem

412 722 894 795 apprOpinquavit,
914 719 1042 772 ideo
1065 715 1156 769 hic
1175 728 1406 786 quoque
1429 710 1726 766 subditur:
1755 707 2062 762 lmtuamur

413 830 572 869 arma
606 813 766 880 lucis,
800 810 856 864 id
890 811 996 870 est,
1033 805 1225 869 ﬁdem,
1251 817 1435 873 spem,
1461 798 1824 863 charitatem,
1844 801 1900 850 et
1930 795 2059 849 reli-

413 919 564 974 quas
593 901 858 963 virtutes,
895 913 1021 967 quze
1056 894 1200 947 bene
1238 907 1402 944 arma
1448 887 1744 949 dicuntur,
1777 885 2052 956 quoniam

413 971 506 1048 bis
536 988 747 1060 gladiis
795 1001 958 1040 arma
1005 979 1220 1036 diaboli
1281 981 1652 1049 superantur.
1705 974 1867 1028 Unde
1915 971 2053 1027 alibi

409 1078 761 1152 Apostolus:
794 1074 1009 1129 Induite
1040 1087 1128 1125 vos
1166 1073 1514 1123 armaturam
1570 1065 1686 1130 Dei,
1722 1071 1781 1116 ut
1832 1062 2054 1133 possitis

412 1151 661 1224 resistere
690 1165 949 1218 adversus
976 1159 1208 1214 insidias
1238 1156 1462 1221 diaboli,
1495 1156 1543 1208 et
1573 1154 1632 1206 in
1662 1151 1911 1206 omnibus
1939 1166 2056 1221 per-

409 1258 544 1328 fecti
572 1259 719 1309 stare
749 1253 955 1324 (Ephes.
992 1267 1068 1315 v1,
1105 1248 1214 1314 11).
1255 1245 1422 1300 Lucis
1480 1247 1675 1296 autem
1732 1257 1896 1295 arma
1924 1240 2052 1294 ideo

407 1347 708 1411 dicuntur,
742 1339 1021 1411 quoniam
1054 1337 1172 1390 vita
1204 1333 1462 1388 ﬁdelium
1513 1331 1570 1386 in
1621 1329 2054 1402 comparatione

408 1433 734 1490 inﬁdelium
768 1429 870 1483 lux
898 1432 985 1483 est
1017 1430 1074 1481 et
1104 1424 1228 1479 dies
1255 1447 1269 1490 ;
1301 1422 1400 1478 sed
1434 1420 1528 1475 hic
1560 1420 1684 1474 dies
1742 1418 2052 1490 permistas

409 1521 583 1577 habet
607 1519 878 1575 tenebras
897 1515 1172 1587 quoniam
1197 1512 1406 1566 militia
1418 1514 1494 1564 est
1510 1512 1621 1563 vita
1636 1508 1873 1562 hominis
1892 1523 2055 1576 super

407 1613 617 1665 terram
648 1606 785 1678 (Job.
803 1605 1006 1674 v11,i);
1042 1607 1182 1657 tunc
1213 1603 1406 1656 autem
1442 1599 1566 1653 sine
1596 1597 1872 1652 omnibus
1892 1600 2052 1650 tene-

406 1698 528 1752 bris
558 1697 688 1763 erit,
721 1711 854 1749 cum
885 1691 1049 1748 electi
1088 1687 1424 1746 zeternitatis
1481 1687 1611 1741 luce
1660 1685 2050 1757 perfruentur.

410 1786 480 1841 Ut
501 1789 698 1840 autem
721 1775 1534 1850 ostenderetquomodoindui
1550 1775 1868 1872 debeamus
1889 1789 2050 1872 arma
2083 1809 2130 1872 Β

407 1874 576 1942 lucis,
601 1870 885 1942 subjecit:
922 1869 1070 1923 Sicut
1100 1868 1156 1920 in
1189 1866 1276 1920 die
1305 1865 1520 1919 honeste
1548 1863 1912 1918 ambulemus.
1945 1860 2052 1916 Ubi

406 1961 786 2034 quaerendum
817 1962 906 2012 est
937 1972 1114 2028 quare
1145 1953 1372 2008 addidit
1399 1955 1538 2006 sicut
1569 1953 1624 2005 in
1659 1951 1764 2004 die.
1798 1949 2048 2016 Scilicet,

406 2051 546 2123 quia
574 2049 673 2120 qui
708 2061 812 2119 per
841 2049 1068 2101 noctem
1103 2043 1427 2105 ambulant,
1462 2039 1652 2096 solent
1681 2038 1964 2104 distincti,
1995 2042 2052 2093 et

405 2136 780 2208 incompositi
809 2134 893 2189 ire
920 2152 931 2188 :
959 2132 1200 2204 quidam
1231 2131 1406 2185 etiam
1435 2128 1597 2196 nudi,
1623 2126 1900 2198 quoniam
1934 2143 2049 2180 non

403 2227 678 2280 videntur
707 2225 778 2278 ab
807 2221 938 2276 aliis
962 2239 975 2288 ;
997 2220 1096 2291 qui
1130 2236 1260 2274 vero
1292 2234 1394 2288 per
1423 2217 1600 2282 diem,
1629 2216 1966 2272 omnimodo
1989 2231 2050 2270 se

406 2315 784 2384 componunt,
802 2325 872 2363 ne
889 2309 1286 2378 inspectorum
1306 2305 1503 2360 oculos
1527 2304 1838 2359 oﬁ‘endant.
1854 2302 2052 2357 Voluit

407 2419 538 2471 ergo
569 2400 893 2463 ostendere,
929 2395 1067 2468 quia
1095 2411 1332 2450 necesse
1361 2399 1472 2459 est,
1509 2398 1570 2448 ut
1615 2393 1699 2447 sic
1747 2409 1852 2447 nos
1884 2390 2050 2446 bonis

405 2489 680 2562 operibus
705 2489 1083 2554 adornemus,
1107 2489 1161 2538 et
1184 2483 1241 2537 in
1265 2481 1572 2554 splendore
1588 2479 1870 2534 virtutum
1898 2480 2050 2534 ince-

405 2582 715 2644 damus,ne
734 2576 833 2631 Dei
852 2573 1198 2646 inspectoris
1225 2571 1405 2626 nostri
1432 2571 1628 2625 oculos
1654 2569 2050 2636 offendamus;

405 2669 460 2722 id
492 2671 601 2733 est,
625 2666 682 2720 in
716 2664 884 2719 bonis
906 2663 1200 2733 operibus,
1230 2677 1343 2714 non
1372 2659 1642 2713 humanae
1665 2656 1858 2711 laudis
1883 2673 2055 2728 appe-

404 2757 724 2818 titum,non
748 2752 910 2806 lucra
928 2756 1176 2814 terrena,
1203 2749 1302 2803 sed
1327 2747 1436 2802 hoc
1472 2746 1660 2800 solum
1700 2762 2054 2816 quaeramus,

404 2850 471 2901 ut
495 2843 576 2898 illi
610 2841 969 2914 placeamus.
1004 2839 1205 2910 Igitur,
1240 2836 1378 2908 quia
1408 2837 1674 2890 hortatus
1704 2839 1881 2904 est,ut
1913 2832 2058 2903 abji-

404 2949 672 2990 ceremus
702 2947 878 3001 opera
908 2929 1304 2989 tenebrarum,
1337 2931 1402 2980 ut
1434 2925 1764 2979 ostenderet
1793 2940 1920 2994 quae
1966 2938 2054 2976 es-

400 3031 550 3092 sent,
575 3019 826 3090 subjecit
851 3035 864 3074 :
894 3020 1011 3073 Non
1042 3019 1102 3071 in
1130 3014 1638 3079 comessationibus,
1665 3017 1773 3066 etc.
1819 3011 2053 3066 Comes-

396 3112 544 3168 satio
576 3109 812 3175 dicitur,
849 3107 1017 3179 quasi
1050 3121 1265 3160 mensa:
1297 3103 1566 3158 collatio:
1624 3118 1749 3173 quae
1807 3105 1933 3155 tum
1966 3100 2051 3156 ﬁt.

395 3216 529 3255 cum
560 3217 594 3255 a
619 3197 886 3260 diversis,
915 3194 1162 3264 diversa,
1186 3195 1270 3249 vel
1297 3210 1330 3247 a
1348 3191 1551 3247 multis
1576 3189 1760 3246 multa
1783 3189 1839 3242 in
1859 3205 2042 3242 unum
2073 3173 2116 3240 C

395 3289 877 3356 conferuntur,ut
894 3283 1073 3339 simul
1090 3281 1416 3354 epulentur.
1439 3285 1590 3335 Inter
1619 3282 1822 3333 cmtera
1845 3287 2041 3331 autem

392 3378 580 3433 multa
608 3375 766 3440 vitia,
829 3391 896 3428 ex
954 3371 1376 3427 comessatione
1432 3370 1680 3424 ebrietas
1740 3367 2036 3432 nascitur;

389 3467 639 3537 ideoque
672 3480 803 3518 mox
838 3461 1000 3515 addit
1023 3477 1034 3513 :
1059 3463 1121 3513 Et
1141 3459 1509 3512 ebrietatibus.
1533 3459 1781 3510 Sursum
1804 3454 1941 3524 quia
1971 3471 2040 3507 ex

389 3554 668 3609 ebrietate
690 3550 869 3604 libido
893 3551 1222 3620 generatur,
1245 3544 1457 3615 adjecit
1483 3561 1494 3598 :
1518 3547 1633 3598 Non
1656 3545 1712 3597 in
1736 3543 2032 3597 cubilibus.

388 3639 590 3696 Cubile
623 3656 656 3693 a
687 3637 974 3703 cubando,
1005 3636 1060 3688 id
1086 3639 1193 3694 est.
1220 3651 1253 3688 a
1274 3633 1422 3687 Γωᾱο
1464 3632 1774 3686 concubitu
1803 3630 2033 3695 dicitur,

388 3729 545 3802 quod
579 3707 768 3798 magis
800 3723 956 3789 feris,
990 3727 1046 3778 et
1076 3723 1280 3778 bestiis
1335 3721 1602 3793 congruit
1641 3736 1817 3790 quam
1852 3719 2034 3774 homi-

387 3819 563 3873 nibus
595 3815 816 3871 ratione
846 3812 1166 3867 utentibus.
1218 3810 1419 3882 lgitur,
1483 3809 1620 3880 quia
1650 3809 1708 3862 in
1741 3807 2032 3864 cubilibus

385 3910 694 3979 patrantur
724 3901 1112 3958 immunditiae
1136 3906 1193 3955 et
1225 3899 1652 3966 fornicationes,
1678 3897 1889 3966 adjecit
1923 3915 1935 3951 :
1968 3899 2032 3953 Et

384 3996 762 4052 immunditiis
791 3992 956 4065 (440).
1018 3991 1136 4046 Non
1192 3990 1251 4044 in
1311 3989 1670 4044 contentione.
1730 3987 2030 4042 Contentio

383 4089 471 4142 est
505 4083 851 4141 animositas
883 4080 1120 4150 mentis,
1153 4078 1211 4134 id
1239 4082 1328 4134 est
1359 4078 1519 4133 furor
1561 4077 1763 4141 animi,
1797 4091 1864 4130 ex
1894 4093 2026 4146 qua,

383 4174 522 4245 quia
551 4190 701 4244 smpe
731 4171 994 4226 nascitur
1019 4167 1257 4234 invidia,
1291 4172 1393 4221 aut
1425 4165 1616 4230 dolus,
1649 4165 1862 4220 idcirco
1891 4166 2028 4220 sub-

375 4261 688 4332 jungitur:
727 4261 792 4312 Et
816 4258 1190 4322 aemulatione,
1223 4254 1309 4308 vel
1344 4259 1409 4308 ut
1439 4255 1702 4325 quaedam
1736 4253 2030 4324 exempla-

382 4348 468 4404 ria
499 4347 738 4412 habent,
770 4345 910 4399 dolo.

452 4437 561 4491 Sed
595 4435 866 4508 qumrend
879 4449 976 4487 um
1000 4437 1089 4488 est
1113 4448 1293 4503 quare
1314 4429 1626 4501 Apostolus
1639 4435 1890 4501 quatuor
1905 4447 2027 4485 car-

386 4524 622 4580 nalibus
639 4522 797 4577 vitiis
818 4522 933 4576 duo
953 4519 1241 4592 spiritalia
1257 4519 1640 4589 conjunxit,id
1661 4524 1766 4585 est,
1790 4523 2027 4574 conten-
2058 4541 2106 4605 D

382 4614 626 4680 tionem,
651 4611 1015 4667 etinvidiam.
1040 4609 1294 4672 Scilicet,
1337 4607 1474 4679 quia
1519 4607 1817 4662 ostendere
1848 4607 2030 4662 voluit
2105 4657 2118 4666 ,

387 4702 665 4774 quoniam
690 4705 747 4754 et
770 4701 892 4754 haec
917 4696 1294 4764 duo,nonnisi
1319 4697 1417 4767 qui
1443 4694 1701 4750 carnales
1720 4700 2028 4767 sunt,ope-

384 4791 889 4845 rantur.Attamen
925 4786 1250 4852 sciendum,
1277 4785 1414 4855 quia
1443 4785 1649 4840 beatus
1666 4783 2029 4856 Augustinus

385 4880 497 4934 tria
520 4877 712 4933 solum
737 4877 876 4930 vitia
895 4876 1002 4930 hoc
1029 4875 1152 4930 loco
1176 4891 1665 4929 commemorasse
1685 4873 2026 4945 Apostolum

381 4969 525 5024 dicit
557 4984 570 5023 :
604 4966 750 5020 Nam
785 4963 1332 5019 commessationem
1367 4968 1424 5018 et
1469 4964 1807 5018 ebrietatem
1844 4979 2022 5017 unum

380 5057 590 5129 accipit
620 5074 632 5123 ;
662 5052 932 5109 similiter
961 5051 1176 5108 cubilia
1206 5056 1263 5107 et
1293 5051 1717 5121 immunditias,
1739 5052 1821 5106 ita
1850 5052 2026 5106 etiam

380 5146 810 5203 contentionem
843 5147 898 5197 et
928 5140 1357 5196 azmulationem
1388 5159 1400 5206 ;
1436 5141 1679 5212 ideoque
1709 5141 1873 5195 illum
1907 5141 2028 5196 haec

377 5236 488 5290 tria
513 5240 740 5290 tantum
773 5247 1262 5287 commemorasse
1304 5231 1462 5297 dicit,
1496 5229 1772 5301 quoniam
1821 5245 1887 5284 ex
1935 5228 2027 5284 his

376 5322 534 5378 velut
565 5322 778 5387 radice,
801 5320 994 5376 omnis
1024 5318 1299 5374 vitiorum
1326 5318 1575 5391 pullulat
1595 5335 1779 5390 seges.
1806 5318 2026 5373 Rursus

483 5516 604 5587 440)
635 5516 804 5588 Yulg.
839 5518 1228 5587 impudicitiis.

483 5517 604 5587 440)
635 5517 804 5588 Vulg.
839 5518 1228 5587 impudicitiis.

459 5517 614 5674 i441)
644 5586 749 5647 Hic
779 5587 837 5644 in
866 5589 1076 5663 Autog.
1110 5601 1296 5660 marg.
1329 5584 1542 5660 legitur
1567 5600 1692 5658 cap.
1726 5583 1915 5642 XLVI.

2176 525 2477 597 adjunxit:
2536 527 2639 581 Sed
2686 524 2896 580 induite
2941 523 3235 578 Dominum
3271 524 3452 578 Jesum
3503 522 3817 587 Christum;

2173 616 2284 670 hoc
2314 621 2400 671 est
2431 615 2486 669 in
2519 614 2618 670 Die
2651 615 2888 669 honeste
2920 610 3239 667 ambulare.
3269 611 3580 666 Dominum
3611 611 3815 668 Jesum

2173 722 2280 759 nos
2311 708 2508 759 monet
2556 704 2834 769 induere;
2865 701 2921 755 id
2981 705 3090 767 est,
3151 701 3346 771 ﬁdem,
3385 700 3716 768 veritatem,
3761 706 3818 757 et

2171 802 2410 849 cunctas
2443 793 2833 863 virtutes,quze
2863 790 2924 844 in
2954 789 3182 844 Christo
3214 789 3813 860 interpretantur.Sed

2171 882 2310 953 quia
2337 882 2456 936 haic
2489 899 2649 936 arma
2681 881 2923 935 induere
2955 896 3067 932 non
3118 883 3326 949 potest,
3349 878 3452 949 qui
3492 879 3652 933 curis
3709 897 3812 934 saa-

2170 971 2466 1025 cularibus
2497 969 2851 1041 implicatur,
2885 967 3099 1037 adjecit
3127 983 3140 1020 :
3173 967 3235 1021 Et
3267 969 3447 1033 carni,
3497 973 3697 1024 vestrae
3730 985 3818 1022 cu-

2168 1075 2290 1114 ram
2317 1077 2388 1114 ne
2415 1061 2655 1130 feceritis
2687 1061 2746 1113 in
2777 1057 3084 1112 desideriis.
3117 1057 3264 1126 (441)
3295 1056 3563 1110 Prasvidit
3602 1057 3819 1128 quippe

2165 1147 2497 1219 Apostolus,
2532 1147 2672 1219 quia
2701 1146 2826 1202 sine
2857 1163 2996 1200 cura
3045 1144 3239 1200 carnis
3286 1145 3462 1199 homo
3490 1145 3818 1200 subsistere

2166 1255 2281 1292 non
2314 1242 2522 1308 potest,
2557 1237 2803 1308 ideoque
2834 1235 3084 1304 adjecit:
3113 1235 3176 1288 In
3207 1233 3510 1289 desideriis.
3544 1236 3622 1289 Ac
3653 1233 3704 1288 si
3736 1234 3818 1288 di-

2164 1331 2353 1382 ceret:
2388 1326 2533 1382 Fieri
2567 1343 2680 1380 non
2711 1329 2900 1396 potest
2929 1329 2994 1378 ut
3024 1322 3216 1378 carnis
3244 1339 3443 1377 curam
3489 1339 3605 1378 non
3638 1322 3815 1378 facia-

2165 1414 2241 1468 tis
2268 1432 2281 1481 ;
2316 1414 2365 1468 si
2397 1430 2532 1485 ergo
2557 1414 2830 1480 feceritis,
2858 1429 2974 1467 non
3008 1413 3067 1465 in
3099 1410 3423 1477 desideriis,
3459 1411 3517 1465 id
3557 1415 3667 1474 est,
3698 1427 3816 1466 non

2162 1503 2224 1558 in
2256 1502 2770 1574 concupiscentiis,
2804 1500 2890 1556 vel
2922 1506 2987 1556 ut
3017 1498 3322 1555 desideriis
3353 1499 3565 1554 vestris
3590 1499 3818 1554 satisfa-

2165 1591 2354 1647 ciatis.
2383 1593 2504 1655 Quo
2537 1591 2691 1646 dicto
2723 1589 3015 1646 evidenter
3047 1588 3329 1655 insinuat,
3353 1587 3635 1658 quoniam
3676 1604 3820 1643 cura

2163 1681 2356 1736 carnis
2387 1679 2658 1736 habenda
2687 1683 2775 1734 est
2807 1679 2866 1732 in
2900 1676 3597 1744 necessariis,adimenda
3617 1681 3818 1732 autem

2164 1771 2221 1825 in
2261 1769 2596 1840 superﬁuis.
2630 1772 2696 1823 Et
2727 1768 2834 1824 hoc
2864 1772 2971 1832 est,
3005 1767 3160 1838 quod
3214 1765 3491 1821 Dominus
3531 1766 3592 1820 in
3626 1766 3817 1821 Evan-

2162 1859 2311 1929 gelio
2343 1858 2517 1914 dicit:
2551 1858 2734 1913 Nolite
2765 1857 2987 1913 solliciti
3013 1872 3124 1912 esse
3157 1858 3219 1910 in
3265 1858 3569 1911 crastinum
3599 1855 3815 1926 (Matth.

2160 1965 2238 2018 v1,
2268 1948 2398 2014 3i);
2435 1947 2534 2001 ubi
2593 1948 2798 2002 beatus
2861 1947 3276 2018 Hieronymus:
3333 1945 3508 2001 Labor
3559 1961 3815 2001 exercen-

2161 2037 2262 2091 dus
2290 2037 2438 2107 (442)
2467 2041 2563 2104 est,
2597 2035 2904 2092 sollicitudo
2935 2035 3191 2090 tollenda.

2232 2160 2518 2216 Praeterea
2545 2160 2876 2226 sciendum,
2903 2159 3181 2230 quoniam
3203 2157 3449 2229 gentiles
3485 2159 3816 2225 credentes,

2163 2251 2308 2304 adeo
2365 2251 2542 2304 fortes
2597 2253 2654 2304 et
2699 2248 2935 2321 perfecti
2995 2252 3158 2302 erant
3213 2248 3269 2301 in
3327 2248 3460 2316 ﬁde,
3495 2252 3558 2301 ut
3618 2249 3820 2304 omnia

2163 2338 2388 2392 munda
2416 2337 2714 2392 crederent
2743 2355 2756 2403 ;
2788 2337 3034 2408 ideoque
3057 2336 3229 2390 etiam
3261 2335 3377 2390 illis
3405 2337 3816 2404 vescebantur,

2164 2443 2292 2497 qua:
2328 2426 2622 2497 prohibita
2652 2430 2788 2481 sunt
2818 2426 2876 2480 in
2908 2425 3053 2497 lege,
3089 2426 3337 2480 scientes
3369 2441 3438 2479 ea
3470 2427 3578 2480 sub
3627 2426 3819 2498 ﬁgura

2166 2515 2461 2586 prohibita
2495 2531 2506 2568 :
2540 2515 2723 2590 Judaei
2779 2519 2972 2569 autem
3033 2515 3331 2569 credentes
3375 2515 3594 2569 inﬁrmi
3627 2521 3814 2584 erant,

2165 2620 2270 2658 nec
2302 2603 2432 2658 aliis
2465 2603 2618 2658 vesci
2651 2603 2875 2659 licitum
2907 2605 3210 2675 putabant,
3231 2608 3437 2674 praeter
3457 2620 3584 2674 qua:
3606 2605 3663 2658 in
3687 2605 3817 2677 lege

2164 2697 2454 2762 praecepta
2484 2697 2641 2746 sunt.
2675 2693 2891 2747 Videns
2950 2708 3084 2763 ergo
3141 2691 3456 2762 Apostolus
3511 2693 3659 2747 hanc
3691 2695 3817 2749 dis-

2167 2780 2516 2848 sentionem,
2550 2785 2613 2833 ut
2643 2797 2741 2834 eos
2789 2781 2857 2835 ad
2925 2797 3124 2851 pacem
3180 2786 3492 2850 revocaret,
3527 2782 3815 2852 subjecit:

2169 2869 2320 2939 (CAP.
2344 2869 2511 2936 XIV.)
2536 2870 2824 2938 inﬁrmum
2853 2877 3036 2923 autem
3069 2871 3127 2923 in
3157 2869 3266 2937 ﬁde
3293 2872 3577 2924 assumite.
3609 2872 3817 2926 Genti-

2167 2957 2280 3012 bus
2307 2958 2463 3012 enim
2495 2957 2602 3012 hoc
2660 2958 2910 3024 dicebat,
2947 2973 3074 3028 quae
3110 2959 3269 3012 adeo
3328 2958 3514 3014 ﬁrma:
3561 2965 3729 3014 erant
3760 2961 3819 3014 in

2169 3046 2304 3112 ﬁde,
2336 3051 2401 3101 ut
2425 3046 2625 3102 omnia
2653 3047 2955 3101 crederent
3013 3047 3262 3114 munda;
3313 3050 3370 3100 et
3425 3051 3513 3101 est
3560 3063 3813 3104 sensus:

2167 3133 2471 3189 Inﬁrmum
2490 3135 2761 3190 Judaeum
2784 3135 2840 3188 in
2876 3134 3073 3200 ﬁde,id
3096 3138 3204 3203 est,
3223 3150 3336 3188 non
3358 3135 3558 3189 omnia
3591 3137 3819 3192 munda

2157 3224 2545 3294 putantem,in
2567 3223 2926 3278 consortium
2948 3228 3210 3278 vestrum
3235 3223 3520 3279 assumite
3546 3240 3558 3277 :
3587 3223 3636 3279 si
3667 3224 3819 3280 forte

2151 3311 2211 3365 in
2247 3311 2356 3365 ﬁde
2391 3313 2675 3382 proﬁciat,
2711 3317 2768 3366 et
2798 3329 2868 3366 ne
2893 3312 3172 3382 judicetis
3205 3328 3338 3366 eum
3389 3313 3734 3383 reprobum,
3761 3319 3815 3368 et

2148 3399 2576 3470 imperfectum.
2612 3402 2680 3456 Et
2711 3400 2820 3456 hoc
2845 3405 2935 3456 est
2963 3401 3118 3472 quod
3151 3402 3452 3471 sequitur:
3480 3402 3600 3456 Non
3629 3405 3691 3456 in
3726 3403 3811 3458 di-

2145 3491 2564 3560 sceptationibus
2604 3492 2999 3559 cogitationum
3018 3507 3039 3551 ,ο
3069 3490 3127 3544 id
3185 3495 3292 3553 est,
3320 3507 3434 3545 non
3495 3495 3560 3545 ut
3590 3491 3812 3563 cogita-

2147 3577 2340 3633 tiones
2355 3580 2484 3648 ejus
2502 3578 2936 3648 dijudicetis,de
2960 3579 3175 3650 quibus
3199 3577 3603 3649 solusjudieat
3628 3581 3805 3636 Deus.

2144 3665 2326 3737 Elegit
2355 3668 2570 3738 quippe
2598 3669 2929 3738 Apostolus,
2961 3674 3025 3722 ut
3054 3669 3181 3738 ejus
3210 3669 3524 3724 inﬁrmitas
3538 3675 3807 3740 portare-

2139 3759 2256 3819 tur,
2290 3759 2580 3825 quatenus
2655 3756 2713 3809 in
2775 3756 2888 3811 ﬁde
2919 3757 3228 3812 recederet.
3261 3757 3480 3813 Undeet
3510 3758 3798 3828 subjecit:

2141 3844 2298 3898 Alius
2329 3844 2549 3915 quidem
2591 3861 2616 3898 s
2680 3845 2853 3900 credit
2880 3847 3214 3900 manducare
3243 3847 3432 3901 omnia
3459 3867 3477 3912 ;
3503 3846 3613 3901 hoc
3641 3847 3800 3902 enim

2139 3932 2210 3987 de
2241 3932 2441 4004 gentili
2488 3933 2650 3998 dicit,
2683 3934 2782 4005 qui
2813 3934 3012 3988 omnia
3043 3935 3219 4004 licita,
3254 3939 3312 3989 et
3343 3935 3563 3990 munda
3596 3937 3799 3991 crede-

2139 4022 2239 4076 bat
2268 4040 2279 4077 :
2315 4022 2536 4077 vacatio
2569 4039 2822 4094 namque
2854 4022 2951 4078 Dei
2983 4022 3178 4078 nullos
3209 4023 3479 4094 prohibet
3507 4024 3802 4090 cibos,sed

2139 4111 2284 4166 ratio
2316 4111 2680 4166 abstinentia)
2711 4111 2878 4166 etiam
2913 4129 2945 4166 a
2975 4111 3148 4166 licitis
3181 4112 3494 4168 abstinere.

2212 4236 2317 4301 Qui
2346 4242 2533 4289 autem
2588 4237 2844 4305 inﬁrmus
2905 4242 3004 4302 est,
3040 4237 3189 4291 olera
3233 4237 3543 4292 manducet.
3579 4236 3693 4291 Hoc
3726 4237 3802 4293 de

2136 4322 2336 4378 ,1υάωο
2369 4323 2528 4390 dicit,
2550 4324 2648 4395 qui
2682 4325 2739 4378 in
2774 4325 2883 4379 ﬁde
2907 4325 3197 4390 inﬁrmus,
3227 4342 3295 4381 ea
3316 4331 3544 4381 tantum
3572 4325 3804 4380 munda

2139 4416 2429 4480 credebat,
2467 4433 2591 4487 qua:
2626 4416 2681 4469 in
2718 4416 2842 4487 lege
2874 4433 2989 4470 non
3048 4420 3186 4470 sunt
3243 4416 3580 4488 prohibita;
3617 4419 3674 4471 et
3705 4420 3798 4472 est

2139 4520 2385 4559 sensus:
2422 4505 2500 4558 Ea
2529 4509 2754 4558 tantum
2791 4503 3122 4571 manducet,
3163 4521 3287 4576 quae
3321 4503 3432 4560 sibi
3480 4504 3706 4568 suavia,
3740 4508 3799 4560 et

2137 4592 2282 4664 legis
2313 4596 2595 4664 praecepto
2629 4608 2909 4647 concessa
2939 4593 3138 4660 credit,
3169 4593 3319 4647 sicut
3353 4593 3502 4648 olus.
3541 4592 3707 4648 Unde
3740 4605 3801 4654 et,

2140 4682 2412 4736 subditur
2439 4697 2451 4734 :
2483 4686 2538 4736 Is
2571 4683 2664 4753 qui
2692 4681 3005 4748 manducat,
3038 4698 3145 4736 non
3202 4682 3625 4737 manducantem
3686 4701 3799 4740 non

2136 4774 2361 4841 spernat
2385 4787 2405 4831 ;
2438 4770 2490 4823 id
2516 4774 2624 4838 est,
2649 4770 2906 4841 gentilis,
2931 4771 3030 4841 qui
3056 4771 3254 4826 omnia
3276 4772 3518 4826 credens
3544 4773 3794 4840 munda,

2140 4859 2475 4923 manducat,
2509 4858 2902 4928 (subauditur,
2929 4859 3147 4930 omnia)
3180 4877 3292 4914 non
3329 4861 3794 4916 manducantem

2135 4947 2425 5014 Judaeum,
2451 4946 2506 4999 id
2532 4953 2638 5012 est,
2666 4964 2777 5001 non
2811 4948 3007 5002 omnia
3040 4950 3260 5003 munda
3290 4949 3646 5016 credentem,
3675 4966 3794 5004 non

2137 5041 2394 5106 spernat,
2429 5036 2527 5090 sed
2558 5035 2966 5108 mquanimiter
2996 5037 3219 5106 toleret,
3249 5043 3539 5109 quatenus
3581 5039 3640 5092 in
3678 5039 3796 5093 ﬁde

2137 5124 2421 5195 proﬁciat.

2205 5234 2280 5285 Et
2303 5232 2399 5301 qui
2423 5247 2533 5285 non
2562 5231 2880 5298 manducat,
2933 5233 3356 5288 manducantem
3402 5250 3514 5288 non
3537 5233 3791 5306 judicet:

2138 5319 2198 5373 Id
2231 5324 2340 5389 est,
2371 5319 2632 5389 Judzsus,
2656 5319 2756 5390 qui
2780 5338 2894 5376 non
2926 5321 3123 5377 omnia
3154 5323 3375 5378 munda
3395 5323 3794 5389 credens,non

2205 5513 2352 5584 (442)
2379 5515 2591 5585 Autog.
2624 5515 3016 5572 exercdendus.
3043 5516 3312 5572 Mendam
3343 5517 3563 5573 correxi
3595 5533 3666 5573 ex
3695 5515 3789 5572 di-

2132 5584 2189 5640 vi
2219 5585 2452 5643 Hieron.
2485 5584 2644 5643 testu
2675 5588 2746 5643 ad
2780 5588 2876 5656 cit,
2909 5605 2956 5643 c.
2989 5587 3194 5645 Matth.
3223 5605 3299 5654 vx,
3331 5605 3385 5643 v.
3418 5591 3508 5646 24.
