  <div class='ocr_page' id='page_1' title='image "/cluster/home/n/w/nwhite01/storage/ocr_20150623/134/hvd.32044023361702/138.png"; bbox 0 0 4090 6170; ppageno 0'>
   <div class='ocr_carea' id='block_1_1' title="bbox 249 301 376 364">
    <p class='ocr_par' dir='ltr' id='par_1_1' title="bbox 249 301 376 364">
     <span class='ocr_line' id='line_1_1' title="bbox 249 301 376 364; baseline 0.008 -1"><span class='ocrx_word' id='word_1_1' title='bbox 249 301 376 364; x_wconf 68' lang='grc'>265</span> 
     </span>
    </p>
   </div>
   <div class='ocr_carea' id='block_1_2' title="bbox 870 263 3078 365">
    <p class='ocr_par' dir='ltr' id='par_1_2' title="bbox 870 263 3078 365">
     <span class='ocr_line' id='line_1_2' title="bbox 870 263 3078 365; baseline 0.001 -5"><span class='ocrx_word' id='word_1_2' title='bbox 870 300 1294 362; x_wconf 86' lang='lat' dir='ltr'>EXPOSITIO</span> <span class='ocrx_word' id='word_1_3' title='bbox 1340 263 1418 361; x_wconf 79' lang='grc' dir='ltr'>ΙΝ</span> <span class='ocrx_word' id='word_1_4' title='bbox 1465 300 1892 362; x_wconf 83' lang='lat' dir='ltr'>EPISTOLAS</span> <span class='ocrx_word' id='word_1_5' title='bbox 1939 303 2295 365; x_wconf 86' lang='lat' dir='ltr'>PAULl.-—</span> <span class='ocrx_word' id='word_1_6' title='bbox 2325 304 2402 362; x_wconf 90' lang='lat' dir='ltr'><strong>1N</strong></span> <span class='ocrx_word' id='word_1_7' title='bbox 2451 303 2702 364; x_wconf 82' lang='lat' dir='ltr'>EPIST.</span> <span class='ocrx_word' id='word_1_8' title='bbox 2737 306 2842 363; x_wconf 89' lang='lat' dir='ltr'>AD</span> <span class='ocrx_word' id='word_1_9' title='bbox 2889 304 3078 365; x_wconf 81' lang='lat' dir='ltr'>ROM.</span> 
     </span>
    </p>
   </div>
   <div class='ocr_carea' id='block_1_3' title="bbox 3568 302 3688 362">
    <p class='ocr_par' dir='ltr' id='par_1_3' title="bbox 3568 302 3688 362">
     <span class='ocr_line' id='line_1_3' title="bbox 3568 302 3688 362; baseline -0.017 0"><span class='ocrx_word' id='word_1_10' title='bbox 3568 302 3688 362; x_wconf 79' lang='grc'>266</span> 
     </span>
    </p>
   </div>
   <div class='ocr_carea' id='block_1_4' title="bbox 251 433 3686 508">
    <p class='ocr_par' dir='ltr' id='par_1_4' title="bbox 251 433 3686 508">
     <span class='ocr_line' id='line_1_4' title="bbox 251 433 3686 508; baseline -0.001 -16"><span class='ocrx_word' id='word_1_11' title='bbox 251 434 462 492; x_wconf 83' lang='lat' dir='ltr'>omnia</span> <span class='ocrx_word' id='word_1_12' title='bbox 481 433 828 503; x_wconf 88' lang='lat' dir='ltr'>manducat,</span> <span class='ocrx_word' id='word_1_13' title='bbox 845 433 1122 503; x_wconf 88' lang='lat' dir='ltr'>gentilem</span> <span class='ocrx_word' id='word_1_14' title='bbox 1143 434 1338 488; x_wconf 83' lang='lat' dir='ltr'>omnia</span> <span class='ocrx_word' id='word_1_15' title='bbox 1357 436 1577 490; x_wconf 88' lang='lat' dir='ltr'>munda</span> <span class='ocrx_word' id='word_1_16' title='bbox 1595 435 1924 490; x_wconf 82' lang='lat' dir='ltr'>credentem</span> <span class='ocrx_word' id='word_1_17' title='bbox 1954 437 2008 503; x_wconf 79' lang='grc' dir='ltr'><strong>Α</strong></span> <span class='ocrx_word' id='word_1_18' title='bbox 2039 439 2198 501; x_wconf 89' lang='lat' dir='ltr'>runt,</span> <span class='ocrx_word' id='word_1_19' title='bbox 2225 440 2288 490; x_wconf 90' lang='lat' dir='ltr'>ut</span> <span class='ocrx_word' id='word_1_20' title='bbox 2319 452 2430 491; x_wconf 87' lang='lat' dir='ltr'>non</span> <span class='ocrx_word' id='word_1_21' title='bbox 2467 441 2694 491; x_wconf 87' lang='lat' dir='ltr'>tantum</span> <span class='ocrx_word' id='word_1_22' title='bbox 2731 437 2800 491; x_wconf 90' lang='lat' dir='ltr'>ad</span> <span class='ocrx_word' id='word_1_23' title='bbox 2835 454 3112 508; x_wconf 80' lang='lat' dir='ltr'>personas</span> <span class='ocrx_word' id='word_1_24' title='bbox 3135 437 3467 506; x_wconf 85' lang='lat' dir='ltr'>hominum,</span> <span class='ocrx_word' id='word_1_25' title='bbox 3488 436 3588 491; x_wconf 89' lang='lat' dir='ltr'>sed</span> <span class='ocrx_word' id='word_1_26' title='bbox 3613 435 3686 490; x_wconf 88' lang='lat' dir='ltr'>ad</span> 
     </span>
    </p>
   </div>
   <div class='ocr_carea' id='block_1_5' title="bbox 249 522 1920 593">
    <p class='ocr_par' dir='ltr' id='par_1_5' title="bbox 249 522 1920 593">
     <span class='ocr_line' id='line_1_5' title="bbox 249 522 1920 593; baseline -0.002 -12"><span class='ocrx_word' id='word_1_27' title='bbox 249 530 308 581; x_wconf 90' lang='lat' dir='ltr'>et</span> <span class='ocrx_word' id='word_1_28' title='bbox 331 523 803 580; x_wconf 84' lang='lat' dir='ltr'>manducantem</span> <span class='ocrx_word' id='word_1_29' title='bbox 829 538 943 576; x_wconf 89' lang='lat' dir='ltr'>non</span> <span class='ocrx_word' id='word_1_30' title='bbox 956 522 1200 592; x_wconf 91' lang='lat' dir='ltr'>judicet,</span> <span class='ocrx_word' id='word_1_31' title='bbox 1217 523 1274 578; x_wconf 88' lang='lat' dir='ltr'>id</span> <span class='ocrx_word' id='word_1_32' title='bbox 1293 527 1399 590; x_wconf 88' lang='lat' dir='ltr'>est,</span> <span class='ocrx_word' id='word_1_33' title='bbox 1418 540 1530 578; x_wconf 90' lang='lat' dir='ltr'>non</span> <span class='ocrx_word' id='word_1_34' title='bbox 1554 525 1920 593; x_wconf 85' lang='lat' dir='ltr'>condemnet,</span> 
     </span>
    </p>
   </div>
   <div class='ocr_carea' id='block_1_6' title="bbox 247 609 1922 682">
    <p class='ocr_par' dir='ltr' id='par_1_6' title="bbox 247 609 1922 682">
     <span class='ocr_line' id='line_1_6' title="bbox 247 609 1922 682; baseline -0.003 -11"><span class='ocrx_word' id='word_1_35' title='bbox 247 631 368 672; x_wconf 88' lang='lat' dir='ltr'>non</span> <span class='ocrx_word' id='word_1_36' title='bbox 405 611 639 668; x_wconf 90' lang='lat' dir='ltr'>malum</span> <span class='ocrx_word' id='word_1_37' title='bbox 700 611 770 665; x_wconf 90' lang='lat' dir='ltr'>de</span> <span class='ocrx_word' id='word_1_38' title='bbox 812 609 912 665; x_wconf 93' lang='lat' dir='ltr'>illo</span> <span class='ocrx_word' id='word_1_39' title='bbox 943 611 1253 666; x_wconf 81' lang='lat' dir='ltr'>existimet.</span> <span class='ocrx_word' id='word_1_40' title='bbox 1287 612 1437 666; x_wconf 86' lang='lat' dir='ltr'>Sunt</span> <span class='ocrx_word' id='word_1_41' title='bbox 1467 612 1624 666; x_wconf 91' lang='lat' dir='ltr'>enim</span> <span class='ocrx_word' id='word_1_42' title='bbox 1656 613 1922 682; x_wconf 69' lang='lat' dir='ltr'>quaedam</span> 
     </span>
    </p>
   </div>
   <div class='ocr_carea' id='block_1_7' title="bbox 247 698 1924 772">
    <p class='ocr_par' dir='ltr' id='par_1_7' title="bbox 247 698 1924 772">
     <span class='ocr_line' id='line_1_7' title="bbox 247 698 1924 772; baseline -0.003 -13"><span class='ocrx_word' id='word_1_43' title='bbox 247 705 426 772; x_wconf 84' lang='lat' dir='ltr'>facta,</span> <span class='ocrx_word' id='word_1_44' title='bbox 461 718 598 772; x_wconf 72' lang='lat' dir='ltr'>quae</span> <span class='ocrx_word' id='word_1_45' title='bbox 631 699 883 755; x_wconf 91' lang='lat' dir='ltr'>dubium</span> <span class='ocrx_word' id='word_1_46' title='bbox 938 704 1026 754; x_wconf 89' lang='lat' dir='ltr'>est</span> <span class='ocrx_word' id='word_1_47' title='bbox 1073 716 1188 770; x_wconf 92' lang='lat' dir='ltr'>quo</span> <span class='ocrx_word' id='word_1_48' title='bbox 1238 698 1435 755; x_wconf 86' lang='lat' dir='ltr'>animo</span> <span class='ocrx_word' id='word_1_49' title='bbox 1487 701 1666 769; x_wconf 85' lang='lat' dir='ltr'>ﬁant;</span> <span class='ocrx_word' id='word_1_50' title='bbox 1703 701 1840 772; x_wconf 85' lang='lat' dir='ltr'>quia</span> <span class='ocrx_word' id='word_1_51' title='bbox 1867 704 1924 756; x_wconf 91' lang='lat' dir='ltr'>et</span> 
     </span>
    </p>
   </div>
   <div class='ocr_carea' id='block_1_8' title="bbox 247 787 1922 858">
    <p class='ocr_par' dir='ltr' id='par_1_8' title="bbox 247 787 1922 858">
     <span class='ocr_line' id='line_1_8' title="bbox 247 787 1922 858; baseline -0.003 -10"><span class='ocrx_word' id='word_1_52' title='bbox 247 794 431 858; x_wconf 89' lang='lat' dir='ltr'>bono,</span> <span class='ocrx_word' id='word_1_53' title='bbox 456 796 515 846; x_wconf 90' lang='lat' dir='ltr'>et</span> <span class='ocrx_word' id='word_1_54' title='bbox 536 788 697 844; x_wconf 90' lang='lat' dir='ltr'>malo</span> <span class='ocrx_word' id='word_1_55' title='bbox 720 789 917 843; x_wconf 89' lang='lat' dir='ltr'>animo</span> <span class='ocrx_word' id='word_1_56' title='bbox 941 787 1065 842; x_wconf 84' lang='lat' dir='ltr'>ﬁeri</span> <span class='ocrx_word' id='word_1_57' title='bbox 1089 792 1339 858; x_wconf 88' lang='lat' dir='ltr'>possunt</span> <span class='ocrx_word' id='word_1_58' title='bbox 1363 805 1375 843; x_wconf 90' lang='lat'>:</span> <span class='ocrx_word' id='word_1_59' title='bbox 1409 792 1467 843; x_wconf 88' lang='lat' dir='ltr'>et</span> <span class='ocrx_word' id='word_1_60' title='bbox 1495 789 1710 844; x_wconf 90' lang='lat' dir='ltr'>idcirco</span> <span class='ocrx_word' id='word_1_61' title='bbox 1738 790 1798 843; x_wconf 89' lang='lat' dir='ltr'>in</span> <span class='ocrx_word' id='word_1_62' title='bbox 1829 789 1922 843; x_wconf 91' lang='lat' dir='ltr'>his</span> 
     </span>
    </p>
   </div>
   <div class='ocr_carea' id='block_1_9' title="bbox 241 877 1922 954">
    <p class='ocr_par' dir='ltr' id='par_1_9' title="bbox 241 877 1922 954">
     <span class='ocr_line' id='line_1_9' title="bbox 241 877 1922 954; baseline -0.002 -18"><span class='ocrx_word' id='word_1_63' title='bbox 241 879 550 954; x_wconf 89' lang='lat' dir='ltr'>judicium</span> <span class='ocrx_word' id='word_1_64' title='bbox 586 892 821 934; x_wconf 83' lang='lat' dir='ltr'>sumere</span> <span class='ocrx_word' id='word_1_65' title='bbox 851 893 968 930; x_wconf 93' lang='lat' dir='ltr'>non</span> <span class='ocrx_word' id='word_1_66' title='bbox 991 877 1294 945; x_wconf 88' lang='lat' dir='ltr'>debemus,</span> <span class='ocrx_word' id='word_1_67' title='bbox 1321 879 1477 948; x_wconf 90' lang='lat' dir='ltr'>quod</span> <span class='ocrx_word' id='word_1_68' title='bbox 1513 879 1682 933; x_wconf 90' lang='lat' dir='ltr'>nobis</span> <span class='ocrx_word' id='word_1_69' title='bbox 1715 879 1772 932; x_wconf 91' lang='lat' dir='ltr'>in</span> <span class='ocrx_word' id='word_1_70' title='bbox 1803 878 1922 932; x_wconf 85' lang='lat' dir='ltr'>illis</span> 
     </span>
    </p>
   </div>
   <div class='ocr_carea' id='block_1_10' title="bbox 247 964 1923 1043">
    <p class='ocr_par' dir='ltr' id='par_1_10' title="bbox 247 964 1923 1043">
     <span class='ocr_line' id='line_1_10' title="bbox 247 964 1923 1043; baseline -0.003 -18"><span class='ocrx_word' id='word_1_71' title='bbox 247 967 646 1043; x_wconf 89' lang='lat' dir='ltr'>permittitur,</span> <span class='ocrx_word' id='word_1_72' title='bbox 677 982 805 1036; x_wconf 82' lang='lat' dir='ltr'>quae</span> <span class='ocrx_word' id='word_1_73' title='bbox 827 981 940 1036; x_wconf 82' lang='lat' dir='ltr'>quo</span> <span class='ocrx_word' id='word_1_74' title='bbox 963 964 1156 1018; x_wconf 90' lang='lat' dir='ltr'>animo</span> <span class='ocrx_word' id='word_1_75' title='bbox 1188 966 1351 1029; x_wconf 83' lang='lat' dir='ltr'>ﬁant,</span> <span class='ocrx_word' id='word_1_76' title='bbox 1377 965 1558 1020; x_wconf 89' lang='lat' dir='ltr'>videri</span> <span class='ocrx_word' id='word_1_77' title='bbox 1589 971 1834 1036; x_wconf 91' lang='lat' dir='ltr'>possunt</span> <span class='ocrx_word' id='word_1_78' title='bbox 1858 970 1923 1020; x_wconf 92' lang='lat' dir='ltr'>ut</span> 
     </span>
    </p>
   </div>
   <div class='ocr_carea' id='block_1_11' title="bbox 245 1053 1843 1128">
    <p class='ocr_par' dir='ltr' id='par_1_11' title="bbox 245 1053 1843 1128">
     <span class='ocr_line' id='line_1_11' title="bbox 245 1053 1843 1128; baseline -0.004 -13"><span class='ocrx_word' id='word_1_79' title='bbox 245 1060 438 1128; x_wconf 79' lang='lat' dir='ltr'>furta,</span> <span class='ocrx_word' id='word_1_80' title='bbox 472 1061 699 1126; x_wconf 87' lang='lat' dir='ltr'>stupra,</span> <span class='ocrx_word' id='word_1_81' title='bbox 735 1053 1112 1124; x_wconf 82' lang='lat' dir='ltr'>blasphemiae</span> <span class='ocrx_word' id='word_1_82' title='bbox 1157 1057 1213 1108; x_wconf 92' lang='lat' dir='ltr'>et</span> <span class='ocrx_word' id='word_1_83' title='bbox 1243 1060 1451 1109; x_wconf 83' lang='lat' dir='ltr'>caetera</span> <span class='ocrx_word' id='word_1_84' title='bbox 1482 1055 1843 1124; x_wconf 78' lang='lat' dir='ltr'>hujusmodi.</span> 
     </span>
    </p>
   </div>
   <div class='ocr_carea' id='block_1_12' title="bbox 328 1141 1917 1215">
    <p class='ocr_par' dir='ltr' id='par_1_12' title="bbox 328 1141 1917 1215">
     <span class='ocr_line' id='line_1_12' title="bbox 328 1141 1917 1215; baseline -0.002 -14"><span class='ocrx_word' id='word_1_85' title='bbox 328 1148 514 1202; x_wconf 82' lang='lat' dir='ltr'>Erant</span> <span class='ocrx_word' id='word_1_86' title='bbox 543 1143 727 1215; x_wconf 78' lang='lat' dir='ltr'>igitur</span> <span class='ocrx_word' id='word_1_87' title='bbox 755 1158 820 1196; x_wconf 92' lang='lat' dir='ltr'>eo</span> <span class='ocrx_word' id='word_1_88' title='bbox 850 1145 1108 1212; x_wconf 87' lang='lat' dir='ltr'>tempore</span> <span class='ocrx_word' id='word_1_89' title='bbox 1139 1141 1239 1212; x_wconf 89' lang='lat' dir='ltr'>qui</span> <span class='ocrx_word' id='word_1_90' title='bbox 1272 1159 1306 1196; x_wconf 91' lang='lat' dir='ltr'>a</span> <span class='ocrx_word' id='word_1_91' title='bbox 1348 1143 1625 1198; x_wconf 89' lang='lat' dir='ltr'>carnibus</span> <span class='ocrx_word' id='word_1_92' title='bbox 1677 1149 1734 1198; x_wconf 91' lang='lat' dir='ltr'>et</span> <span class='ocrx_word' id='word_1_93' title='bbox 1782 1143 1917 1200; x_wconf 90' lang='lat' dir='ltr'>vino</span> 
     </span>
    </p>
   </div>
   <div class='ocr_carea' id='block_1_13' title="bbox 247 1231 1922 1303">
    <p class='ocr_par' dir='ltr' id='par_1_13' title="bbox 247 1231 1922 1303">
     <span class='ocr_line' id='line_1_13' title="bbox 247 1231 1922 1303; baseline -0.003 -11"><span class='ocrx_word' id='word_1_94' title='bbox 247 1253 316 1292; x_wconf 88' lang='lat' dir='ltr'>se</span> <span class='ocrx_word' id='word_1_95' title='bbox 349 1233 739 1289; x_wconf 81' lang='lat' dir='ltr'>abstinebant</span> <span class='ocrx_word' id='word_1_96' title='bbox 770 1248 782 1284; x_wconf 91' lang='lat'>:</span> <span class='ocrx_word' id='word_1_97' title='bbox 836 1235 1002 1286; x_wconf 88' lang='lat' dir='ltr'>erant</span> <span class='ocrx_word' id='word_1_98' title='bbox 1053 1233 1109 1285; x_wconf 89' lang='lat' dir='ltr'>et</span> <span class='ocrx_word' id='word_1_99' title='bbox 1151 1231 1251 1302; x_wconf 86' lang='lat' dir='ltr'>qui</span> <span class='ocrx_word' id='word_1_100' title='bbox 1285 1231 1640 1298; x_wconf 86' lang='lat' dir='ltr'>utebantur;</span> <span class='ocrx_word' id='word_1_101' title='bbox 1674 1232 1922 1303; x_wconf 88' lang='lat' dir='ltr'>ideoque</span> 
     </span>
    </p>
   </div>
   <div class='ocr_carea' id='block_1_14' title="bbox 248 1319 1923 1394">
    <p class='ocr_par' dir='ltr' id='par_1_14' title="bbox 248 1319 1923 1394">
     <span class='ocr_line' id='line_1_14' title="bbox 248 1319 1923 1394; baseline -0.004 -12"><span class='ocrx_word' id='word_1_102' title='bbox 248 1322 729 1394; x_wconf 87' lang='lat' dir='ltr'>dijidicabantur</span> <span class='ocrx_word' id='word_1_103' title='bbox 777 1319 849 1374; x_wconf 91' lang='lat' dir='ltr'>ab</span> <span class='ocrx_word' id='word_1_104' title='bbox 880 1319 1150 1374; x_wconf 88' lang='lat' dir='ltr'>invicem.</span> <span class='ocrx_word' id='word_1_105' title='bbox 1187 1320 1334 1391; x_wconf 87' lang='lat' dir='ltr'>Ergo</span> <span class='ocrx_word' id='word_1_106' title='bbox 1367 1319 1527 1391; x_wconf 86' lang='lat' dir='ltr'>quia,</span> <span class='ocrx_word' id='word_1_107' title='bbox 1559 1337 1695 1376; x_wconf 91' lang='lat' dir='ltr'>cum</span> <span class='ocrx_word' id='word_1_108' title='bbox 1724 1325 1923 1376; x_wconf 87' lang='lat' dir='ltr'>essent</span> 
     </span>
    </p>
   </div>
   <div class='ocr_carea' id='block_1_15' title="bbox 247 1408 1924 1480">
    <p class='ocr_par' dir='ltr' id='par_1_15' title="bbox 247 1408 1924 1480">
     <span class='ocr_line' id='line_1_15' title="bbox 247 1408 1924 1480; baseline -0.004 -10"><span class='ocrx_word' id='word_1_109' title='bbox 247 1413 533 1470; x_wconf 83' lang='lat' dir='ltr'>homines</span> <span class='ocrx_word' id='word_1_110' title='bbox 561 1408 868 1474; x_wconf 85' lang='lat' dir='ltr'>mortales,</span> <span class='ocrx_word' id='word_1_111' title='bbox 902 1409 972 1463; x_wconf 90' lang='lat' dir='ltr'>de</span> <span class='ocrx_word' id='word_1_112' title='bbox 1017 1409 1192 1463; x_wconf 85' lang='lat' dir='ltr'>rebus</span> <span class='ocrx_word' id='word_1_113' title='bbox 1223 1409 1442 1475; x_wconf 90' lang='lat' dir='ltr'>dubiis,</span> <span class='ocrx_word' id='word_1_114' title='bbox 1476 1409 1535 1464; x_wconf 91' lang='lat' dir='ltr'>id</span> <span class='ocrx_word' id='word_1_115' title='bbox 1566 1414 1676 1480; x_wconf 89' lang='lat' dir='ltr'>est,</span> <span class='ocrx_word' id='word_1_116' title='bbox 1707 1427 1833 1480; x_wconf 58' lang='lat' dir='ltr'>quae</span> <span class='ocrx_word' id='word_1_117' title='bbox 1865 1415 1924 1465; x_wconf 90' lang='lat' dir='ltr'>et</span> 
     </span>
    </p>
   </div>
   <div class='ocr_carea' id='block_1_16' title="bbox 249 1497 1920 1572">
    <p class='ocr_par' dir='ltr' id='par_1_16' title="bbox 249 1497 1920 1572">
     <span class='ocr_line' id='line_1_16' title="bbox 249 1497 1920 1572; baseline -0.002 -15"><span class='ocrx_word' id='word_1_118' title='bbox 249 1499 536 1572; x_wconf 86' lang='lat' dir='ltr'>simplici,</span> <span class='ocrx_word' id='word_1_119' title='bbox 573 1502 632 1552; x_wconf 87' lang='lat' dir='ltr'>et</span> <span class='ocrx_word' id='word_1_120' title='bbox 661 1514 778 1554; x_wconf 90' lang='lat' dir='ltr'>non</span> <span class='ocrx_word' id='word_1_121' title='bbox 814 1497 965 1552; x_wconf 89' lang='lat' dir='ltr'>bono</span> <span class='ocrx_word' id='word_1_122' title='bbox 998 1497 1192 1552; x_wconf 89' lang='lat' dir='ltr'>animo</span> <span class='ocrx_word' id='word_1_123' title='bbox 1225 1497 1352 1552; x_wconf 83' lang='lat' dir='ltr'>ﬁeri</span> <span class='ocrx_word' id='word_1_124' title='bbox 1384 1502 1674 1569; x_wconf 84' lang='lat' dir='ltr'>poterant,</span> <span class='ocrx_word' id='word_1_125' title='bbox 1709 1499 1768 1554; x_wconf 93' lang='lat' dir='ltr'>in</span> <span class='ocrx_word' id='word_1_126' title='bbox 1820 1516 1920 1555; x_wconf 92' lang='lat' dir='ltr'>oc-</span> 
     </span>
    </p>
   </div>
   <div class='ocr_carea' id='block_1_17' title="bbox 249 1586 1920 1657">
    <p class='ocr_par' dir='ltr' id='par_1_17' title="bbox 249 1586 1920 1657">
     <span class='ocr_line' id='line_1_17' title="bbox 249 1586 1920 1657; baseline -0.002 -12"><span class='ocrx_word' id='word_1_127' title='bbox 249 1590 411 1645; x_wconf 88' lang='lat' dir='ltr'>culta</span> <span class='ocrx_word' id='word_1_128' title='bbox 439 1587 664 1652; x_wconf 85' lang='lat' dir='ltr'>cordis,</span> <span class='ocrx_word' id='word_1_129' title='bbox 698 1587 774 1641; x_wconf 90' lang='lat' dir='ltr'>de</span> <span class='ocrx_word' id='word_1_130' title='bbox 801 1586 1019 1656; x_wconf 90' lang='lat' dir='ltr'>quibus</span> <span class='ocrx_word' id='word_1_131' title='bbox 1049 1586 1202 1641; x_wconf 84' lang='lat' dir='ltr'>Deus</span> <span class='ocrx_word' id='word_1_132' title='bbox 1237 1587 1735 1657; x_wconf 87' lang='lat' dir='ltr'>tantumjudicat,</span> <span class='ocrx_word' id='word_1_133' title='bbox 1766 1587 1920 1643; x_wconf 91' lang='lat' dir='ltr'>vole-</span> 
     </span>
    </p>
   </div>
   <div class='ocr_carea' id='block_1_18' title="bbox 247 1674 1917 1747">
    <p class='ocr_par' dir='ltr' id='par_1_18' title="bbox 247 1674 1917 1747">
     <span class='ocr_line' id='line_1_18' title="bbox 247 1674 1917 1747; baseline -0.004 -10"><span class='ocrx_word' id='word_1_134' title='bbox 247 1683 396 1737; x_wconf 85' lang='lat' dir='ltr'>bant</span> <span class='ocrx_word' id='word_1_135' title='bbox 426 1679 581 1734; x_wconf 83' lang='lat' dir='ltr'>ferre</span> <span class='ocrx_word' id='word_1_136' title='bbox 614 1674 971 1732; x_wconf 86' lang='lat' dir='ltr'>sententiam</span> <span class='ocrx_word' id='word_1_137' title='bbox 997 1691 1010 1742; x_wconf 91' lang='lat'>;</span> <span class='ocrx_word' id='word_1_138' title='bbox 1043 1674 1257 1730; x_wconf 90' lang='lat' dir='ltr'>idcirco</span> <span class='ocrx_word' id='word_1_139' title='bbox 1287 1675 1432 1730; x_wconf 87' lang='lat' dir='ltr'>dicit</span> <span class='ocrx_word' id='word_1_140' title='bbox 1463 1676 1777 1746; x_wconf 90' lang='lat' dir='ltr'>Apostolus</span> <span class='ocrx_word' id='word_1_141' title='bbox 1803 1693 1815 1730; x_wconf 88' lang='lat'>:</span> <span class='ocrx_word' id='word_1_142' title='bbox 1849 1679 1917 1747; x_wconf 86' lang='lat' dir='ltr'>Is,</span> 
     </span>
    </p>
   </div>
   <div class='ocr_carea' id='block_1_19' title="bbox 247 1764 1920 1842">
    <p class='ocr_par' dir='ltr' id='par_1_19' title="bbox 247 1764 1920 1842">
     <span class='ocr_line' id='line_1_19' title="bbox 247 1764 1920 1842; baseline -0.002 -18"><span class='ocrx_word' id='word_1_143' title='bbox 247 1771 351 1842; x_wconf 81' lang='lat' dir='ltr'>qui</span> <span class='ocrx_word' id='word_1_144' title='bbox 395 1766 720 1829; x_wconf 77' lang='lat' dir='ltr'>manducat,</span> <span class='ocrx_word' id='word_1_145' title='bbox 769 1780 880 1819; x_wconf 82' lang='lat' dir='ltr'>non</span> <span class='ocrx_word' id='word_1_146' title='bbox 930 1764 1357 1819; x_wconf 81' lang='lat' dir='ltr'>manducantem</span> <span class='ocrx_word' id='word_1_147' title='bbox 1409 1781 1522 1820; x_wconf 85' lang='lat' dir='ltr'>non</span> <span class='ocrx_word' id='word_1_148' title='bbox 1567 1770 1792 1832; x_wconf 83' lang='lat' dir='ltr'>spernat</span> <span class='ocrx_word' id='word_1_149' title='bbox 1811 1783 1830 1825; x_wconf 90' lang='grc'><em>.·</em></span> <span class='ocrx_word' id='word_1_150' title='bbox 1871 1769 1920 1821; x_wconf 85' lang='lat' dir='ltr'>et</span> 
     </span>
    </p>
   </div>
   <div class='ocr_carea' id='block_1_20' title="bbox 249 1854 1922 1930">
    <p class='ocr_par' dir='ltr' id='par_1_20' title="bbox 249 1854 1922 1930">
     <span class='ocr_line' id='line_1_20' title="bbox 249 1854 1922 1930; baseline -0.001 -18"><span class='ocrx_word' id='word_1_151' title='bbox 249 1860 350 1930; x_wconf 85' lang='lat' dir='ltr'>qui</span> <span class='ocrx_word' id='word_1_152' title='bbox 394 1873 514 1912; x_wconf 82' lang='lat' dir='ltr'>non</span> <span class='ocrx_word' id='word_1_153' title='bbox 560 1854 881 1922; x_wconf 86' lang='lat' dir='ltr'>manducat,</span> <span class='ocrx_word' id='word_1_154' title='bbox 938 1855 1363 1910; x_wconf 80' lang='lat' dir='ltr'>manducantem</span> <span class='ocrx_word' id='word_1_155' title='bbox 1408 1870 1518 1908; x_wconf 86' lang='lat' dir='ltr'>non</span> <span class='ocrx_word' id='word_1_156' title='bbox 1565 1854 1795 1924; x_wconf 81' lang='lat' dir='ltr'>judieet.</span> <span class='ocrx_word' id='word_1_157' title='bbox 1842 1855 1922 1910; x_wconf 90' lang='lat' dir='ltr'>De</span> 
     </span>
    </p>
   </div>
   <div class='ocr_carea' id='block_1_21' title="bbox 251 1942 1924 2016">
    <p class='ocr_par' dir='ltr' id='par_1_21' title="bbox 251 1942 1924 2016">
     <span class='ocr_line' id='line_1_21' title="bbox 251 1942 1924 2016; baseline -0.002 -14"><span class='ocrx_word' id='word_1_158' title='bbox 251 1946 455 2003; x_wconf 86' lang='lat' dir='ltr'>dubiis</span> <span class='ocrx_word' id='word_1_159' title='bbox 487 1945 712 2016; x_wconf 87' lang='lat' dir='ltr'>quippe</span> <span class='ocrx_word' id='word_1_160' title='bbox 757 1942 1026 2013; x_wconf 83' lang='lat' dir='ltr'>judicare</span> <span class='ocrx_word' id='word_1_161' title='bbox 1075 1959 1187 1997; x_wconf 92' lang='lat' dir='ltr'>non</span> <span class='ocrx_word' id='word_1_162' title='bbox 1228 1943 1536 2013; x_wconf 86' lang='lat' dir='ltr'>debemus,</span> <span class='ocrx_word' id='word_1_163' title='bbox 1573 1944 1826 1998; x_wconf 84' lang='lat' dir='ltr'>maxime</span> <span class='ocrx_word' id='word_1_164' title='bbox 1859 1948 1924 1998; x_wconf 91' lang='lat' dir='ltr'>ut</span> 
     </span>
    </p>
   </div>
   <div class='ocr_carea' id='block_1_22' title="bbox 253 2031 1926 2101">
    <p class='ocr_par' dir='ltr' id='par_1_22' title="bbox 253 2031 1926 2101">
     <span class='ocr_line' id='line_1_22' title="bbox 253 2031 1926 2101; baseline -0.005 -9"><span class='ocrx_word' id='word_1_165' title='bbox 253 2035 752 2101; x_wconf 89' lang='lat' dir='ltr'>condemnemus,</span> <span class='ocrx_word' id='word_1_166' title='bbox 779 2047 851 2086; x_wconf 92' lang='lat' dir='ltr'>ne</span> <span class='ocrx_word' id='word_1_167' title='bbox 882 2031 1031 2086; x_wconf 80' lang='lat' dir='ltr'>forte</span> <span class='ocrx_word' id='word_1_168' title='bbox 1053 2031 1433 2087; x_wconf 88' lang='lat' dir='ltr'>temerarium</span> <span class='ocrx_word' id='word_1_169' title='bbox 1460 2031 1754 2101; x_wconf 88' lang='lat' dir='ltr'>judicium</span> <span class='ocrx_word' id='word_1_170' title='bbox 1786 2032 1926 2086; x_wconf 93' lang='lat' dir='ltr'>inci-</span> 
     </span>
    </p>
   </div>
   <div class='ocr_carea' id='block_1_23' title="bbox 252 2118 1928 2189">
    <p class='ocr_par' dir='ltr' id='par_1_23' title="bbox 252 2118 1928 2189">
     <span class='ocr_line' id='line_1_23' title="bbox 252 2118 1928 2189; baseline -0.004 -9"><span class='ocrx_word' id='word_1_171' title='bbox 252 2126 492 2180; x_wconf 88' lang='lat' dir='ltr'>damus.</span> <span class='ocrx_word' id='word_1_172' title='bbox 553 2120 722 2175; x_wconf 89' lang='lat' dir='ltr'>Unde</span> <span class='ocrx_word' id='word_1_173' title='bbox 771 2118 955 2173; x_wconf 86' lang='lat' dir='ltr'>alibi:</span> <span class='ocrx_word' id='word_1_174' title='bbox 1012 2118 1196 2174; x_wconf 76' lang='lat' dir='ltr'>Molitc</span> <span class='ocrx_word' id='word_1_175' title='bbox 1242 2128 1368 2175; x_wconf 84' lang='lat' dir='ltr'>ante</span> <span class='ocrx_word' id='word_1_176' title='bbox 1417 2123 1629 2189; x_wconf 81' lang='lat' dir='ltr'>tempus</span> <span class='ocrx_word' id='word_1_177' title='bbox 1674 2119 1928 2189; x_wconf 78' lang='lat' dir='ltr'>judicare</span> 
     </span>
    </p>
   </div>
   <div class='ocr_carea' id='block_1_24' title="bbox 251 2207 1925 2282">
    <p class='ocr_par' dir='ltr' id='par_1_24' title="bbox 251 2207 1925 2282">
     <span class='ocr_line' id='line_1_24' title="bbox 251 2207 1925 2282; baseline -0.004 -12"><span class='ocrx_word' id='word_1_178' title='bbox 251 2216 302 2282; x_wconf 89' lang='lat' dir='ltr'>(I</span> <span class='ocrx_word' id='word_1_179' title='bbox 329 2216 457 2269; x_wconf 84' lang='lat' dir='ltr'>Cor.</span> <span class='ocrx_word' id='word_1_180' title='bbox 494 2227 572 2279; x_wconf 83' lang='lat' dir='ltr'>iv,</span> <span class='ocrx_word' id='word_1_181' title='bbox 607 2210 685 2279; x_wconf 88' lang='grc'>5).</span> <span class='ocrx_word' id='word_1_182' title='bbox 724 2212 791 2262; x_wconf 88' lang='lat' dir='ltr'>Et</span> <span class='ocrx_word' id='word_1_183' title='bbox 823 2208 1103 2262; x_wconf 85' lang='lat' dir='ltr'>Dominus</span> <span class='ocrx_word' id='word_1_184' title='bbox 1133 2208 1193 2262; x_wconf 91' lang='lat' dir='ltr'>in</span> <span class='ocrx_word' id='word_1_185' title='bbox 1226 2207 1538 2279; x_wconf 87' lang='lat' dir='ltr'>Evangelio</span> <span class='ocrx_word' id='word_1_186' title='bbox 1576 2224 1589 2261; x_wconf 94' lang='lat'>:</span> <span class='ocrx_word' id='word_1_187' title='bbox 1636 2209 1811 2264; x_wconf 79' lang='lat' dir='ltr'>Nolite</span> <span class='ocrx_word' id='word_1_188' title='bbox 1831 2210 1925 2280; x_wconf 85' lang='lat' dir='ltr'>ju-</span> 
     </span>
    </p>
   </div>
   <div class='ocr_carea' id='block_1_25' title="bbox 250 2297 1566 2370">
    <p class='ocr_par' dir='ltr' id='par_1_25' title="bbox 250 2297 1566 2370">
     <span class='ocr_line' id='line_1_25' title="bbox 250 2297 1566 2370; baseline -0.006 -12"><span class='ocrx_word' id='word_1_189' title='bbox 250 2303 462 2370; x_wconf 80' lang='lat' dir='ltr'>dicare,</span> <span class='ocrx_word' id='word_1_190' title='bbox 496 2308 556 2354; x_wconf 85' lang='lat' dir='ltr'>ut</span> <span class='ocrx_word' id='word_1_191' title='bbox 588 2314 700 2354; x_wconf 84' lang='lat' dir='ltr'>non</span> <span class='ocrx_word' id='word_1_192' title='bbox 723 2297 1065 2368; x_wconf 81' lang='lat' dir='ltr'>judicemini</span> <span class='ocrx_word' id='word_1_193' title='bbox 1093 2297 1311 2367; x_wconf 85' lang='lat' dir='ltr'>(Matth.</span> <span class='ocrx_word' id='word_1_194' title='bbox 1349 2315 1451 2365; x_wconf 81' lang='lat' dir='ltr'>vn,</span> <span class='ocrx_word' id='word_1_195' title='bbox 1492 2297 1566 2367; x_wconf 82' lang='lat'>1).</span> 
     </span>
    </p>
   </div>
   <div class='ocr_carea' id='block_1_26' title="bbox 326 2386 1925 2458">
    <p class='ocr_par' dir='ltr' id='par_1_26' title="bbox 326 2386 1925 2458">
     <span class='ocr_line' id='line_1_26' title="bbox 326 2386 1925 2458; baseline -0.003 -12"><span class='ocrx_word' id='word_1_196' title='bbox 326 2391 448 2446; x_wconf 84' lang='lat' dir='ltr'>Cur</span> <span class='ocrx_word' id='word_1_197' title='bbox 474 2392 678 2445; x_wconf 86' lang='lat' dir='ltr'>autem</span> <span class='ocrx_word' id='word_1_198' title='bbox 703 2402 808 2442; x_wconf 89' lang='lat' dir='ltr'>nec</span> <span class='ocrx_word' id='word_1_199' title='bbox 827 2386 1068 2442; x_wconf 65' lang='lat' dir='ltr'>Judaaus</span> <span class='ocrx_word' id='word_1_200' title='bbox 1093 2387 1170 2441; x_wconf 92' lang='lat' dir='ltr'>sit</span> <span class='ocrx_word' id='word_1_201' title='bbox 1193 2387 1588 2458; x_wconf 74' lang='lat' dir='ltr'>spernendbs,</span> <span class='ocrx_word' id='word_1_202' title='bbox 1612 2402 1716 2441; x_wconf 90' lang='lat' dir='ltr'>nec</span> <span class='ocrx_word' id='word_1_203' title='bbox 1739 2387 1925 2458; x_wconf 85' lang='lat' dir='ltr'>genti-</span> 
     </span>
    </p>
   </div>
   <div class='ocr_carea' id='block_1_27' title="bbox 249 2474 1929 2550">
    <p class='ocr_par' dir='ltr' id='par_1_27' title="bbox 249 2474 1929 2550">
     <span class='ocr_line' id='line_1_27' title="bbox 249 2474 1929 2550; baseline -0.004 -14"><span class='ocrx_word' id='word_1_204' title='bbox 249 2481 328 2536; x_wconf 88' lang='lat' dir='ltr'>lis</span> <span class='ocrx_word' id='word_1_205' title='bbox 373 2476 765 2550; x_wconf 89' lang='lat' dir='ltr'>judieandus,</span> <span class='ocrx_word' id='word_1_206' title='bbox 799 2474 1074 2543; x_wconf 85' lang='lat' dir='ltr'>ostendit,</span> <span class='ocrx_word' id='word_1_207' title='bbox 1116 2475 1527 2547; x_wconf 88' lang='lat' dir='ltr'>subjungens:</span> <span class='ocrx_word' id='word_1_208' title='bbox 1587 2475 1728 2530; x_wconf 84' lang='lat' dir='ltr'>Deus</span> <span class='ocrx_word' id='word_1_209' title='bbox 1780 2477 1929 2530; x_wconf 88' lang='lat' dir='ltr'>enim</span> 
     </span>
    </p>
   </div>
   <div class='ocr_carea' id='block_1_28' title="bbox 252 2563 1928 2637">
    <p class='ocr_par' dir='ltr' id='par_1_28' title="bbox 252 2563 1928 2637">
     <span class='ocr_line' id='line_1_28' title="bbox 252 2563 1928 2637; baseline -0.004 -12"><span class='ocrx_word' id='word_1_210' title='bbox 252 2571 424 2626; x_wconf 79' lang='lat' dir='ltr'>illum</span> <span class='ocrx_word' id='word_1_211' title='bbox 447 2567 776 2637; x_wconf 74' lang='lat' dir='ltr'>assumpsit,</span> <span class='ocrx_word' id='word_1_212' title='bbox 801 2563 861 2618; x_wconf 92' lang='lat' dir='ltr'>id</span> <span class='ocrx_word' id='word_1_213' title='bbox 883 2567 992 2630; x_wconf 91' lang='lat' dir='ltr'>est,</span> <span class='ocrx_word' id='word_1_214' title='bbox 1021 2563 1214 2635; x_wconf 84' lang='lat' dir='ltr'>elegit,</span> <span class='ocrx_word' id='word_1_215' title='bbox 1238 2568 1294 2620; x_wconf 88' lang='lat' dir='ltr'>et</span> <span class='ocrx_word' id='word_1_216' title='bbox 1317 2581 1424 2620; x_wconf 90' lang='lat' dir='ltr'>sua</span> <span class='ocrx_word' id='word_1_217' title='bbox 1443 2563 1634 2635; x_wconf 83' lang='lat' dir='ltr'>gratia</span> <span class='ocrx_word' id='word_1_218' title='bbox 1655 2563 1725 2617; x_wconf 92' lang='lat' dir='ltr'>ad</span> <span class='ocrx_word' id='word_1_219' title='bbox 1753 2564 1928 2619; x_wconf 87' lang='lat' dir='ltr'>ﬁdem</span> 
     </span>
    </p>
   </div>
   <div class='ocr_carea' id='block_1_29' title="bbox 255 2653 1932 2726">
    <p class='ocr_par' dir='ltr' id='par_1_29' title="bbox 255 2653 1932 2726">
     <span class='ocr_line' id='line_1_29' title="bbox 255 2653 1932 2726; baseline -0.003 -15"><span class='ocrx_word' id='word_1_220' title='bbox 255 2657 509 2714; x_wconf 77' lang='lat' dir='ltr'>vocavit.</span> <span class='ocrx_word' id='word_1_221' title='bbox 544 2657 790 2726; x_wconf 84' lang='lat' dir='ltr'>Propter</span> <span class='ocrx_word' id='word_1_222' title='bbox 820 2653 974 2723; x_wconf 89' lang='lat' dir='ltr'>quod</span> <span class='ocrx_word' id='word_1_223' title='bbox 1015 2657 1073 2706; x_wconf 90' lang='lat' dir='ltr'>et</span> <span class='ocrx_word' id='word_1_224' title='bbox 1103 2653 1376 2708; x_wconf 89' lang='lat' dir='ltr'>subditur</span> <span class='ocrx_word' id='word_1_225' title='bbox 1410 2668 1422 2708; x_wconf 93' lang='lat'>:</span> <span class='ocrx_word' id='word_1_226' title='bbox 1479 2653 1552 2707; x_wconf 91' lang='lat' dir='ltr'>Tu</span> <span class='ocrx_word' id='word_1_227' title='bbox 1583 2653 1702 2721; x_wconf 86' lang='lat' dir='ltr'>quis</span> <span class='ocrx_word' id='word_1_228' title='bbox 1731 2668 1802 2719; x_wconf 88' lang='lat' dir='ltr'>es,</span> <span class='ocrx_word' id='word_1_229' title='bbox 1835 2653 1932 2723; x_wconf 85' lang='lat' dir='ltr'>qui</span> 
     </span>
    </p>
   </div>
   <div class='ocr_carea' id='block_1_30' title="bbox 247 2740 1931 2820">
    <p class='ocr_par' dir='ltr' id='par_1_30' title="bbox 247 2740 1931 2820">
     <span class='ocr_line' id='line_1_30' title="bbox 247 2740 1931 2820; baseline -0.003 -18"><span class='ocrx_word' id='word_1_230' title='bbox 247 2747 470 2820; x_wconf 77' lang='lat' dir='ltr'>judices</span> <span class='ocrx_word' id='word_1_231' title='bbox 502 2744 756 2800; x_wconf 76' lang='lat' dir='ltr'>alienum</span> <span class='ocrx_word' id='word_1_232' title='bbox 784 2757 1004 2796; x_wconf 86' lang='lat' dir='ltr'>servum</span> <span class='ocrx_word' id='word_1_233' title='bbox 1026 2745 1051 2794; x_wconf 74' lang='lat'>.9</span> <span class='ocrx_word' id='word_1_234' title='bbox 1079 2742 1158 2796; x_wconf 92' lang='lat' dir='ltr'>Ac</span> <span class='ocrx_word' id='word_1_235' title='bbox 1188 2742 1237 2797; x_wconf 92' lang='lat' dir='ltr'>si</span> <span class='ocrx_word' id='word_1_236' title='bbox 1280 2741 1496 2796; x_wconf 90' lang='lat' dir='ltr'>diceret</span> <span class='ocrx_word' id='word_1_237' title='bbox 1531 2759 1544 2794; x_wconf 90' lang='lat'>:</span> <span class='ocrx_word' id='word_1_238' title='bbox 1603 2740 1750 2804; x_wconf 87' lang='lat' dir='ltr'>Quia</span> <span class='ocrx_word' id='word_1_239' title='bbox 1778 2745 1931 2797; x_wconf 89' lang='lat' dir='ltr'>Deus</span> 
     </span>
    </p>
   </div>
   <div class='ocr_carea' id='block_1_31' title="bbox 262 2829 1932 2904">
    <p class='ocr_par' dir='ltr' id='par_1_31' title="bbox 262 2829 1932 2904">
     <span class='ocr_line' id='line_1_31' title="bbox 262 2829 1932 2904; baseline -0.004 -12"><span class='ocrx_word' id='word_1_240' title='bbox 262 2836 439 2892; x_wconf 89' lang='lat' dir='ltr'>illum</span> <span class='ocrx_word' id='word_1_241' title='bbox 469 2831 823 2904; x_wconf 86' lang='lat' dir='ltr'>assumpsit,</span> <span class='ocrx_word' id='word_1_242' title='bbox 857 2846 1059 2886; x_wconf 90' lang='lat' dir='ltr'>servus</span> <span class='ocrx_word' id='word_1_243' title='bbox 1087 2834 1175 2885; x_wconf 88' lang='lat' dir='ltr'>est</span> <span class='ocrx_word' id='word_1_244' title='bbox 1203 2829 1304 2885; x_wconf 85' lang='lat' dir='ltr'>Dei</span> <span class='ocrx_word' id='word_1_245' title='bbox 1337 2847 1350 2886; x_wconf 91' lang='lat'>:</span> <span class='ocrx_word' id='word_1_246' title='bbox 1392 2835 1458 2885; x_wconf 91' lang='lat' dir='ltr'>tu</span> <span class='ocrx_word' id='word_1_247' title='bbox 1491 2845 1650 2901; x_wconf 90' lang='lat' dir='ltr'>ergo,</span> <span class='ocrx_word' id='word_1_248' title='bbox 1683 2845 1818 2884; x_wconf 90' lang='lat' dir='ltr'>cum</span> <span class='ocrx_word' id='word_1_249' title='bbox 1850 2830 1932 2885; x_wconf 90' lang='lat' dir='ltr'>sis</span> 
     </span>
    </p>
   </div>
   <div class='ocr_carea' id='block_1_32' title="bbox 270 2918 1931 2996">
    <p class='ocr_par' dir='ltr' id='par_1_32' title="bbox 270 2918 1931 2996">
     <span class='ocr_line' id='line_1_32' title="bbox 270 2918 1931 2996; baseline -0.005 -16"><span class='ocrx_word' id='word_1_250' title='bbox 270 2923 522 2996; x_wconf 78' lang='lat' dir='ltr'>fragilis,</span> <span class='ocrx_word' id='word_1_251' title='bbox 557 2926 616 2977; x_wconf 87' lang='lat' dir='ltr'>et</span> <span class='ocrx_word' id='word_1_252' title='bbox 664 2919 895 2975; x_wconf 89' lang='lat' dir='ltr'>occulta</span> <span class='ocrx_word' id='word_1_253' title='bbox 946 2919 1138 2974; x_wconf 89' lang='lat' dir='ltr'>cordis</span> <span class='ocrx_word' id='word_1_254' title='bbox 1183 2935 1532 2990; x_wconf 87' lang='lat' dir='ltr'>cognoscere</span> <span class='ocrx_word' id='word_1_255' title='bbox 1572 2934 1687 2973; x_wconf 92' lang='lat' dir='ltr'>non</span> <span class='ocrx_word' id='word_1_256' title='bbox 1720 2918 1931 2988; x_wconf 90' lang='lat' dir='ltr'>possis,</span> 
     </span>
    </p>
   </div>
   <div class='ocr_carea' id='block_1_33' title="bbox 274 3007 1934 3084">
    <p class='ocr_par' dir='ltr' id='par_1_33' title="bbox 274 3007 1934 3084">
     <span class='ocr_line' id='line_1_33' title="bbox 274 3007 1934 3084; baseline -0.003 -16"><span class='ocrx_word' id='word_1_257' title='bbox 274 3013 413 3084; x_wconf 89' lang='lat' dir='ltr'>quis</span> <span class='ocrx_word' id='word_1_258' title='bbox 447 3029 532 3079; x_wconf 88' lang='lat' dir='ltr'>es,</span> <span class='ocrx_word' id='word_1_259' title='bbox 571 3014 636 3065; x_wconf 91' lang='lat' dir='ltr'>ut</span> <span class='ocrx_word' id='word_1_260' title='bbox 666 3009 766 3064; x_wconf 89' lang='lat' dir='ltr'>Dei</span> <span class='ocrx_word' id='word_1_261' title='bbox 800 3024 1033 3064; x_wconf 89' lang='lat' dir='ltr'>servum</span> <span class='ocrx_word' id='word_1_262' title='bbox 1059 3007 1308 3078; x_wconf 91' lang='lat' dir='ltr'>judices.</span> <span class='ocrx_word' id='word_1_263' title='bbox 1345 3008 1508 3063; x_wconf 91' lang='lat' dir='ltr'>Unde</span> <span class='ocrx_word' id='word_1_264' title='bbox 1537 3007 1750 3077; x_wconf 85' lang='lat' dir='ltr'>adjecit</span> <span class='ocrx_word' id='word_1_265' title='bbox 1781 3025 1794 3063; x_wconf 90' lang='lat'>:</span> <span class='ocrx_word' id='word_1_266' title='bbox 1827 3009 1934 3063; x_wconf 87' lang='lat' dir='ltr'>Suo</span> 
     </span>
    </p>
   </div>
   <div class='ocr_carea' id='block_1_34' title="bbox 273 3095 1932 3168">
    <p class='ocr_par' dir='ltr' id='par_1_34' title="bbox 273 3095 1932 3168">
     <span class='ocr_line' id='line_1_34' title="bbox 273 3095 1932 3168; baseline -0.004 -12"><span class='ocrx_word' id='word_1_267' title='bbox 273 3103 511 3157; x_wconf 82' lang='lat' dir='ltr'>Domino</span> <span class='ocrx_word' id='word_1_268' title='bbox 541 3103 672 3166; x_wconf 82' lang='lat' dir='ltr'>stat,</span> <span class='ocrx_word' id='word_1_269' title='bbox 704 3102 802 3153; x_wconf 84' lang='lat' dir='ltr'>aut</span> <span class='ocrx_word' id='word_1_270' title='bbox 829 3098 976 3152; x_wconf 82' lang='lat' dir='ltr'>cadit</span> <span class='ocrx_word' id='word_1_271' title='bbox 1005 3097 1304 3168; x_wconf 57' lang='lat'>(1143-1111)?</span> <span class='ocrx_word' id='word_1_272' title='bbox 1332 3101 1458 3152; x_wconf 86' lang='lat' dir='ltr'>Stat</span> <span class='ocrx_word' id='word_1_273' title='bbox 1495 3095 1717 3152; x_wconf 90' lang='lat' dir='ltr'>scilicet</span> <span class='ocrx_word' id='word_1_274' title='bbox 1745 3097 1932 3166; x_wconf 81' lang='lat' dir='ltr'>fortis,</span> 
     </span>
    </p>
   </div>
   <div class='ocr_carea' id='block_1_35' title="bbox 1951 1811 1998 1875">
    <p class='ocr_par' dir='ltr' id='par_1_35' title="bbox 1951 1811 1998 1875">
     <span class='ocr_line' id='line_1_35' title="bbox 1951 1811 1998 1875; baseline 0 0"><span class='ocrx_word' id='word_1_275' title='bbox 1951 1811 1998 1875; x_wconf 90' lang='lat' dir='ltr'><strong>B</strong></span> 
     </span>
    </p>
   </div>
   <div class='ocr_carea' id='block_1_36' title="bbox 2036 524 3687 598">
    <p class='ocr_par' dir='ltr' id='par_1_36' title="bbox 2036 524 3687 598">
     <span class='ocr_line' id='line_1_36' title="bbox 2036 524 3687 598; baseline -0.001 -20"><span class='ocrx_word' id='word_1_276' title='bbox 2036 541 2314 594; x_wconf 86' lang='lat' dir='ltr'>personas</span> <span class='ocrx_word' id='word_1_277' title='bbox 2346 527 2445 580; x_wconf 85' lang='lat' dir='ltr'>Dei</span> <span class='ocrx_word' id='word_1_278' title='bbox 2488 532 2544 579; x_wconf 80' lang='lat' dir='ltr'>et</span> <span class='ocrx_word' id='word_1_279' title='bbox 2581 526 2888 580; x_wconf 87' lang='lat' dir='ltr'>hominum</span> <span class='ocrx_word' id='word_1_280' title='bbox 2920 528 3267 591; x_wconf 81' lang='lat' dir='ltr'>referantur,</span> <span class='ocrx_word' id='word_1_281' title='bbox 3303 533 3368 582; x_wconf 89' lang='lat' dir='ltr'>ut</span> <span class='ocrx_word' id='word_1_282' title='bbox 3399 526 3501 598; x_wconf 88' lang='lat' dir='ltr'>qui</span> <span class='ocrx_word' id='word_1_283' title='bbox 3525 524 3687 596; x_wconf 92' lang='lat' dir='ltr'>judi-</span> 
     </span>
    </p>
   </div>
   <div class='ocr_carea' id='block_1_37' title="bbox 2035 611 3780 685">
    <p class='ocr_par' dir='ltr' id='par_1_37' title="bbox 2035 611 3780 685">
     <span class='ocr_line' id='line_1_37' title="bbox 2035 611 3780 685; baseline -0.001 -17"><span class='ocrx_word' id='word_1_284' title='bbox 2035 620 2129 668; x_wconf 88' lang='lat' dir='ltr'>cat</span> <span class='ocrx_word' id='word_1_285' title='bbox 2159 614 2312 668; x_wconf 89' lang='lat' dir='ltr'>diem</span> <span class='ocrx_word' id='word_1_286' title='bbox 2349 615 2498 669; x_wconf 88' lang='lat' dir='ltr'>inter</span> <span class='ocrx_word' id='word_1_287' title='bbox 2527 614 2704 681; x_wconf 86' lang='lat' dir='ltr'>diem,</span> <span class='ocrx_word' id='word_1_288' title='bbox 2738 616 2815 670; x_wconf 89' lang='lat' dir='ltr'>sit</span> <span class='ocrx_word' id='word_1_289' title='bbox 2844 615 3018 670; x_wconf 92' lang='lat' dir='ltr'>homo</span> <span class='ocrx_word' id='word_1_290' title='bbox 3050 640 3062 680; x_wconf 88' lang='lat'>;</span> <span class='ocrx_word' id='word_1_291' title='bbox 3096 617 3195 685; x_wconf 89' lang='lat' dir='ltr'>qui</span> <span class='ocrx_word' id='word_1_292' title='bbox 3229 620 3430 670; x_wconf 83' lang='lat' dir='ltr'>autem</span> <span class='ocrx_word' id='word_1_293' title='bbox 3456 613 3689 684; x_wconf 86' lang='lat' dir='ltr'>judicat</span> <span class='ocrx_word' id='word_1_294' title='bbox 3763 611 3780 620; x_wconf 79' lang='grc'><strong>”’</strong></span> 
     </span>
    </p>
   </div>
   <div class='ocr_carea' id='block_1_38' title="bbox 2035 701 3692 775">
    <p class='ocr_par' dir='ltr' id='par_1_38' title="bbox 2035 701 3692 775">
     <span class='ocr_line' id='line_1_38' title="bbox 2035 701 3692 775; baseline 0 -20"><span class='ocrx_word' id='word_1_295' title='bbox 2035 718 2269 756; x_wconf 90' lang='lat' dir='ltr'>omnem</span> <span class='ocrx_word' id='word_1_296' title='bbox 2304 703 2457 757; x_wconf 90' lang='lat' dir='ltr'>diem</span> <span class='ocrx_word' id='word_1_297' title='bbox 2508 702 2585 757; x_wconf 90' lang='lat' dir='ltr'>sit</span> <span class='ocrx_word' id='word_1_298' title='bbox 2636 703 2807 758; x_wconf 91' lang='lat' dir='ltr'>Deus.</span> <span class='ocrx_word' id='word_1_299' title='bbox 2845 703 3025 758; x_wconf 88' lang='lat' dir='ltr'>Homo</span> <span class='ocrx_word' id='word_1_300' title='bbox 3058 702 3275 775; x_wconf 86' lang='lat' dir='ltr'>quippe</span> <span class='ocrx_word' id='word_1_301' title='bbox 3330 703 3488 758; x_wconf 91' lang='lat' dir='ltr'>diem</span> <span class='ocrx_word' id='word_1_302' title='bbox 3538 701 3692 756; x_wconf 89' lang='lat' dir='ltr'>inter</span> 
     </span>
    </p>
   </div>
   <div class='ocr_carea' id='block_1_39' title="bbox 2033 789 3691 864">
    <p class='ocr_par' dir='ltr' id='par_1_39' title="bbox 2033 789 3691 864">
     <span class='ocr_line' id='line_1_39' title="bbox 2033 789 3691 864; baseline 0 -20"><span class='ocrx_word' id='word_1_303' title='bbox 2033 789 2186 845; x_wconf 90' lang='lat' dir='ltr'>diem</span> <span class='ocrx_word' id='word_1_304' title='bbox 2235 791 2501 861; x_wconf 87' lang='lat' dir='ltr'>judicat;</span> <span class='ocrx_word' id='word_1_305' title='bbox 2547 792 2687 861; x_wconf 89' lang='lat' dir='ltr'>quia</span> <span class='ocrx_word' id='word_1_306' title='bbox 2715 791 2822 846; x_wconf 90' lang='lat' dir='ltr'>hoc</span> <span class='ocrx_word' id='word_1_307' title='bbox 2853 792 3224 847; x_wconf 90' lang='lat' dir='ltr'>solummodo</span> <span class='ocrx_word' id='word_1_308' title='bbox 3248 793 3486 862; x_wconf 90' lang='lat' dir='ltr'>judicat</span> <span class='ocrx_word' id='word_1_309' title='bbox 3514 791 3691 864; x_wconf 83' lang='grc'>(445),</span> 
     </span>
    </p>
   </div>
   <div class='ocr_carea' id='block_1_40' title="bbox 2032 878 3690 952">
    <p class='ocr_par' dir='ltr' id='par_1_40' title="bbox 2032 878 3690 952">
     <span class='ocr_line' id='line_1_40' title="bbox 2032 878 3690 952; baseline 0.001 -20"><span class='ocrx_word' id='word_1_310' title='bbox 2032 879 2188 948; x_wconf 85' lang='lat' dir='ltr'>quod</span> <span class='ocrx_word' id='word_1_311' title='bbox 2223 879 2278 932; x_wconf 92' lang='lat' dir='ltr'>in</span> <span class='ocrx_word' id='word_1_312' title='bbox 2311 878 2582 950; x_wconf 65' lang='lat' dir='ltr'>prmsenti</span> <span class='ocrx_word' id='word_1_313' title='bbox 2607 879 2758 934; x_wconf 86' lang='lat' dir='ltr'>videt</span> <span class='ocrx_word' id='word_1_314' title='bbox 2783 894 2796 934; x_wconf 91' lang='lat'>:</span> <span class='ocrx_word' id='word_1_315' title='bbox 2831 896 2966 934; x_wconf 88' lang='lat' dir='ltr'>nam</span> <span class='ocrx_word' id='word_1_316' title='bbox 2990 879 3180 950; x_wconf 91' lang='lat' dir='ltr'>qualis</span> <span class='ocrx_word' id='word_1_317' title='bbox 3204 880 3464 952; x_wconf 87' lang='lat' dir='ltr'>quisque</span> <span class='ocrx_word' id='word_1_318' title='bbox 3485 881 3563 937; x_wconf 89' lang='lat' dir='ltr'>sit</span> <span class='ocrx_word' id='word_1_319' title='bbox 3589 879 3690 935; x_wconf 83' lang='lat' dir='ltr'>ho-</span> 
     </span>
    </p>
   </div>
   <div class='ocr_carea' id='block_1_41' title="bbox 2033 968 3693 1040">
    <p class='ocr_par' dir='ltr' id='par_1_41' title="bbox 2033 968 3693 1040">
     <span class='ocr_line' id='line_1_41' title="bbox 2033 968 3693 1040; baseline 0.002 -19"><span class='ocrx_word' id='word_1_320' title='bbox 2033 968 2149 1034; x_wconf 91' lang='lat' dir='ltr'>die,</span> <span class='ocrx_word' id='word_1_321' title='bbox 2181 969 2376 1034; x_wconf 88' lang='lat' dir='ltr'>videt;</span> <span class='ocrx_word' id='word_1_322' title='bbox 2429 968 2621 1039; x_wconf 87' lang='lat' dir='ltr'>qualis</span> <span class='ocrx_word' id='word_1_323' title='bbox 2674 972 2866 1024; x_wconf 87' lang='lat' dir='ltr'>autem</span> <span class='ocrx_word' id='word_1_324' title='bbox 2922 969 3152 1023; x_wconf 85' lang='lat' dir='ltr'>futurus</span> <span class='ocrx_word' id='word_1_325' title='bbox 3206 969 3306 1038; x_wconf 86' lang='lat' dir='ltr'>sit,</span> <span class='ocrx_word' id='word_1_326' title='bbox 3342 969 3593 1040; x_wconf 82' lang='lat' dir='ltr'>ignorat,</span> <span class='ocrx_word' id='word_1_327' title='bbox 3627 973 3693 1024; x_wconf 85' lang='lat' dir='ltr'>ut</span> 
     </span>
    </p>
   </div>
   <div class='ocr_carea' id='block_1_42' title="bbox 2033 1056 3692 1126">
    <p class='ocr_par' dir='ltr' id='par_1_42' title="bbox 2033 1056 3692 1126">
     <span class='ocr_line' id='line_1_42' title="bbox 2033 1056 3692 1126; baseline 0.001 -15"><span class='ocrx_word' id='word_1_328' title='bbox 2033 1073 2190 1121; x_wconf 90' lang='lat' dir='ltr'>eum,</span> <span class='ocrx_word' id='word_1_329' title='bbox 2220 1074 2392 1126; x_wconf 87' lang='lat' dir='ltr'>quem</span> <span class='ocrx_word' id='word_1_330' title='bbox 2423 1057 2593 1112; x_wconf 90' lang='lat' dir='ltr'>hodie</span> <span class='ocrx_word' id='word_1_331' title='bbox 2633 1057 2788 1112; x_wconf 89' lang='lat' dir='ltr'>videt</span> <span class='ocrx_word' id='word_1_332' title='bbox 2827 1056 3070 1123; x_wconf 85' lang='lat' dir='ltr'>malum,</span> <span class='ocrx_word' id='word_1_333' title='bbox 3104 1074 3234 1112; x_wconf 90' lang='lat' dir='ltr'>cras</span> <span class='ocrx_word' id='word_1_334' title='bbox 3285 1075 3407 1113; x_wconf 92' lang='lat' dir='ltr'>non</span> <span class='ocrx_word' id='word_1_335' title='bbox 3460 1058 3692 1114; x_wconf 87' lang='lat' dir='ltr'>dubitet</span> 
     </span>
    </p>
   </div>
   <div class='ocr_carea' id='block_1_43' title="bbox 2031 1145 3690 1217">
    <p class='ocr_par' dir='ltr' id='par_1_43' title="bbox 2031 1145 3690 1217">
     <span class='ocr_line' id='line_1_43' title="bbox 2031 1145 3690 1217; baseline 0 -17"><span class='ocrx_word' id='word_1_336' title='bbox 2031 1161 2204 1216; x_wconf 88' lang='lat' dir='ltr'>posse</span> <span class='ocrx_word' id='word_1_337' title='bbox 2235 1145 2432 1201; x_wconf 88' lang='lat' dir='ltr'>divina</span> <span class='ocrx_word' id='word_1_338' title='bbox 2457 1146 2640 1215; x_wconf 84' lang='lat' dir='ltr'>gratia</span> <span class='ocrx_word' id='word_1_339' title='bbox 2671 1146 2793 1201; x_wconf 84' lang='lat' dir='ltr'>fieri</span> <span class='ocrx_word' id='word_1_340' title='bbox 2827 1146 3047 1200; x_wconf 92' lang='lat' dir='ltr'>bonum</span> <span class='ocrx_word' id='word_1_341' title='bbox 3073 1161 3085 1198; x_wconf 94' lang='lat'>:</span> <span class='ocrx_word' id='word_1_342' title='bbox 3119 1145 3276 1200; x_wconf 91' lang='lat' dir='ltr'>Deus</span> <span class='ocrx_word' id='word_1_343' title='bbox 3311 1152 3508 1202; x_wconf 90' lang='lat' dir='ltr'>autem</span> <span class='ocrx_word' id='word_1_344' title='bbox 3533 1147 3690 1217; x_wconf 90' lang='lat' dir='ltr'>judi-</span> 
     </span>
    </p>
   </div>
   <div class='ocr_carea' id='block_1_44' title="bbox 2033 1233 3694 1305">
    <p class='ocr_par' dir='ltr' id='par_1_44' title="bbox 2033 1233 3694 1305">
     <span class='ocr_line' id='line_1_44' title="bbox 2033 1233 3694 1305; baseline 0.001 -17"><span class='ocrx_word' id='word_1_345' title='bbox 2033 1238 2126 1289; x_wconf 85' lang='lat' dir='ltr'>cat</span> <span class='ocrx_word' id='word_1_346' title='bbox 2179 1252 2413 1290; x_wconf 89' lang='lat' dir='ltr'>omnem</span> <span class='ocrx_word' id='word_1_347' title='bbox 2471 1236 2667 1300; x_wconf 89' lang='lat' dir='ltr'>diem;</span> <span class='ocrx_word' id='word_1_348' title='bbox 2729 1234 2868 1305; x_wconf 89' lang='lat' dir='ltr'>quia</span> <span class='ocrx_word' id='word_1_349' title='bbox 2916 1233 3286 1305; x_wconf 76' lang='lat' dir='ltr'>przescientia</span> <span class='ocrx_word' id='word_1_350' title='bbox 3338 1253 3447 1291; x_wconf 86' lang='lat' dir='ltr'>sua</span> <span class='ocrx_word' id='word_1_351' title='bbox 3496 1234 3694 1291; x_wconf 88' lang='lat' dir='ltr'>omnia</span> 
     </span>
    </p>
   </div>
   <div class='ocr_carea' id='block_1_45' title="bbox 2035 1320 3696 1395">
    <p class='ocr_par' dir='ltr' id='par_1_45' title="bbox 2035 1320 3696 1395">
     <span class='ocr_line' id='line_1_45' title="bbox 2035 1320 3696 1395; baseline -0.001 -18"><span class='ocrx_word' id='word_1_352' title='bbox 2035 1324 2214 1392; x_wconf 88' lang='lat' dir='ltr'>novit,</span> <span class='ocrx_word' id='word_1_353' title='bbox 2250 1324 2426 1379; x_wconf 89' lang='lat' dir='ltr'>etiam</span> <span class='ocrx_word' id='word_1_354' title='bbox 2464 1329 2776 1393; x_wconf 76' lang='lat' dir='ltr'>antequam</span> <span class='ocrx_word' id='word_1_355' title='bbox 2809 1323 2973 1388; x_wconf 79' lang='lat' dir='ltr'>fiant,</span> <span class='ocrx_word' id='word_1_356' title='bbox 3006 1326 3060 1376; x_wconf 87' lang='lat' dir='ltr'>et</span> <span class='ocrx_word' id='word_1_357' title='bbox 3103 1320 3303 1392; x_wconf 84' lang='lat' dir='ltr'>qualis</span> <span class='ocrx_word' id='word_1_358' title='bbox 3336 1324 3586 1395; x_wconf 88' lang='lat' dir='ltr'>quisque</span> <span class='ocrx_word' id='word_1_359' title='bbox 3616 1323 3696 1378; x_wconf 89' lang='lat' dir='ltr'>sit</span> 
     </span>
    </p>
   </div>
   <div class='ocr_carea' id='block_1_46' title="bbox 2032 1410 3695 1484">
    <p class='ocr_par' dir='ltr' id='par_1_46' title="bbox 2032 1410 3695 1484">
     <span class='ocr_line' id='line_1_46' title="bbox 2032 1410 3695 1484; baseline 0.001 -18"><span class='ocrx_word' id='word_1_360' title='bbox 2032 1411 2226 1477; x_wconf 90' lang='lat' dir='ltr'>hodie,</span> <span class='ocrx_word' id='word_1_361' title='bbox 2251 1411 2443 1482; x_wconf 86' lang='lat' dir='ltr'>qualis</span> <span class='ocrx_word' id='word_1_362' title='bbox 2468 1413 2701 1467; x_wconf 83' lang='lat' dir='ltr'>futurus</span> <span class='ocrx_word' id='word_1_363' title='bbox 2723 1410 2818 1466; x_wconf 92' lang='lat' dir='ltr'>sit.</span> <span class='ocrx_word' id='word_1_364' title='bbox 2846 1410 3027 1482; x_wconf 78' lang='lat' dir='ltr'>Igitur</span> <span class='ocrx_word' id='word_1_365' title='bbox 3046 1410 3186 1481; x_wconf 90' lang='lat' dir='ltr'>quia</span> <span class='ocrx_word' id='word_1_366' title='bbox 3209 1410 3362 1466; x_wconf 86' lang='lat' dir='ltr'>vidit</span> <span class='ocrx_word' id='word_1_367' title='bbox 3379 1411 3695 1484; x_wconf 86' lang='lat' dir='ltr'>Apostolus</span> 
     </span>
    </p>
   </div>
   <div class='ocr_carea' id='block_1_47' title="bbox 2030 1499 3699 1571">
    <p class='ocr_par' dir='ltr' id='par_1_47' title="bbox 2030 1499 3699 1571">
     <span class='ocr_line' id='line_1_47' title="bbox 2030 1499 3699 1571; baseline 0.001 -17"><span class='ocrx_word' id='word_1_368' title='bbox 2030 1499 2192 1556; x_wconf 89' lang='lat' dir='ltr'>illam</span> <span class='ocrx_word' id='word_1_369' title='bbox 2222 1501 2582 1566; x_wconf 86' lang='lat' dir='ltr'>varietatem,</span> <span class='ocrx_word' id='word_1_370' title='bbox 2609 1517 2787 1571; x_wconf 90' lang='lat' dir='ltr'>quam</span> <span class='ocrx_word' id='word_1_371' title='bbox 2819 1500 3078 1554; x_wconf 79' lang='lat' dir='ltr'>diximus</span> <span class='ocrx_word' id='word_1_372' title='bbox 3108 1499 3267 1554; x_wconf 90' lang='lat' dir='ltr'>inter</span> <span class='ocrx_word' id='word_1_373' title='bbox 3289 1503 3616 1569; x_wconf 86' lang='lat' dir='ltr'>credentes,</span> <span class='ocrx_word' id='word_1_374' title='bbox 3639 1505 3699 1556; x_wconf 85' lang='lat' dir='ltr'>et</span> 
     </span>
    </p>
   </div>
   <div class='ocr_carea' id='block_1_48' title="bbox 2032 1588 3688 1661">
    <p class='ocr_par' dir='ltr' id='par_1_48' title="bbox 2032 1588 3688 1661">
     <span class='ocr_line' id='line_1_48' title="bbox 2032 1588 3688 1661; baseline 0 -18"><span class='ocrx_word' id='word_1_375' title='bbox 2032 1590 2311 1660; x_wconf 89' lang='lat' dir='ltr'>quoniam</span> <span class='ocrx_word' id='word_1_376' title='bbox 2335 1595 2649 1661; x_wconf 89' lang='lat' dir='ltr'>utrumque</span> <span class='ocrx_word' id='word_1_377' title='bbox 2679 1588 3034 1659; x_wconf 88' lang='lat' dir='ltr'>acceptabile</span> <span class='ocrx_word' id='word_1_378' title='bbox 3064 1592 3153 1644; x_wconf 90' lang='lat' dir='ltr'>est</span> <span class='ocrx_word' id='word_1_379' title='bbox 3172 1588 3318 1661; x_wconf 89' lang='lat' dir='ltr'>Deo,</span> <span class='ocrx_word' id='word_1_380' title='bbox 3346 1589 3688 1660; x_wconf 83' lang='lat' dir='ltr'>subjunxit:</span> 
     </span>
    </p>
   </div>
   <div class='ocr_carea' id='block_1_49' title="bbox 2034 1678 3696 1750">
    <p class='ocr_par' dir='ltr' id='par_1_49' title="bbox 2034 1678 3696 1750">
     <span class='ocr_line' id='line_1_49' title="bbox 2034 1678 3696 1750; baseline 0.001 -17"><span class='ocrx_word' id='word_1_381' title='bbox 2034 1679 2407 1750; x_wconf 85' lang='lat' dir='ltr'>Unusquisque</span> <span class='ocrx_word' id='word_1_382' title='bbox 2424 1680 2484 1732; x_wconf 85' lang='lat' dir='ltr'>in</span> <span class='ocrx_word' id='word_1_383' title='bbox 2512 1694 2609 1733; x_wconf 84' lang='lat' dir='ltr'>suo</span> <span class='ocrx_word' id='word_1_384' title='bbox 2637 1693 2797 1732; x_wconf 83' lang='lat' dir='ltr'>sensu</span> <span class='ocrx_word' id='word_1_385' title='bbox 2827 1678 3090 1732; x_wconf 81' lang='lat' dir='ltr'>abundet.</span> <span class='ocrx_word' id='word_1_386' title='bbox 3115 1680 3289 1733; x_wconf 90' lang='lat' dir='ltr'>Hunc</span> <span class='ocrx_word' id='word_1_387' title='bbox 3321 1678 3516 1736; x_wconf 91' lang='lat' dir='ltr'>locum</span> <span class='ocrx_word' id='word_1_388' title='bbox 3548 1695 3696 1734; x_wconf 89' lang='lat' dir='ltr'>non-</span> 
     </span>
    </p>
   </div>
   <div class='ocr_carea' id='block_1_50' title="bbox 2031 1765 3696 1837">
    <p class='ocr_par' dir='ltr' id='par_1_50' title="bbox 2031 1765 3696 1837">
     <span class='ocr_line' id='line_1_50' title="bbox 2031 1765 3696 1837; baseline 0.001 -18"><span class='ocrx_word' id='word_1_389' title='bbox 2031 1765 2178 1820; x_wconf 89' lang='lat' dir='ltr'>nulli</span> <span class='ocrx_word' id='word_1_390' title='bbox 2200 1767 2280 1820; x_wconf 90' lang='lat' dir='ltr'>ita</span> <span class='ocrx_word' id='word_1_391' title='bbox 2301 1767 2711 1821; x_wconf 80' lang='lat' dir='ltr'>intellexerunt</span> <span class='ocrx_word' id='word_1_392' title='bbox 2735 1783 2747 1821; x_wconf 91' lang='lat'>:</span> <span class='ocrx_word' id='word_1_393' title='bbox 2775 1765 3189 1836; x_wconf 90' lang='lat' dir='ltr'>unusquisque</span> <span class='ocrx_word' id='word_1_394' title='bbox 3208 1768 3372 1837; x_wconf 92' lang='lat' dir='ltr'>quod</span> <span class='ocrx_word' id='word_1_395' title='bbox 3400 1769 3510 1822; x_wconf 88' lang='lat' dir='ltr'>sibi</span> <span class='ocrx_word' id='word_1_396' title='bbox 3537 1766 3696 1822; x_wconf 79' lang='lat' dir='ltr'>sufﬁ-</span> 
     </span>
    </p>
   </div>
   <div class='ocr_carea' id='block_1_51' title="bbox 2032 1855 3694 1927">
    <p class='ocr_par' dir='ltr' id='par_1_51' title="bbox 2032 1855 3694 1927">
     <span class='ocr_line' id='line_1_51' title="bbox 2032 1855 3694 1927; baseline 0.001 -18"><span class='ocrx_word' id='word_1_397' title='bbox 2032 1871 2160 1910; x_wconf 91' lang='lat' dir='ltr'>cere</span> <span class='ocrx_word' id='word_1_398' title='bbox 2189 1855 2530 1919; x_wconf 89' lang='lat' dir='ltr'>decreverit,</span> <span class='ocrx_word' id='word_1_399' title='bbox 2563 1855 2930 1909; x_wconf 85' lang='lat' dir='ltr'>abundanter</span> <span class='ocrx_word' id='word_1_400' title='bbox 2959 1858 3253 1924; x_wconf 86' lang='lat' dir='ltr'>operetur.</span> <span class='ocrx_word' id='word_1_401' title='bbox 3283 1855 3391 1910; x_wconf 90' lang='lat' dir='ltr'>Sed</span> <span class='ocrx_word' id='word_1_402' title='bbox 3426 1855 3694 1927; x_wconf 90' lang='lat' dir='ltr'>nunquid</span> 
     </span>
    </p>
   </div>
   <div class='ocr_carea' id='block_1_52' title="bbox 2032 1941 3693 2014">
    <p class='ocr_par' dir='ltr' id='par_1_52' title="bbox 2032 1941 3693 2014">
     <span class='ocr_line' id='line_1_52' title="bbox 2032 1941 3693 2014; baseline 0.001 -17"><span class='ocrx_word' id='word_1_403' title='bbox 2032 1943 2364 2010; x_wconf 69' lang='lat' dir='ltr'>haereticus,</span> <span class='ocrx_word' id='word_1_404' title='bbox 2396 1942 2660 2012; x_wconf 88' lang='lat' dir='ltr'>nunquid</span> <span class='ocrx_word' id='word_1_405' title='bbox 2709 1941 3144 2007; x_wconf 89' lang='lat' dir='ltr'>schismaticus,</span> <span class='ocrx_word' id='word_1_406' title='bbox 3179 1942 3453 2014; x_wconf 90' lang='lat' dir='ltr'>nunquid</span> <span class='ocrx_word' id='word_1_407' title='bbox 3498 1943 3693 1998; x_wconf 89' lang='lat' dir='ltr'>malus</span> 
     </span>
    </p>
   </div>
   <div class='ocr_carea' id='block_1_53' title="bbox 2036 2029 3693 2101">
    <p class='ocr_par' dir='ltr' id='par_1_53' title="bbox 2036 2029 3693 2101">
     <span class='ocr_line' id='line_1_53' title="bbox 2036 2029 3693 2101; baseline -0.001 -14"><span class='ocrx_word' id='word_1_408' title='bbox 2036 2031 2358 2087; x_wconf 88' lang='lat' dir='ltr'>catholicus</span> <span class='ocrx_word' id='word_1_409' title='bbox 2389 2032 2495 2086; x_wconf 93' lang='lat' dir='ltr'>hoc</span> <span class='ocrx_word' id='word_1_410' title='bbox 2528 2029 2753 2101; x_wconf 86' lang='lat' dir='ltr'>operari</span> <span class='ocrx_word' id='word_1_411' title='bbox 2785 2030 2973 2099; x_wconf 90' lang='lat' dir='ltr'>debet,</span> <span class='ocrx_word' id='word_1_412' title='bbox 3004 2031 3161 2100; x_wconf 91' lang='lat' dir='ltr'>quod</span> <span class='ocrx_word' id='word_1_413' title='bbox 3191 2031 3304 2086; x_wconf 81' lang='lat' dir='ltr'>sibi</span> <span class='ocrx_word' id='word_1_414' title='bbox 3341 2033 3535 2087; x_wconf 90' lang='lat' dir='ltr'>credet</span> <span class='ocrx_word' id='word_1_415' title='bbox 3566 2031 3693 2086; x_wconf 85' lang='lat' dir='ltr'>suf-</span> 
     </span>
    </p>
   </div>
   <div class='ocr_carea' id='block_1_54' title="bbox 2036 2119 3696 2192">
    <p class='ocr_par' dir='ltr' id='par_1_54' title="bbox 2036 2119 3696 2192">
     <span class='ocr_line' id='line_1_54' title="bbox 2036 2119 3696 2192; baseline 0.001 -17"><span class='ocrx_word' id='word_1_416' title='bbox 2036 2120 2248 2175; x_wconf 79' lang='lat' dir='ltr'>ficere?</span> <span class='ocrx_word' id='word_1_417' title='bbox 2276 2120 2464 2175; x_wconf 90' lang='lat' dir='ltr'>Absit.</span> <span class='ocrx_word' id='word_1_418' title='bbox 2496 2120 2551 2174; x_wconf 90' lang='lat' dir='ltr'>Si</span> <span class='ocrx_word' id='word_1_419' title='bbox 2582 2135 2714 2189; x_wconf 85' lang='lat' dir='ltr'>ergo</span> <span class='ocrx_word' id='word_1_420' title='bbox 2745 2119 3154 2189; x_wconf 89' lang='lat' dir='ltr'>accipiendum</span> <span class='ocrx_word' id='word_1_421' title='bbox 3186 2125 3279 2175; x_wconf 89' lang='lat' dir='ltr'>est</span> <span class='ocrx_word' id='word_1_422' title='bbox 3312 2137 3326 2176; x_wconf 91' lang='lat'>:</span> <span class='ocrx_word' id='word_1_423' title='bbox 3361 2121 3696 2192; x_wconf 90' lang='lat' dir='ltr'>Unusquis-</span> 
     </span>
    </p>
   </div>
   <div class='ocr_carea' id='block_1_55' title="bbox 2036 2206 3702 2280">
    <p class='ocr_par' dir='ltr' id='par_1_55' title="bbox 2036 2206 3702 2280">
     <span class='ocr_line' id='line_1_55' title="bbox 2036 2206 3702 2280; baseline 0.001 -16"><span class='ocrx_word' id='word_1_424' title='bbox 2036 2225 2150 2280; x_wconf 89' lang='lat' dir='ltr'>que</span> <span class='ocrx_word' id='word_1_425' title='bbox 2183 2208 2336 2264; x_wconf 91' lang='lat' dir='ltr'>sicut</span> <span class='ocrx_word' id='word_1_426' title='bbox 2365 2225 2472 2264; x_wconf 90' lang='lat' dir='ltr'>suo</span> <span class='ocrx_word' id='word_1_427' title='bbox 2504 2225 2646 2264; x_wconf 89' lang='lat' dir='ltr'>sano</span> <span class='ocrx_word' id='word_1_428' title='bbox 2674 2207 2876 2263; x_wconf 88' lang='lat' dir='ltr'>sensui</span> <span class='ocrx_word' id='word_1_429' title='bbox 2899 2206 3236 2264; x_wconf 90' lang='lat' dir='ltr'>intellectus</span> <span class='ocrx_word' id='word_1_430' title='bbox 3265 2226 3300 2263; x_wconf 92' lang='lat' dir='ltr'>a</span> <span class='ocrx_word' id='word_1_431' title='bbox 3324 2213 3438 2264; x_wconf 83' lang='lat' dir='ltr'>Deo</span> <span class='ocrx_word' id='word_1_432' title='bbox 3467 2226 3702 2265; x_wconf 86' lang='lat' dir='ltr'>conces-</span> 
     </span>
    </p>
   </div>
   <div class='ocr_carea' id='block_1_56' title="bbox 2038 2295 3700 2368">
    <p class='ocr_par' dir='ltr' id='par_1_56' title="bbox 2038 2295 3700 2368">
     <span class='ocr_line' id='line_1_56' title="bbox 2038 2295 3700 2368; baseline 0.001 -15"><span class='ocrx_word' id='word_1_433' title='bbox 2038 2315 2140 2354; x_wconf 88' lang='lat' dir='ltr'>sus</span> <span class='ocrx_word' id='word_1_434' title='bbox 2166 2302 2277 2363; x_wconf 88' lang='lat' dir='ltr'>est,</span> <span class='ocrx_word' id='word_1_435' title='bbox 2303 2299 2386 2353; x_wconf 89' lang='lat' dir='ltr'>sic</span> <span class='ocrx_word' id='word_1_436' title='bbox 2418 2302 2728 2368; x_wconf 89' lang='lat' dir='ltr'>operetur;</span> <span class='ocrx_word' id='word_1_437' title='bbox 2763 2313 2828 2350; x_wconf 90' lang='lat' dir='ltr'>ac</span> <span class='ocrx_word' id='word_1_438' title='bbox 2860 2295 2906 2350; x_wconf 90' lang='lat' dir='ltr'>si</span> <span class='ocrx_word' id='word_1_439' title='bbox 2929 2296 3195 2368; x_wconf 87' lang='lat' dir='ltr'>apertius</span> <span class='ocrx_word' id='word_1_440' title='bbox 3226 2297 3478 2355; x_wconf 86' lang='lat' dir='ltr'>diceret:</span> <span class='ocrx_word' id='word_1_441' title='bbox 3512 2299 3700 2355; x_wconf 90' lang='lat' dir='ltr'>Unus-</span> 
     </span>
    </p>
   </div>
   <div class='ocr_carea' id='block_1_57' title="bbox 2038 2385 3701 2459">
    <p class='ocr_par' dir='ltr' id='par_1_57' title="bbox 2038 2385 3701 2459">
     <span class='ocr_line' id='line_1_57' title="bbox 2038 2385 3701 2459; baseline 0.002 -19"><span class='ocrx_word' id='word_1_442' title='bbox 2038 2387 2292 2457; x_wconf 84' lang='lat' dir='ltr'>quisque</span> <span class='ocrx_word' id='word_1_443' title='bbox 2345 2404 2470 2458; x_wconf 76' lang='lat' dir='ltr'>quae</span> <span class='ocrx_word' id='word_1_444' title='bbox 2523 2385 2830 2454; x_wconf 89' lang='lat' dir='ltr'>credenda,</span> <span class='ocrx_word' id='word_1_445' title='bbox 2876 2389 2932 2440; x_wconf 91' lang='lat' dir='ltr'>et</span> <span class='ocrx_word' id='word_1_446' title='bbox 2979 2385 3336 2456; x_wconf 84' lang='lat' dir='ltr'>confitenda,</span> <span class='ocrx_word' id='word_1_447' title='bbox 3371 2393 3429 2444; x_wconf 90' lang='lat' dir='ltr'>et</span> <span class='ocrx_word' id='word_1_448' title='bbox 3475 2390 3701 2459; x_wconf 83' lang='lat' dir='ltr'>agenda</span> 
     </span>
    </p>
   </div>
   <div class='ocr_carea' id='block_1_58' title="bbox 2031 2473 3700 2548">
    <p class='ocr_par' dir='ltr' id='par_1_58' title="bbox 2031 2473 3700 2548">
     <span class='ocr_line' id='line_1_58' title="bbox 2031 2473 3700 2548; baseline 0.001 -18"><span class='ocrx_word' id='word_1_449' title='bbox 2031 2477 2201 2546; x_wconf 83' lang='lat' dir='ltr'>juxta</span> <span class='ocrx_word' id='word_1_450' title='bbox 2245 2474 2538 2541; x_wconf 86' lang='lat' dir='ltr'>instituta,</span> <span class='ocrx_word' id='word_1_451' title='bbox 2573 2478 2629 2528; x_wconf 91' lang='lat' dir='ltr'>et</span> <span class='ocrx_word' id='word_1_452' title='bbox 2677 2473 2941 2545; x_wconf 85' lang='lat' dir='ltr'>exempla</span> <span class='ocrx_word' id='word_1_453' title='bbox 2988 2479 3331 2532; x_wconf 85' lang='lat' dir='ltr'>sanctorum</span> <span class='ocrx_word' id='word_1_454' title='bbox 3381 2477 3700 2548; x_wconf 81' lang='lat' dir='ltr'>cognoscit,</span> 
     </span>
    </p>
   </div>
   <div class='ocr_carea' id='block_1_59' title="bbox 2037 2564 3702 2633">
    <p class='ocr_par' dir='ltr' id='par_1_59' title="bbox 2037 2564 3702 2633">
     <span class='ocr_line' id='line_1_59' title="bbox 2037 2564 3702 2633; baseline 0.001 -14"><span class='ocrx_word' id='word_1_455' title='bbox 2037 2565 2160 2619; x_wconf 80' lang='lat' dir='ltr'>haec</span> <span class='ocrx_word' id='word_1_456' title='bbox 2190 2564 2558 2619; x_wconf 85' lang='lat' dir='ltr'>abundanter</span> <span class='ocrx_word' id='word_1_457' title='bbox 2577 2566 2882 2633; x_wconf 82' lang='lat' dir='ltr'>operetur;</span> <span class='ocrx_word' id='word_1_458' title='bbox 2916 2567 3212 2632; x_wconf 85' lang='lat' dir='ltr'>quatenus</span> <span class='ocrx_word' id='word_1_459' title='bbox 3244 2565 3304 2621; x_wconf 93' lang='lat' dir='ltr'>in</span> <span class='ocrx_word' id='word_1_460' title='bbox 3338 2565 3430 2622; x_wconf 89' lang='lat' dir='ltr'>his</span> <span class='ocrx_word' id='word_1_461' title='bbox 3461 2583 3523 2622; x_wconf 90' lang='lat' dir='ltr'>se</span> <span class='ocrx_word' id='word_1_462' title='bbox 3543 2582 3702 2622; x_wconf 81' lang='lat' dir='ltr'>exer-</span> 
     </span>
    </p>
   </div>
   <div class='ocr_carea' id='block_1_60' title="bbox 2040 2651 3698 2724">
    <p class='ocr_par' dir='ltr' id='par_1_60' title="bbox 2040 2651 3698 2724">
     <span class='ocr_line' id='line_1_60' title="bbox 2040 2651 3698 2724; baseline 0.001 -17"><span class='ocrx_word' id='word_1_463' title='bbox 2040 2653 2244 2719; x_wconf 91' lang='lat' dir='ltr'>cendo,</span> <span class='ocrx_word' id='word_1_464' title='bbox 2277 2655 2350 2710; x_wconf 88' lang='lat' dir='ltr'>ad</span> <span class='ocrx_word' id='word_1_465' title='bbox 2384 2653 2609 2722; x_wconf 86' lang='lat' dir='ltr'>majora</span> <span class='ocrx_word' id='word_1_466' title='bbox 2639 2651 2954 2723; x_wconf 90' lang='lat' dir='ltr'>perveniat,</span> <span class='ocrx_word' id='word_1_467' title='bbox 2987 2655 3317 2724; x_wconf 61' lang='lat' dir='ltr'>quaprius</span> <span class='ocrx_word' id='word_1_468' title='bbox 3363 2672 3479 2712; x_wconf 89' lang='lat' dir='ltr'>non</span> <span class='ocrx_word' id='word_1_469' title='bbox 3527 2653 3698 2711; x_wconf 89' lang='lat' dir='ltr'>intel-</span> 
     </span>
    </p>
   </div>
   <div class='ocr_carea' id='block_1_61' title="bbox 2038 2741 2197 2798">
    <p class='ocr_par' dir='ltr' id='par_1_61' title="bbox 2038 2741 2197 2798">
     <span class='ocr_line' id='line_1_61' title="bbox 2038 2741 2197 2798; baseline -0.006 -2"><span class='ocrx_word' id='word_1_470' title='bbox 2038 2741 2197 2798; x_wconf 83' lang='lat' dir='ltr'>lexit.</span> 
     </span>
    </p>
   </div>
   <div class='ocr_carea' id='block_1_62' title="bbox 2113 2830 3696 2904">
    <p class='ocr_par' dir='ltr' id='par_1_62' title="bbox 2113 2830 3696 2904">
     <span class='ocr_line' id='line_1_62' title="bbox 2113 2830 3696 2904; baseline 0.003 -20"><span class='ocrx_word' id='word_1_471' title='bbox 2113 2830 2432 2900; x_wconf 88' lang='lat' dir='ltr'>Sequitur:</span> <span class='ocrx_word' id='word_1_472' title='bbox 2488 2831 2598 2899; x_wconf 89' lang='lat' dir='ltr'>Qui</span> <span class='ocrx_word' id='word_1_473' title='bbox 2648 2833 2790 2901; x_wconf 87' lang='lat' dir='ltr'>sapit</span> <span class='ocrx_word' id='word_1_474' title='bbox 2840 2831 3006 2895; x_wconf 84' lang='lat' dir='ltr'>diem,</span> <span class='ocrx_word' id='word_1_475' title='bbox 3049 2832 3281 2889; x_wconf 88' lang='lat' dir='ltr'>Domino</span> <span class='ocrx_word' id='word_1_476' title='bbox 3332 2835 3496 2904; x_wconf 82' lang='lat' dir='ltr'>sapit.</span> <span class='ocrx_word' id='word_1_477' title='bbox 3530 2833 3696 2889; x_wconf 89' lang='lat' dir='ltr'>Diem</span> 
     </span>
    </p>
   </div>
   <div class='ocr_carea' id='block_1_63' title="bbox 2043 2917 3695 2992">
    <p class='ocr_par' dir='ltr' id='par_1_63' title="bbox 2043 2917 3695 2992">
     <span class='ocr_line' id='line_1_63' title="bbox 2043 2917 3695 2992; baseline 0.001 -17"><span class='ocrx_word' id='word_1_478' title='bbox 2043 2918 2198 2990; x_wconf 88' lang='lat' dir='ltr'>sapit</span> <span class='ocrx_word' id='word_1_479' title='bbox 2249 2920 2373 2989; x_wconf 89' lang='lat' dir='ltr'>qui,</span> <span class='ocrx_word' id='word_1_480' title='bbox 2409 2917 2600 2990; x_wconf 86' lang='lat' dir='ltr'>qualis</span> <span class='ocrx_word' id='word_1_481' title='bbox 2649 2917 2863 2990; x_wconf 90' lang='lat' dir='ltr'>aliquis</span> <span class='ocrx_word' id='word_1_482' title='bbox 2902 2918 2997 2985; x_wconf 87' lang='lat' dir='ltr'>sit,</span> <span class='ocrx_word' id='word_1_483' title='bbox 3031 2918 3209 2976; x_wconf 92' lang='lat' dir='ltr'>hodie</span> <span class='ocrx_word' id='word_1_484' title='bbox 3252 2922 3405 2977; x_wconf 87' lang='lat' dir='ltr'>videt</span> <span class='ocrx_word' id='word_1_485' title='bbox 3438 2938 3450 2976; x_wconf 93' lang='lat'>:</span> <span class='ocrx_word' id='word_1_486' title='bbox 3501 2921 3695 2992; x_wconf 89' lang='lat' dir='ltr'>qualis</span> 
     </span>
    </p>
   </div>
   <div class='ocr_carea' id='block_1_64' title="bbox 2044 3006 3697 3081">
    <p class='ocr_par' dir='ltr' id='par_1_64' title="bbox 2044 3006 3697 3081">
     <span class='ocr_line' id='line_1_64' title="bbox 2044 3006 3697 3081; baseline -0.001 -17"><span class='ocrx_word' id='word_1_487' title='bbox 2044 3011 2240 3064; x_wconf 86' lang='lat' dir='ltr'>autem</span> <span class='ocrx_word' id='word_1_488' title='bbox 2273 3024 2401 3063; x_wconf 90' lang='lat' dir='ltr'>cras</span> <span class='ocrx_word' id='word_1_489' title='bbox 2425 3009 2657 3061; x_wconf 87' lang='lat' dir='ltr'>futurus</span> <span class='ocrx_word' id='word_1_490' title='bbox 2689 3006 2783 3074; x_wconf 90' lang='lat' dir='ltr'>sit,</span> <span class='ocrx_word' id='word_1_491' title='bbox 2810 3023 2924 3061; x_wconf 89' lang='lat' dir='ltr'>non</span> <span class='ocrx_word' id='word_1_492' title='bbox 2948 3009 3250 3077; x_wconf 81' lang='lat' dir='ltr'>agnoscit;</span> <span class='ocrx_word' id='word_1_493' title='bbox 3285 3010 3342 3064; x_wconf 93' lang='lat' dir='ltr'>id</span> <span class='ocrx_word' id='word_1_494' title='bbox 3375 3014 3483 3078; x_wconf 82' lang='lat' dir='ltr'>est,</span> <span class='ocrx_word' id='word_1_495' title='bbox 3508 3009 3609 3081; x_wconf 90' lang='lat' dir='ltr'>qui</span> <span class='ocrx_word' id='word_1_496' title='bbox 3631 3025 3697 3064; x_wconf 86' lang='lat' dir='ltr'>ea</span> 
     </span>
    </p>
   </div>
   <div class='ocr_carea' id='block_1_65' title="bbox 2043 3094 3693 3166">
    <p class='ocr_par' dir='ltr' id='par_1_65' title="bbox 2043 3094 3693 3166">
     <span class='ocr_line' id='line_1_65' title="bbox 2043 3094 3693 3166; baseline 0.001 -15"><span class='ocrx_word' id='word_1_497' title='bbox 2043 3101 2272 3152; x_wconf 89' lang='lat' dir='ltr'>tantum</span> <span class='ocrx_word' id='word_1_498' title='bbox 2303 3096 2474 3166; x_wconf 89' lang='lat' dir='ltr'>sapit,</span> <span class='ocrx_word' id='word_1_499' title='bbox 2510 3111 2638 3165; x_wconf 71' lang='lat' dir='ltr'>quin</span> <span class='ocrx_word' id='word_1_500' title='bbox 2688 3094 2748 3148; x_wconf 93' lang='lat' dir='ltr'>in</span> <span class='ocrx_word' id='word_1_501' title='bbox 2801 3095 3070 3166; x_wconf 62' lang='lat' dir='ltr'>praesenti</span> <span class='ocrx_word' id='word_1_502' title='bbox 3115 3097 3308 3165; x_wconf 89' lang='lat' dir='ltr'>videt;</span> <span class='ocrx_word' id='word_1_503' title='bbox 3342 3102 3399 3152; x_wconf 91' lang='lat' dir='ltr'>et</span> <span class='ocrx_word' id='word_1_504' title='bbox 3445 3097 3693 3152; x_wconf 85' lang='lat' dir='ltr'>Domino</span> 
     </span>
    </p>
   </div>
   <div class='ocr_carea' id='block_1_66' title="bbox 277 3177 3691 3262">
    <p class='ocr_par' dir='ltr' id='par_1_66' title="bbox 277 3177 3691 3262">
     <span class='ocr_line' id='line_1_66' title="bbox 277 3177 3691 3262; baseline -0.002 -16"><span class='ocrx_word' id='word_1_505' title='bbox 277 3189 563 3262; x_wconf 91' lang='lat' dir='ltr'>quoniam</span> <span class='ocrx_word' id='word_1_506' title='bbox 601 3189 658 3242; x_wconf 88' lang='lat' dir='ltr'>in</span> <span class='ocrx_word' id='word_1_507' title='bbox 693 3187 804 3242; x_wconf 83' lang='lat' dir='ltr'>ﬁde</span> <span class='ocrx_word' id='word_1_508' title='bbox 836 3190 1204 3258; x_wconf 89' lang='lat' dir='ltr'>perseverat:</span> <span class='ocrx_word' id='word_1_509' title='bbox 1241 3185 1397 3241; x_wconf 88' lang='lat' dir='ltr'>cadit</span> <span class='ocrx_word' id='word_1_510' title='bbox 1418 3189 1616 3241; x_wconf 91' lang='lat' dir='ltr'>autem</span> <span class='ocrx_word' id='word_1_511' title='bbox 1639 3185 1932 3250; x_wconf 85' lang='lat' dir='ltr'>infirmus,</span> <span class='ocrx_word' id='word_1_512' title='bbox 1966 3177 2008 3244; x_wconf 90' lang='lat' dir='ltr'><strong><em>C</em></strong></span> <span class='ocrx_word' id='word_1_513' title='bbox 2048 3183 2492 3254; x_wconf 87' lang='lat' dir='ltr'>sapit,quiaillo</span> <span class='ocrx_word' id='word_1_514' title='bbox 2517 3182 2796 3252; x_wconf 78' lang='lat' dir='ltr'>largiente</span> <span class='ocrx_word' id='word_1_515' title='bbox 2819 3182 2926 3238; x_wconf 89' lang='lat' dir='ltr'>hoc</span> <span class='ocrx_word' id='word_1_516' title='bbox 2954 3184 3152 3254; x_wconf 89' lang='lat' dir='ltr'>ipsum</span> <span class='ocrx_word' id='word_1_517' title='bbox 3178 3185 3691 3255; x_wconf 84' lang='lat' dir='ltr'>intelligit.Aliter:</span> 
     </span>
    </p>
   </div>
   <div class='ocr_carea' id='block_1_67' title="bbox 277 3271 3714 3348">
    <p class='ocr_par' dir='ltr' id='par_1_67' title="bbox 277 3271 3714 3348">
     <span class='ocr_line' id='line_1_67' title="bbox 277 3271 3714 3348; baseline -0.002 -13"><span class='ocrx_word' id='word_1_518' title='bbox 277 3281 383 3335; x_wconf 89' lang='lat' dir='ltr'>sed</span> <span class='ocrx_word' id='word_1_519' title='bbox 421 3277 594 3334; x_wconf 83' lang='lat' dir='ltr'>fortis</span> <span class='ocrx_word' id='word_1_520' title='bbox 626 3275 850 3330; x_wconf 90' lang='lat' dir='ltr'>Domini</span> <span class='ocrx_word' id='word_1_521' title='bbox 880 3275 1068 3347; x_wconf 88' lang='lat' dir='ltr'>gratia</span> <span class='ocrx_word' id='word_1_522' title='bbox 1107 3278 1222 3329; x_wconf 90' lang='lat' dir='ltr'>stat</span> <span class='ocrx_word' id='word_1_523' title='bbox 1252 3291 1265 3341; x_wconf 97' lang='lat'>;</span> <span class='ocrx_word' id='word_1_524' title='bbox 1320 3276 1591 3329; x_wconf 83' lang='lat' dir='ltr'>inﬁrmus</span> <span class='ocrx_word' id='word_1_525' title='bbox 1638 3290 1771 3329; x_wconf 87' lang='lat' dir='ltr'>vero</span> <span class='ocrx_word' id='word_1_526' title='bbox 1832 3292 1939 3330; x_wconf 91' lang='lat' dir='ltr'>sua</span> <span class='ocrx_word' id='word_1_527' title='bbox 2046 3273 2212 3328; x_wconf 91' lang='lat' dir='ltr'>Diem</span> <span class='ocrx_word' id='word_1_528' title='bbox 2233 3272 2405 3342; x_wconf 87' lang='lat' dir='ltr'>sapit,</span> <span class='ocrx_word' id='word_1_529' title='bbox 2429 3277 2486 3326; x_wconf 89' lang='lat' dir='ltr'>et</span> <span class='ocrx_word' id='word_1_530' title='bbox 2510 3271 2757 3327; x_wconf 86' lang='lat' dir='ltr'>Domino</span> <span class='ocrx_word' id='word_1_531' title='bbox 2779 3271 2951 3342; x_wconf 88' lang='lat' dir='ltr'>sapit,</span> <span class='ocrx_word' id='word_1_532' title='bbox 2976 3273 3077 3343; x_wconf 93' lang='lat' dir='ltr'>qui</span> <span class='ocrx_word' id='word_1_533' title='bbox 3111 3291 3225 3328; x_wconf 91' lang='lat' dir='ltr'>non</span> <span class='ocrx_word' id='word_1_534' title='bbox 3256 3280 3491 3347; x_wconf 87' lang='lat' dir='ltr'>propter</span> <span class='ocrx_word' id='word_1_535' title='bbox 3511 3273 3714 3348; x_wconf 44' lang='lat' dir='ltr'>homi-I</span> 
     </span>
    </p>
   </div>
   <div class='ocr_carea' id='block_1_68' title="bbox 276 3360 3305 3439">
    <p class='ocr_par' dir='ltr' id='par_1_68' title="bbox 276 3360 3305 3439">
     <span class='ocr_line' id='line_1_68' title="bbox 276 3360 3305 3439; baseline -0.002 -16"><span class='ocrx_word' id='word_1_536' title='bbox 276 3366 610 3439; x_wconf 76' lang='lat' dir='ltr'>fragilitate</span> <span class='ocrx_word' id='word_1_537' title='bbox 638 3365 804 3419; x_wconf 88' lang='lat' dir='ltr'>cadit.</span> <span class='ocrx_word' id='word_1_538' title='bbox 831 3369 900 3418; x_wconf 88' lang='lat' dir='ltr'>Et</span> <span class='ocrx_word' id='word_1_539' title='bbox 931 3367 1088 3430; x_wconf 89' lang='lat' dir='ltr'>nota,</span> <span class='ocrx_word' id='word_1_540' title='bbox 1120 3363 1276 3434; x_wconf 89' lang='lat' dir='ltr'>quia,</span> <span class='ocrx_word' id='word_1_541' title='bbox 1311 3380 1446 3418; x_wconf 88' lang='lat' dir='ltr'>cum</span> <span class='ocrx_word' id='word_1_542' title='bbox 1477 3362 1826 3435; x_wconf 88' lang='lat' dir='ltr'>generaliter</span> <span class='ocrx_word' id='word_1_543' title='bbox 1854 3363 1938 3418; x_wconf 90' lang='lat' dir='ltr'>lo-</span> <span class='ocrx_word' id='word_1_544' title='bbox 2049 3378 2206 3430; x_wconf 89' lang='lat' dir='ltr'>nem,</span> <span class='ocrx_word' id='word_1_545' title='bbox 2239 3362 2340 3416; x_wconf 90' lang='lat' dir='ltr'>sed</span> <span class='ocrx_word' id='word_1_546' title='bbox 2372 3366 2606 3432; x_wconf 91' lang='lat' dir='ltr'>propter</span> <span class='ocrx_word' id='word_1_547' title='bbox 2636 3360 2737 3416; x_wconf 90' lang='lat' dir='ltr'>Dei</span> <span class='ocrx_word' id='word_1_548' title='bbox 2768 3377 3029 3416; x_wconf 88' lang='lat' dir='ltr'>amorem</span> <span class='ocrx_word' id='word_1_549' title='bbox 3053 3363 3305 3434; x_wconf 89' lang='lat' dir='ltr'>jejunat.</span> 
     </span>
    </p>
   </div>
   <div class='ocr_carea' id='block_1_69' title="bbox 277 3450 3700 3529">
    <p class='ocr_par' dir='ltr' id='par_1_69' title="bbox 277 3450 3700 3529">
     <span class='ocr_line' id='line_1_69' title="bbox 277 3450 3700 3529; baseline -0.001 -18"><span class='ocrx_word' id='word_1_550' title='bbox 277 3458 572 3529; x_wconf 85' lang='lat' dir='ltr'>queretur</span> <span class='ocrx_word' id='word_1_551' title='bbox 591 3453 660 3508; x_wconf 91' lang='lat' dir='ltr'>de</span> <span class='ocrx_word' id='word_1_552' title='bbox 680 3452 951 3508; x_wconf 88' lang='lat' dir='ltr'>omnibus</span> <span class='ocrx_word' id='word_1_553' title='bbox 975 3452 1349 3524; x_wconf 86' lang='lat' dir='ltr'>regeneratis,</span> <span class='ocrx_word' id='word_1_554' title='bbox 1373 3451 1567 3507; x_wconf 90' lang='lat' dir='ltr'>subito</span> <span class='ocrx_word' id='word_1_555' title='bbox 1593 3452 1845 3522; x_wconf 83' lang='lat' dir='ltr'>respexit</span> <span class='ocrx_word' id='word_1_556' title='bbox 1866 3453 1934 3506; x_wconf 88' lang='lat' dir='ltr'>ad</span> <span class='ocrx_word' id='word_1_557' title='bbox 2124 3453 2187 3506; x_wconf 84' lang='lat' dir='ltr'>Et</span> <span class='ocrx_word' id='word_1_558' title='bbox 2216 3451 2311 3521; x_wconf 84' lang='lat' dir='ltr'>qui</span> <span class='ocrx_word' id='word_1_559' title='bbox 2338 3450 2656 3513; x_wconf 84' lang='lat' dir='ltr'>manducat,</span> <span class='ocrx_word' id='word_1_560' title='bbox 2689 3451 2915 3505; x_wconf 86' lang='lat' dir='ltr'>Domino</span> <span class='ocrx_word' id='word_1_561' title='bbox 2959 3452 3280 3508; x_wconf 82' lang='lat' dir='ltr'>manducat.</span> <span class='ocrx_word' id='word_1_562' title='bbox 3316 3453 3432 3508; x_wconf 91' lang='lat' dir='ltr'>Hoc</span> <span class='ocrx_word' id='word_1_563' title='bbox 3463 3453 3532 3508; x_wconf 91' lang='lat' dir='ltr'>de</span> <span class='ocrx_word' id='word_1_564' title='bbox 3561 3469 3700 3524; x_wconf 84' lang='lat' dir='ltr'>gen-</span> 
     </span>
    </p>
   </div>
   <div class='ocr_carea' id='block_1_70' title="bbox 279 3538 3704 3618">
    <p class='ocr_par' dir='ltr' id='par_1_70' title="bbox 279 3538 3704 3618">
     <span class='ocr_line' id='line_1_70' title="bbox 279 3538 3704 3618; baseline -0.001 -18"><span class='ocrx_word' id='word_1_565' title='bbox 279 3542 754 3618; x_wconf 72' lang='lat' dir='ltr'>praadestinatos,</span> <span class='ocrx_word' id='word_1_566' title='bbox 786 3548 843 3598; x_wconf 88' lang='lat' dir='ltr'>et</span> <span class='ocrx_word' id='word_1_567' title='bbox 896 3541 1123 3596; x_wconf 89' lang='lat' dir='ltr'>addidit</span> <span class='ocrx_word' id='word_1_568' title='bbox 1155 3557 1166 3594; x_wconf 91' lang='lat'>:</span> <span class='ocrx_word' id='word_1_569' title='bbox 1221 3541 1397 3597; x_wconf 85' lang='lat' dir='ltr'>Stabit</span> <span class='ocrx_word' id='word_1_570' title='bbox 1446 3549 1676 3605; x_wconf 86' lang='lat' dir='ltr'>autem;</span> <span class='ocrx_word' id='word_1_571' title='bbox 1724 3540 1942 3596; x_wconf 90' lang='lat' dir='ltr'>scilicet</span> <span class='ocrx_word' id='word_1_572' title='bbox 2049 3539 2208 3594; x_wconf 90' lang='lat' dir='ltr'>tibus</span> <span class='ocrx_word' id='word_1_573' title='bbox 2231 3538 2451 3594; x_wconf 91' lang='lat' dir='ltr'>dictum</span> <span class='ocrx_word' id='word_1_574' title='bbox 2476 3542 2582 3593; x_wconf 90' lang='lat' dir='ltr'>est.</span> <span class='ocrx_word' id='word_1_575' title='bbox 2609 3539 2674 3592; x_wconf 79' lang='lat' dir='ltr'>Et</span> <span class='ocrx_word' id='word_1_576' title='bbox 2699 3543 2788 3593; x_wconf 87' lang='lat' dir='ltr'>est</span> <span class='ocrx_word' id='word_1_577' title='bbox 2817 3555 3026 3594; x_wconf 88' lang='lat' dir='ltr'>sensus</span> <span class='ocrx_word' id='word_1_578' title='bbox 3053 3557 3065 3593; x_wconf 91' lang='lat'>:</span> <span class='ocrx_word' id='word_1_579' title='bbox 3097 3540 3363 3610; x_wconf 87' lang='lat' dir='ltr'>Gentilis,</span> <span class='ocrx_word' id='word_1_580' title='bbox 3386 3542 3486 3613; x_wconf 89' lang='lat' dir='ltr'>qui</span> <span class='ocrx_word' id='word_1_581' title='bbox 3509 3541 3704 3597; x_wconf 89' lang='lat' dir='ltr'>omnia</span> 
     </span>
    </p>
   </div>
   <div class='ocr_carea' id='block_1_71' title="bbox 282 3630 1940 3705">
    <p class='ocr_par' dir='ltr' id='par_1_71' title="bbox 282 3630 1940 3705">
     <span class='ocr_line' id='line_1_71' title="bbox 282 3630 1940 3705; baseline -0.002 -16"><span class='ocrx_word' id='word_1_582' title='bbox 282 3635 427 3705; x_wconf 90' lang='lat' dir='ltr'>quia</span> <span class='ocrx_word' id='word_1_583' title='bbox 447 3631 896 3704; x_wconf 61' lang='lat' dir='ltr'>praedestinatus</span> <span class='ocrx_word' id='word_1_584' title='bbox 922 3630 1172 3702; x_wconf 88' lang='lat' dir='ltr'>quisque</span> <span class='ocrx_word' id='word_1_585' title='bbox 1190 3630 1384 3686; x_wconf 89' lang='lat' dir='ltr'>divina</span> <span class='ocrx_word' id='word_1_586' title='bbox 1400 3630 1588 3702; x_wconf 88' lang='lat' dir='ltr'>gratia</span> <span class='ocrx_word' id='word_1_587' title='bbox 1603 3630 1861 3700; x_wconf 84' lang='lat' dir='ltr'>adjutus,</span> <span class='ocrx_word' id='word_1_588' title='bbox 1885 3631 1940 3685; x_wconf 91' lang='lat' dir='ltr'>in</span> 
     </span>
    </p>
   </div>
   <div class='ocr_carea' id='block_1_72' title="bbox 284 3718 1942 3794">
    <p class='ocr_par' dir='ltr' id='par_1_72' title="bbox 284 3718 1942 3794">
     <span class='ocr_line' id='line_1_72' title="bbox 284 3718 1942 3794; baseline -0.002 -15"><span class='ocrx_word' id='word_1_589' title='bbox 284 3724 403 3778; x_wconf 86' lang='lat' dir='ltr'>ﬁde</span> <span class='ocrx_word' id='word_1_590' title='bbox 435 3721 846 3794; x_wconf 85' lang='lat' dir='ltr'>perseverabit.</span> <span class='ocrx_word' id='word_1_591' title='bbox 886 3720 952 3774; x_wconf 87' lang='lat' dir='ltr'>Et</span> <span class='ocrx_word' id='word_1_592' title='bbox 985 3736 1057 3774; x_wconf 87' lang='lat' dir='ltr'>nc</span> <span class='ocrx_word' id='word_1_593' title='bbox 1102 3718 1214 3774; x_wconf 89' lang='lat' dir='ltr'>sibi</span> <span class='ocrx_word' id='word_1_594' title='bbox 1246 3719 1693 3790; x_wconf 63' lang='lat' dir='ltr'>praedestinatus</span> <span class='ocrx_word' id='word_1_595' title='bbox 1724 3720 1942 3776; x_wconf 88' lang='lat' dir='ltr'>tribue-</span> 
     </span>
    </p>
   </div>
   <div class='ocr_carea' id='block_1_73' title="bbox 285 3808 1947 3882">
    <p class='ocr_par' dir='ltr' id='par_1_73' title="bbox 285 3808 1947 3882">
     <span class='ocr_line' id='line_1_73' title="bbox 285 3808 1947 3882; baseline -0.002 -15"><span class='ocrx_word' id='word_1_596' title='bbox 285 3816 400 3880; x_wconf 87' lang='lat' dir='ltr'>ret,</span> <span class='ocrx_word' id='word_1_597' title='bbox 435 3811 591 3882; x_wconf 91' lang='lat' dir='ltr'>quod</span> <span class='ocrx_word' id='word_1_598' title='bbox 624 3814 762 3875; x_wconf 86' lang='lat' dir='ltr'>stat,</span> <span class='ocrx_word' id='word_1_599' title='bbox 796 3808 1063 3879; x_wconf 80' lang='lat' dir='ltr'>adjunxit</span> <span class='ocrx_word' id='word_1_600' title='bbox 1096 3826 1108 3862; x_wconf 90' lang='lat'>:</span> <span class='ocrx_word' id='word_1_601' title='bbox 1142 3813 1342 3864; x_wconf 83' lang='lat' dir='ltr'>Potens</span> <span class='ocrx_word' id='word_1_602' title='bbox 1370 3817 1450 3864; x_wconf 83' lang='lat' dir='ltr'>est</span> <span class='ocrx_word' id='word_1_603' title='bbox 1476 3811 1625 3863; x_wconf 88' lang='lat' dir='ltr'>enim</span> <span class='ocrx_word' id='word_1_604' title='bbox 1657 3814 1799 3864; x_wconf 88' lang='lat' dir='ltr'>Deus</span> <span class='ocrx_word' id='word_1_605' title='bbox 1827 3813 1947 3864; x_wconf 86' lang='lat' dir='ltr'>sta-</span> 
     </span>
    </p>
   </div>
   <div class='ocr_carea' id='block_1_74' title="bbox 287 3897 1946 3968">
    <p class='ocr_par' dir='ltr' id='par_1_74' title="bbox 287 3897 1946 3968">
     <span class='ocr_line' id='line_1_74' title="bbox 287 3897 1946 3968; baseline -0.002 -12"><span class='ocrx_word' id='word_1_606' title='bbox 287 3906 452 3956; x_wconf 81' lang='lat' dir='ltr'>tuere</span> <span class='ocrx_word' id='word_1_607' title='bbox 481 3900 665 3954; x_wconf 83' lang='lat' dir='ltr'>illum.</span> <span class='ocrx_word' id='word_1_608' title='bbox 690 3903 767 3954; x_wconf 87' lang='lat' dir='ltr'>Ac</span> <span class='ocrx_word' id='word_1_609' title='bbox 797 3898 846 3953; x_wconf 88' lang='lat' dir='ltr'>si</span> <span class='ocrx_word' id='word_1_610' title='bbox 875 3898 1125 3952; x_wconf 84' lang='lat' dir='ltr'>diceret:</span> <span class='ocrx_word' id='word_1_611' title='bbox 1160 3897 1340 3968; x_wconf 86' lang='lat' dir='ltr'>Cujus</span> <span class='ocrx_word' id='word_1_612' title='bbox 1362 3897 1549 3968; x_wconf 89' lang='lat' dir='ltr'>gratia</span> <span class='ocrx_word' id='word_1_613' title='bbox 1573 3901 1706 3961; x_wconf 88' lang='lat' dir='ltr'>stat,</span> <span class='ocrx_word' id='word_1_614' title='bbox 1738 3902 1946 3968; x_wconf 91' lang='lat' dir='ltr'>potens</span> 
     </span>
    </p>
   </div>
   <div class='ocr_carea' id='block_1_75' title="bbox 285 3985 1947 4058">
    <p class='ocr_par' dir='ltr' id='par_1_75' title="bbox 285 3985 1947 4058">
     <span class='ocr_line' id='line_1_75' title="bbox 285 3985 1947 4058; baseline -0.002 -12"><span class='ocrx_word' id='word_1_615' title='bbox 285 3995 388 4047; x_wconf 84' lang='lat' dir='ltr'>est</span> <span class='ocrx_word' id='word_1_616' title='bbox 402 3995 459 4044; x_wconf 88' lang='lat' dir='ltr'>et</span> <span class='ocrx_word' id='word_1_617' title='bbox 478 3988 737 4043; x_wconf 83' lang='lat' dir='ltr'>tribuere</span> <span class='ocrx_word' id='word_1_618' title='bbox 759 3986 1272 4058; x_wconf 88' lang='lat' dir='ltr'>perseverantiam,</span> <span class='ocrx_word' id='word_1_619' title='bbox 1293 3991 1354 4041; x_wconf 92' lang='lat' dir='ltr'>ut</span> <span class='ocrx_word' id='word_1_620' title='bbox 1374 3985 1947 4058; x_wconf 87' lang='lat' dir='ltr'>perseverantissime</span> 
     </span>
    </p>
   </div>
   <div class='ocr_carea' id='block_1_76' title="bbox 287 4075 1948 4147">
    <p class='ocr_par' dir='ltr' id='par_1_76' title="bbox 287 4075 1948 4147">
     <span class='ocr_line' id='line_1_76' title="bbox 287 4075 1948 4147; baseline -0.004 -12"><span class='ocrx_word' id='word_1_621' title='bbox 287 4084 408 4135; x_wconf 88' lang='lat' dir='ltr'>est.</span> <span class='ocrx_word' id='word_1_622' title='bbox 445 4079 697 4132; x_wconf 74' lang='lat' dir='ltr'>b’tatuere</span> <span class='ocrx_word' id='word_1_623' title='bbox 728 4075 888 4147; x_wconf 90' lang='lat' dir='ltr'>dicit,</span> <span class='ocrx_word' id='word_1_624' title='bbox 919 4075 978 4130; x_wconf 96' lang='lat' dir='ltr'>id</span> <span class='ocrx_word' id='word_1_625' title='bbox 1027 4079 1137 4143; x_wconf 90' lang='lat' dir='ltr'>est,</span> <span class='ocrx_word' id='word_1_626' title='bbox 1170 4075 1230 4130; x_wconf 92' lang='lat' dir='ltr'>in</span> <span class='ocrx_word' id='word_1_627' title='bbox 1251 4076 1374 4130; x_wconf 73' lang='lat' dir='ltr'>ﬁde</span> <span class='ocrx_word' id='word_1_628' title='bbox 1404 4075 1797 4131; x_wconf 82' lang='lat' dir='ltr'>corroborare.</span> <span class='ocrx_word' id='word_1_629' title='bbox 1831 4075 1948 4129; x_wconf 86' lang='lat' dir='ltr'>Ali-</span> 
     </span>
    </p>
   </div>
   <div class='ocr_carea' id='block_1_77' title="bbox 291 4164 1951 4236">
    <p class='ocr_par' dir='ltr' id='par_1_77' title="bbox 291 4164 1951 4236">
     <span class='ocr_line' id='line_1_77' title="bbox 291 4164 1951 4236; baseline -0.002 -14"><span class='ocrx_word' id='word_1_630' title='bbox 291 4174 423 4222; x_wconf 84' lang='lat' dir='ltr'>ter:</span> <span class='ocrx_word' id='word_1_631' title='bbox 458 4166 654 4233; x_wconf 91' lang='lat' dir='ltr'>Illum,</span> <span class='ocrx_word' id='word_1_632' title='bbox 678 4164 736 4219; x_wconf 92' lang='lat' dir='ltr'>id</span> <span class='ocrx_word' id='word_1_633' title='bbox 773 4168 863 4220; x_wconf 90' lang='lat' dir='ltr'>est</span> <span class='ocrx_word' id='word_1_634' title='bbox 891 4164 1214 4235; x_wconf 84' lang='lat' dir='ltr'>inﬁrmum,</span> <span class='ocrx_word' id='word_1_635' title='bbox 1241 4164 1341 4236; x_wconf 90' lang='lat' dir='ltr'>qui</span> <span class='ocrx_word' id='word_1_636' title='bbox 1374 4164 1600 4232; x_wconf 90' lang='lat' dir='ltr'>cecidit,</span> <span class='ocrx_word' id='word_1_637' title='bbox 1626 4169 1829 4236; x_wconf 84' lang='lat' dir='ltr'>potens</span> <span class='ocrx_word' id='word_1_638' title='bbox 1862 4169 1951 4220; x_wconf 90' lang='lat' dir='ltr'>est</span> 
     </span>
    </p>
   </div>
   <div class='ocr_carea' id='block_1_78' title="bbox 289 4252 1946 4324">
    <p class='ocr_par' dir='ltr' id='par_1_78' title="bbox 289 4252 1946 4324">
     <span class='ocr_line' id='line_1_78' title="bbox 289 4252 1946 4324; baseline -0.001 -13"><span class='ocrx_word' id='word_1_639' title='bbox 289 4257 456 4312; x_wconf 85' lang='lat' dir='ltr'>Dens</span> <span class='ocrx_word' id='word_1_640' title='bbox 487 4259 761 4318; x_wconf 87' lang='lat' dir='ltr'>statuere,</span> <span class='ocrx_word' id='word_1_641' title='bbox 795 4254 850 4308; x_wconf 92' lang='lat' dir='ltr'>id</span> <span class='ocrx_word' id='word_1_642' title='bbox 895 4257 1001 4320; x_wconf 90' lang='lat' dir='ltr'>est,</span> <span class='ocrx_word' id='word_1_643' title='bbox 1037 4253 1344 4308; x_wconf 89' lang='lat' dir='ltr'>restituere</span> <span class='ocrx_word' id='word_1_644' title='bbox 1376 4252 1432 4307; x_wconf 90' lang='lat' dir='ltr'>in</span> <span class='ocrx_word' id='word_1_645' title='bbox 1467 4253 1781 4323; x_wconf 87' lang='lat' dir='ltr'>pristinum</span> <span class='ocrx_word' id='word_1_646' title='bbox 1815 4270 1946 4324; x_wconf 87' lang='lat' dir='ltr'>gra-</span> 
     </span>
    </p>
   </div>
   <div class='ocr_carea' id='block_1_79' title="bbox 289 4340 1948 4414">
    <p class='ocr_par' dir='ltr' id='par_1_79' title="bbox 289 4340 1948 4414">
     <span class='ocr_line' id='line_1_79' title="bbox 289 4340 1948 4414; baseline -0.002 -14"><span class='ocrx_word' id='word_1_647' title='bbox 289 4347 467 4400; x_wconf 88' lang='lat' dir='ltr'>dum.</span> <span class='ocrx_word' id='word_1_648' title='bbox 494 4343 560 4397; x_wconf 87' lang='lat' dir='ltr'>Et</span> <span class='ocrx_word' id='word_1_649' title='bbox 589 4341 914 4407; x_wconf 89' lang='lat' dir='ltr'>sciendum,</span> <span class='ocrx_word' id='word_1_650' title='bbox 939 4341 1076 4412; x_wconf 86' lang='lat' dir='ltr'>quia</span> <span class='ocrx_word' id='word_1_651' title='bbox 1097 4346 1262 4396; x_wconf 88' lang='lat' dir='ltr'>erant</span> <span class='ocrx_word' id='word_1_652' title='bbox 1283 4340 1547 4396; x_wconf 91' lang='lat' dir='ltr'>nonnulli</span> <span class='ocrx_word' id='word_1_653' title='bbox 1569 4357 1635 4397; x_wconf 90' lang='lat' dir='ltr'>eo</span> <span class='ocrx_word' id='word_1_654' title='bbox 1667 4347 1948 4414; x_wconf 84' lang='lat' dir='ltr'>tempore,</span> 
     </span>
    </p>
   </div>
   <div class='ocr_carea' id='block_1_80' title="bbox 296 4430 1953 4506">
    <p class='ocr_par' dir='ltr' id='par_1_80' title="bbox 296 4430 1953 4506">
     <span class='ocr_line' id='line_1_80' title="bbox 296 4430 1953 4506; baseline -0.001 -19"><span class='ocrx_word' id='word_1_655' title='bbox 296 4431 408 4506; x_wconf 89' lang='lat' dir='ltr'>qui</span> <span class='ocrx_word' id='word_1_656' title='bbox 463 4447 696 4503; x_wconf 90' lang='lat' dir='ltr'>semper</span> <span class='ocrx_word' id='word_1_657' title='bbox 727 4430 1093 4485; x_wconf 70' lang='lat' dir='ltr'>abstinentiae</span> <span class='ocrx_word' id='word_1_658' title='bbox 1124 4431 1448 4484; x_wconf 88' lang='lat' dir='ltr'>vacandum</span> <span class='ocrx_word' id='word_1_659' title='bbox 1481 4430 1807 4498; x_wconf 82' lang='lat' dir='ltr'>docebant;</span> <span class='ocrx_word' id='word_1_660' title='bbox 1857 4431 1953 4487; x_wconf 88' lang='lat' dir='ltr'>alii</span> 
     </span>
    </p>
   </div>
   <div class='ocr_carea' id='block_1_81' title="bbox 2055 3627 3704 3701">
    <p class='ocr_par' dir='ltr' id='par_1_81' title="bbox 2055 3627 3704 3701">
     <span class='ocr_line' id='line_1_81' title="bbox 2055 3627 3704 3701; baseline 0.002 -19"><span class='ocrx_word' id='word_1_661' title='bbox 2055 3629 2390 3698; x_wconf 88' lang='lat' dir='ltr'>manducat,</span> <span class='ocrx_word' id='word_1_662' title='bbox 2433 3627 2679 3682; x_wconf 90' lang='lat' dir='ltr'>Domino</span> <span class='ocrx_word' id='word_1_663' title='bbox 2736 3629 3072 3700; x_wconf 89' lang='lat' dir='ltr'>manducat,</span> <span class='ocrx_word' id='word_1_664' title='bbox 3128 3631 3407 3701; x_wconf 88' lang='lat' dir='ltr'>quoniam</span> <span class='ocrx_word' id='word_1_665' title='bbox 3458 3631 3704 3686; x_wconf 91' lang='lat' dir='ltr'>Domino</span> 
     </span>
    </p>
   </div>
   <div class='ocr_carea' id='block_1_82' title="bbox 2054 3717 3710 3787">
    <p class='ocr_par' dir='ltr' id='par_1_82' title="bbox 2054 3717 3710 3787">
     <span class='ocr_line' id='line_1_82' title="bbox 2054 3717 3710 3787; baseline 0.002 -16"><span class='ocrx_word' id='word_1_666' title='bbox 2054 3717 2256 3773; x_wconf 87' lang='lat' dir='ltr'>laudes</span> <span class='ocrx_word' id='word_1_667' title='bbox 2302 3718 2499 3783; x_wconf 80' lang='lat' dir='ltr'>refert,</span> <span class='ocrx_word' id='word_1_668' title='bbox 2535 3718 2704 3786; x_wconf 89' lang='lat' dir='ltr'>cujus</span> <span class='ocrx_word' id='word_1_669' title='bbox 2752 3717 2937 3786; x_wconf 87' lang='lat' dir='ltr'>gratia</span> <span class='ocrx_word' id='word_1_670' title='bbox 2988 3719 3209 3774; x_wconf 87' lang='lat' dir='ltr'>factum</span> <span class='ocrx_word' id='word_1_671' title='bbox 3259 3724 3366 3787; x_wconf 88' lang='lat' dir='ltr'>est,</span> <span class='ocrx_word' id='word_1_672' title='bbox 3400 3725 3464 3776; x_wconf 90' lang='lat' dir='ltr'>ut</span> <span class='ocrx_word' id='word_1_673' title='bbox 3510 3720 3710 3776; x_wconf 87' lang='lat' dir='ltr'>omnia</span> 
     </span>
    </p>
   </div>
   <div class='ocr_carea' id='block_1_83' title="bbox 2056 3805 3709 3879">
    <p class='ocr_par' dir='ltr' id='par_1_83' title="bbox 2056 3805 3709 3879">
     <span class='ocr_line' id='line_1_83' title="bbox 2056 3805 3709 3879; baseline 0.001 -17"><span class='ocrx_word' id='word_1_674' title='bbox 2056 3807 2277 3863; x_wconf 90' lang='lat' dir='ltr'>munda</span> <span class='ocrx_word' id='word_1_675' title='bbox 2309 3807 2590 3861; x_wconf 89' lang='lat' dir='ltr'>crederet.</span> <span class='ocrx_word' id='word_1_676' title='bbox 2617 3806 2684 3860; x_wconf 87' lang='lat' dir='ltr'>Et</span> <span class='ocrx_word' id='word_1_677' title='bbox 2715 3805 2822 3860; x_wconf 88' lang='lat' dir='ltr'>hoc</span> <span class='ocrx_word' id='word_1_678' title='bbox 2853 3811 2943 3861; x_wconf 90' lang='lat' dir='ltr'>est</span> <span class='ocrx_word' id='word_1_679' title='bbox 2974 3809 3128 3877; x_wconf 91' lang='lat' dir='ltr'>quod</span> <span class='ocrx_word' id='word_1_680' title='bbox 3161 3809 3463 3879; x_wconf 88' lang='lat' dir='ltr'>sequitur:</span> <span class='ocrx_word' id='word_1_681' title='bbox 3495 3810 3709 3865; x_wconf 81' lang='lat' dir='ltr'>Gratias</span> 
     </span>
    </p>
   </div>
   <div class='ocr_carea' id='block_1_84' title="bbox 2055 3897 2527 3964">
    <p class='ocr_par' dir='ltr' id='par_1_84' title="bbox 2055 3897 2527 3964">
     <span class='ocr_line' id='line_1_84' title="bbox 2055 3897 2527 3964; baseline -0.008 -12"><span class='ocrx_word' id='word_1_682' title='bbox 2055 3899 2204 3952; x_wconf 83' lang='lat' dir='ltr'>enim</span> <span class='ocrx_word' id='word_1_683' title='bbox 2243 3897 2360 3964; x_wconf 81' lang='lat' dir='ltr'>agit</span> <span class='ocrx_word' id='word_1_684' title='bbox 2394 3899 2527 3950; x_wconf 84' lang='lat' dir='ltr'>Deo.</span> 
     </span>
    </p>
   </div>
   <div class='ocr_carea' id='block_1_85' title="bbox 2130 3983 3705 4055">
    <p class='ocr_par' dir='ltr' id='par_1_85' title="bbox 2130 3983 3705 4055">
     <span class='ocr_line' id='line_1_85' title="bbox 2130 3983 3705 4055; baseline -0.001 -16"><span class='ocrx_word' id='word_1_685' title='bbox 2130 3988 2192 4039; x_wconf 88' lang='lat' dir='ltr'>Et</span> <span class='ocrx_word' id='word_1_686' title='bbox 2221 3986 2318 4055; x_wconf 85' lang='lat' dir='ltr'>qui</span> <span class='ocrx_word' id='word_1_687' title='bbox 2347 4001 2456 4038; x_wconf 84' lang='lat' dir='ltr'>non</span> <span class='ocrx_word' id='word_1_688' title='bbox 2487 3983 2799 4049; x_wconf 83' lang='lat' dir='ltr'>manducat,</span> <span class='ocrx_word' id='word_1_689' title='bbox 2837 3984 3061 4038; x_wconf 84' lang='lat' dir='ltr'>Domino</span> <span class='ocrx_word' id='word_1_690' title='bbox 3090 4001 3200 4038; x_wconf 84' lang='lat' dir='ltr'>non</span> <span class='ocrx_word' id='word_1_691' title='bbox 3242 3984 3553 4040; x_wconf 82' lang='lat' dir='ltr'>manducet.</span> <span class='ocrx_word' id='word_1_692' title='bbox 3587 3984 3705 4039; x_wconf 84' lang='lat' dir='ltr'>Hoc</span> 
     </span>
    </p>
   </div>
   <div class='ocr_carea' id='block_1_86' title="bbox 2055 4070 3706 4142">
    <p class='ocr_par' dir='ltr' id='par_1_86' title="bbox 2055 4070 3706 4142">
     <span class='ocr_line' id='line_1_86' title="bbox 2055 4070 3706 4142; baseline -0.001 -13"><span class='ocrx_word' id='word_1_693' title='bbox 2055 4073 2273 4129; x_wconf 69' lang='lat' dir='ltr'>Judaeis</span> <span class='ocrx_word' id='word_1_694' title='bbox 2295 4071 2470 4139; x_wconf 89' lang='lat' dir='ltr'>dicit;</span> <span class='ocrx_word' id='word_1_695' title='bbox 2505 4089 2570 4126; x_wconf 88' lang='lat' dir='ltr'>ac</span> <span class='ocrx_word' id='word_1_696' title='bbox 2591 4070 2642 4126; x_wconf 90' lang='lat' dir='ltr'>si</span> <span class='ocrx_word' id='word_1_697' title='bbox 2671 4071 2924 4126; x_wconf 90' lang='lat' dir='ltr'>diceret:</span> <span class='ocrx_word' id='word_1_698' title='bbox 2953 4072 3214 4140; x_wconf 70' lang='lat' dir='ltr'>Judmus,</span> <span class='ocrx_word' id='word_1_699' title='bbox 3239 4072 3338 4142; x_wconf 90' lang='lat' dir='ltr'>qui</span> <span class='ocrx_word' id='word_1_700' title='bbox 3370 4089 3483 4126; x_wconf 92' lang='lat' dir='ltr'>non</span> <span class='ocrx_word' id='word_1_701' title='bbox 3505 4072 3706 4128; x_wconf 85' lang='lat' dir='ltr'>omnia</span> 
     </span>
    </p>
   </div>
   <div class='ocr_carea' id='block_1_87' title="bbox 2058 4160 3704 4230">
    <p class='ocr_par' dir='ltr' id='par_1_87' title="bbox 2058 4160 3704 4230">
     <span class='ocr_line' id='line_1_87' title="bbox 2058 4160 3704 4230; baseline -0.002 -12"><span class='ocrx_word' id='word_1_702' title='bbox 2058 4163 2281 4218; x_wconf 90' lang='lat' dir='ltr'>munda</span> <span class='ocrx_word' id='word_1_703' title='bbox 2298 4162 2498 4230; x_wconf 89' lang='lat' dir='ltr'>credit,</span> <span class='ocrx_word' id='word_1_704' title='bbox 2514 4166 2571 4216; x_wconf 89' lang='lat' dir='ltr'>ct</span> <span class='ocrx_word' id='word_1_705' title='bbox 2590 4160 2804 4215; x_wconf 89' lang='lat' dir='ltr'>idcirco</span> <span class='ocrx_word' id='word_1_706' title='bbox 2823 4177 2935 4214; x_wconf 89' lang='lat' dir='ltr'>non</span> <span class='ocrx_word' id='word_1_707' title='bbox 2955 4160 3153 4216; x_wconf 88' lang='lat' dir='ltr'>omnia</span> <span class='ocrx_word' id='word_1_708' title='bbox 3170 4161 3440 4229; x_wconf 86' lang='lat' dir='ltr'>comedit,</span> <span class='ocrx_word' id='word_1_709' title='bbox 3456 4161 3704 4216; x_wconf 90' lang='lat' dir='ltr'>Domino</span> 
     </span>
    </p>
   </div>
   <div class='ocr_carea' id='block_1_88' title="bbox 2052 4249 3704 4324">
    <p class='ocr_par' dir='ltr' id='par_1_88' title="bbox 2052 4249 3704 4324">
     <span class='ocr_line' id='line_1_88' title="bbox 2052 4249 3704 4324; baseline -0.002 -16"><span class='ocrx_word' id='word_1_710' title='bbox 2052 4255 2302 4324; x_wconf 90' lang='lat' dir='ltr'>jejunat,</span> <span class='ocrx_word' id='word_1_711' title='bbox 2327 4251 2605 4323; x_wconf 88' lang='lat' dir='ltr'>quoniam</span> <span class='ocrx_word' id='word_1_712' title='bbox 2625 4249 2840 4321; x_wconf 86' lang='lat' dir='ltr'>gratias</span> <span class='ocrx_word' id='word_1_713' title='bbox 2863 4249 2978 4319; x_wconf 89' lang='lat' dir='ltr'>agit</span> <span class='ocrx_word' id='word_1_714' title='bbox 3001 4249 3137 4319; x_wconf 89' lang='lat' dir='ltr'>Deo,</span> <span class='ocrx_word' id='word_1_715' title='bbox 3161 4251 3330 4320; x_wconf 90' lang='lat' dir='ltr'>cujus</span> <span class='ocrx_word' id='word_1_716' title='bbox 3352 4250 3572 4305; x_wconf 91' lang='lat' dir='ltr'>donum</span> <span class='ocrx_word' id='word_1_717' title='bbox 3594 4255 3704 4316; x_wconf 88' lang='lat' dir='ltr'>est,</span> 
     </span>
    </p>
   </div>
   <div class='ocr_carea' id='block_1_89' title="bbox 2062 4336 3710 4413">
    <p class='ocr_par' dir='ltr' id='par_1_89' title="bbox 2062 4336 3710 4413">
     <span class='ocr_line' id='line_1_89' title="bbox 2062 4336 3710 4413; baseline -0.001 -17"><span class='ocrx_word' id='word_1_718' title='bbox 2062 4342 2217 4413; x_wconf 90' lang='lat' dir='ltr'>quod</span> <span class='ocrx_word' id='word_1_719' title='bbox 2245 4340 2498 4395; x_wconf 86' lang='lat' dir='ltr'>abstinet</span> <span class='ocrx_word' id='word_1_720' title='bbox 2529 4340 2599 4394; x_wconf 89' lang='lat' dir='ltr'>ab</span> <span class='ocrx_word' id='word_1_721' title='bbox 2626 4339 2738 4407; x_wconf 86' lang='lat' dir='ltr'>his,</span> <span class='ocrx_word' id='word_1_722' title='bbox 2764 4354 2890 4408; x_wconf 70' lang='lat' dir='ltr'>qua:</span> <span class='ocrx_word' id='word_1_723' title='bbox 2920 4338 2980 4391; x_wconf 92' lang='lat' dir='ltr'>in</span> <span class='ocrx_word' id='word_1_724' title='bbox 3004 4336 3125 4407; x_wconf 86' lang='lat' dir='ltr'>lege</span> <span class='ocrx_word' id='word_1_725' title='bbox 3145 4344 3285 4393; x_wconf 89' lang='lat' dir='ltr'>sunt</span> <span class='ocrx_word' id='word_1_726' title='bbox 3305 4338 3619 4409; x_wconf 90' lang='lat' dir='ltr'>prohibita.</span> <span class='ocrx_word' id='word_1_727' title='bbox 3640 4339 3710 4394; x_wconf 92' lang='lat' dir='ltr'>Et</span> 
     </span>
    </p>
   </div>
   <div class='ocr_carea' id='block_1_90' title="bbox 2064 4427 3710 4499">
    <p class='ocr_par' dir='ltr' id='par_1_90' title="bbox 2064 4427 3710 4499">
     <span class='ocr_line' id='line_1_90' title="bbox 2064 4427 3710 4499; baseline -0.004 -13"><span class='ocrx_word' id='word_1_728' title='bbox 2064 4433 2170 4486; x_wconf 93' lang='lat' dir='ltr'>hoc</span> <span class='ocrx_word' id='word_1_729' title='bbox 2204 4434 2311 4494; x_wconf 90' lang='lat' dir='ltr'>est,</span> <span class='ocrx_word' id='word_1_730' title='bbox 2353 4429 2506 4499; x_wconf 91' lang='lat' dir='ltr'>quod</span> <span class='ocrx_word' id='word_1_731' title='bbox 2561 4427 2878 4482; x_wconf 92' lang='lat' dir='ltr'>subditur:</span> <span class='ocrx_word' id='word_1_732' title='bbox 2930 4429 2993 4480; x_wconf 84' lang='lat' dir='ltr'>Et</span> <span class='ocrx_word' id='word_1_733' title='bbox 3040 4427 3250 4495; x_wconf 81' lang='lat' dir='ltr'>gratias</span> <span class='ocrx_word' id='word_1_734' title='bbox 3296 4427 3407 4496; x_wconf 86' lang='lat' dir='ltr'>agit</span> <span class='ocrx_word' id='word_1_735' title='bbox 3452 4428 3578 4482; x_wconf 88' lang='lat' dir='ltr'>Deo.</span> <span class='ocrx_word' id='word_1_736' title='bbox 3615 4427 3710 4481; x_wconf 90' lang='lat' dir='ltr'>Sic</span> 
     </span>
    </p>
   </div>
   <div class='ocr_carea' id='block_1_91' title="bbox 294 4513 3712 4612">
    <p class='ocr_par' dir='ltr' id='par_1_91' title="bbox 294 4513 3712 4612">
     <span class='ocr_line' id='line_1_91' title="bbox 294 4513 3712 4612; baseline -0.003 -34"><span class='ocrx_word' id='word_1_737' title='bbox 294 4520 647 4592; x_wconf 88' lang='lat' dir='ltr'>autem,qui</span> <span class='ocrx_word' id='word_1_738' title='bbox 673 4523 902 4575; x_wconf 89' lang='lat' dir='ltr'>tantum</span> <span class='ocrx_word' id='word_1_739' title='bbox 926 4536 1027 4591; x_wconf 91' lang='lat' dir='ltr'>per</span> <span class='ocrx_word' id='word_1_740' title='bbox 1047 4519 1350 4575; x_wconf 89' lang='lat' dir='ltr'>intervalla</span> <span class='ocrx_word' id='word_1_741' title='bbox 1369 4520 1954 4591; x_wconf 90' lang='lat' dir='ltr'>temporum.Videns</span> <span class='ocrx_word' id='word_1_742' title='bbox 1987 4546 2034 4612; x_wconf 84' lang='lat' dir='ltr'><strong>D</strong></span> <span class='ocrx_word' id='word_1_743' title='bbox 2066 4523 2260 4575; x_wconf 90' lang='lat' dir='ltr'>autem</span> <span class='ocrx_word' id='word_1_744' title='bbox 2285 4518 2505 4572; x_wconf 90' lang='lat' dir='ltr'>dictum</span> <span class='ocrx_word' id='word_1_745' title='bbox 2540 4521 2629 4571; x_wconf 89' lang='lat' dir='ltr'>est</span> <span class='ocrx_word' id='word_1_746' title='bbox 2654 4533 2666 4570; x_wconf 90' lang='lat'>:</span> <span class='ocrx_word' id='word_1_747' title='bbox 2700 4516 2928 4570; x_wconf 85' lang='lat' dir='ltr'>Domino</span> <span class='ocrx_word' id='word_1_748' title='bbox 2959 4514 3274 4585; x_wconf 83' lang='lat' dir='ltr'>manducat,</span> <span class='ocrx_word' id='word_1_749' title='bbox 3296 4515 3448 4569; x_wconf 90' lang='lat' dir='ltr'>sicut</span> <span class='ocrx_word' id='word_1_750' title='bbox 3478 4515 3534 4569; x_wconf 92' lang='lat' dir='ltr'>in</span> <span class='ocrx_word' id='word_1_751' title='bbox 3559 4513 3712 4586; x_wconf 84' lang='lat' dir='ltr'>psal-</span> 
     </span>
    </p>
   </div>
   <div class='ocr_carea' id='block_1_92' title="bbox 295 4607 1954 4681">
    <p class='ocr_par' dir='ltr' id='par_1_92' title="bbox 295 4607 1954 4681">
     <span class='ocr_line' id='line_1_92' title="bbox 295 4607 1954 4681; baseline -0.001 -14"><span class='ocrx_word' id='word_1_752' title='bbox 295 4615 502 4667; x_wconf 87' lang='lat' dir='ltr'>autem</span> <span class='ocrx_word' id='word_1_753' title='bbox 537 4607 850 4681; x_wconf 87' lang='lat' dir='ltr'>Apostolus</span> <span class='ocrx_word' id='word_1_754' title='bbox 881 4608 1031 4664; x_wconf 88' lang='lat' dir='ltr'>hanc</span> <span class='ocrx_word' id='word_1_755' title='bbox 1063 4609 1403 4664; x_wconf 81' lang='lat' dir='ltr'>varietatem</span> <span class='ocrx_word' id='word_1_756' title='bbox 1437 4609 1588 4664; x_wconf 85' lang='lat' dir='ltr'>inter</span> <span class='ocrx_word' id='word_1_757' title='bbox 1633 4610 1954 4680; x_wconf 87' lang='lat' dir='ltr'>credentes,</span> 
     </span>
    </p>
   </div>
   <div class='ocr_carea' id='block_1_93' title="bbox 296 4696 1960 4769">
    <p class='ocr_par' dir='ltr' id='par_1_93' title="bbox 296 4696 1960 4769">
     <span class='ocr_line' id='line_1_93' title="bbox 296 4696 1960 4769; baseline -0.002 -13"><span class='ocrx_word' id='word_1_758' title='bbox 296 4699 614 4769; x_wconf 79' lang='lat' dir='ltr'>subjunxit</span> <span class='ocrx_word' id='word_1_759' title='bbox 639 4715 650 4754; x_wconf 95' lang='lat'>:</span> <span class='ocrx_word' id='word_1_760' title='bbox 688 4699 823 4752; x_wconf 82' lang='lat' dir='ltr'>Nam</span> <span class='ocrx_word' id='word_1_761' title='bbox 851 4699 1001 4752; x_wconf 79' lang='lat' dir='ltr'>alius</span> <span class='ocrx_word' id='word_1_762' title='bbox 1037 4696 1246 4767; x_wconf 76' lang='lat' dir='ltr'>judicat</span> <span class='ocrx_word' id='word_1_763' title='bbox 1262 4697 1406 4752; x_wconf 87' lang='lat' dir='ltr'>diem</span> <span class='ocrx_word' id='word_1_764' title='bbox 1433 4699 1578 4753; x_wconf 83' lang='lat' dir='ltr'>inter</span> <span class='ocrx_word' id='word_1_765' title='bbox 1607 4697 1751 4752; x_wconf 85' lang='lat' dir='ltr'>diem</span> <span class='ocrx_word' id='word_1_766' title='bbox 1764 4716 1784 4760; x_wconf 87' lang='grc'>,·</span> <span class='ocrx_word' id='word_1_767' title='bbox 1814 4700 1960 4754; x_wconf 87' lang='lat' dir='ltr'>alius</span> 
     </span>
    </p>
   </div>
   <div class='ocr_carea' id='block_1_94' title="bbox 286 4785 1956 4862">
    <p class='ocr_par' dir='ltr' id='par_1_94' title="bbox 286 4785 1956 4862">
     <span class='ocr_line' id='line_1_94' title="bbox 286 4785 1956 4862; baseline 0 -20"><span class='ocrx_word' id='word_1_768' title='bbox 286 4787 522 4862; x_wconf 79' lang='lat' dir='ltr'>judicat</span> <span class='ocrx_word' id='word_1_769' title='bbox 566 4803 785 4842; x_wconf 87' lang='lat' dir='ltr'>omnem</span> <span class='ocrx_word' id='word_1_770' title='bbox 828 4787 990 4841; x_wconf 87' lang='lat' dir='ltr'>diem.</span> <span class='ocrx_word' id='word_1_771' title='bbox 1024 4786 1184 4842; x_wconf 90' lang='lat' dir='ltr'>Diem</span> <span class='ocrx_word' id='word_1_772' title='bbox 1211 4785 1438 4855; x_wconf 89' lang='lat' dir='ltr'>judicat</span> <span class='ocrx_word' id='word_1_773' title='bbox 1469 4786 1619 4842; x_wconf 90' lang='lat' dir='ltr'>inter</span> <span class='ocrx_word' id='word_1_774' title='bbox 1647 4787 1821 4857; x_wconf 88' lang='lat' dir='ltr'>diem,</span> <span class='ocrx_word' id='word_1_775' title='bbox 1857 4788 1956 4859; x_wconf 93' lang='lat' dir='ltr'>qui</span> 
     </span>
    </p>
   </div>
   <div class='ocr_carea' id='block_1_95' title="bbox 299 4874 1959 4948">
    <p class='ocr_par' dir='ltr' id='par_1_95' title="bbox 299 4874 1959 4948">
     <span class='ocr_line' id='line_1_95' title="bbox 299 4874 1959 4948; baseline -0.001 -14"><span class='ocrx_word' id='word_1_776' title='bbox 299 4876 469 4934; x_wconf 81' lang='lat' dir='ltr'>aliud</span> <span class='ocrx_word' id='word_1_777' title='bbox 499 4876 964 4946; x_wconf 86' lang='lat' dir='ltr'>tempusjejunio</span> <span class='ocrx_word' id='word_1_778' title='bbox 984 4874 1414 4948; x_wconf 84' lang='lat' dir='ltr'>deputat,aliud</span> <span class='ocrx_word' id='word_1_779' title='bbox 1434 4876 1789 4947; x_wconf 87' lang='lat' dir='ltr'>perceptioni</span> <span class='ocrx_word' id='word_1_780' title='bbox 1807 4878 1959 4932; x_wconf 90' lang='lat' dir='ltr'>cibo—</span> 
     </span>
    </p>
   </div>
   <div class='ocr_carea' id='block_1_96' title="bbox 299 4964 1958 5036">
    <p class='ocr_par' dir='ltr' id='par_1_96' title="bbox 299 4964 1958 5036">
     <span class='ocr_line' id='line_1_96' title="bbox 299 4964 1958 5036; baseline 0.002 -16"><span class='ocrx_word' id='word_1_781' title='bbox 299 4981 469 5031; x_wconf 88' lang='lat' dir='ltr'>rum,</span> <span class='ocrx_word' id='word_1_782' title='bbox 495 4980 727 5018; x_wconf 88' lang='lat' dir='ltr'>omnem</span> <span class='ocrx_word' id='word_1_783' title='bbox 757 4965 932 5035; x_wconf 90' lang='lat' dir='ltr'>diem,</span> <span class='ocrx_word' id='word_1_784' title='bbox 957 4965 1057 5036; x_wconf 93' lang='lat' dir='ltr'>qui</span> <span class='ocrx_word' id='word_1_785' title='bbox 1081 4964 1238 5018; x_wconf 90' lang='lat' dir='ltr'>omni</span> <span class='ocrx_word' id='word_1_786' title='bbox 1267 4969 1526 5034; x_wconf 83' lang='lat' dir='ltr'>tempore</span> <span class='ocrx_word' id='word_1_787' title='bbox 1558 4965 1958 5035; x_wconf 71' lang='lat' dir='ltr'>prmcipitabs-</span> 
     </span>
    </p>
   </div>
   <div class='ocr_carea' id='block_1_97' title="bbox 296 5053 1959 5124">
    <p class='ocr_par' dir='ltr' id='par_1_97' title="bbox 296 5053 1959 5124">
     <span class='ocr_line' id='line_1_97' title="bbox 296 5053 1959 5124; baseline 0.001 -16"><span class='ocrx_word' id='word_1_788' title='bbox 296 5053 644 5108; x_wconf 86' lang='lat' dir='ltr'>tinendum.</span> <span class='ocrx_word' id='word_1_789' title='bbox 679 5053 844 5121; x_wconf 91' lang='lat' dir='ltr'>Nam,</span> <span class='ocrx_word' id='word_1_790' title='bbox 888 5058 954 5107; x_wconf 91' lang='lat' dir='ltr'>ut</span> <span class='ocrx_word' id='word_1_791' title='bbox 1003 5053 1274 5124; x_wconf 90' lang='lat' dir='ltr'>superius</span> <span class='ocrx_word' id='word_1_792' title='bbox 1323 5053 1545 5106; x_wconf 84' lang='lat' dir='ltr'>dictum</span> <span class='ocrx_word' id='word_1_793' title='bbox 1599 5056 1708 5119; x_wconf 87' lang='lat' dir='ltr'>est,</span> <span class='ocrx_word' id='word_1_794' title='bbox 1739 5056 1959 5110; x_wconf 87' lang='lat' dir='ltr'>vocatio</span> 
     </span>
    </p>
   </div>
   <div class='ocr_carea' id='block_1_98' title="bbox 289 5139 1958 5212">
    <p class='ocr_par' dir='ltr' id='par_1_98' title="bbox 289 5139 1958 5212">
     <span class='ocr_line' id='line_1_98' title="bbox 289 5139 1958 5212; baseline -0.001 -14"><span class='ocrx_word' id='word_1_795' title='bbox 289 5141 416 5198; x_wconf 86' lang='lat' dir='ltr'>Dei</span> <span class='ocrx_word' id='word_1_796' title='bbox 450 5139 646 5196; x_wconf 92' lang='lat' dir='ltr'>nullos</span> <span class='ocrx_word' id='word_1_797' title='bbox 676 5140 944 5212; x_wconf 86' lang='lat' dir='ltr'>prohibet</span> <span class='ocrx_word' id='word_1_798' title='bbox 973 5141 1172 5206; x_wconf 89' lang='lat' dir='ltr'>cibos;</span> <span class='ocrx_word' id='word_1_799' title='bbox 1223 5140 1370 5194; x_wconf 88' lang='lat' dir='ltr'>ratio</span> <span class='ocrx_word' id='word_1_800' title='bbox 1410 5155 1543 5193; x_wconf 75' lang='lat' dir='ltr'>vero</span> <span class='ocrx_word' id='word_1_801' title='bbox 1574 5139 1958 5209; x_wconf 67' lang='lat' dir='ltr'>abstinentiae,</span> 
     </span>
    </p>
   </div>
   <div class='ocr_carea' id='block_1_99' title="bbox 291 5228 1960 5302">
    <p class='ocr_par' dir='ltr' id='par_1_99' title="bbox 291 5228 1960 5302">
     <span class='ocr_line' id='line_1_99' title="bbox 291 5228 1960 5302; baseline -0.001 -15"><span class='ocrx_word' id='word_1_802' title='bbox 291 5230 492 5287; x_wconf 82' lang='lat' dir='ltr'>etiam</span> <span class='ocrx_word' id='word_1_803' title='bbox 523 5247 558 5284; x_wconf 89' lang='lat' dir='ltr'>a</span> <span class='ocrx_word' id='word_1_804' title='bbox 585 5228 758 5284; x_wconf 87' lang='lat' dir='ltr'>licitis</span> <span class='ocrx_word' id='word_1_805' title='bbox 791 5229 1142 5302; x_wconf 88' lang='lat' dir='ltr'>quibusdam</span> <span class='ocrx_word' id='word_1_806' title='bbox 1175 5243 1405 5299; x_wconf 89' lang='lat' dir='ltr'>semper</span> <span class='ocrx_word' id='word_1_807' title='bbox 1435 5232 1633 5283; x_wconf 88' lang='lat' dir='ltr'>monet</span> <span class='ocrx_word' id='word_1_808' title='bbox 1663 5230 1960 5286; x_wconf 86' lang='lat' dir='ltr'>abstinen-</span> 
     </span>
    </p>
   </div>
   <div class='ocr_carea' id='block_1_100' title="bbox 285 5317 1964 5392">
    <p class='ocr_par' dir='ltr' id='par_1_100' title="bbox 285 5317 1964 5392">
     <span class='ocr_line' id='line_1_100' title="bbox 285 5317 1964 5392; baseline -0.001 -16"><span class='ocrx_word' id='word_1_809' title='bbox 285 5319 478 5376; x_wconf 88' lang='lat' dir='ltr'>dum.</span> <span class='ocrx_word' id='word_1_810' title='bbox 505 5317 616 5374; x_wconf 89' lang='lat' dir='ltr'>Sed</span> <span class='ocrx_word' id='word_1_811' title='bbox 642 5318 798 5374; x_wconf 90' lang='lat' dir='ltr'>hunc</span> <span class='ocrx_word' id='word_1_812' title='bbox 819 5325 1012 5376; x_wconf 89' lang='lat' dir='ltr'>locum</span> <span class='ocrx_word' id='word_1_813' title='bbox 1037 5318 1278 5392; x_wconf 88' lang='lat' dir='ltr'>quidam</span> <span class='ocrx_word' id='word_1_814' title='bbox 1302 5317 1649 5387; x_wconf 86' lang='lat' dir='ltr'>profundius</span> <span class='ocrx_word' id='word_1_815' title='bbox 1672 5319 1964 5376; x_wconf 84' lang='lat' dir='ltr'>intellexe-</span> 
     </span>
    </p>
   </div>
   <div class='ocr_carea' id='block_1_101' title="bbox 383 5440 1961 5516">
    <p class='ocr_par' dir='ltr' id='par_1_101' title="bbox 383 5440 1961 5516">
     <span class='ocr_line' id='line_1_101' title="bbox 383 5440 1961 5516; baseline 0.003 -19"><span class='ocrx_word' id='word_1_816' title='bbox 383 5441 634 5516; x_wconf 67' lang='grc'>(443-44)</span> <span class='ocrx_word' id='word_1_817' title='bbox 653 5443 825 5516; x_wconf 86' lang='lat' dir='ltr'>Vulg.</span> <span class='ocrx_word' id='word_1_818' title='bbox 844 5451 1125 5516; x_wconf 88' lang='lat' dir='ltr'>punctum</span> <span class='ocrx_word' id='word_1_819' title='bbox 1144 5440 1614 5512; x_wconf 83' lang='lat' dir='ltr'>interrogationis</span> <span class='ocrx_word' id='word_1_820' title='bbox 1634 5459 1747 5497; x_wconf 92' lang='lat' dir='ltr'>non</span> <span class='ocrx_word' id='word_1_821' title='bbox 1768 5443 1961 5515; x_wconf 90' lang='lat' dir='ltr'>habet;</span> 
     </span>
    </p>
   </div>
   <div class='ocr_carea' id='block_1_102' title="bbox 288 5513 1963 5588">
    <p class='ocr_par' dir='ltr' id='par_1_102' title="bbox 288 5513 1963 5588">
     <span class='ocr_line' id='line_1_102' title="bbox 288 5513 1963 5588; baseline 0.004 -19"><span class='ocrx_word' id='word_1_822' title='bbox 288 5513 818 5588; x_wconf 12' lang='lat' dir='ltr'>sediadﬁrmativ‘e</span> <span class='ocrx_word' id='word_1_823' title='bbox 845 5513 1062 5588; x_wconf 86' lang='lat' dir='ltr'>legitur</span> <span class='ocrx_word' id='word_1_824' title='bbox 1085 5516 1358 5588; x_wconf 13' lang='lat' dir='ltr'>:iDomino</span> <span class='ocrx_word' id='word_1_825' title='bbox 1388 5528 1484 5568; x_wconf 90' lang='lat' dir='ltr'>suo</span> <span class='ocrx_word' id='word_1_826' title='bbox 1514 5518 1640 5588; x_wconf 78' lang='lat' dir='ltr'>stat,</span> <span class='ocrx_word' id='word_1_827' title='bbox 1673 5519 1768 5570; x_wconf 87' lang='lat' dir='ltr'>aut</span> <span class='ocrx_word' id='word_1_828' title='bbox 1796 5513 1963 5576; x_wconf 82' lang='lat' dir='ltr'>cadit.</span> 
     </span>
    </p>
   </div>
   <div class='ocr_carea' id='block_1_103' title="bbox 383 5584 1966 5671">
    <p class='ocr_par' dir='ltr' id='par_1_103' title="bbox 383 5584 1966 5671">
     <span class='ocr_line' id='line_1_103' title="bbox 383 5584 1966 5671; baseline 0.003 -29"><span class='ocrx_word' id='word_1_829' title='bbox 383 5585 542 5664; x_wconf 84' lang='grc'>(445)</span> <span class='ocrx_word' id='word_1_830' title='bbox 568 5584 759 5671; x_wconf 73' lang='lat' dir='ltr'>verba</span> <span class='ocrx_word' id='word_1_831' title='bbox 795 5584 997 5660; x_wconf 71' lang='lat' dir='ltr'>quid...</span> <span class='ocrx_word' id='word_1_832' title='bbox 1023 5587 1261 5659; x_wconf 84' lang='lat' dir='ltr'>judicat,</span> <span class='ocrx_word' id='word_1_833' title='bbox 1294 5585 1353 5641; x_wconf 93' lang='lat' dir='ltr'>in</span> <span class='ocrx_word' id='word_1_834' title='bbox 1387 5585 1648 5658; x_wconf 86' lang='lat' dir='ltr'>margine</span> <span class='ocrx_word' id='word_1_835' title='bbox 1678 5589 1966 5660; x_wconf 85' lang='lat' dir='ltr'>superiori</span> 
     </span>
    </p>
   </div>
   <div class='ocr_carea' id='block_1_104' title="bbox 638 5713 1263 5778">
    <p class='ocr_par' dir='ltr' id='par_1_104' title="bbox 638 5713 1263 5778">
     <span class='ocr_line' id='line_1_104' title="bbox 638 5713 1263 5778; baseline 0 -3"><span class='ocrx_word' id='word_1_836' title='bbox 638 5714 900 5778; x_wconf 62' lang='lat' dir='ltr'>Parnm.</span> <span class='ocrx_word' id='word_1_837' title='bbox 944 5713 1263 5777; x_wconf 85' lang='lat' dir='ltr'>CXXXIV.</span> 
     </span>
    </p>
   </div>
   <div class='ocr_carea' id='block_1_105' title="bbox 2068 4604 3708 4674">
    <p class='ocr_par' dir='ltr' id='par_1_105' title="bbox 2068 4604 3708 4674">
     <span class='ocr_line' id='line_1_105' title="bbox 2068 4604 3708 4674; baseline -0.003 -11"><span class='ocrx_word' id='word_1_838' title='bbox 2068 4625 2162 4663; x_wconf 89' lang='lat' dir='ltr'>mo</span> <span class='ocrx_word' id='word_1_839' title='bbox 2188 4625 2200 4661; x_wconf 91' lang='lat'>:</span> <span class='ocrx_word' id='word_1_840' title='bbox 2234 4605 2672 4662; x_wconf 80' lang='lat' dir='ltr'>Annuntiabitur</span> <span class='ocrx_word' id='word_1_841' title='bbox 2700 4605 2927 4657; x_wconf 89' lang='lat' dir='ltr'>Domino</span> <span class='ocrx_word' id='word_1_842' title='bbox 2956 4605 3246 4674; x_wconf 77' lang='lat' dir='ltr'>generatio</span> <span class='ocrx_word' id='word_1_843' title='bbox 3275 4611 3507 4658; x_wconf 82' lang='lat' dir='ltr'>ventura</span> <span class='ocrx_word' id='word_1_844' title='bbox 3536 4604 3708 4673; x_wconf 87' lang='lat' dir='ltr'>(Psal.</span> 
     </span>
    </p>
   </div>
   <div class='ocr_carea' id='block_1_106' title="bbox 2069 4690 3712 4767">
    <p class='ocr_par' dir='ltr' id='par_1_106' title="bbox 2069 4690 3712 4767">
     <span class='ocr_line' id='line_1_106' title="bbox 2069 4690 3712 4767; baseline -0.002 -16"><span class='ocrx_word' id='word_1_845' title='bbox 2069 4715 2182 4764; x_wconf 71' lang='lat' dir='ltr'>xxx,</span> <span class='ocrx_word' id='word_1_846' title='bbox 2215 4697 2343 4767; x_wconf 68' lang='lat'>3-1);</span> <span class='ocrx_word' id='word_1_847' title='bbox 2397 4695 2454 4748; x_wconf 91' lang='lat' dir='ltr'>id</span> <span class='ocrx_word' id='word_1_848' title='bbox 2504 4698 2609 4761; x_wconf 88' lang='lat' dir='ltr'>est,</span> <span class='ocrx_word' id='word_1_849' title='bbox 2645 4693 2716 4745; x_wconf 91' lang='lat' dir='ltr'>ad</span> <span class='ocrx_word' id='word_1_850' title='bbox 2749 4690 2981 4745; x_wconf 87' lang='lat' dir='ltr'>laudem</span> <span class='ocrx_word' id='word_1_851' title='bbox 3016 4692 3284 4759; x_wconf 88' lang='lat' dir='ltr'>Domini;</span> <span class='ocrx_word' id='word_1_852' title='bbox 3335 4710 3400 4747; x_wconf 88' lang='lat' dir='ltr'>ac</span> <span class='ocrx_word' id='word_1_853' title='bbox 3431 4694 3476 4748; x_wconf 89' lang='lat' dir='ltr'>si</span> <span class='ocrx_word' id='word_1_854' title='bbox 3515 4698 3712 4764; x_wconf 82' lang='lat' dir='ltr'>aperte</span> 
     </span>
    </p>
   </div>
   <div class='ocr_carea' id='block_1_107' title="bbox 2071 4779 3711 4852">
    <p class='ocr_par' dir='ltr' id='par_1_107' title="bbox 2071 4779 3711 4852">
     <span class='ocr_line' id='line_1_107' title="bbox 2071 4779 3711 4852; baseline -0.002 -12"><span class='ocrx_word' id='word_1_855' title='bbox 2071 4787 2288 4842; x_wconf 89' lang='lat' dir='ltr'>diceret</span> <span class='ocrx_word' id='word_1_856' title='bbox 2321 4803 2332 4840; x_wconf 90' lang='lat'>:</span> <span class='ocrx_word' id='word_1_857' title='bbox 2392 4783 2499 4847; x_wconf 90' lang='lat' dir='ltr'>llli,</span> <span class='ocrx_word' id='word_1_858' title='bbox 2534 4782 2633 4852; x_wconf 86' lang='lat' dir='ltr'>qui</span> <span class='ocrx_word' id='word_1_859' title='bbox 2683 4779 3111 4850; x_wconf 84' lang='lat' dir='ltr'>generationem</span> <span class='ocrx_word' id='word_1_860' title='bbox 3142 4787 3449 4838; x_wconf 84' lang='lat' dir='ltr'>venturam</span> <span class='ocrx_word' id='word_1_861' title='bbox 3483 4800 3711 4838; x_wconf 84' lang='lat' dir='ltr'>annun-</span> 
     </span>
    </p>
   </div>
   <div class='ocr_carea' id='block_1_108' title="bbox 2070 4869 3710 4942">
    <p class='ocr_par' dir='ltr' id='par_1_108' title="bbox 2070 4869 3710 4942">
     <span class='ocr_line' id='line_1_108' title="bbox 2070 4869 3710 4942; baseline -0.002 -12"><span class='ocrx_word' id='word_1_862' title='bbox 2070 4877 2320 4942; x_wconf 84' lang='lat' dir='ltr'>tiabunt,</span> <span class='ocrx_word' id='word_1_863' title='bbox 2348 4872 2607 4938; x_wconf 91' lang='lat' dir='ltr'>Domino,</span> <span class='ocrx_word' id='word_1_864' title='bbox 2634 4887 2748 4923; x_wconf 91' lang='lat' dir='ltr'>non</span> <span class='ocrx_word' id='word_1_865' title='bbox 2775 4869 2883 4923; x_wconf 89' lang='lat' dir='ltr'>sibi</span> <span class='ocrx_word' id='word_1_866' title='bbox 2910 4870 3237 4941; x_wconf 88' lang='lat' dir='ltr'>placebunt.</span> <span class='ocrx_word' id='word_1_867' title='bbox 3263 4874 3530 4929; x_wconf 88' lang='lat' dir='ltr'>Ostendit</span> <span class='ocrx_word' id='word_1_868' title='bbox 3550 4891 3710 4928; x_wconf 88' lang='lat' dir='ltr'>nam-</span> 
     </span>
    </p>
   </div>
   <div class='ocr_carea' id='block_1_109' title="bbox 2071 4959 3708 5036">
    <p class='ocr_par' dir='ltr' id='par_1_109' title="bbox 2071 4959 3708 5036">
     <span class='ocr_line' id='line_1_109' title="bbox 2071 4959 3708 5036; baseline -0.004 -16"><span class='ocrx_word' id='word_1_869' title='bbox 2071 4981 2183 5036; x_wconf 89' lang='lat' dir='ltr'>que</span> <span class='ocrx_word' id='word_1_870' title='bbox 2214 4961 2546 5033; x_wconf 88' lang='lat' dir='ltr'>Apostolus,</span> <span class='ocrx_word' id='word_1_871' title='bbox 2578 4959 2855 5030; x_wconf 89' lang='lat' dir='ltr'>quoniam</span> <span class='ocrx_word' id='word_1_872' title='bbox 2906 4963 3043 5014; x_wconf 90' lang='lat' dir='ltr'>tunc</span> <span class='ocrx_word' id='word_1_873' title='bbox 3090 4961 3464 5018; x_wconf 89' lang='lat' dir='ltr'>laudabiliter</span> <span class='ocrx_word' id='word_1_874' title='bbox 3491 4965 3708 5016; x_wconf 89' lang='lat' dir='ltr'>bonum</span> 
     </span>
    </p>
   </div>
   <div class='ocr_carea' id='block_1_110' title="bbox 2070 5047 3712 5125">
    <p class='ocr_par' dir='ltr' id='par_1_110' title="bbox 2070 5047 3712 5125">
     <span class='ocr_line' id='line_1_110' title="bbox 2070 5047 3712 5125; baseline -0.003 -17"><span class='ocrx_word' id='word_1_875' title='bbox 2070 5053 2302 5125; x_wconf 86' lang='lat' dir='ltr'>aliquod</span> <span class='ocrx_word' id='word_1_876' title='bbox 2327 5050 2535 5119; x_wconf 88' lang='lat' dir='ltr'>agitur,</span> <span class='ocrx_word' id='word_1_877' title='bbox 2564 5066 2696 5103; x_wconf 89' lang='lat' dir='ltr'>cum</span> <span class='ocrx_word' id='word_1_878' title='bbox 2730 5048 2788 5102; x_wconf 92' lang='lat' dir='ltr'>in</span> <span class='ocrx_word' id='word_1_879' title='bbox 2817 5051 2943 5117; x_wconf 83' lang='lat' dir='ltr'>ejus</span> <span class='ocrx_word' id='word_1_880' title='bbox 2969 5049 3202 5106; x_wconf 85' lang='lat' dir='ltr'>laudem</span> <span class='ocrx_word' id='word_1_881' title='bbox 3228 5054 3309 5118; x_wconf 79' lang='lat' dir='ltr'>fit,</span> <span class='ocrx_word' id='word_1_882' title='bbox 3336 5053 3503 5121; x_wconf 87' lang='lat' dir='ltr'>cujus</span> <span class='ocrx_word' id='word_1_883' title='bbox 3528 5047 3712 5119; x_wconf 86' lang='lat' dir='ltr'>gratia</span> 
     </span>
    </p>
   </div>
   <div class='ocr_carea' id='block_1_111' title="bbox 2070 5138 3710 5210">
    <p class='ocr_par' dir='ltr' id='par_1_111' title="bbox 2070 5138 3710 5210">
     <span class='ocr_line' id='line_1_111' title="bbox 2070 5138 3710 5210; baseline -0.005 -11"><span class='ocrx_word' id='word_1_884' title='bbox 2070 5145 2324 5198; x_wconf 88' lang='lat' dir='ltr'>donatur</span> <span class='ocrx_word' id='word_1_885' title='bbox 2355 5145 2418 5194; x_wconf 87' lang='lat' dir='ltr'>ut</span> <span class='ocrx_word' id='word_1_886' title='bbox 2449 5140 2738 5210; x_wconf 16' lang='lat' dir='ltr'>{iamsi-’10).</span> <span class='ocrx_word' id='word_1_887' title='bbox 2773 5139 2937 5193; x_wconf 83' lang='lat' dir='ltr'>Nemo</span> <span class='ocrx_word' id='word_1_888' title='bbox 2969 5142 3118 5195; x_wconf 85' lang='lat' dir='ltr'>enim</span> <span class='ocrx_word' id='word_1_889' title='bbox 3147 5145 3392 5196; x_wconf 79' lang='lat' dir='ltr'>nostrum</span> <span class='ocrx_word' id='word_1_890' title='bbox 3421 5139 3526 5193; x_wconf 83' lang='lat' dir='ltr'>sibi</span> <span class='ocrx_word' id='word_1_891' title='bbox 3553 5138 3710 5202; x_wconf 71' lang='lat' dir='ltr'>vivit,</span> 
     </span>
    </p>
   </div>
   <div class='ocr_carea' id='block_1_112' title="bbox 2071 5225 3713 5298">
    <p class='ocr_par' dir='ltr' id='par_1_112' title="bbox 2071 5225 3713 5298">
     <span class='ocr_line' id='line_1_112' title="bbox 2071 5225 3713 5298; baseline -0.005 -9"><span class='ocrx_word' id='word_1_892' title='bbox 2071 5239 2123 5289; x_wconf 87' lang='lat' dir='ltr'>et</span> <span class='ocrx_word' id='word_1_893' title='bbox 2152 5249 2306 5288; x_wconf 85' lang='lat' dir='ltr'>nemo</span> <span class='ocrx_word' id='word_1_894' title='bbox 2336 5233 2440 5286; x_wconf 81' lang='lat' dir='ltr'>sibi</span> <span class='ocrx_word' id='word_1_895' title='bbox 2469 5231 2724 5284; x_wconf 83' lang='lat' dir='ltr'>moritur.</span> <span class='ocrx_word' id='word_1_896' title='bbox 2752 5228 2929 5284; x_wconf 85' lang='lat' dir='ltr'>Nemo</span> <span class='ocrx_word' id='word_1_897' title='bbox 2962 5229 3071 5284; x_wconf 90' lang='lat' dir='ltr'>sibi</span> <span class='ocrx_word' id='word_1_898' title='bbox 3103 5230 3259 5293; x_wconf 85' lang='lat' dir='ltr'>vivit,</span> <span class='ocrx_word' id='word_1_899' title='bbox 3282 5228 3422 5298; x_wconf 89' lang='lat' dir='ltr'>quia</span> <span class='ocrx_word' id='word_1_900' title='bbox 3453 5225 3651 5281; x_wconf 91' lang='lat' dir='ltr'>nullus</span> <span class='ocrx_word' id='word_1_901' title='bbox 3679 5243 3713 5281; x_wconf 87' lang='lat' dir='ltr'>a</span> 
     </span>
    </p>
   </div>
   <div class='ocr_carea' id='block_1_113' title="bbox 2073 5315 3714 5394">
    <p class='ocr_par' dir='ltr' id='par_1_113' title="bbox 2073 5315 3714 5394">
     <span class='ocr_line' id='line_1_113' title="bbox 2073 5315 3714 5394; baseline -0.005 -16"><span class='ocrx_word' id='word_1_902' title='bbox 2073 5339 2134 5378; x_wconf 85' lang='lat' dir='ltr'>se</span> <span class='ocrx_word' id='word_1_903' title='bbox 2164 5323 2290 5394; x_wconf 89' lang='lat' dir='ltr'>ipso</span> <span class='ocrx_word' id='word_1_904' title='bbox 2321 5320 2500 5375; x_wconf 87' lang='lat' dir='ltr'>vitam</span> <span class='ocrx_word' id='word_1_905' title='bbox 2535 5318 2726 5373; x_wconf 87' lang='lat' dir='ltr'>habet.</span> <span class='ocrx_word' id='word_1_906' title='bbox 2757 5317 2912 5372; x_wconf 88' lang='lat' dir='ltr'>Unde</span> <span class='ocrx_word' id='word_1_907' title='bbox 2943 5317 3218 5372; x_wconf 88' lang='lat' dir='ltr'>alibidem</span> <span class='ocrx_word' id='word_1_908' title='bbox 3249 5315 3563 5388; x_wconf 90' lang='lat' dir='ltr'>Apostolus</span> <span class='ocrx_word' id='word_1_909' title='bbox 3597 5333 3610 5371; x_wconf 94' lang='lat'>:</span> <span class='ocrx_word' id='word_1_910' title='bbox 3651 5317 3714 5372; x_wconf 85' lang='lat' dir='ltr'>In</span> 
     </span>
    </p>
   </div>
   <div class='ocr_carea' id='block_1_114' title="bbox 2072 5447 2364 5516">
    <p class='ocr_par' dir='ltr' id='par_1_114' title="bbox 2072 5447 2364 5516">
     <span class='ocr_line' id='line_1_114' title="bbox 2072 5447 2364 5516; baseline -0.003 -16"><span class='ocrx_word' id='word_1_911' title='bbox 2072 5447 2364 5516; x_wconf 85' lang='lat' dir='ltr'>leguntur.</span> 
     </span>
    </p>
   </div>
   <div class='ocr_carea' id='block_1_115' title="bbox 2147 5511 3612 5590">
    <p class='ocr_par' dir='ltr' id='par_1_115' title="bbox 2147 5511 3612 5590">
     <span class='ocr_line' id='line_1_115' title="bbox 2147 5511 3612 5590; baseline -0.001 -20"><span class='ocrx_word' id='word_1_912' title='bbox 2147 5511 2293 5590; x_wconf 75' lang='grc'>(446)</span> <span class='ocrx_word' id='word_1_913' title='bbox 2325 5522 2389 5572; x_wconf 90' lang='lat' dir='ltr'>In</span> <span class='ocrx_word' id='word_1_914' title='bbox 2424 5533 2606 5589; x_wconf 83' lang='lat' dir='ltr'>marg.</span> <span class='ocrx_word' id='word_1_915' title='bbox 2640 5519 2834 5584; x_wconf 85' lang='lat' dir='ltr'>autog.</span> <span class='ocrx_word' id='word_1_916' title='bbox 2870 5511 2962 5567; x_wconf 90' lang='lat' dir='ltr'>hic</span> <span class='ocrx_word' id='word_1_917' title='bbox 2994 5511 3210 5584; x_wconf 89' lang='lat' dir='ltr'>legitur</span> <span class='ocrx_word' id='word_1_918' title='bbox 3237 5529 3364 5586; x_wconf 89' lang='lat' dir='ltr'>cap.</span> <span class='ocrx_word' id='word_1_919' title='bbox 3399 5515 3612 5576; x_wconf 83' lang='lat' dir='ltr'>XLVII.</span> 
     </span>
    </p>
   </div>
   <div class='ocr_carea' id='block_1_116' title="bbox 3360 5714 3401 5796">
    <p class='ocr_par' dir='ltr' id='par_1_116' title="bbox 3360 5714 3401 5796">
     <span class='ocr_line' id='line_1_116' title="bbox 3360 5714 3401 5796; baseline 0 -10"><span class='ocrx_word' id='word_1_920' title='bbox 3360 5714 3401 5796; x_wconf 69' lang='lat' dir='ltr'>tl</span> 
     </span>
    </p>
   </div>
  </div>
