4094 6168
273 298 382 358 269

856 294 1273 359 EXPOSITIO
1314 294 1394 355 IN
1441 294 1868 357 EPISTOLAS
1912 295 2170 359 PAULI.
2204 330 2282 341 -—-
2310 299 2388 359 IN
2433 298 2683 361 EPIST.
2716 301 2820 359 AD
2868 298 3060 360 ROM.

3544 300 3662 361 270

274 426 480 485 dicetis.
511 424 585 481 Et
614 428 681 481 ut
708 441 808 482 eos
837 426 1070 483 facilius
1097 427 1353 484 ﬂecteret
1382 428 1453 483 ad
1484 428 1540 482 id
1575 429 1729 499 quod
1765 443 1900 501 sug-
1933 436 1986 496 Α
2017 446 2132 484 non
2164 429 2331 484 illum
2362 431 2638 500 imitaris,
2677 431 2777 503 qui
2809 432 2881 487 de
2909 431 3051 486 coelo
3081 432 3152 487 ad
3187 433 3373 486 terras
3412 431 3660 486 descen-

269 515 508 589 gerebat,
542 513 760 570 idcirco
788 533 955 571 suam
990 533 1302 588 personam
1334 517 1902 585 associavit,dicens,

264 604 576 678 judicemus.

332 693 427 749 Sed
456 692 555 747 hoc
606 692 843 760 iudicate
888 696 1086 763 magis,
1134 711 1204 750 ne
1249 697 1469 767 ponatis
1516 695 1907 767 oﬁendiculum

268 783 441 855 fratri,
474 783 558 836 vel
586 782 927 837 scandalum.
961 783 1315 848 Notandum,
1344 784 1483 856 quia
1534 801 1714 856 supra
1743 784 1903 855 judi-

271 872 417 927 cium
447 870 995 928 condemnationem
1026 872 1349 945 signiﬁcat;
1380 873 1474 927 hic
1503 889 1658 939 vero,
1681 874 1905 927 discre-

270 960 496 1016 tionem.
532 961 602 1014 Et
631 964 721 1015 est
750 976 961 1015 sensus
995 979 1008 1015 :
1042 964 1160 1015 Hoc
1198 962 1438 1016 statuite
1485 966 1543 1017 et
1592 962 1904 1026 decernite,

269 1066 334 1105 ne
361 1049 715 1104 comedendo
769 1066 860 1115 ea,
893 1066 1021 1121 qua:
1068 1050 1291 1105 munda
1332 1054 1388 1105 et
1427 1050 1588 1105 licita
1644 1050 1902 1116 creditis,

266 1137 420 1193 fratri
453 1137 713 1203 inﬁrmo,
746 1138 805 1191 id
836 1142 925 1193 est
945 1138 1170 1207 Judaao,
1204 1139 1586 1202 occasionem,
1619 1139 1769 1194 detis
1818 1142 1902 1193 ot-

264 1225 550 1293 tendendi,
584 1230 687 1280 aut
729 1226 1185 1282 scandalizandi.
1240 1227 1442 1299 Igitur,
1493 1227 1634 1299 quia
1680 1231 1906 1298 poterat

263 1314 559 1387 gentilium
592 1313 807 1386 aliquis
837 1315 1025 1371 dicere
1056 1332 1069 1371 :
1102 1317 1397 1388 Apostole,
1430 1317 1569 1388 quia
1598 1316 1681 1371 sic
1723 1317 1903 1371 inter-

262 1403 397 1459 dicis
417 1403 619 1460 omnia
648 1405 1113 1479 comedere,ergo
1136 1409 1192 1482 et
1214 1409 1275 1459 tu
1306 1422 1424 1460 non
1454 1405 1653 1460 omnia
1683 1406 1905 1459 munda

260 1492 679 1565 putas.ldcirco
711 1493 1018 1563 subjunxit
1050 1511 1063 1548 ε
1099 1494 1221 1549 Scio
1252 1493 1549 1565 (448).Nec
1580 1494 1690 1549 hoc
1712 1494 1904 1549 solum

262 1581 492 1649 sufﬁcit,
528 1582 631 1637 sed
662 1581 887 1638 addidit
919 1599 933 1637 :
965 1586 1039 1637 Et
1070 1582 1279 1653 conﬁdo
1303 1585 1362 1638 in
1394 1584 1620 1639 Domino
1648 1588 1808 1639 Jesu.
1833 1583 1906 1637 Ut

260 1669 408 1725 enim
439 1670 662 1726 arctius
692 1687 895 1727 eorum
927 1671 1202 1727 cordibus
1231 1670 1729 1744 inculcaret,quod
1750 1672 1906 1727 dice-

2014 518 2182 588 dit,ct
2204 536 2306 589 pro
2336 536 2402 573 eo
2430 537 2605 575 suum
2638 520 2987 592 sanguinem
3019 519 3362 575 fudit.Unde
3382 520 3659 576 continuo

2014 607 2289 662 subditur
2320 624 2333 661 :
2370 607 2502 663 Noli
2529 610 2644 665 cibo
2674 613 2766 665 tuo
2797 609 2959 664 illum
2984 608 3344 680 perdere,pro
3375 625 3478 679 quo
3502 608 3661 664 Chri-
3722 660 3728 668 .

2012 700 2128 751 stus
2173 708 2421 752 mortuus
2469 701 2568 753 est.
2618 703 2699 753 Ac
2751 698 2801 753 si
2851 701 3115 769 patenter
3159 696 3356 752 dicat:
3390 696 3530 752 Cibo
3558 702 3660 754 tuo

2015 783 2183 839 illum
2216 784 2433 856 perdis,
2465 802 2638 856 quem
2672 786 2892 841 salvare
2924 790 3177 858 poteras,
3210 785 3323 840 nisi
3357 802 3553 841 coram
3592 803 3659 842 eo

2016 889 2300 928 sumeres.
2336 873 2457 937 Quo
2489 874 2643 928 dicto
2676 875 2951 941 ostendit,
2996 876 3275 946 quoniam
3324 875 3661 946 quicunque

2014 965 2262 1031 pereunt
2290 964 2346 1017 st
2375 961 2587 1016 salvari
2616 966 2903 1033 poterant,
2924 964 2996 1018 ab
3028 964 3147 1019 illis
3178 963 3379 1035 utique
3401 964 3661 1035 perdun-

2013 1055 2167 1114 tur,a
2195 1051 2412 1121 quibus
2442 1055 2711 1122 poterant
2741 1050 2972 1106 salvari.
2998 1054 3258 1124 Denique
3288 1053 3429 1124 quia
3450 1069 3661 1108 nomen

2014 1137 2226 1194 Christi
2274 1136 2737 1210 blasphematur,
2785 1139 2926 1193 dum
2979 1138 3192 1211 aliquis
3246 1141 3374 1196 cibo
3425 1141 3662 1196 fratrem

2014 1243 2188 1282 suum
2221 1226 2430 1299 perdit,
2464 1227 2679 1282 idcirco
2724 1227 3084 1283 exhortando
3129 1229 3435 1299 subjunxit
3483 1247 3496 1284 :
3543 1230 3662 1285 Non

2011 1332 2136 1387 ergo
2167 1316 2576 1387 blasphemetur
2605 1317 2805 1372 bonum
2831 1320 3099 1371 nostrum.
3138 1321 3364 1372 Bonum
3408 1317 3664 1390 appellat

2014 1405 2234 1460 donum
2267 1405 2401 1460 ﬁdei
2433 1410 2493 1461 et
2522 1410 2865 1461 cunctarum
2894 1405 3201 1472 virtutum,
3232 1405 3321 1461 vel
3360 1411 3515 1462 certe
3557 1422 3659 1463 no-

2016 1511 2149 1549 men
2181 1494 2302 1562 Dei,
2324 1499 2527 1566 praater
2554 1495 2693 1565 quod
2719 1511 2831 1549 non
2859 1499 2939 1550 est
2968 1494 3130 1549 aliud
3158 1504 3357 1550 nonum
3381 1496 3481 1550 sub
3508 1496 3661 1564 caelo,

2016 1585 2073 1637 in
2120 1599 2226 1654 quo
2274 1599 2372 1638 nos
2418 1591 2660 1654 oporteat
2684 1583 2861 1639 salvos
2906 1583 3028 1653 ﬁeri
3076 1583 3212 1654 (Act.
3262 1600 3337 1651 IV,
3390 1584 3501 1654 12).
3533 1584 3664 1640 Sive

2014 1672 2236 1727 bonum
2265 1674 2449 1736 vocat,
2484 1672 2777 1744 Evangelii
2807 1672 3078 1743 gratiam.
3128 1672 3245 1728 Hoc
3293 1672 3515 1728 bonum
3560 1688 3663 1728 no-

260 1759 372 1827 hat,
404 1759 538 1815 ideo
567 1760 678 1815 hoc
705 1760 937 1830 adjecit.
973 1760 1121 1824 Quid
1154 1765 1349 1816 autem
1398 1761 1573 1818 sciret
1618 1766 1675 1817 et
1725 1761 1905 1816 conﬁ-
1934 1800 1983 1863 B
2015 1766 2202 1817 strum
2233 1766 2342 1832 est,
2375 1778 2509 1816 cum
2540 1761 2860 1833 accipimus
2893 1777 2905 1814 :
2940 1760 3044 1816 Dei
3074 1765 3290 1830 autem,
3325 1761 3466 1832 quia
3493 1761 3567 1817 ab
3596 1777 3663 1817 eo

259 1847 414 1903 deret
442 1848 701 1903 ostendit
733 1864 745 1903 :
781 1850 921 1916 Quia
952 1849 1097 1904 nihil
1125 1866 1412 1905 commune
1445 1866 1546 1921 per
1594 1852 1793 1922 ipsum.
1827 1852 1906 1904 Ac
1936 1847 1983 1863 "
2016 1850 2209 1905 datur.
2243 1850 2521 1922 Sequitur
2554 1868 2565 1905 :
2599 1850 2716 1905 Non
2747 1851 2894 1905 enim
2932 1859 3010 1906 est
3056 1865 3286 1920 regnum
3314 1852 3417 1907 Dei
3444 1866 3583 1917 esca,
3612 1855 3665 1906 et

258 1935 305 1990 si
334 1940 535 2008 aperte
566 1936 819 1992 diceret:
845 1936 969 1992 Non
1002 1941 1307 2009 propterea
1335 1937 1783 2011 prohibeo.quia
1803 1955 1907 2010 pu-

256 2028 369 2079 tem
396 2025 730 2094 immunda,
762 2026 861 2081 sed
898 2043 969 2080 ne
1000 2027 1230 2097 ponatis
1261 2027 1675 2082 olfendiculum
1716 2027 1902 2091 fratri,

251 2112 336 2168 vel
368 2112 717 2169 scandalum
753 2130 766 2167 :
796 2114 905 2169 hoc
929 2114 1088 2169 enim
1116 2115 1455 2180 verbum,id
1486 2119 1575 2170 est
1602 2130 1906 2181 commune,

251 2199 438 2257 Judaei
476 2218 582 2272 pro
612 2202 900 2257 immundo
929 2201 1295 2273 accipiebant
1343 2220 1357 2257 :
1408 2202 1565 2257 unde
1608 2202 1905 2271 animalia,

250 2304 381 2360 quae
412 2306 523 2361 per
551 2288 738 2362 legem
771 2305 1048 2347 concessa
1070 2295 1211 2346 sunt
1230 2292 1304 2346 ad
1334 2292 1906 2359 edendum,munda;

2012 1940 2342 2010 potus.Esca
2370 1943 2427 1995 et
2455 1942 2628 2010 potus
2658 1956 2775 1994 non
2806 1944 2948 1994 sunt
2975 1955 3218 2011 regnum
3255 1939 3527 2011 Dei,quia
3546 1956 3663 1995 non

2015 2028 2347 2099 perducunt
2373 2028 2444 2082 ad
2476 2043 2723 2098 regnum
2756 2027 2880 2093 Dei,
2910 2041 3100 2097 neque
3148 2028 3575 2097 permanebunt
3601 2027 3664 2083 in

2016 2116 2143 2187 ipso
2175 2133 2188 2170 :
2222 2117 2442 2171 caduca
2470 2116 2683 2187 quippe
2712 2123 2886 2181 sunt;
2912 2119 2969 2171 et
2993 2114 3088 2169 vix
3117 2115 3285 2171 nobis
3316 2117 3387 2170 ad
3410 2132 3664 2188 praesen-

2016 2209 2136 2259 tem
2160 2205 2339 2260 vitam
2366 2204 2688 2259 sufﬁciunt.
2728 2204 2833 2259 Sed
2839 2205 3082 2275 justitia,
3104 2208 3156 2259 et
3171 2212 3366 2275 pax,et
3380 2204 3664 2275 gaudium.

2018 2297 2148 2348 Haec
2178 2295 2333 2348 enim
2366 2299 2507 2348 sunt
2535 2309 2775 2364 regnum
2825 2291 2954 2359 Dei;
3006 2309 3133 2364 qua:
3177 2293 3469 2364 praecipua
3516 2294 3671 2349 dona

2018 2387 2179 2447 sunt,
2212 2398 2314 2453 per
2343 2398 2468 2453 quae
2501 2397 2821 2453 possumus
2852 2381 3154 2452 pervenire
3186 2381 3259 2435 ad
3290 2380 3467 2437 vitam
3504 2386 3671 2438 mter-

2020 2488 2178 2526 nam.
2213 2470 2454 2526 Justitia
2492 2469 2726 2536 dicitur,
2778 2470 2949 2540 quasi
2988 2468 3145 2539 juris
3186 2472 3398 2525 status.
3431 2469 3678 2526 Justitia

2022 2575 2158 2631 ergo
2188 2563 2295 2625 est,
2329 2575 2464 2613 cum
2509 2557 2827 2628 unicuique
2875 2557 3182 2628 proprium
3224 2558 3327 2628 jus
3372 2557 3675 2613 tribuitur.

2020 2647 2261 2703 Justitia
2290 2647 2472 2719 igitur
2501 2646 2603 2702 Dei
2631 2646 2898 2701 Christus
2927 2652 3037 2717 est,
3065 2646 3166 2717 qui
3199 2663 3306 2702 nos
3330 2646 3680 2717 justiﬁcavit

2023 2753 2057 2791 a
2086 2736 2340 2808 peccatis
2365 2740 2424 2791 et
2452 2734 2714 2791 redemit.
2751 2733 2913 2789 Unde
2942 2734 3081 2789 alibi
3113 2734 3270 2790 idem
3301 2735 3618 2806 Apostolus
3661 2751 3676 2790 :

247 2822 461 2878 munia
512 2826 804 2890 vocarent,
856 2823 914 2877 id
964 2828 1055 2880 est
1103 2824 1447 2891 immunda;
1479 2841 1541 2880 se
1570 2841 1914 2880 communes
2026 2826 2132 2893 Qui
2179 2827 2356 2895 factus
2399 2832 2477 2879 est
2519 2823 2672 2878 nobis
2718 2838 2756 2878 a
2798 2824 2909 2878 Deo
2948 2823 3194 2894 justitia,
3228 2831 3280 2878 et
3306 2823 3603 2895 redemptio
3632 2825 3681 2893 (ι

246 2926 377 2965 esse
409 2927 534 2967 non
563 2900 991 2984 intelligebant.
1026 2911 1191 2968 Sicut
1218 2912 1374 2968 enim
1408 2930 1546 2968 vasa
1575 2912 1822 2985 reliqua,
1842 2913 1914 2970 ad
2028 2914 2148 2970 Cor.
2187 2931 2224 2983 1,
2258 2913 2381 2980 30);
2409 2911 2534 2983 ipse
2566 2915 2656 2967 est
2682 2916 2740 2966 et
2768 2928 2898 2983 pax,
2932 2911 3085 2966 sicut
3115 2912 3271 2967 idem
3302 2912 3445 2967 dicit
3476 2930 3490 2968 :
3516 2912 3675 2967 Chri-

244 3000 758 3072 comparationem
773 3001 1226 3072 eorum,quibus
1246 3002 1567 3056 utebantur
1586 3003 1917 3057 sacerdotes
2024 3010 2137 3058 stus
2166 3006 2244 3057 est
2272 3017 2387 3072 pax
2417 3008 2609 3056 nostra
2654 3000 2868 3071 (Ephes.
2902 3017 2961 3071 ιι,
2996 3001 3103 3071 lli).
3156 3000 3447 3055 Gaudium
3478 3004 3674 3056 autem

242 3087 300 3142 in
334 3088 591 3160 templo,
626 3088 967 3144 communia
988 3089 1361 3156 dicebantur;
1387 3090 1472 3145 sic
1493 3090 1692 3145 anima
1719 3106 1917 3161 pecca-
2027 3091 2190 3154 dicit,
2205 3093 2429 3144 aeternae
2459 3088 2842 3144 beatitudinis
2866 3106 2878 3142 :
2900 3105 3036 3143 nam
3065 3088 3345 3157 gaudium
3368 3088 3429 3143 in
3446 3093 3673 3159 tempo-

239 3176 381 3243 trix,
418 3178 502 3233 ad
526 3177 1026 3248 comparationem
1052 3181 1266 3232 sancta:
1292 3180 1350 3232 et
1369 3178 1475 3248 piae
1498 3177 1726 3247 animae,
1758 3194 1914 3233 com-
1946 3163 1989 3229 C
2028 3177 2249 3234 ralibus
2281 3178 2519 3232 abusive
2549 3177 2764 3232 dicitur
2796 3194 2808 3231 :
2834 3176 2893 3231 in
2924 3176 3288 3248 spiritalibus
3316 3181 3675 3247 autem,pro-

240 3266 458 3321 munis
490 3270 763 3333 vocatur;
816 3265 955 3337 quia
1004 3282 1120 3321 non
1173 3270 1261 3320 est
1308 3266 1487 3321 unius
1534 3266 1786 3331 Domini,
1820 3266 1921 3321 sed
2030 3267 2182 3339 prie;
2217 3266 2369 3321 unde
2401 3265 2460 3320 in
2490 3265 2853 3337 spiritalibus
2885 3264 3011 3320 sine
3063 3265 3387 3335 adjectione
3417 3265 3674 3337 ponitur.

241 3354 618 3419 multorum,
648 3352 707 3407 id
738 3357 847 3421 est,
880 3353 1178 3425 vitiorum,
1210 3357 1269 3409 et
1315 3354 1645 3409 daemonum
1677 3353 1918 3410 famula.
2031 3355 2325 3412 Gaudium
2355 3354 2553 3425 itaque
2591 3354 2733 3409 dicit
2783 3352 3337 3425 contemplationem
3376 3354 3680 3426 praesentis

242 3448 359 3498 Per
393 3444 592 3513 ipsum
621 3442 782 3510 dicit,
816 3442 873 3496 id
906 3447 1014 3509 est,
1064 3459 1168 3514 per
1212 3442 1510 3498 Christum
1545 3461 1559 3499 :
1588 3443 1734 3498 nihil
1765 3444 1921 3498 enim
2030 3444 2227 3500 vultus
2253 3444 2378 3500 Dei.
2412 3444 2575 3499 Unde
2622 3443 2681 3497 in
2732 3442 3041 3515 Evangelio
3086 3442 3367 3499 Dominus
3401 3460 3413 3497 :
3442 3445 3573 3501 ch
3600 3448 3685 3500 est

247 3548 585 3588 commune
614 3549 717 3603 per
746 3532 962 3603 ipsum,
998 3532 1274 3603 quoniam
1308 3550 1342 3587 a
1374 3532 1526 3588 bono
1556 3533 1693 3603 Deo,
1726 3532 1922 3588 omnia
2029 3535 2144 3588 vita
2172 3537 2406 3599 .rterna,
2440 3532 2499 3587 ut
2527 3537 2853 3602 cognoscant
2880 3540 2929 3588 te
2957 3549 3141 3588 verum
3173 3535 3479 3601 Deum,etc.
3504 3536 3683 3605 (Joan.

250 3622 414 3677 bona
449 3624 515 3676 et
546 3622 769 3676 munda
801 3626 997 3676 creata
1025 3625 1166 3676 sunt
1198 3639 1210 3676 :
1243 3622 1397 3677 unde
1427 3621 1486 3676 in
1518 3621 1725 3677 Genesi
1773 3621 1921 3694 legi-
2030 3640 2166 3689 xvn,
2201 3623 2278 3693 3).
2312 3623 2382 3677 Et
2431 3621 2569 3693 quia
2617 3621 2739 3677 haec
2788 3622 2943 3677 dona
2990 3622 3213 3693 absque
3257 3621 3448 3695 gratia
3496 3622 3685 3677 sancti

247 3714 345 3764 tur
383 3728 397 3764 :
442 3708 595 3766 Vidit
642 3710 783 3764 Deus
828 3713 1043 3776 cuncta,
1094 3724 1221 3781 qum
1263 3710 1411 3781 fecit,
1460 3718 1512 3766 et
1557 3715 1718 3765 erant
1761 3710 1923 3765 valde

249 3798 395 3855 bona
430 3798 600 3871 (Gen.
628 3816 668 3865 Ι,
699 3799 900 3870 10-12).
936 3798 1175 3854 Videtur
1201 3814 1337 3871 ergo
1385 3798 1476 3853 his
1522 3799 1716 3854 verbis
1767 3804 1919 3870 Apo-

244 3887 439 3944 stolus
488 3888 687 3959 legem
737 3903 1032 3955 accusare,
1085 3904 1213 3958 qua:
1265 3887 1433 3942 docet
1479 3888 1748 3957 quaedam
1794 3902 1922 3944 esse

244 3976 599 4032 immunda.
634 3975 744 4031 Sed
777 3974 953 4030 absit.
986 3980 1110 4030 lmo
1140 3975 1419 4041 ostendit,
1447 3973 1605 4045 quia,
1639 3990 1766 4045 qua:
1798 3991 1924 4046 pro-

235 4061 434 4121 hibita
468 4068 645 4132 sunt,
678 4064 793 4120 sub
825 4063 1016 4137 ﬁgura
1053 4063 1256 4134 utique
1303 4068 1442 4119 sunt
1488 4062 1803 4134 prohibita.
1856 4063 1927 4118 Et

237 4152 741 4225 sciendum,quia
761 4169 837 4208 saa
847 4169 914 4225 pe
925 4152 1285 4209 conscientia
1300 4152 1774 4223 uniuscujusque
1794 4167 1920 4208 rem

234 4240 637 4309 immundam
688 4242 802 4297 sibi
862 4243 1146 4297 mundam
1216 4242 1371 4309 facit,
1403 4240 1490 4296 vel
1542 4240 1869 4297 econtrario
1912 4268 1926 4306 ;
2036 4245 2243 4313 ceptus
2273 4244 2363 4296 est
2391 4239 2759 4308 hominibus;
2792 4239 2928 4311 quia
2957 4239 3080 4296 hinc
3111 4240 3267 4295 dona
3311 4243 3433 4295 tam
3482 4238 3683 4311 praeci-

233 4332 394 4387 verbi
422 4331 654 4406 gratia,
676 4331 725 4388 si
750 4330 1231 4403 idolothytumin
1264 4329 1506 4386 macello
1526 4330 1837 4397 vendatur,
1869 4334 1927 4385 et
2036 4347 2154 4401 pua
2199 4332 2358 4397 sunt,
2394 4333 2458 4384 ut
2497 4329 2580 4385 eis
2626 4345 2795 4384 nemo
2844 4330 3031 4400 possit
3077 4329 3388 4401 derogare;
3439 4327 3685 4400 ideoque

244 4422 379 4491 quis
411 4437 639 4478 emens
668 4421 904 4476 nescius
934 4418 1273 4487 comederit,
1302 4418 1657 4474 conscientia
1686 4436 1795 4474 sua
1815 4417 1930 4474 sibi
2039 4418 2450 4474 manifestatus
2481 4421 2571 4474 est
2599 4435 2727 4475 esse
2757 4419 3047 4490 perfectus
3081 4434 3277 4473 coram
3325 4418 3442 4473 Deo
3490 4421 3547 4473 et
3589 4433 3684 4472 co-

241 4512 597 4576 mundum;
630 4508 956 4565 econtrario
987 4508 1089 4580 qui
1122 4506 1341 4579 aliquid
1373 4508 1926 4576 immundumjudi-
1960 4522 2007 4587 D
2038 4524 2165 4563 ram
2196 4507 2560 4563 hominibus.

245 4604 357 4653 cat.
392 4599 485 4654 illi
524 4598 744 4669 utique
773 4598 1151 4653 immundum
1183 4600 1289 4653 est.
1340 4596 1411 4651 Et
1460 4594 1569 4652 hoc
1616 4599 1726 4663 est,
1772 4596 1927 4667 quod
2112 4596 2314 4669 Igitur,
2352 4601 2416 4651 ut
2444 4612 2542 4652 eos
2573 4597 2645 4651 ad
2676 4595 2837 4667 pacis
2868 4600 2926 4651 et
2955 4594 3273 4650 concordiae
3305 4595 3526 4650 bonum
3551 4611 3690 4665 pro-

246 4688 530 4760 sequitur
578 4704 591 4742 :
623 4688 744 4742 Nisi
772 4688 843 4754 ei,
879 4689 974 4758 qui
1002 4685 1283 4743 existimat
1310 4684 1441 4757 quid
1470 4701 1754 4741 commune
1792 4701 1924 4753 esse,
2034 4689 2285 4749 vocaret,
2321 4685 2629 4756 subjunxit
2651 4701 2664 4737 :
2690 4686 2876 4753 Itaque
2902 4700 3019 4754 quae
3046 4685 3201 4755 pacis
3225 4686 3374 4754 sunt,
3403 4691 3683 4740 sectemur.

247 4775 338 4832 illi
367 4792 683 4833 commune
704 4776 883 4831 est.Ut
912 4784 1110 4831 nutem
1143 4774 1476 4831 ostenderet
1505 4791 1684 4846 quare
1705 4773 1927 4845 praemi-
2036 4774 2144 4830 Ubi
2174 4775 2493 4830 notandum
2527 4773 2663 4843 quia
2686 4790 2802 4827 non
2823 4772 3251 4839 ait,sectamur;
3286 4771 3437 4828 sicut
3483 4777 3540 4828 et
3582 4791 3685 4830 su-

250 4866 440 4923 serit:
475 4865 868 4936 Hocjudicate
903 4865 1096 4934 magis,
1142 4879 1211 4919 ne
1256 4864 1471 4933 ponatis
1519 4864 1927 4935 offendiculum,
2039 4863 2239 4935 perius
2292 4881 2305 4917 :
2356 4861 2799 4932 Hospitalitatem
2849 4864 3114 4917 sectantes
3162 4862 3335 4932 (Rom.
3388 4879 3486 4927 xu,
3542 4863 3630 4928 13)
3671 4874 3705 4914 :‘

2041 4967 2243 5023 pacem
2275 4950 2491 5021 quippe
2522 4949 2715 5018 habet,
2750 4954 2805 5005 et
2836 4951 3123 5021 sequitur,
3156 4951 3255 5021 qui
3287 4966 3479 5005 mores
3527 4965 3688 5012 suos,

248 2378 484 2450 reliqua
533 2382 730 2434 autem
779 2379 1117 2437 communia
1162 2380 1494 2435 vocabant:
1528 2397 1667 2436 vasa
1708 2380 1906 2449 etiam,

248 2467 471 2538 quibus
507 2468 825 2523 utebantur
854 2468 1187 2524 sacerdotes
1206 2468 1267 2523 in
1288 2468 1740 2541 templo,sancta
1759 2469 1911 2525 dice-

248 2556 558 2624 bantur,et
578 2556 649 2611 ad
671 2573 874 2613 eorum
901 2557 1640 2628 comparationem,cuncta
1660 2558 1912 2617 immun-

248 2643 342 2713 da,
377 2644 440 2700 id
468 2649 582 2712 est,
601 2646 1234 2702 communia.Attamen
1264 2646 1382 2701 vim
1414 2646 1594 2717 hujus
1623 2648 1913 2703 sermonis

248 2748 364 2787 non
396 2732 815 2806 intelligebant
842 2751 854 2789 :
889 2752 1027 2791 nam
1055 2751 1191 2790 cum
1222 2735 1501 2791 animalia
1519 2740 1576 2791 et
1601 2751 1741 2792 vasa
1759 2752 1915 2792 com-

2032 3710 2285 3783 Spiritus
2337 3727 2507 3766 nemo
2556 3711 2772 3767 habere
2820 3714 3031 3782 potest,
3064 3710 3282 3766 idcirco
3326 3710 3681 3781 subjunxit:

2030 3805 2099 3855 In
2136 3801 2353 3871 Spiritu
2380 3804 2586 3853 sancto.

2102 3888 2379 3959 Sequitur
2410 3904 2422 3941 :
2457 3888 2563 3955 Qui
2583 3889 2732 3942 enim
2754 3889 2814 3940 in
2844 3887 2942 3943 hoc
2968 3889 3136 3942 servit
3166 3887 3398 3953 Christo,
3430 3893 3682 3957 acceptus

2032 3980 2109 4031 est
2138 3977 2244 4031 Deo
2274 3980 2325 4030 et
2355 3974 2612 4046 probatus
2638 3975 3042 4030 hominibuan
3070 3976 3166 4031 hoc
3189 3974 3351 4041 dicit,
3384 3973 3442 4027 id
3474 3978 3585 4039 est,
3618 3974 3679 4028 in

2034 4062 2254 4135 Spiritu
2285 4067 2507 4117 sancto.
2543 4061 2649 4127 Qui
2680 4060 2837 4117 enim
2868 4062 2926 4116 in
2957 4078 3023 4117 eo
3055 4060 3250 4125 servit,
3282 4059 3461 4115 servit
3505 4060 3680 4126 verbo

2034 4151 2353 4224 sapientiae,
2385 4150 2686 4218 charitati;
2720 4167 2786 4205 ac
2815 4165 2919 4222 per
2948 4150 3055 4206 hoc
3085 4148 3276 4222 placet
3320 4153 3458 4215 Deo,
3484 4152 3542 4204 et
3586 4165 3681 4205 ac-

248 4955 331 5008 vel
362 4952 1165 5022 scandalum(449),subdidit
1200 4968 1212 5006 :
1245 4954 1307 5006 Si
1335 4953 1480 5007 enim
1507 4956 1726 5022 propter
1756 4969 1931 5007 escam

244 5042 430 5112 frater
475 5052 620 5099 tuus
668 5040 1081 5095 scandalizatur
1125 5040 1272 5110 (450)
1294 5057 1307 5106 ;
1329 5042 1454 5111 jam
1483 5056 1593 5094 non
1628 5040 1931 5094 secundum
2042 5044 2098 5095 et
2146 5040 2400 5093 actiones
2452 5039 2533 5093 ita
2576 5040 2874 5111 componit
2903 5044 2959 5095 et
2988 5040 3156 5112 regit,
3188 5044 3254 5093 ut
3283 5056 3317 5093 a
3346 5036 3577 5093 nemine
3610 5052 3692 5089 re-

252 5132 615 5188 charitatem
660 5130 945 5194 ambulas;
993 5128 1048 5182 id
1097 5132 1205 5190 est,
1260 5127 1311 5183 si
1354 5145 1441 5198 ea,
1493 5144 1619 5198 qua:
1671 5126 1829 5182 licita
1878 5130 1936 5182 et
2044 5127 2327 5200 prehendi
2383 5127 2616 5198 possit:
2651 5132 2907 5183 sectatur
2956 5145 3089 5184 vero
3143 5143 3344 5199 pacem
3390 5123 3490 5195 qui
3520 5122 3602 5178 ita
3632 5138 3693 5178 se

257 5221 499 5277 munda
534 5218 1062 5290 credis,propterea
1090 5216 1371 5285 sumis,ut
1403 5217 1577 5272 frater
1606 5221 1746 5271 tuus
1768 5232 1935 5271 scan-
2046 5216 2345 5287 componit
2374 5221 2431 5272 et
2460 5216 2630 5288 regit,
2662 5221 2727 5271 ut
2755 5217 2882 5288 ejus
2931 5215 3196 5287 exemplo
3243 5212 3341 5267 alii
3390 5210 3698 5282 proﬁciant

255 5308 609 5376 dalizetur;
644 5323 761 5363 non
793 5306 1117 5362 secundum
1139 5304 1480 5361 charitatem
1503 5304 1940 5376 ambulas,quia
2049 5309 2106 5359 ct
2136 5304 2500 5360 aadiﬁcentur
2526 5304 2586 5358 in
2618 5305 2970 5361 bono.Unde
3001 5304 3097 5358 hic
3128 5316 3358 5372 quoque
3388 5299 3701 5374 subjungi-

360 5504 477 5559 448
542 5503 607 5558 In
642 5506 835 5574 autog.
872 5500 1135 5574 margine
1163 5500 1259 5557 hic
1288 5500 1502 5574 legitur
1530 5518 1656 5575 cap.
1690 5501 1877 5559 XLIX.
2125 5502 2275 5573 (450)
2305 5501 2477 5576 Vulg.
2508 5504 2881 5559 contristatur.

332 5503 506 5653 E449;
547 5573 649 5631 [lic
679 5574 739 5630 in
771 5576 969 5647 autog.
1004 5572 1267 5647 margine
1296 5572 1511 5647 legitur
1538 5590 1663 5648 cap.
1698 5574 1740 5630 Ι.

362 5572 506 5648 449)
547 5573 649 5631 [lic
679 5574 739 5630 in
771 5572 969 5647 autog.
1004 5572 1267 5647 margine
1296 5572 1511 5647 legitur
1538 5572 1663 5648 cap.
1698 5574 1740 5630 Ι.
