4080 6174
348 322 460 380 271

1359 315 1697 379 ATTONIS
1741 315 2332 379 VERGELLENSIS
2375 314 2731 378 EPISCOPI

3632 316 3754 377 2³72

347 457 445 509 tur
477 472 491 511 :
522 454 585 507 Et
614 466 737 524 quae
764 451 1149 522 aediﬁcationis
1178 458 1305 507 sunt
1334 451 1393 504 in
1422 452 1658 505 invicem
1678 450 1825 522 (451)
1857 450 1991 505 sub-
2018 453 2074 519 Α
2102 452 2248 506 dicat
2272 453 2616 523 semetipsum
2645 452 2709 505 in
2735 465 2818 517 eo,
2848 446 2992 520 quod
3017 448 3239 519 probat.
3275 445 3378 503 Ille
3404 446 3563 503 enim
3611 449 3758 506 bea-

348 544 604 611 auditur,
636 543 968 612 sectemur).

2104 543 2202 595 tus
2230 544 2339 610 est,
2372 539 2471 611 qui
2502 557 2589 604 eo,
2623 539 2778 610 quod
2809 538 3098 594 mundum
3146 541 3204 593 et
3249 536 3475 593 licitum
3520 539 3755 611 probat,

417 633 550 689 Noli
575 636 801 703 propter
830 648 1010 687 escam
1033 631 1308 686 destruere
1336 644 1471 700 opus
1501 631 1615 685 Dei.
1650 634 1780 685 Haec
1821 630 1996 685 verba
2104 629 2254 684 male
2284 646 2398 684 non
2426 630 2632 694 utitur,
2661 628 2719 683 id
2754 632 2863 694 est,
2897 644 3093 682 coram
3123 626 3358 683 inﬁrmo
3408 628 3587 684 fratre
3635 645 3757 684 non

348 724 431 777 ita
460 737 669 779 sonare
698 722 991 788 videntur,
1024 736 1088 774 ac
1119 718 1167 774 si
1199 736 1331 773 esca
1379 736 1495 775 non
1547 718 1623 774 sit
1671 736 1818 791 opus
1866 718 1990 773 Dei.

353 811 465 867 Sed
496 810 971 881 sciendum,quia
990 825 1135 879 opus
1159 808 1259 863 Dei
1279 808 1673 880 est,quoniam
1696 808 1989 864 subsistit.

348 903 623 957 Attamen
651 899 823 969 longe
852 896 1009 952 aliud
1041 898 1310 968 est,quod
1335 902 1571 969 propter
1600 914 1689 963 se;
1724 901 1780 952 et
1810 896 1989 964 aliud,

350 990 507 1062 quod
536 991 775 1061 propter
803 985 1024 1057 aliquid
1056 984 1216 1041 aliud
1248 986 1400 1042 Deus
1422 986 1807 1041 creavit.Esca
1834 985 1988 1040 enim

349 1096 467 1135 non
498 1080 733 1149 propter
760 1090 845 1141 se,
878 1075 980 1131 sed
1020 1080 1255 1146 propter
1279 1075 1579 1131 hominem
1627 1078 1820 1130 creata
1860 1079 1987 1141 est;

346 1168 523 1223 homo
553 1180 685 1221 vero
718 1169 955 1237 propter
983 1180 1065 1235 se,
1098 1164 1239 1236 quia
1268 1166 1338 1220 ad
1374 1164 1734 1221 laudandum
1787 1170 1986 1219 Deum.

343 1257 414 1311 Et
442 1254 657 1310 idcirco
688 1270 758 1309 ex
785 1253 1060 1309 omnibus
1090 1254 1336 1309 terrenis
1368 1253 1650 1309 creaturis
1688 1252 1987 1308 hominem

343 1343 674 1416 specialiter
701 1343 1015 1415 Apostolus
1045 1342 1286 1409 vocavit,
1317 1342 1406 1397 vel
1438 1342 1625 1414 ipsius
1656 1341 1905 1397 salutem
1932 1345 1990 1397 et

340 1434 825 1505 redemptionem.
856 1436 1099 1504 Propter
1126 1447 1319 1487 escam
1352 1446 1487 1501 ergo
1542 1447 1688 1501 opus
1737 1428 1839 1485 Dei
1887 1430 1985 1485 de-

340 1522 608 1590 struitur,
630 1539 766 1578 cum
790 1521 965 1577 homo
994 1520 1266 1576 inﬁrmus
1291 1536 1360 1575 ex
1389 1520 1517 1575 cibo
1548 1518 1789 1574 alterius
1817 1535 1985 1573 scan-

344 1611 647 1667 dalizatur.
676 1612 745 1665 Et
774 1610 944 1682 quasi
976 1610 1193 1665 diceret
1213 1607 1426 1679 aliquis
1463 1624 1474 1662 :
1508 1607 1659 1662 Dum
1692 1606 1774 1662 sic
1804 1606 1986 1661 inter-

338 1700 485 1757 dicis
515 1717 623 1757 nos
652 1700 851 1756 omnia
880 1699 1195 1771 percipere,
1224 1697 1442 1753 videris
1471 1696 1646 1752 etiam
1678 1702 1741 1751 tu
1768 1712 1837 1751 ea
1874 1695 1983 1750 im-

338 1790 559 1846 munda
581 1789 869 1860 judicare,
903 1787 1155 1858 subjecit
1202 1804 1215 1842 :
1267 1788 1463 1886 ania
1492 1785 1711 1884 quidem
1737 1784 1944 1890 munda
1962 1800 1983 1846 ;
2012 1824 2062 1890 B

340 1897 405 1935 ac
431 1879 481 1935 si
511 1879 728 1933 diceret
760 1894 774 1934 ε
808 1877 934 1932 Non
960 1877 1089 1932 ideo
1139 1875 1438 1947 prohibeo,
1492 1874 1632 1945 quia
1676 1872 1986 1928 immunda

332 1968 622 2038 judicem,
655 1966 934 2038 quoniam
966 1983 1001 2021 a
1030 1966 1275 2032 mundo,
1325 1968 1383 2019 et
1428 1964 1579 2019 bono
1627 1963 1743 2018 Deo
1792 1966 1986 2017 creata

335 2056 646 2112 immunda
672 2072 798 2111 esse
829 2072 945 2111 non
976 2056 1245 2127 possunt,
1273 2053 1396 2120 sed,
1430 2068 1501 2106 ne
1522 2067 1717 2106 coram
1748 2050 1983 2105 inﬁrmo

336 2149 638 2201 sumentes
671 2144 1034 2200 occasionem
1068 2142 1219 2199 detis
1248 2140 1705 2197 scandalizandi.
1755 2140 1824 2194 Et
1874 2138 1984 2193 hoc

333 2237 442 2300 est,
477 2234 633 2305 quod
664 2233 932 2304 sequitur
962 2248 976 2286 ε
1006 2232 1112 2287 Sed
1139 2232 1350 2285 malum
1399 2238 1477 2284 est
1503 2231 1736 2297 homini,
1765 2229 1861 2299 qui
1884 2243 1985 2298 per

330 2322 723 2393 offendiculum
765 2320 1079 2375 manducet.
1122 2321 1337 2373 Bonum
1382 2328 1460 2372 est
1497 2333 1609 2371 non
1654 2317 1984 2371 manducare

338 2414 641 2477 camem,et
666 2426 775 2466 non
806 2410 985 2464 bibere
1010 2410 1411 2479 vinum,neque
1440 2409 1501 2461 in
1529 2422 1633 2477 quo
1664 2408 1840 2476 frater
1861 2413 1985 2460 tuus

332 2501 570 2572 offendit
599 2500 768 2571 (452),
803 2502 901 2553 aut
927 2498 1459 2564 scandalizatur,aut
1492 2494 1981 2564 inﬁrmatur.Quid

337 2594 426 2645 est
436 2590 592 2661 quod
608 2586 928 2660 Apostolus
945 2586 1552 2657 abstinentiam,quasi
1570 2600 1871 2640 summum
1887 2584 1984 2637 bo-

327 2695 472 2733 num
493 2677 1029 2742 commendat,cum
1044 2691 1345 2731 summum
1358 2675 1579 2728 bonum
1601 2689 1717 2727 non
1733 2671 1835 2727 sit?
1851 2672 1984 2726 0m-

324 2783 399 2822 ne
419 2765 576 2822 enim
593 2764 999 2836 bonum,quod
1019 2768 1076 2819 et
1096 2763 1234 2820 mali
1256 2763 1469 2819 habere
1490 2765 1879 2835 possunt,non
1896 2764 1986 2816 est

329 2870 656 2925 summum,
678 2854 777 2909 sed
806 2852 1096 2909 mediocre
1118 2852 1477 2908 bonum.Sed
1496 2852 1799 2907 sciendum
1820 2850 1979 2922 quia,

332 2944 441 3000 etsi
474 2942 833 2999 abstinentia
877 2958 993 2997 non
1044 2942 1122 2997 sit
1166 2957 1471 2997 summum
1501 2941 1742 3011 bonum,
1785 2943 1981 2994 tamen

334 3033 677 3089 charitatem
720 3048 859 3104 erga
902 3032 1236 3104 proximum
1284 3046 1534 3095 servare,
1587 3033 1643 3083 et
1690 3045 1825 3085 eum
1864 3045 1981 3083 non

334 3121 748 3180 scandalizare.
793 3137 1095 3177 summum
1126 3122 1346 3176 bonum
1377 3125 1465 3174 est
1496 3136 1508 3173 :
1540 3118 1695 3190 quod
1728 3122 1793 3171 ut
1820 3134 1979 3173 com-

2102 719 2304 785 sumit,
2338 735 2409 773 ne
2439 718 2491 774 ei
2522 716 2958 773 scandalizandi
2988 716 3356 773 occasionem
3387 716 3613 790 det,pro
3634 734 3755 790 quo

2100 805 2225 877 ipse
2248 807 2570 876 judicetur.

2172 896 2279 962 Qui
2308 899 2491 950 autem
2519 895 2780 950 discernit
2809 895 2891 965 (id
2944 898 3050 965 est,
3101 894 3212 949 hoc
3255 910 3386 951 esse
3433 896 3750 965 mundum,

2098 981 2241 1038 illud
2283 985 2679 1053 immundum)
2727 985 2778 1038 si
2824 983 3243 1039 manducauerit
3289 983 3456 1055 (illud
3504 984 3751 1056 scilicet,

2099 1074 2255 1144 quod
2304 1073 2680 1128 immundum
2730 1072 2977 1144 judicat)
3029 1073 3321 1129 damnatus
3365 1078 3444 1129 est
3490 1074 3755 1146 (proprio

2090 1161 2367 1233 judicio);
2396 1163 2529 1233 quia
2556 1178 2668 1217 non
2691 1170 2771 1218 est
2792 1178 2865 1217 ea:
2891 1163 2998 1231 ﬁde
3028 1162 3175 1233 (454)
3216 1162 3591 1234 (subauditur
3641 1161 3752 1219 ali-

2098 1252 2240 1322 quid
2272 1252 2647 1307 immundum
2678 1252 2955 1322 credere).

2170 1341 2339 1396 Omne
2366 1345 2570 1406 autem,
2613 1340 2757 1413 quod
2790 1358 2909 1396 non
2952 1345 3031 1396 est
3072 1356 3142 1395 ex
3187 1339 3317 1412 ﬁde,
3337 1346 3619 1413 peccatum
3649 1346 3751 1397 est.

2093 1427 2379 1484 Videlicet
2407 1429 2548 1500 quia
2577 1429 2702 1485 sine
2731 1429 2846 1485 ﬁde
2876 1427 3245 1501 impossibile
3261 1432 3351 1485 est
3371 1429 3487 1486 Deo
3515 1429 3752 1502 placere

2094 1516 2286 1587 (Hebr.
2318 1534 2395 1587 x1,
2428 1518 2506 1587 6).
2534 1517 2667 1573 Vita
2717 1533 2855 1590 ergo
2907 1516 3256 1585 inﬁdelium,
3309 1518 3447 1589 quia
3492 1534 3612 1573 non
3658 1523 3755 1574 est

2094 1620 2163 1660 ex
2194 1606 2329 1671 ﬁde,
2357 1610 2662 1677 peccatum
2693 1610 2783 1662 est
2811 1606 2990 1678 (455);
3024 1605 3304 1677 quoniam
3334 1606 3435 1661 ubi
3465 1606 3632 1663 deest
3652 1623 3753 1662 co-

2092 1694 2277 1767 gnitio
2345 1700 2568 1750 aeternis
2626 1698 2683 1750 et
2766 1694 3270 1751 incommutabilis
3335 1695 3617 1763 veritatis,
3686 1696 3749 1753 id

2093 1788 2202 1852 est,
2234 1783 2579 1851 divinitatis,
2610 1782 2758 1839 falsa
2804 1783 2993 1839 virtus
3043 1788 3153 1851 est,
3203 1783 3378 1840 etiam
3410 1785 3471 1840 in
3502 1784 3750 1858 optimis

2096 1871 2383 1928 moribus.

2168 1964 2322 2032 (CAP.
2391 1961 2531 2033 XV.)
2599 1961 2803 2034 Igitur,
2872 1961 3011 2034 quia
3074 1966 3305 2033 poterat
3369 1961 3584 2036 aliquis
3649 1963 3749 2019 di-

2093 2066 2269 2105 cere:
2303 2049 2451 2114 Quid
2500 2050 2572 2105 ad
2622 2066 2751 2119 nos,
2800 2050 2850 2105 si
2898 2049 3118 2105 inﬁrmi
3166 2050 3342 2105 sunt?
3372 2067 3477 2107 cur
3522 2067 3631 2107 nos
3670 2052 3747 2108 ob

2094 2155 2296 2194 eorum
2325 2137 2731 2193 inﬁrmitatem
2771 2155 2887 2195 non
2940 2155 3007 2194 ea
3064 2153 3392 2211 sumamus,
3425 2156 3553 2212 quas
3581 2139 3750 2197 licita

2094 2227 2427 2283 credimus?
2452 2228 2537 2282 Ad
2561 2227 2669 2283 hoc
2690 2227 2859 2298 quasi
2888 2228 3205 2299 respondet
3232 2228 3746 2300 Apostoluszbebe-

2096 2333 2214 2371 mus
2259 2324 2442 2372 autem
2482 2333 2585 2371 nos
2637 2316 2909 2386 ﬁrmiores
2935 2315 3355 2373 imbecillitales
3386 2319 3750 2389 inﬁrmorum

2092 2407 2386 2475 sustinere,
2418 2408 2551 2473 etc.,
2583 2422 2650 2459 ac
2681 2405 2729 2459 si
2758 2409 2955 2476 aperte
2984 2405 3201 2461 diceret
3232 2423 3245 2461 :
3280 2407 3591 2479 Propterea
3638 2425 3749 2464 su-

2095 2510 2253 2549 mere
2305 2510 2420 2548 uon
2465 2493 2709 2559 debetis,
2756 2510 2827 2548 ne
2878 2493 3146 2549 inﬁrmos
3194 2494 3402 2551 fratres
3450 2495 3747 2553 scandali-

2092 2582 2254 2638 zetis.
2288 2582 2361 2637 Ut
2390 2586 2586 2638 autem
2617 2582 2849 2638 facilius
2886 2599 2999 2661 eos‘
3023 2583 3254 2641 ﬂectere
3300 2590 3517 2656 posset,
3566 2603 3745 2643 suam

2092 2672 2212 2726 illis
2242 2670 2484 2727 sociavit
2513 2688 2846 2743 personam.
2893 2671 3054 2735 Quod
3105 2682 3301 2730 autem
3351 2691 3431 2744 se,
3483 2692 3747 2749 suosque

2092 2760 2387 2816 auditores
2426 2760 2712 2817 ﬁrmiores
2743 2766 2930 2832 vocat,
2962 2779 3079 2818 non
3107 2767 3198 2819 est
3226 2765 3594 2838 arrogantiae,
3638 2767 3744 2823 sed

2092 2864 2272 2903 causa
2301 2848 2508 2905 divinae
2538 2849 2997 2921 dispensationis
3018 2851 3240 2907 factum
3265 2869 3279 2908 :
3303 2854 3504 2909 nullus
3524 2855 3749 2928 quippe

2090 2936 2482 3017 inﬁrmorum,
2507 2938 2799 3009 majorum
2828 2938 3094 2995 ﬁrmitati
3124 2956 3186 2997 se
3206 2942 3457 3014 jungere
3476 2944 3744 3014 auderet,

2092 3024 2208 3079 nisi
2236 3025 2548 3097 Apostolus
2577 3043 2718 3083 suos
2748 3027 2923 3084 etiam
2953 3029 3252 3086 auditores
3280 3045 3481 3087 secum
3517 3032 3745 3089 ﬁrmio-

2093 3130 2185 3169 res
2217 3114 2451 3171 diceret.
2483 3116 2765 3172 Praaterea
2795 3122 2994 3173 monet
3025 3118 3120 3174 his
3156 3119 3371 3185 verbis,
3420 3125 3484 3176 ut
3532 3122 3634 3193 qui
3684 3122 3746 3178 in

333 3212 637 3269 mendaret
663 3209 996 3282 Apostolus,
1027 3210 1110 3266 ait
1140 3226 1153 3263 :
1187 3213 1375 3280 Neque
1404 3206 1976 3279 (subauditur,agere
2006 3194 2049 3262 C
2088 3202 2405 3260 Ecclesium
2438 3205 2690 3261 inﬁrmis
2737 3204 3015 3262 fratribus
3060 3207 3338 3279 prodesse
3384 3214 3636 3281 possunt
3682 3210 3745 3267 in

332 3300 577 3373 aliquid)
606 3302 669 3355 in
691 3317 797 3372 quo
822 3300 1002 3369 frater
1034 3304 1157 3355 tuus
1195 3300 1440 3370 offendit,
1492 3298 1548 3352 id
1596 3300 1703 3367 est,
1755 3300 1981 3367 peccat,

331 3398 429 3445 aut
449 3386 896 3454 scandalizatur,
930 3388 987 3441 id
1009 3392 1117 3456 est,
1144 3404 1178 3441 a
1198 3387 1311 3441 ﬁde
1332 3386 1566 3455 recedit,
1598 3390 1696 3440 aut
1726 3386 1979 3454 inﬁrma-

332 3483 448 3545 tur,
477 3475 703 3531 scilicet
749 3475 812 3529 in
858 3476 1062 3529 eadem
1111 3475 1244 3528 ﬁde.
1293 3473 1624 3529 Nolandum
1650 3478 1740 3529 est
1784 3479 1977 3529 autem

334 3566 475 3637 quia
502 3581 618 3619 non
645 3564 726 3619 ait
756 3579 770 3618 :
806 3564 1026 3619 Bonum
1065 3568 1155 3618 est
1197 3563 1552 3618 manducare
1598 3578 1857 3628 carnem,
1908 3577 1981 3617 ne

334 3652 643 3709 voracibus
665 3653 832 3708 daret
857 3652 1222 3708 occasionem
1253 3652 1483 3706 dicendi
1507 3651 1938 3707 abstinentibus
1965 3669 1978 3707 :

335 3745 581 3800 Carnem
613 3742 984 3809 manducata,
1009 3740 1288 3812 quoniam
1318 3739 1632 3811 Apostolus
1663 3742 1933 3812 praecepit
1965 3758 1978 3796 :

336 3848 405 3887 ac
446 3848 550 3903 per
579 3830 686 3886 hoc
716 3829 924 3886 laxatis
973 3830 1334 3885 abstinentia
1384 3830 1585 3898 frenis,
1637 3829 1982 3885 barathrum

338 3919 641 3977 edacitatis
673 3919 1013 3975 inciderent.
1066 3920 1212 3975 Cum
1259 3935 1394 3992 ergo
1440 3918 1685 3973 intentio
1724 3919 1983 3991 Apostoli

336 4010 516 4066 fuerit
542 4009 704 4081 loqui
732 4009 803 4064 de
833 4008 981 4064 cibis
1011 4008 1401 4075 solummodo,
1437 4024 1542 4062 cur
1570 4006 1986 4079 intulitmeque

338 4099 538 4155 bibere
566 4099 813 4153 vinum?
841 4096 1142 4165 Videlicet,
1201 4114 1274 4152 ne
1320 4096 1567 4151 ebriosis
1613 4097 1778 4151 daret
1825 4113 1988 4151 occa-

338 4188 565 4245 sionem
586 4187 817 4242 dicendi
840 4203 854 4241 :
880 4186 1085 4251 Bibitc,
1114 4185 1389 4257 quoniam
1420 4184 1734 4255 Apostolus
1754 4202 1789 4239 a
1812 4200 1986 4239 carne

337 4281 571 4332 tantum
594 4274 825 4330 monuit
855 4274 1166 4340 abstinere,
1201 4274 1400 4342 sicque
1430 4273 1491 4326 in
1520 4272 1656 4326 vitio
1688 4274 1987 4327 ebrietatis

339 4380 403 4420 se
431 4367 780 4419 exercerent.
816 4363 926 4416 Sed
969 4361 1233 4433 nunquid
1283 4361 1631 4416 condemnat
1674 4361 1986 4432 Apostolus

337 4452 705 4508 creaturam?
736 4451 919 4506 Absit.
953 4455 1071 4505 lmo
1092 4449 1512 4521 ostendit,quia
1532 4467 1726 4506 coram
1752 4450 1986 4508 inﬁrmo

2089 3291 2284 3364 aliquo
2315 3294 2525 3360 ofﬁcio,
2559 3311 2673 3350 non
2705 3311 2768 3350 se
2798 3294 3152 3353 humilitatis
3181 3313 3361 3353 causa
3389 3298 3747 3357 subtrahant

2089 3382 2161 3436 ab
2192 3381 2381 3438 ofﬁcio
2418 3399 2431 3437 :
2463 3387 2521 3438 et
2548 3386 2615 3437 ut
2644 3383 2913 3439 inﬁrmos
2963 3384 3251 3456 patienter
3278 3386 3338 3441 in
3369 3385 3631 3444 Ecclesia
3660 3388 3747 3445 fe-

2089 3487 2312 3527 ramus.
2348 3471 2509 3527 Unde
2539 3471 2677 3527 alibi
2701 3489 2714 3527 :
2734 3473 2884 3528 Alter
2911 3474 3142 3530 alterius
3170 3490 3337 3531 onera
3365 3476 3740 3549 portate(Gal.

2089 3578 2167 3631 v1,
2199 3562 2275 3631 2),
2306 3565 2417 3616 etc.

2163 3652 2360 3704 Etnon
2404 3649 2563 3704 nobis
2587 3651 2830 3721 placere,
2881 3651 2939 3706 id
2989 3657 3099 3720 est,
3150 3668 3264 3709 non
3314 3654 3536 3710 nostris
3580 3655 3740 3712 desi-

2093 3737 2269 3793 deriis
2298 3738 2634 3794 satisfacere
2667 3757 2680 3795 :
2715 3756 2829 3795 non
2862 3756 2990 3811 quas
3023 3746 3227 3798 nostra
3256 3748 3416 3812 sunt,
3451 3760 3742 3815 quaerere,

2094 3827 2195 3882 sed
2226 3844 2353 3899 quas
2380 3828 2521 3883 Jesu
2554 3828 2790 3885 Christi.
2844 3830 2948 3886 Cui
2994 3835 3192 3887 autem
3235 3833 3587 3905 placendum
3644 3836 3748 3904 sit,

2094 3917 2349 3972 ostendit
2376 3933 2389 3972 :
2428 3919 2808 3991 Unusquisque
2834 3929 3085 3976 nostrum
3106 3924 3368 3992 proximo
3387 3936 3484 3979 suo
3498 3925 3750 3995 placeat.

2095 4005 2204 4061 Sed
2237 4007 2505 4078 nunquid
2535 4009 2607 4063 ad
2642 4008 2865 4064 malum
2897 4011 3234 4083 agendum?
3272 4011 3459 4068 Absit.
3491 4013 3754 4087 Ideoque

2094 4094 2293 4150 intulit
2325 4113 2337 4151 :
2364 4100 2432 4151 In
2463 4096 2687 4163 bonum,
2717 4099 2774 4153 id
2808 4103 2917 4167 est,
2969 4100 3040 4154 ad
3090 4100 3448 4170 patrandum
3496 4102 3754 4160 bonum.

2095 4184 2256 4247 Quod
2289 4188 2353 4239 ut
2380 4185 2706 4243 evidentius
2748 4188 3198 4257 demonstraret,
3247 4189 3556 4260 subjunxit
3605 4209 3620 4247 :
3675 4192 3758 4249 Ad

2093 4272 2532 4343 aediﬁcationem.

2164 4362 2445 4434 Denique,
2476 4364 2525 4419 si
2556 4380 2799 4420 suorum
2830 4365 3167 4422 auditorum
3196 4366 3425 4424 animos
3466 4367 3754 4439 ﬂecteret,

2094 4450 2284 4520 ipsius
2322 4452 2546 4507 Domini
2569 4452 2821 4523 subjecit
2850 4454 3212 4527 exemplum,
3243 4456 3446 4513 dicens
3478 4472 3493 4513 ε
3526 4458 3754 4514 Etenim

337 4544 513 4598 fratre
543 4540 831 4597 sumenda
864 4556 977 4594 non
1010 4545 1302 4610 sunt,qua:
1334 4538 1416 4593 illi
1439 4538 1987 4609 oﬁ‘endiculum,aut
2011 4567 2061 4633 Β
2097 4538 2341 4595 Christus
2369 4557 2485 4595 non
2512 4542 2621 4596 sibi
2643 4543 2880 4613 placuit,
2911 4548 3020 4599 etc.
3045 4544 3315 4601 Christus
3340 4562 3454 4601 non
3486 4546 3605 4601 sibi
3629 4547 3756 4620 pla-

335 4630 681 4686 scandalum
734 4632 978 4701 ponunt.
1034 4628 1195 4683 Unde
1237 4632 1294 4682 et
1340 4627 1615 4683 subditur
1648 4652 1661 4695 ;
1696 4633 1781 4684 'I‘u
1818 4629 1983 4697 ﬁdem
2012 4627 2051 4633 ⁷
2091 4628 2239 4696 cuit;
2274 4629 2430 4699 quia,
2465 4646 2597 4684 cum
2625 4630 2685 4685 in
2725 4631 3027 4689 divinitate
3072 4633 3412 4707 unigenitus
3436 4640 3594 4691 esset
3646 4637 3749 4693 Dei

334 4720 496 4774 habes
523 4735 682 4790 penes
716 4720 1085 4787 temetipsum;
1133 4718 1270 4772 habe
1318 4733 1503 4771 coram
1549 4718 1653 4771 Deo
1698 4718 1882 4784 (453),-
1913 4734 1979 4772 ac

333 4807 383 4863 si
409 4808 624 4862 diceret
655 4824 668 4861 :
703 4806 936 4861 Sufﬁcit
958 4807 1059 4860 tibi
1084 4824 1185 4878 per
1208 4808 1378 4861 ﬁdem
1404 4806 1602 4862 omnia
1622 4806 1843 4860 munda
1864 4822 1981 4861 cre-

333 4896 470 4952 dere
502 4913 515 4951 :
551 4898 776 4967 oportet
806 4895 1006 4961 etiam,
1038 4900 1105 4949 ut
1152 4912 1255 4966 pro
1301 4895 1395 4950 Dei
1444 4912 1640 4950 amore
1672 4911 1867 4949 coram
1900 4894 1985 4949 in-

333 4986 504 5041 ﬁrmo
525 4984 705 5039 fratre
729 5001 845 5038 non
887 5000 1109 5053 sumas,
1140 5001 1210 5038 ne
1240 4983 1323 5037 illi
1353 4984 1784 5039 scandalizandi
1818 5000 1979 5039 occa-

333 5074 556 5131 sionem
587 5074 815 5128 tribuas
852 5088 865 5129 :
896 5076 953 5127 et
980 5072 1089 5127 hoc
1118 5078 1204 5127 est
1236 5074 1386 5143 quod
1412 5072 1554 5129 dicit
1586 5090 1598 5129 :
1635 5076 1778 5128 llabe
1798 5090 1982 5130 coram

333 5166 442 5219 Deo
472 5180 490 5217 :
521 5166 579 5219 et
606 5162 716 5218 hoc
744 5165 835 5217 est
864 5161 1019 5231 quod
1047 5161 1313 5232 sequitur
1344 5178 1357 5215 :
1390 5166 1598 5217 Beatus
1619 5165 1713 5233 qui
1734 5180 1844 5218 non
1882 5164 1978 5234 ju-

405 5269 550 5339 (451)
581 5268 748 5340 Vulg.
777 5270 909 5339 post
934 5266 1167 5321 adverb.
1205 5268 1436 5321 invicem
1484 5266 1658 5321 habet
1706 5268 1977 5323 custodia-

334 5354 477 5394 mus.

431 5411 558 5476 432)
582 5408 754 5480 Vulg.
789 5410 1107 5480 offenditur.

431 5412 558 5476 432)
582 5412 754 5480 Vulg.
789 5412 1107 5480 offenditur.

405 5412 748 5552 (423)7Vu1g.
776 5480 857 5535 ita
888 5481 1026 5552 legit
1061 5498 1073 5535 :
1108 5488 1166 5535 tu
1195 5478 1357 5549 ﬁdem
1385 5478 1597 5534 habes?
1622 5496 1784 5551 penes
1804 5485 1978 5538 teme—

331 5554 541 5623 tipsum
565 5551 700 5623 habe
728 5567 909 5607 coram
943 5551 1068 5607 Deo.

400 5622 552 5703 (454)
582 5620 752 5696 Vulg.
776 5625 907 5696 quia
936 5639 1048 5680 non
1075 5638 1144 5679 ea:
1171 5620 1294 5696 ﬁde.

2090 4717 2293 4784 Filius,
2320 4718 2388 4771 ad
2423 4721 2606 4773 terras
2636 4712 2956 4790 descendit,
2986 4726 3052 4777 ut
3084 4724 3301 4779 multos
3333 4722 3445 4779 sibi
3475 4725 3751 4796 acquire-

2091 4811 2177 4861 ret
2208 4806 2435 4873 fratres,
2469 4807 2683 4877 quibus
2714 4808 2903 4864 Patris
2936 4811 3026 4866 sui
3060 4810 3437 4868 distribuerat
3467 4828 3746 4885 regnum.

2089 4896 2416 4949 Exinanivit
2449 4898 2647 4967 quippe
2675 4900 3046 4971 semetipsum,
3077 4904 3253 4970 [actus
3280 4901 3532 4959 obediens
3573 4918 3748 4974 usque

2088 4983 2159 5038 ad
2186 4988 2415 5039 mortem
2447 4985 2716 5058 (Philipp.
2750 5004 2811 5058 ιι,
2840 4989 2918 5059 7).

2160 5072 2262 5128 Sed
2289 5075 2430 5129 sicut
2458 5076 2724 5147 scriptum
2760 5085 2838 5131 est
2868 5078 3261 5147 (subauditur,
3303 5079 3389 5135 sic
3438 5080 3604 5152 egit),
3640 5083 3747 5154 im-

2082 5166 2343 5234 pr0peria
2392 5166 2877 5236 improperantium
2928 5169 3038 5223 tibi
3080 5168 3389 5225 ceciderunt
3433 5185 3606 5242 super
3661 5187 3750 5227 me

2160 5269 2306 5340 (455)
2340 5269 2400 5324 In
2430 5287 2605 5325 sensu
2649 5271 2711 5325 B.
2766 5273 3083 5343 Augustini
3109 5273 3564 5346 intelligendum
3614 5293 3748 5334 esse

2088 5346 2683 5418 auctoremnostrum
2716 5349 2973 5418 putate);
3000 5345 3226 5414 multis,
3259 5345 3387 5418 quae
3417 5348 3649 5418 profert
3676 5366 3752 5405 ex
3786 5404 3795 5411 ,

2088 5412 2495 5488 eodem,cujus_
2510 5413 2699 5488 fuisse
2716 5412 3255 5488 studiosissimum,
3276 5412 3535 5474 "lectdres
3558 5418 3747 5476 latere

2087 5486 2442 5571 nonupoltest.
2477 5482 2617 5571 Vide
2647 5485 2709 5541 D.
2768 5487 3033 5571 lJrosper.
3060 5482 3309 5571 _ip_hapc_
3331 5491 3749 5571 sententiam,

2088 5569 2265 5610 carm.
2289 5553 2354 5611 de
2379 5556 2633 5628 Ingratis,
2666 5562 2818 5629 part.
2852 5553 2933 5628 11,"
2962 5577 3015 5617 v.
3049 5560 3155 5617 405
3182 5560 3255 5619 ad
3285 5560 3412 5619 410.
