4080 6174
268 361 379 426 ΞἾὸ

860 351 1287 422 EXPOSITIO
1328 355 1411 420 IN
1451 353 1891 419 EPISTOLAS
1939 355 2408 421 PAULL—IN
2452 352 2704 421 EPIST.
2734 350 2838 417 AD
2882 354 3076 421 ROM.

3564 358 3683 422 274

269 494 414 580 (Psal.
446 506 644 560 vam,
671 491 783 558 10).
811 491 1086 548 Ρνεθνίᾱίι
1107 492 1414 565 propheta,
1437 491 1719 563 quoniam
1744 490 1912 547 Chri-
1942 492 1998 559 Α
2028 494 2256 550 sionem
2286 493 2516 551 Judeeos
2549 496 2928 568 spernebant,
2960 496 3249 569 subjecit:
3274 500 3406 555 Dico
3421 496 3569 556 enim
3590 499 3684 555 Je-

268 591 379 643 stus
403 580 592 638 multa
618 581 933 653 opprobria
954 580 1223 636 a‘Judaeis
1250 585 1375 637 erat
1398 598 1687 653 passurus
1712 598 1725 647 ;
1752 581 1914 637 idea-

267 690 364 749 que
388 672 493 728 hoc
523 671 585 725 in
637 671 767 740 ejus
816 686 1069 741 persona
1118 671 1390 738 dicebat;
1425 676 1484 726 et
1513 675 1604 726 est
1644 685 1861 726 sensus
1896 686 1909 725 :

262 764 579 822 Judaiarum
601 757 934 815 infidelium
952 761 1268 832 opprobria
1284 760 1818 832 improperantium
1839 759 1911 815 ti-

262 855 334 921 bi,
358 868 388 907 o
416 851 607 919 Pater,
642 865 820 920 super
873 865 966 905 me
1016 849 1401 918 ceciderunt;
1436 849 1579 921 quia
1627 865 1721 904 me
1750 849 1911 904 inve-

262 944 400 1007 runt,
413 938 507 995 cui
530 937 972 1010 exprobrarent.
999 938 1133 995 Tibi
1155 944 1353 994 autem
1378 937 1911 1011 improperantium

258 1030 399 1095 dicit,
431 1026 715 1099 quoniam
749 1027 853 1098 qui
885 1026 1141 1083 detrahit
1171 1027 1347 1095 Patri,
1382 1026 1639 1083 detrahit
1668 1032 1726 1082 et
1743 1027 1908 1095 Filio,

263 1124 311 1176 et
336 1117 426 1191 qui
475 1132 594 1172 non
647 1116 869 1188 recepit
921 1115 1156 1183 Filium,
1206 1133 1395 1188 neque
1440 1121 1671 1172 Patrem
1708 1134 1720 1171 :
1754 1118 1911 1171 unde

261 1210 311 1265 in
342 1204 646 1277 Evangelia
680 1220 697 1260 :
734 1206 845 1273 Qui
891 1206 1094 1277 recipit
1138 1221 1245 1272 me,
1275 1208 1480 1277 recipit
1507 1223 1635 1261 eum
1677 1208 1775 1277 qui
1824 1222 1911 1261 me

259 1298 393 1353 misit
421 1294 575 1367 (Luc.
612 1310 690 1361 Ix,
722 1293 841 1365 48).

327 1384 392 1440 Ut
418 1385 620 1438 autem
651 1382 991 1438 ostenderet
1020 1382 1334 1438 utilitatem
1378 1382 1586 1439 divinze
1618 1383 1907 1456 lectionis,

257 1473 550 1544 subjunxit
579 1471 831 1543 (456-57)
869 1490 882 1527 :
917 1476 1278 1544 Quaecunque
1323 1474 1475 1527 enim
1523 1475 1730 1544 scripta
1758 1478 1907 1545 sunt,

253 1562 324 1620 ad
338 1566 578 1618 nostram
596 1561 907 1618 utilitatem
923 1563 1133 1633 scripta
1143 1563 1509 1618 sunt.0mnia
1535 1562 1635 1634 qui
1643 1579 1909 1635 ppe,quae

254 1652 408 1724 longe
434 1650 671 1721 lateque
714 1650 783 1705 in
837 1650 1144 1722 Scriptura
1172 1667 1339 1707 sacra
1386 1652 1785 1722 continentur,
1819 1652 1909 1707 id-

253 1742 390 1797 circo
440 1740 661 1812 scripta
711 1744 882 1808 sunt,
915 1745 981 1794 ut
1028 1741 1100 1795 ad
1151 1739 1384 1796 illorum
1433 1741 1769 1813 exemplum
1803 1758 1910 1797 nos

248 1829 627 1885 informemus
670 1833 727 1885 et
783 1829 1129 1884 doceamur.
1180 1828 1247 1883 Et
1293 1828 1403 1885 hoc
1450 1833 1560 1900 est,
1612 1831 1769 1901 quod
1819 1846 1908 1885 se-
1942 1865 1991 1931 B

254 1918 490 1992 quitur:
527 1919 589 1976 Ut
630 1935 728 1991 per
774 1919 1135 1990 patientiam,
1182 1922 1234 1973 et
1282 1919 1709 1975 consolationem
1761 1919 1913 1974 Scri-

252 2015 561 2080 pturarum,
601 2023 752 2080 spem
804 2006 1125 2085 habeamus.
1175 2007 1320 2062 Cum
1369 2007 1527 2063 enim
1581 2008 1916 2063 audivimus

251 2113 312 2153 ex
338 2097 639 2170 Scriptura
668 2112 864 2161 sacra,
899 2094 1041 2167 quia
1100 2094 1289 2151 sancti
1317 2095 1425 2150 viri
1456 2097 1645 2152 multa
1676 2098 1917 2153 adversa

252 2191 483 2258 propter
512 2187 694 2242 Deum
744 2185 1044 2258 patienter
1086 2185 1372 2251 tulerunt,
1426 2202 1703 2258 magnam
1732 2203 1800 2241 ex
1850 2203 1919 2242 ea

252 2275 712 2332 consolationem
735 2273 1160 2346 accipimus,ut
1182 2289 1347 2344 spem
1375 2274 1696 2331 habeamus
1717 2280 1919 2331 tenen-

249 2363 306 2418 di
334 2365 696 2436 quandoque
728 2363 791 2418 in
826 2378 909 2432 re,
943 2362 1100 2434 quod
1134 2378 1292 2417 nunc
1319 2365 1587 2418 tenemus
1616 2362 1677 2418 in
1710 2380 1832 2434 spe.

321 2452 513 2525 Igitur
541 2468 609 2508 ex
636 2451 839 2509 verbis
869 2451 996 2507 suis
1036 2453 1275 2522 sumpta
1302 2451 1623 2520 occasione,
1669 2454 1920 2524 subjecit

260 2542 612 2609 orationem,
646 2558 774 2614 quae
825 2557 943 2597 non
974 2540 1215 2596 inferior
1251 2544 1340 2595 est
1384 2540 1787 2598 benedictione
1817 2559 1917 2614 pa-

260 2630 659 2687 triarcharum
692 2647 705 2685 :
741 2629 845 2685 illa
873 2629 1029 2684 enim
1080 2628 1334 2685 carnalis
1362 2633 1504 2700 erat,
1538 2630 1692 2685 sicut
1721 2630 1868 2686 illud
1904 2648 1917 2687 :

254 2718 316 2773 In
344 2736 476 2777 rore
508 2721 632 2776 coeli
668 2725 723 2775 et
763 2719 1111 2792 pinguedine
1154 2720 1328 2775 terrae
1373 2720 1443 2774 sit
1492 2719 1795 2776 benedictio
1825 2728 1920 2776 tua

251 2807 408 2877 (Gen.
440 2826 627 2880 xxvu,
649 2810 781 2879 28);
807 2808 917 2863 hac
946 2823 1080 2864 vero
1111 2806 1394 2880 spiritalis
1432 2811 1539 2863 est.
1587 2808 1681 2864 Ait
1711 2808 1868 2865 enim
1902 2826 1915 2864 :

254 2898 401 2955 Deus
452 2901 644 2955 autem
679 2898 967 2970 patientiae
1009 2901 1063 2953 et
1091 2897 1279 2954 solatii
1321 2896 1409 2953 det
1453 2897 1603 2953 vobis
1648 2898 1707 2952 id
1734 2900 1921 2969 ipsum

244 3002 449 3059 sapere
483 2989 549 3043 in
597 2988 950 3044 alterutrum.
980 2986 1136 3042 Deus
1186 2984 1477 3057 patientiae
1524 2988 1580 3040 et
1607 2986 1801 3041 solatii
1830 2985 1919 3040 di-

246 3076 424 3149 citur,
463 3076 624 3133 sicut
673 3074 979 3132 charitatis
1028 3074 1085 3130 et
1116 3073 1313 3145 pacis;
1346 3090 1413 3130 eo
1445 3075 1597 3145 quod
1652 3073 1779 3145 ipse
1804 3074 1919 3129 vir-

240 3169 444 3222 tutem
480 3166 707 3222 tribuat
741 3151 1163 3221 consolationis
1192 3165 1250 3217 et
1278 3161 1592 3235 patientiae.
1625 3162 1689 3216 Id
1721 3162 1919 3233 ipsum

2026 600 2149 639 sum
2181 583 2462 639 Christum
2489 587 2811 641 ministrum
2829 587 3001 657 fuisse
3027 589 3481 644 circumcisionis.
3514 591 3595 645 Ac
3625 587 3678 645 si

2027 678 2224 744 aperte
2253 674 2470 729 diceret
2504 691 2517 728 :
2548 678 2661 729 Cur
2690 680 2927 747 propter
2954 675 3064 732 hoc
3106 678 3340 733 Judaeos
3372 678 3675 751 spernitis,

2024 762 2164 834 quia
2193 763 2401 819 nolunt
2447 765 2711 819 recedere
2743 781 2777 819 a
2820 765 3039 821 carnali
3072 767 3478 824 observatione
3502 767 3675 841 legis,

2022 853 2083 907 in
2117 870 2234 924 qua
2263 854 2361 908 diu
2387 858 2858 925 permanserunt,
2880 871 3014 910 cum
3036 860 3091 911 et
3114 856 3382 913 Christus
3400 856 3676 914 minister

2023 942 2488 998 circumeisionis
2537 942 2757 997 fuerit?
2783 943 2952 1009 Nam,
2984 945 3137 1000 sicut
3182 962 3350 1001 sacra
3377 947 3676 1019 Evangelii

2022 1035 2222 1086 narrat
2249 1030 2719 1094 historia,octavo
2751 1031 2843 1086 die
2864 1031 3246 1088 circumcisus
3274 1036 3365 1088 est
3392 1050 3425 1088 a
3454 1049 3674 1105 paren-

2021 1120 2181 1176 tibus
2212 1120 2361 1192 (Luc.
2400 1137 2460 1185 II,
2491 1120 2581 1190 21)
2608 1138 2621 1186 ;
2654 1120 2809 1191 quod
2860 1121 2986 1176 ideo
3016 1117 3221 1190 vdl'uit,
3256 1138 3330 1178 ne
3356 1123 3673 1179 dissentire

2019 1210 2318 1266 videretur
2346 1227 2380 1265 a
2409 1209 2701 1276 Patribus,
2735 1226 2801 1264 ac
2833 1226 2937 1280 per
2964 1210 3073 1265 hoc
3115 1210 3333 1267 Judaais
3375 1228 3491 1267 non
3520 1212 3676 1267 reci-

2020 1300 2216 1372 piendi
2250 1316 2313 1354 se
2343 1299 2509 1354 daret
2527 1298 2913 1354 occasionem.
2937 1299 3101 1354 Unde
3120 1304 3178 1354 et
3197 1300 3472 1356 subditur
3493 1320 3506 1357 :
3529 1306 3676 1357 Pro-

2018 1398 2142 1459 pter
2164 1390 2452 1444 veritatem
2482 1388 2596 1455 Dei,
2629 1388 2699 1443 ad
2729 1387 3130 1458 conﬁrmandus
3154 1391 3540 1461 promissiones
3568 1407 3676 1462 pa-

2021 1486 2192 1533 trum.
2219 1479 2340 1542 Qua
2371 1476 2528 1532 enim
2560 1477 2773 1533 veritas
2791 1478 2891 1533 Dei
2923 1478 3298 1534 manifestata
3313 1483 3422 1546 est,
3450 1495 3517 1535 eo
3540 1496 3676 1536 con-

2020 1568 2266 1622 firmata:
2298 1569 2439 1621 sunt
2466 1566 2886 1637 promissiones
2917 1568 2988 1622 de
3020 1568 3148 1639 ipso
3178 1567 3455 1638 ’patribus
3484 1569 3671 1646 facta.

2020 1657 2091 1711 Et
2119 1655 2445 1727 sciendum,
2465 1655 2605 1727 quia
2630 1654 2916 1727 Christus,
2940 1672 3056 1712 non
3078 1656 3330 1711 carnalis
3351 1655 3678 1726 solum,sed

2021 1749 2079 1800 et
2114 1743 2397 1816 spiritalis
2429 1743 2894 1800 circumcisionis
2925 1744 3198 1800 minister
3226 1745 3374 1801 fuit:
3402 1761 3539 1801 nam
3573 1746 3675 1816 qui

2021 1838 2222 1890 octavo
2254 1833 2347 1888 die
2389 1833 2774 1889 circumcisus
2805 1837 2895 1889 est
2925 1850 2959 1887 a
2987 1834 3347 1905 parentibus.
3376 1833 3676 1890 tricesimo

2025 1940 2099 1979 an
2110 1939 2181 1978 na
2212 1921 2541 1994 baptizatus
2561 1926 2649 1977 est
2670 1922 2731 1976 in
2756 1921 3010 1977 Jordane
3026 1938 3059 1977 a
3080 1922 3306 1977 Joanne
3326 1921 3676 1993 Baptista,in

2026 2029 2143 2083 quo
2174 2010 2343 2066 nobis
2374 2010 2659 2083 spiritalis
2688 2009 3178 2075 circumcisionis,
3206 2010 3263 2064 id
3286 2013 3375 2066 est
3395 2010 3677 2082 baptismi

2026 2099 2272 2172 praebuit
2313 2099 2667 2172 exemplum.
2716 2099 2999 2154 Praeterea
3043 2098 3370 2168 sciendum,
3417 2099 3557 2170 quia
3584 2098 3678 2154 his

2024 2190 2217 2244 verbis
2246 2190 2501 2245 ostendit
2518 2188 2835 2259 Apostolus
2855 2186 3171 2243 Dominum
3193 2191 3337 2243 adeo
3365 2187 3680 2244 Judaicum

2028 2277 2310 2351 populum
2341 2277 2638 2344 dilexisse,
2658 2281 2723 2331 ut
2744 2276 2927 2332 Filius
2948 2276 3076 2346 ejus
3097 2292 3165 2331 ex
3194 2275 3294 2331 illo
3315 2290 3553 2331 carnem
3576 2292 3679 2331 su-

2029 2371 2231 2431 meret,
2280 2370 2335 2422 et
2378 2366 2533 2421 inter
2579 2380 2678 2420 eos
2730 2363 3107 2436 corporaliter
3153 2368 3527 2420 conversatus
3577 2362 3675 2419 sit.

2028 2454 2191 2511 Unde
2235 2459 2291 2511 et
2338 2455 2396 2509 in
2427 2453 2738 2525 Evangelia
2788 2453 2913 2525 ipse
2943 2452 3085 2508 dicit
3117 2471 3130 2509 :
3165 2458 3286 2510 Non
3329 2470 3455 2509 sum
3480 2455 3678 2509 missus

2025 2547 2142 2600 nisi
2169 2545 2238 2601 ad
2295 2560 2440 2612 oves,
2481 2558 2606 2616 quae
2650 2544 2933 2614 perierant
2996 2543 3186 2598 domus
3239 2542 3406 2599 Israel
3464 2541 3675 2613 (Matth.

2026 2652 2118 2701 xv,
2150 2636 2263 2705 24).
2296 2634 2509 2691 Gentes
2541 2636 2757 2698 autem,
2793 2648 2928 2686 cum
2962 2631 3184 2687 nullam
3234 2633 3362 2702 ejus
3395 2630 3678 2688 haberent

2028 2723 2440 2796 cognitionem,
2474 2721 2599 2777 sola
2627 2720 2882 2793 gratuita
2921 2720 3324 2777 misericordia
3349 2720 3575 2777 vocavit
3601 2721 3677 2776 ad

2028 2813 2226 2869 ﬁdem.
2260 2812 2426 2867 Unde
2454 2812 2582 2882 ipse
2634 2809 2695 2864 in
2746 2809 3057 2882 Evangelia
3091 2826 3104 2865 :
3136 2810 3288 2866 Alias
3312 2824 3455 2866 oves
3486 2810 3675 2879 habeo,

2030 2916 2154 2973 quae
2182 2917 2293 2956 non
2323 2908 2450 2955 sunt
2478 2916 2548 2955 ex
2579 2899 2679 2954 hoc
2703 2899 2842 2954 ovili
2870 2900 3051 2971 (Joan.
3079 2899 3391 2971 x,16),etc.
3422 2888 3678 2971 Ideoque

2031 3005 2186 3043 nunc
2217 2987 2420 3043 subdit
2452 3003 2465 3041 :
2507 2986 2698 3041 Gentes
2726 2991 2914 3041 autem
2936 3002 3101 3057 super
3117 2985 3501 3041 misericordia
3519 2986 3683 3058 (sub-

2031 3076 2286 3143 auditur,
2320 3090 2499 3146 quam
2546 3074 2701 3129 circa
2748 3074 2847 3129 eos
2878 3074 3165 3144 exhibuit)
3215 3074 3483 3130 honorare
3509 3075 3685 3129 Deum

2030 3163 2405 3235 (subauditur
2435 3179 2468 3217 a
2497 3160 2783 3233 superiori
2805 3178 2817 3215 :
2838 3161 2988 3234 dico)
3017 3180 3030 3231 ;
3061 3178 3195 3217 nam
3226 3164 3316 3216 cui
3336 3163 3466 3233 plus
3486 3162 3683 3217 dimit-

238 3270 494 3328 sapere,
522 3254 585 3309 id
634 3258 747 3319 est,
779 3270 898 3309 non
948 3227 1299 3307 dissentire:
1331 3250 1396 3306 In
1442 3227 1806 3320 alterutrum,
1859 3250 1918 3305 id
1950 3227 1993 3295 α
2032 3227 2188 3321 titur,
2217 3251 2345 3321 plus
2373 3227 2738 3319 diligit-(Luc.
2767 3266 2870 3316 vn,
2904 3227 3025 3320 47);
3051 3249 3278 3313 Quanto
3323 3227 3513 3322 magis
3541 3265 3680 3322 ergo

233 3347 352 3411 est,
423 3341 714 3407 invicem,
762 3340 852 3395 vel
901 3340 972 3395 de
1020 3338 1322 3395 alterutra.
1372 3337 1672 3402 Quomodo
1723 3341 1920 3394 autem

230 3445 339 3489 eos
398 3428 702 3501 optaverit
751 3442 935 3484 unum
985 3427 1155 3494 scire,
1196 3426 1470 3494 ostendit,
1505 3426 1917 3499 subjungens:

233 3519 297 3575 Ut
329 3515 671 3583 unanimes,
704 3529 811 3570 ano
839 3530 932 3570 ore
977 3513 1351 3585 honoriﬁcetis
1382 3515 1573 3578 Deum,
1605 3516 1656 3569 et
1694 3519 1916 3569 Patrem

232 3603 481 3661 Domini
510 3605 688 3659 nostri
714 3605 842 3659 Iesu
893 3601 1115 3673 Christi,
1147 3603 1257 3658 hoc
1286 3606 1396 3673 est,
1428 3617 1610 3657 unum
1649 3602 1914 3657 animum

228 3694 569 3760 habentes,
626 3696 683 3747 et
726 3707 983 3747 consona
1028 3708 1165 3747 voce
1212 3689 1569 3764 glorificetis,
1620 3707 1734 3746 non
1789 3707 1911 3757 vos,

118 3814 131 3832 ι
228 3785 337 3839 sed
366 3782 598 3839 Deum.
635 3780 795 3836 Unde
820 3780 877 3835 in
910 3779 1218 3852 Evangelia
1240 3779 1564 3835 Dominus:
1602 3780 1666 3836 Ut
1694 3779 1913 3835 videant

230 3887 411 3942 opera
478 3871 667 3924 vestra
716 3868 874 3934 bona,
923 3876 974 3923 et
1026 3868 1329 3940 gloriﬁcent
1392 3869 1615 3921 Patrem
1670 3870 1914 3921 vestrum

233 3959 467 4029 (Matth.
505 3973 563 4025 v,
596 3954 708 4028 16).
741 3956 811 4011 Et
841 3956 981 4026 quia
1011 3956 1197 4012 Judaei
1248 3956 1330 4010 ita
1359 3960 1545 4009 Deum
1576 3954 1908 4026 credebant,

234 4051 299 4102 ut
330 4045 568 4103 Filium
601 4045 817 4099 habere
857 4047 1156 4115 negarent,
1188 4043 1270 4099 ait
1303 4059 1314 4098 :
1347 4043 1413 4097 Et
1440 4046 1666 4099 Patrem
1694 4043 1912 4099 Domini

231 4137 415 4191 nostri
446 4136 587 4191 Iesu
617 4132 839 4188 Christi.

306 4224 535 4298 Igitur,
569 4225 639 4277 ut
678 4236 779 4277 eos
807 4221 899 4290 {ad
952 4234 1155 4292 pacem
1207 4224 1523 4291 revocaret,
1556 4220 1859 4290 subjunxit
1893 4238 1906 4277 :

231 4314 478 4386 Propter
510 4311 678 4385 quod,
714 4310 776 4365 id
829 4312 936 4377 est,
970 4313 1035 4364 ut
1079 4309 1138 4364 id
1177 4308 1371 4380 ipsum
1414 4324 1617 4380 sapere
1646 4309 1908 4379 possitis,

230 4405 517 4475 suscipite
546 4402 812 4469 invicem,
847 4397 1070 4455 scilicet
1095 4398 1157 4453 in
1188 4398 1321 4455 fide.
1344 4399 1415 4453 Et
1444 4396 1580 4469 quia
1609 4396 1750 4452 mali
1772 4414 1833 4454 se
1855 4403 1911 4453 et

229 4490 290 4547 in
315 4491 490 4548 malo
519 4488 821 4562 suscipere
841 4490 1109 4560 possunt,
1133 4486 1346 4542 idcirco
1368 4486 1660 4558 quomodo
1683 4502 1745 4541 se
1775 4503 1906 4543 sus-

2029 3338 2184 3393 Deus
2209 3336 2409 3409 gentili
2432 3335 2648 3408 populo
2670 3336 2922 3405 donavit,
2947 3336 3047 3409 qui
3069 3352 3216 3408 pene
3236 3337 3309 3393 ab
3322 3337 3450 3409 ipso
3474 3338 3679 3394 mundi

2030 3427 2264 3482 exordio
2296 3444 2331 3481 a
2362 3424 2690 3497 cognitione
2710 3424 2811 3481 Dei
2832 3426 3131 3492 recedens,
3155 3425 3216 3480 in
3235 3424 3527 3483 idolorum
3552 3427 3677 3482 cul-

2024 3519 2157 3569 tura
2178 3514 2502 3587 permansit
2518 3531 2530 3581 ;
2546 3517 2712 3568 tanta
2731 3513 2985 3585 amplius
3007 3513 3329 3570 debitorem
3351 3513 3517 3571 illum
3539 3514 3678 3572 fecit

2024 3603 2083 3658 in
2118 3603 2353 3659 laudem
2385 3619 2503 3659 suae
2536 3602 2967 3666 misericordia.

2096 3693 2171 3749 Ut
2201 3698 2396 3748 autem
2425 3693 2695 3748 ostendat
2723 3696 2780 3748 et
2827 3693 3164 3747 Judazorum
3196 3696 3254 3748 et
3281 3694 3548 3765 gentium
3580 3710 3674 3749 sa-

2024 3781 2206 3837 lutem
2253 3780 2560 3852 paedictam
2610 3798 2644 3835 a
2690 3781 3009 3852 prophetis,
3043 3784 3294 3852 quatuor
3336 3782 3676 3838 testimonia

2020 3869 2189 3941 (458),
2222 3873 2459 3941 propter
2484 3872 2736 3939 quatuor
2758 3869 3201 3940 Evangeliorum
3225 3870 3428 3939 libros,
3454 3871 3515 3924 in
3538 3871 3669 3942 qui-

2020 3957 2132 4012 bus
2163 3956 2415 4011 maxime
2442 3956 2583 4011 Novi
2613 3956 2970 4011 Testamenti
3019 3957 3284 4011 doctrina
3318 3959 3666 4013 continetur.

2017 4045 2113 4099 Ait
2140 4044 2295 4099 enim
2332 4059 2345 4097 :
2377 4044 2528 4097 Sicut
2543 4046 2815 4110 scriptum
2844 4046 2921 4096 est
2951 4048 3230 4112 :‘PrOpter
3253 4045 3351 4099 hoc
3376 4044 3670 4112 conﬁtebor

2016 4131 2121 4185 tibi
2149 4131 2211 4185 in
2257 4130 2511 4200 gentibus
2560 4130 2632 4200 (II
2675 4129 2802 4198 Reg.
2851 4143 2992 4199 xxu,
3022 4129 3131 4196 50;
3180 4130 3329 4184 Psal.
3370 4146 3507 4200 xvu,
3550 4130 3667 4201 50).

2019 4218 2148 4274 Haec
2170 4218 2347 4273 verba
2359 4216 2488 4271 Filii
2501 4216 2602 4272 Dei
2622 4220 2763 4272 sunt
2785 4232 2798 4270 :
2825 4215 3091 4287 praevidit
3106 4233 3361 4289 namque
3380 4216 3669 4291 propheta

2017 4311 2220 4379 gentes
2250 4307 2577 4362 crediturae
2606 4324 2619 4373 ;
2654 4305 2869 4361 idcirco
2900 4304 3010 4360 hoc
3033 4305 3093 4360 in
3124 4304 3254 4361 Filii
3282 4322 3421 4363 voce
3451 4306 3524 4362 ad
3556 4306 3663 4363 Pa-

2018 4401 2167 4451 trem
2198 4395 2480 4467 loquitur.
2513 4396 2677 4459 Quod
2711 4398 2909 4451 autem
2936 4393 3098 4466 dicit,
3120 4395 3663 4466 conﬁtebor,intelli-

2016 4485 2272 4557 gendum
2305 4488 2414 4551 est,
2448 4483 2712 4540 confiteri
2761 4483 2969 4539 faciam
3004 4500 3017 4538 :
3050 4484 3340 4539 confessio
3384 4499 3659 4555 namque,

231 4580 431 4654 cipere
468 4580 732 4635 debeant
762 4576 1100 4632 manifestat
1133 4592 1146 4631 :
1182 4575 1334 4632 Sicut
1381 4578 1431 4632 et
1462 4574 1705 4630 Christus
1730 4590 1907 4631 susce-
1941 4591 1985 4656 D
2015 4591 2130 4629 non
2162 4578 2534 4646 peccatorum
2566 4572 2937 4629 solummodo
2967 4575 3076 4639 est,
3100 4567 3410 4629 sed-etiam
3440 4571 3657 4628 laudis.

225 4672 310 4741 pit
337 4687 440 4727 vos
461 4685 488 4733 ;
521 4684 591 4725 ac
614 4668 663 4722 si
687 4666 903 4722 diceret
930 4681 944 4722 :
968 4664 1069 4721 llle
1098 4666 1168 4721 de
1189 4665 1349 4721 caelis
1371 4664 1671 4720 descendit
1689 4665 1759 4719 ad
1791 4669 1905 4720 ter-

229 4774 326 4815 ras
363 4776 377 4815 :
418 4763 484 4816 et
520 4765 591 4813 ut
621 4770 826 4811 omnes
853 4754 1122 4823 salvaret,
1156 4770 1393 4811 carnem
1424 4757 1685 4809 nostram
1720 4753 1907 4809 susci-

228 4864 366 4921 pere
399 4863 534 4903 non
592 4843 890 4917 despexit;
920 4848 1116 4899 vestra
1157 4843 1377 4899 scelera
1405 4860 1522 4898 non
1554 4842 1856 4898 abhorruit
1889 4859 1902 4897 :

227 4941 472 5008 oportet
506 4949 650 5007 ergo
678 4937 748 4988 ut
778 4931 1007 4988 faciatis
1056 4932 1209 4988 sicut
1236 4931 1336 4987 ille
1367 4932 1527 4999 fecit,
1557 4948 1661 4987 nec
1692 4948 1791 4987 vos
1822 4930 1908 4986 ul-

225 5026 419 5083 terius
452 5027 568 5081 aut
580 5021 862 5094 judicetis
885 5024 986 5075 aut
1007 5020 1316 5091 sperastis.
1340 5022 1409 5076 Et
1429 5019 1671 5092 pulchre
1701 5019 1907 5076 subdi-

227 5118 328 5170 tur
361 5133 376 5172 :
409 5120 495 5173 In
529 5114 791 5168 honorem
819 5111 949 5174 Dei;
979 5109 1255 5181 quoniam
1287 5109 1389 5165 Dei
1421 5106 1604 5163 Filius
1625 5107 1684 5162 in
1717 5110 1905 5163 omni-

227 5202 363 5276 bus,
401 5218 547 5278 quaa
581 5200 765 5274 gessit
794 5202 897 5255 aut
926 5196 1145 5265 docuit,
1178 5213 1292 5252 non
1345 5212 1536 5264 suam,
1567 5196 1667 5250 sed
1719 5196 1907 5254 Patris

226 5292 498 5366 gloriam
534 5288 829 5363 quaesivit.

302 5385 556 5455 Itaque,
589 5379 729 5452 quia
756 5374 1001 5449 gentiles
1032 5373 1284 5430 maxime
1333 5377 1570 5447 propter
1597 5372 1903 5429 circumci-

299 5574 585 5650 (456-Eﬂ)
615 5574 681 5631 In
710 5586 896 5650 marg.
931 5574 1127 5650 autog.
1158 5570 1254 5650 hie
1282 5569 1496 5650 legitur
1524 5586 1650 5650 cap.
1686 5570 1776 5650 LI.

2016 4663 2179 4719 Unde
2210 4664 2268 4717 in
2299 4662 2608 4735 Evangelia
2644 4680 2656 4717 :
2691 4662 2955 4731 Conﬁteor
2982 4661 3111 4731 tibi,
3142 4663 3307 4717 Pater
3335 4660 3556 4733 (Matth.
3578 4677 3659 4731 ιι,

2016 4754 2125 4821 25;
2158 4754 2288 4809 Luc.
2318 4770 2374 4822 x,
2409 4753 2538 4820 21);
2575 4752 2631 4805 id
2665 4755 2772 4821 est,
2805 4749 2979 4805 laudo
3012 4752 3070 4805 te
3101 4776 3115 4817 ;
3146 4750 3230 4806 sic
3259 4755 3315 4806 et
3344 4751 3453 4807 hoc
3480 4749 3608 4807 loco
3642 4768 3656 4807 :

2015 4844 2343 4913 Conﬁtebor,
2364 4840 2422 4894 id
2452 4843 2562 4904 est,
2586 4838 2825 4895 laudare
2840 4843 2897 4894 te
2914 4838 3122 4895 faciam
3144 4840 3204 4894 in
3234 4840 3508 4913 gentibus
3537 4840 3660 4896 :si-

2017 4930 2235 4985 militer
2266 4947 2278 4985 :
2313 4930 2376 4984 Et
2406 4930 2465 4983 in
2493 4928 2715 4984 nomine
2751 4931 2843 4983 tuo
2890 4930 3142 4997 cantabo,
3176 4928 3233 4983 id
3281 4935 3390 5000 est,
3424 4932 3659 4984 cantare

2015 5018 2248 5074 faciam.
2294 5016 2442 5084 Quid
2491 5032 2553 5072 se
2602 5020 2975 5073 cantaturum
3027 5016 3354 5090 promittat,
3400 5016 3494 5073 hic
3541 5030 3658 5069 non

2016 5106 2276 5163 ostendit
2295 5105 2609 5178 Propheta;
2633 5104 2773 5162 alibi
2793 5122 2928 5162 vero
2958 5106 3235 5173 declarat,
3260 5107 3458 5161 dicens
3480 5121 3493 5158 :
3514 5102 3656 5158 Can-

2015 5200 2121 5252 tate
2148 5197 2379 5252 Domino
2407 5197 2681 5250 canticum
2716 5212 2916 5251 novum
2940 5198 3111 5265 (Psal.
3144 5212 3321 5261 xxxu,
3348 5195 3425 5262 3),
3456 5189 3513 5245 id
3544 5195 3654 5262 est,

2015 5284 2147 5340 novi
2179 5283 2375 5357 populi
2423 5284 2673 5340 salutem
2704 5288 2761 5340 et
2811 5285 3270 5356 redemptionem
3300 5297 3320 5335 :
3353 5280 3507 5353 quod
3540 5296 3657 5338 non

2016 5390 2220 5430 omnes
2241 5377 2499 5442 cantant,
2522 5374 2621 5445 qui
2652 5389 2750 5430 ore
2782 5375 3116 5446 personant,
3140 5368 3240 5425 sed
3262 5369 3364 5443 qui
3392 5385 3458 5426 ea
3480 5370 3655 5427 modo

301 5640 474 5722 (458)
504 5640 683 5705 Deest
702 5640 946 5703 fortasse
968 5640 1613 5713 hic'verbum'adduxit,
1627 5642 1716 5701 vel
1736 5641 1895 5700 aliud
1934 5640 2147 5700 simile.
