4080 6174
264 295 361 360 281
806 292 1222 355 EXPOSITIO
1262 291 1343 354 IN
1386 291 1834 357 EPISTOLAS
1880 294 2350 390 PAULL—lN
2392 296 2647 361 EPIST.
2734 301 2840 363 AD
2886 300 3078 364 ROM.
3559 303 3682 370 282

329 428 465 501 (ΟΑΡ.
496 422 670 496 XVI.)
704 424 893 482 Finito
925 425 1170 496 denique
1200 427 1607 493 textu,transit
1637 429 1709 483 ad
1736 427 1898 483 salu-
1931 434 1986 500 Α
2084 430 2329 487 Salutate
2356 432 2729 490 Andronicum
2757 442 2807 490 et
2849 436 3061 491 Iuliam
3100 434 3277 505 (468).
3326 436 3562 509 Virum,
3622 443 3683 498 et

266 518 575 579 tationes,et
604 515 895 585 quosdam
919 514 1151 587 quidem
1185 515 1418 581 salutat,
1443 519 1745 587 quosdam
1770 534 1907 573 vero
2021 536 2260 575 uxorem
2292 520 2617 592 intelligere
2648 525 2956 579 debemus.
2990 526 3137 581 Cum
3168 543 3301 582 vero
3345 530 3677 603 subjungit,

267 627 326 668 ex
350 623 448 662 sua
475 608 640 676 parte
690 605 1079 669 commendat,
1127 605 1279 661 sicut
1327 605 1607 673 Pheeben,
1649 608 1903 662 dicens:
2017 617 2275 681 cognatos
2326 615 2378 664 et
2434 615 2779 682 concaplivos
2828 630 2991 681 meos,
3043 616 3299 671 ostendit
3352 635 3448 673 eos
3497 618 3680 675 fuisse

268 695 564 756 Commendo
587 698 778 749 autem
806 696 951 750 vobis
980 694 1217 752 Phazben
1245 712 1489 751 sororem
1520 714 1725 753 meam.
1761 698 1907 751 Cum
2016 700 2253 754 Judaeos
2284 698 2514 770 sibique
2564 707 2970 773 cooperatores
3019 703 3078 758 in
3127 707 3556 776 praedicatione.
3609 709 3678 764 Hi

263 804 378 843 vero
431 785 739 856 subjungit
797 801 810 838 :
861 800 975 855 qua:
1018 794 1097 839 est
1143 787 1202 839 in
1250 786 1571 840 ministerio
1622 786 1903 853 Ecclesiae,
2018 789 2178 843 enim
2210 792 2417 859 sponte
2448 790 2695 860 patriam
2732 792 3054 863 prapriam,
3090 793 3244 849 sicut
3267 801 3326 851 et
3345 797 3678 869 Apostolus,

265 873 494 934 ostendit
524 874 667 945 quia
695 878 835 928 tunc
864 891 979 929 non
1011 874 1203 929 solum
1234 874 1364 939 viri,
1388 876 1494 929 sed
1531 877 1711 931 etiam
1737 874 1904 929 femi-
2017 876 2515 949 derelinquentes,
2548 878 2820 949 gentibus
2851 882 3025 951 quasi
3055 882 3116 937 in
3147 885 3504 956 captivitate,
3528 903 3679 958 prte-

266 983 336 1022 naa
364 968 646 1036 praerant
678 963 963 1019 Eaclesiis.
998 964 1099 1018 Cui
1131 969 1325 1019 autem
1353 963 1635 1019 Ecclesiae
1668 964 1906 1019 Phaches
2016 965 2375 1022 dicaverunt.

264 1056 514 1127 praesset
563 1052 840 1119 ostendit,
875 1053 1261 1125 subjungens,
1314 1069 1433 1123 quae
1489 1057 1571 1108 est
1625 1052 1903 1108 Cenchris.
2086 1056 2194 1110 Sed
2226 1056 2365 1126 quid
2398 1061 2488 1111 est
2519 1058 2673 1128 quod
2706 1058 2985 1114 subditur
3015 1076 3030 1115 :
3063 1062 3169 1129 Qui
3190 1071 3319 1118 sunt
3360 1065 3569 1120 nobiles
3617 1066 3679 1119 in

262 1139 513 1200 Cenchris
533 1140 703 1196 locus
725 1146 812 1195 est
837 1142 892 1195 in
917 1142 1156 1201 Gracia.
1178 1147 1380 1214 portus
1408 1142 1682 1197 videlicet
1702 1142 1904 1196 Corin-
2016 1146 2300 1214 apostolis,
2333 1162 2466 1200 cum
2503 1146 2655 1201 inter
2683 1146 2995 1204 duodecim
3024 1151 3331 1221 Apostolos
3363 1169 3479 1207 non
3502 1152 3678 1207 modo

262 1232 350 1296 thi,
382 1248 411 1284 a
439 1245 557 1300 quo
591 1228 908 1300 Apostolus
938 1230 1089 1284 hanc
1118 1230 1437 1302 Epistolam
1466 1231 1755 1286 Romanis
1803 1246 1907 1302 per
2016 1233 2261 1299 nobiles,
2295 1235 2396 1290 sed
2430 1251 2535 1290 nec
2566 1235 2759 1290 ultimi
2790 1235 3198 1293 inveniantur?
3224 1241 3334 1295 Sed
3371 1240 3679 1295 sciendum

260 1319 477 1375 theben
506 1317 743 1373 direxit.
775 1320 960 1383 Quam
985 1319 1157 1374 etiam
1189 1318 1505 1390 diligenter
1532 1319 1757 1390 suscipi
1790 1336 1904 1373 mo-
2016 1322 2155 1392 quia
2182 1323 2483 1393 apostolus
2513 1328 2727 1392 Graece,
2778 1327 2983 1381 missus
3030 1328 3266 1383 dicitur.
3300 1328 3461 1383 Unde
3504 1329 3683 1383 datur

258 1412 356 1479 net,
381 1408 584 1462 dicens
620 1425 633 1461 :
671 1416 731 1462 ut
758 1424 879 1462 eam
906 1411 1219 1479 suscipiatis
1239 1410 1403 1478 digne
1424 1410 1487 1463 in
1510 1411 1748 1465 Domino
1769 1425 1906 1462 san-
2016 1409 2263 1483 intelligi
2313 1414 2454 1483 quia
2506 1415 2683 1470 etiam
2734 1414 2819 1469 illi
2868 1416 3117 1487 apostoli
3150 1416 3265 1471 dici
3307 1423 3572 1488 possunt,
3606 1417 3681 1472 de

254 1497 414 1568 ctis,id
437 1502 629 1562 est,ea
645 1498 1021 1568 susceptione
1044 1515 1161 1568 qua
1191 1499 1376 1553 sancti
1411 1497 1643 1568 suscipi
1670 1498 1905 1553 debent.
2017 1500 2233 1569 quibus
2288 1502 2472 1558 Lucas
2531 1503 2887 1575 evangelista
2916 1509 2980 1572 (Χ
3011 1507 3063 1575 1)
3104 1505 3249 1560 dicit
3300 1522 3312 1559 :
3364 1506 3683 1577 Designavit

257 1588 310 1642 In
339 1586 582 1641 Domino
615 1585 776 1650 dicit,
810 1586 868 1639 in
901 1602 1099 1641 amore
1125 1587 1376 1641 Domini.
1410 1586 1529 1640 Cur
1578 1589 1778 1640 autem
1827 1584 1910 1639 ita
2016 1589 2279 1644 Dominus
2307 1593 2459 1647 Jesus
2490 1594 2662 1647 etiam
2691 1594 2837 1649 alios
2865 1597 3219 1666 septuaginta
3249 1595 3381 1650 duos
3428 1595 3680 1667 discipu-

257 1675 619 1746 suscipienda
647 1679 821 1741 esset,
856 1674 1032 1746 paulo
1062 1675 1306 1731 inferius
1337 1674 1625 1742 ostendit,
1656 1674 1856 1728 dicens
1893 1690 1905 1727 :
2018 1678 2095 1733 los
2124 1696 2143 1732 :
2175 1683 2225 1733 et
2252 1681 2407 1735 misit
2435 1696 2525 1736 eos
2558 1681 2703 1753 (469)
2734 1682 2793 1737 in
2822 1698 3045 1739 omnem
3090 1686 3390 1754 civitatem,
3422 1692 3471 1740 et
3500 1686 3685 1740 locum

256 1767 447 1821 Etenim
478 1766 605 1836 ipsa
636 1780 844 1837 quoque
872 1765 1051 1820 astitit
1073 1766 1263 1820 multis
1286 1770 1336 1821 et
1366 1764 1533 1831 mihi,
1568 1780 1636 1818 ac
1686 1763 1734 1816 si
1775 1762 1908 1861 aliis
1940 1805 1987 1869 Β
2018 1783 2122 1837 quo
2151 1777 2268 1823 crat
2298 1770 2413 1839 ipse
2437 1779 2719 1826 venturus.
2754 1772 2834 1826 Ex
2862 1772 2956 1827 his
2982 1788 3119 1844 ergo
3152 1773 3391 1828 fuerunt
3418 1773 3503 1830 illi
3536 1776 3683 1831 duo.

255 1854 423 1911 verbis
454 1854 683 1910 diceret
712 1869 727 1909 :
760 1853 1032 1917 Quandiu
1082 1853 1320 1909 Phaabes
1375 1854 1435 1907 in
1493 1851 1642 1921 solo,
1676 1849 1910 1921 proprio
1940 1849 1987 1869 ³³
2021 1855 2089 1909 Et
2120 1856 2259 1926 quia
2288 1874 2404 1912 non
2435 1857 2625 1913 infimi
2660 1859 2720 1914 in
2752 1860 2836 1915 eis
2869 1860 3128 1927 fuerunt,
3161 1860 3381 1917 idcirco
3412 1862 3552 1919 dicit
3577 1881 3682 1920 eos

252 1945 542 2011 resedit,et
562 1942 812 1998 aliorum
832 1946 1174 1998 sanctorum
1196 1948 1252 1998 et
1274 1958 1468 1999 meam
1491 1938 1910 1995 necessitatem
2020 1944 2247 2000 nobiles
2279 1945 2339 2000 in
2372 1948 2652 2018 apostolis
2680 1967 2692 2016 ;
2726 1950 2797 2004 de
2838 1949 3055 2019 quibus
3104 1949 3283 2005 etiam
3335 1951 3612 2007 subditur
3664 1971 3677 2009 :

252 2032 567 2107 supplevit;
595 2048 749 2087 nunc
769 2048 900 2087 vero
924 2031 1062 2101 quia
1083 2034 1490 2102 paupertatem
1508 2028 1909 2084 voluntariam
2022 2035 2128 2101 Qui
2154 2042 2205 2090 et
2231 2039 2362 2090 ante
2387 2052 2474 2091 me
2495 2040 2725 2107 fuerunt
2752 2041 2813 2092 in
2844 2039 3055 2095 Christo
3085 2041 3231 2105 Iesu,
3284 2041 3342 2094 id
3393 2045 3499 2108 est,
3541 2046 3682 2096 ante

250 2123 407 2195 elegit
436 2127 506 2185 et
536 2122 782 2177 Romam
814 2119 1009 2176 studio
1059 2120 1340 2175 orationis
1390 2119 1590 2174 venire
1634 2116 1907 2186 decrevit,
2020 2138 2114 2177 me
2144 2124 2515 2179 crediderunt
2546 2125 2604 2180 in
2636 2125 2936 2181 Christum
2966 2128 3188 2182 Jegum,

248 2212 515 2284 precipio
542 2216 609 2267 ut
634 2226 767 2269 eam
800 2208 973 2281 digne
1004 2208 1359 2280 suscipiatis,
1378 2212 1431 2262 et
1462 2207 1733 2261 assistalis
1763 2206 1817 2259 ei
1845 2206 1908 2260 in
2090 2210 2337 2267 Salutate
2359 2213 2696 2283 Ampliatum
2724 2215 3150 2270 dilectissimum
3180 2216 3325 2272 mihi
3343 2219 3405 2272 in
3424 2220 3679 2274 Domino.

241 2317 559 2373 quocunque
588 2300 801 2370 negotio
850 2300 1016 2354 vestri
1054 2298 1387 2369 indiguerit,
1421 2296 1481 2350 id
1514 2300 1623 2362 est,
1660 2310 1774 2348 non
1807 2311 1907 2349 so-
2018 2300 2405 2364 Quaerendum
2438 2309 2522 2357 est
2556 2318 2659 2356 cur
2691 2303 3027 2373 Epaenetum
3060 2303 3365 2372 dilectum,
3401 2307 3559 2361 hunc
3585 2323 3682 2362 ve-

240 2389 349 2445 lum
382 2392 438 2446 in
477 2388 741 2461 spiritali
772 2387 1023 2458 negotio,
1076 2388 1175 2443 sed
1225 2387 1403 2442 etiam
1457 2385 1517 2439 in
1562 2382 1905 2438 necessariis
2016 2404 2077 2443 ro
2108 2389 2563 2445 dilectissimum
2590 2390 3313 2464 vocaverit.Scilicet,quia
3334 2393 3433 2450 ille
3453 2395 3681 2467 simpli-

240 2478 355 2533 vitaa
382 2478 731 2550 praesentis.
2014 2478 2158 2533 citer
2189 2479 2457 2547 credidit,
2490 2479 2585 2533 hic
2614 2484 2813 2535 autem
2845 2479 2903 2533 in
2935 2481 3345 2551 praedicatione
3367 2483 3674 2539 laboravit.

301 2568 569 2623 Salutate
597 2568 852 2621 Priscum
880 2574 935 2622 et
964 2567 1243 2636 Aquilam.
1280 2564 1419 2620 Illos
1452 2563 1547 2618 his
1577 2561 1771 2617 verbis
1811 2560 1900 2615 in-
2086 2566 2269 2623 Salute
2320 2569 2602 2625 Urbanum
2657 2569 2971 2630 adiutorem
3020 2579 3269 2627 nostrum
3318 2574 3377 2627 in
3439 2573 3674 2640 Christo,

237 2655 502 2729 telligere
547 2656 851 2721 debemus,
904 2656 975 2711 de
1026 2656 1241 2727 quibus
1292 2654 1508 2725 legitur
1556 2652 1614 2706 in
1666 2649 1903 2705 Actibus
2011 2664 2061 2711 et
2092 2657 2333 2728 Stachyn
2362 2659 2624 2713 dilectum
2654 2658 3137 2715 meum.Urbanus
3168 2660 3229 2714 in
3262 2660 3673 2731 praedicatione

234 2746 650 2816 apostolorum
708 2746 844 2815 (cap.
906 2762 1063 2815 xvm,
1121 2746 1197 2815 2),
1261 2744 1400 2815 quia
1454 2758 1588 2797 cum
1647 2739 1904 2795 venisset
2011 2744 2344 2803 laboravit:
2386 2747 2640 2819 Stachyn
2700 2751 2898 2802 autem
2956 2748 3305 2820 simpliciter
3360 2750 3668 2806 credidit:

234 2834 451 2890 Paulus
487 2835 567 2888 ab
600 2833 843 2889 Athenis
872 2833 932 2887 in
964 2832 1332 2889 Antiochiam
1366 2832 1637 2903 (465-66),
1682 2828 1903 2884 invenit
2011 2833 2256 2907 ideoque
2285 2836 2456 2891 illum
2505 2837 2858 2907 adjutorem,
2905 2837 3087 2893 istum
3134 2842 3334 2894 autem
3383 2837 3669 2894 dilectum

232 2923 305 2977 ibi
331 2924 541 2978 virum
576 2922 870 2989 Judaeum,
900 2923 1206 2978 Ponticum
1237 2920 1633 2993 generatione,
1666 2918 1902 2973 nomine
2008 2924 2242 2979 tantum
2269 2924 2513 2979 vocavit.

234 3012 536 3081 Aquilam,
567 3027 702 3066 cum
734 3009 994 3067 Priscilla
1025 3027 1202 3065 uxore
1235 3026 1345 3065 sua
1376 3008 1592 3078 quibus
1633 3006 1899 3062 adhaesit.
2080 3011 2326 3067 Salutate
2356 3012 2615 3082 Appellen
2638 3013 2876 3083 probum
2904 3015 2966 3069 in
2995 3014 3227 3070 Christo.
3259 3014 3364 3069 Hic
3391 3014 3670 3086 Appelles

232 3100 395 3156 Unde
427 3100 535 3155 hic
566 3115 800 3170 quoque
829 3099 1100 3155 subditur
1134 3115 1145 3151 :
1181 3098 1466 3168 Adjutorcs
1487 3096 1633 3166 (467)
1666 3110 1809 3150 meos
1842 3098 1903 3149 in
1949 3170 1973 3172 Ar
2013 3099 2228 3156 multas
2260 3100 2639 3156 adversitates
2670 3117 2773 3172 pro
2823 3103 3053 3159 Christo
3084 3103 3387 3170 sustinuit,
3422 3103 3522 3157 sed
3552 3104 3667 3159 vir-

230 3188 449 3245 ϐῆν-ἰδιο
484 3191 635 3255 Jesu,
670 3188 727 3243 id
766 3192 877 3254 est,
926 3190 1333 3258 occperatores
1384 3186 1443 3239 in
1494 3182 1905 3255 praedicatione
1933 3170 1976 3236 C
2014 3189 2203 3243 tutem
2229 3188 2521 3259 patientiae
2549 3170 2737 3259 usque
2768 3192 2840 3245 ad
2869 3191 3047 3246 ﬁnem
3101 3192 3503 3262 incorruptam
3553 3208 3669 3248 ser-

222 3278 448 3335 Christi
513 3278 677 3332 Jesu.
737 3276 994 3339 Quorum
1065 3274 1311 3329 nimiam
1362 3273 1707 3328 charitatem
1767 3287 1906 3342 erga
2013 3276 2185 3345 vavit,
2234 3276 2429 3332 sciens
2477 3278 2632 3347 quod
2654 3279 2821 3334 docet
2849 3278 3187 3350 Apostolus,
3216 3282 3352 3350 quia
3381 3279 3665 3336 tribulatio

222 3383 277 3423 se
303 3363 757 3430 ostendit,cum
788 3363 1013 3419 subdit:
1032 3363 1138 3430 Qui
1157 3378 1265 3434 pro
1292 3362 1481 3416 anima
1500 3377 1625 3416 mea
1643 3377 1775 3415 suas
1795 3376 1907 3415 cer-
2009 3366 2338 3435 patientiam
2384 3370 2659 3437 operatur,
2716 3370 2991 3439 patientia
3040 3376 3225 3424 autem
3276 3368 3665 3439 probationem

219 3458 368 3511 vices
401 3451 1000 3523 supposuerunt.Cum
1033 3452 1187 3506 enim
1223 3451 1467 3505 instaret
1497 3455 1562 3505 ut
1592 3448 1904 3521 Apostolus
2015 3454 2235 3524 (supra,
2268 3471 2321 3508 v.
2357 3455 2408 3521 4,
2440 3456 2526 3525 5);
2560 3455 2806 3527 ideoque
2854 3458 3103 3530 probum
3152 3456 3321 3512 illum
3353 3457 3663 3528 Apostolus

221 3543 579 3615 puniretur,
614 3539 916 3612 elegerunt
946 3540 1094 3594 mori
1127 3556 1229 3610 pro
1259 3556 1346 3606 eo,
1371 3556 1442 3593 ne
1474 3542 1635 3594 tanta
1665 3538 1904 3593 lucerna
2014 3543 2355 3598 nominavit.
2388 3542 2445 3597 Si
2473 3543 2604 3615 quis
2631 3546 2787 3602 enim
2819 3546 3131 3618 diligenter
3158 3551 3458 3602 scrutatur
3486 3550 3544 3601 et
3571 3564 3663 3603 re-

223 3630 515 3688 Ecclesiae
563 3628 1050 3699 exstingueretur.
1104 3628 1262 3683 Unde
1309 3628 1382 3683 ab
1440 3629 1597 3681 omni
1648 3626 1904 3683 Ecclesia
2011 3631 2346 3687 miniscitur
2375 3632 2513 3703 quia
2542 3634 2696 3690 Deus
2740 3635 2799 3691 in
2853 3635 2951 3691 illo
3000 3635 3367 3707 loquebatur,
3401 3636 3660 3707 profecto

226 3724 476 3793 propter
502 3717 750 3773 nimiam
781 3717 1125 3772 charitatem
1156 3716 1565 3771 laudantur.Et
1595 3721 1904 3788 propterea
2011 3718 2265 3776 inveniet
2295 3722 2432 3791 quia
2464 3722 2624 3776 nulla
2653 3722 2713 3778 in
2747 3725 2919 3779 dictis
2967 3726 3095 3795 ejus
3141 3724 3451 3791 sententia,
3500 3724 3663 3781 nulla

226 3810 527 3866 subditur
561 3824 573 3864 :
605 3807 801 3878 quibus
830 3822 942 3861 non
970 3807 1146 3862 solum
1177 3822 1275 3876 ego
1301 3807 1517 3877 gratias
1566 3822 1686 3876 ago,
1727 3805 1821 3859 sed
1851 3811 1905 3860 et
2011 3810 2249 3864 omnino
2273 3808 2498 3880 syllaba
2520 3816 2713 3878 vacat;
2746 3812 3124 3883 viditquippe
3141 3812 3507 3883 spiritalibus
3528 3830 3661 3868 ocu-

228 3904 450 3956 cunctse
474 3895 756 3959 Ecclesiae
787 3895 1056 3951 Gentium.
1079 3895 1296 3949 Verum
1330 3894 1469 3964 quia
1500 3910 1646 3964 opus
1679 3892 1903 3949 miseri-
2012 3896 2084 3952 lis
2116 3897 2485 3968 singulorum
2508 3899 2718 3954 merita
2738 3901 2892 3970 apud
2919 3900 3104 3955 Deum
3127 3900 3409 3967 discreta;
3441 3900 3657 3956 idcirco

231 3987 466 4057 cordiee,
507 4001 628 4039 non
659 3983 853 4040 solum
884 3984 944 4039 in
975 3982 1229 4038 dominis
1260 3986 1367 4051 est,
1393 3982 1492 4037 sed
1525 3982 1700 4037 etiam
1731 3982 1786 4035 in
1811 3982 1900 4036 fa-
2013 3983 2193 4038 alium
2225 3984 2526 4051 dilectum,
2560 3985 2739 4041 alium
2769 3986 3243 4058 dilectissimum,
3275 3986 3457 4042 alium
3489 3988 3659 4056 adju-

228 4076 439 4141 mulis;
481 4089 597 4129 nec
626 4073 819 4129 solum
852 4072 911 4127 in
944 4071 1221 4144 prmlatis,
1244 4071 1347 4127 sed
1378 4070 1554 4126 etiam
1588 4071 1645 4126 in
1678 4072 1903 4141 subjec-
2010 4076 2219 4137 torem,
2251 4071 2432 4126 alium
2464 4073 2713 4142 probum
2742 4074 2985 4128 vocavit.

228 4164 297 4220 tis
329 4168 496 4221 recte
532 4162 843 4233 subiungit
876 4180 889 4217 :
923 4167 977 4216 et
1006 4162 1355 4217 domesticam
1382 4176 1569 4215 eorum
1597 4161 1903 4216 Ecclesium
2085 4161 2335 4215 Salutate
2383 4176 2469 4215 eos
2512 4163 2607 4230 qui
2660 4169 2787 4215 sunt
2841 4178 2911 4216 ex
2966 4162 3254 4217 Aristoboli
3292 4160 3411 4233 (hic
3460 4164 3656 4218 autem

228 4252 644 4322 (subauditur,
679 4250 974 4321 salutate).
1003 4236 1033 4260 ⁹
2012 4249 2477 4305 subaudiendum
2509 4250 2796 4315 est,domo
2827 4250 2994 4321 (470),
3020 4253 3084 4304 ut
3111 4250 3413 4322 proprium
3444 4267 3657 4307 nomen

297 4342 563 4397 Salutate
609 4342 934 4411 Epzenetum
979 4339 1240 4394 dilectum
1286 4337 1443 4407 mihi,
1474 4340 1571 4409 qui
1599 4345 1673 4392 est
1698 4339 1902 4409 primi-
2011 4338 2266 4394 hominis
2290 4338 2947 4410 intelligatur,autcerte
2965 4339 3127 4395 locus
3145 4339 3520 4412 accipiendus
3546 4344 3653 4396 est.

227 4432 369 4487 tinus
398 4432 566 4487 Asiae
592 4430 651 4483 in
672 4428 1042 4483 Domino.Iste
1075 4427 1353 4481 nimirum
1382 4425 1607 4497 primus
1629 4442 1696 4480 ex
1718 4426 1902 4481 omni-
2011 4427 2259 4483 Salutate
2300 4428 2664 4484 Herodionem
2713 4432 3002 4500 cognatum
3056 4445 3257 4485 meum.
3317 4433 3460 4485 Cum
3517 4429 3660 4485 dicit

228 4519 337 4575 bus
369 4518 630 4575 Asianis
660 4517 730 4572 ad
762 4515 1231 4589 praedicationem
1252 4514 1511 4587 Apostoli
1538 4514 1813 4581 credidit;
1846 4519 1904 4571 et
1933 4537 1980 4601 Ι)
2012 4522 2345 4587 cognatum,
2378 4517 2633 4572 ostendit
2660 4518 2951 4573 Judaeum.
3003 4516 3118 4571 Cur
3165 4534 3302 4589 ergo
3353 4535 3469 4574 non
3516 4534 3655 4573 con-

228 4608 367 4679 quia
397 4605 767 4679 simpliciter
796 4608 1048 4673 tantum,
1080 4619 1187 4660 nec
1217 4605 1277 4659 in
1309 4603 1720 4676 praedicatione
1745 4604 1903 4660 labo-
2006 4604 2163 4674 juxit
2189 4605 2519 4659 Andronico
2548 4609 2606 4660 et
2632 4604 2821 4672 Juliae,
2855 4619 3002 4675 quos
3032 4605 3144 4660 sibi
3171 4610 3451 4677 cognatos
3500 4606 3660 4661 dixe-

230 4699 398 4767 ravit,
432 4696 667 4752 idcirco
698 4694 975 4749 dilectum
1004 4697 1235 4749 tantum
1264 4692 1506 4748 vocavit.
2013 4694 2139 4747 rat?
2171 4693 2315 4757 Quia
2346 4710 2461 4749 non
2494 4692 2777 4749 laboravit
2806 4693 2863 4746 in
2891 4694 3319 4765 praedicatione,
3370 4696 3653 4767 quemad-

297 4786 578 4842 Salutate
606 4785 857 4851 Mariam,
887 4798 1006 4854 quae
1037 4783 1273 4839 multum
1307 4782 1578 4838 laboravit
1617 4785 1676 4837 in
1724 4783 1896 4840 vobis.
2014 4783 2253 4837 modum
2284 4781 2389 4836 illi.

231 4875 325 4931 His
368 4875 588 4932 verbis
638 4872 894 4928 ostendit
941 4872 1081 4942 quia
1128 4872 1303 4927 etiam
1352 4872 1579 4927 feminas
1627 4871 1899 4928 Ecclesiis
2078 4872 2323 4927 Salutate
2373 4886 2462 4926 eos
2516 4871 2613 4940 qui
2661 4874 2788 4924 sunt
2841 4886 2912 4926 ea:
2966 4873 3210 4929 Narcissi
3256 4873 3654 4947 (subauditur,

231 4968 555 5037 praerant.
594 4962 723 5017 Haec
754 4960 936 5016 Maria
966 4960 1216 5015 multum
1250 4960 1308 5015 in
1342 4961 1622 5016 Romanis
1676 4961 1901 5016 labora-
2008 4959 2183 5031 domo)
2216 4960 2385 5031 (471).
2417 4958 2723 5014 Narcissus
2771 4965 2967 5016 autem
3015 4965 3317 5037 presbyter
3359 4964 3488 5029 fuit,
3534 4977 3651 5016 non

226 5054 328 5128 vit,
348 5055 502 5127 quia
536 5049 761 5107 multos
783 5065 985 5104 eorum
1013 5050 1084 5103 ad
1110 5049 1283 5104 ﬁdem
1315 5049 1624 5117 convertit;
1655 5050 1899 5121 ideoque
2007 5052 2206 5105 tamen
2236 5047 2440 5103 habuit
2469 5047 2723 5120 aliquam
2755 5049 3096 5121 Ecclesiam,
3129 5057 3229 5107 aut
3266 5052 3512 5124 plebem,
3548 5048 3647 5103 sed

229 5144 397 5200 duxit
429 5158 576 5200 eam
612 5139 850 5212 dignam
883 5137 1117 5209 speciali
1151 5137 1520 5193 salutatione.
2008 5138 2122 5194 huc
2151 5137 2406 5209 illucque
2436 5137 2790 5207 discurrens,
2826 5141 3195 5211 praedicabat,
3228 5146 3286 5196 et
3308 5154 3431 5209 quae
3458 5137 3529 5191 ab
3553 5153 3652 5191 au-

295 5248 569 5320 (465-66)
595 5248 660 5320 In
684 5248 810 5320 Act.
844 5247 1029 5316 apost.
1059 5244 1271 5315 legitur
1310 5244 1450 5320 hoc
1472 5245 1543 5300 de
1592 5244 1767 5301 Paulo
1796 5260 1899 5301 ve-
2078 5247 2224 5317 (469)
2256 5245 2442 5320 Verba
2470 5245 2717 5320 hujusce
2747 5251 2961 5315 textus,
3015 5264 3143 5319 quae
3189 5246 3534 5320 sequuntur,
3569 5243 3647 5299 ita

228 5314 432 5379 niente
465 5314 847 5383 Corinthum,
877 5314 993 5372 non
1023 5314 1155 5370 vero
1188 5316 1573 5372 Antiochiam.
2007 5314 2416 5388 compendiose
2446 5314 2661 5388 scripta
2692 5324 2831 5373 sunt
2862 5320 2898 5373 i.
2933 5338 2985 5373 0.
3019 5314 3067 5371 (Ξ.
3089 5323 3159 5388 (et
3180 5316 3230 5388 Δ1.
3265 5331 3319 5388 g.
3357 5314 3393 5369 l.
3428 5331 3485 5369 u.

296 5396 462 5466 (467)
540 5396 609 5444 In
674 5394 900 5466 autqg.,_
960 5388 1252 5466 auditores,
1313 5390 1413 5443 sed
1479 5389 1752 5460 adjutores
1816 5389 1896 5445 le-
2078 5385 2226 5458 (470)
2255 5390 2417 5455 Quod
2445 5385 2689 5446 verbum
2717 5391 2871 5445 domo
2900 5391 2959 5443 in
2991 5385 3390 5459 Vungegitur
3417 5403 3649 5459 expres-

296 5405 462 5466 (407)
542 5405 609 5444 1n
674 5405 896 5513 auto‘g”
960 5405 1252 5456 auauores,
1313 5405 1413 5443 seu
1479 5405 1752 5460 adjutores
1817 5405 1896 5445 ιθ·
2078 5405 2226 5458 (410)
2255 5405 2417 5455 υυοα
2445 5405 2689 5446 vernum
2717 5405 2871 5445 aomo
2900 5408 2959 5443 ιη
3000 5405 3183 5459 γυιςη

267 5466 533 5531 endum,
570 5465 637 5515 ut
686 5461 746 5515 in
848 5460 989 5532 ulg.,
1036 5460 1190 5533 quod
1230 5475 1357 5531 quae
1405 5467 1736 5531 sequuntur
1763 5477 1895 5532 pro-
2007 5478 2216 5543 suun“
2259 5536 2290 5543 Α
2396 5533 2412 5543 ε
2544 5533 2556 5543 _
2738 5533 2748 5543 .
2842 5533 2889 5543 __
2936 5529 2949 5543 τ
3172 5527 3183 5539 ,

269 5540 399 5595 ant.
517 5529 550 5604 '_
599 5601 613 5604 _
836 5601 844 5604 Α
917 5529 936 5532 ’
1053 5529 1072 5533 “
1247 5529 1264 5531 “
1487 5529 1506 5531 “
1763 5529 1783 5532 “
2076 5533 2223 5604 (471)
2252 5533 2415 5601 Quod
2446 5533 2685 5591 verbum
2735 5533 2793 5586 in
2842 5529 3011 5602 Vulg.
3061 5529 3278 5603 pariter
3302 5547 3644 5604 expressum

301 5607 466 5680 (468)
496 5601 678 5674 Vulg.
708 5601 955 5660 Iuniam.
2001 5601 2233 5676 legitur,
