4080 6174
364 274 488 340 283

1383 281 1723 346 ATTONIS
1769 278 2358 346 VERGELLENSIS
2402 279 2757 346 EPISCOPI

3659 281 3785 348 284

371 414 660 471 ditoribus
683 414 808 471 suis
829 417 1092 490 accipere
1122 421 1343 492 poterat
1375 417 1776 491 indigentibus
1816 435 2015 492 eroga-
2046 421 2102 487 Α
2134 417 2412 473 Romanis
2470 419 2796 484 tenebatur,
2854 415 3122 473 videlicet
3189 416 3289 489 qui
3361 432 3461 474 eos
3526 418 3784 478 orationi

372 504 473 562 bat
531 521 544 559 :
592 505 746 560 unde
797 507 1113 579 Apostolus
1162 512 1397 580 propter
1427 507 1887 564 benevolentiam
1919 525 2019 563 eos

373 610 608 666 quoque
639 595 739 660 qui
771 612 904 652 cum
936 614 1000 652 eo
1033 601 1196 652 erant
1227 596 1482 652 salutare
1513 598 2016 652 decrevit.Verum

374 682 514 754 quia
543 683 742 740 multa:
776 685 856 740 illi
887 691 1052 741 erant
1081 685 1335 752 familiai,
1371 691 1426 740 et
1455 687 1624 741 multi
1676 687 1725 741 ei
1767 686 2020 741 adhaere-

370 771 514 827 bant
543 775 789 829 necdum
823 776 1124 829 credentes
1155 775 1249 844 (ne
1280 773 1410 829 illos
1442 775 1695 830 salutare
1723 775 2019 830 videretur

367 862 707 933 Apostolus)
739 864 905 933 (472),
941 863 1154 933 adjecit
1189 881 1202 918 :
1234 865 1329 936 qui
1372 873 1500 918 sunt
1547 866 1606 918 in
1655 866 1901 930 Domino,
1956 865 2013 919 id

366 954 474 1019 est,
508 951 607 1021 qui
629 953 754 1020 jam
789 951 1052 1005 credunt.

441 1040 692 1095 Salutare
725 1041 1086 1112 Tryphaenam
1111 1050 1165 1097 et
1200 1043 1550 1114 Tryphosam,
1595 1061 1712 1114 quae
1761 1044 2014 1098 laborant

367 1129 426 1182 in
449 1128 802 1184 Domine.Hze
827 1128 1101 1185 mulieres
1125 1130 1502 1202 aliquatenus
1524 1132 1580 1186 in
1608 1133 2013 1203 przedicatione

367 1216 772 1272 laboraverant
803 1223 858 1274 et
889 1219 1080 1274 adhuc
1115 1220 1474 1287 laborabant,
1510 1222 1758 1292 ideoque
1806 1222 2013 1292 dignas

366 1305 574 1361 habuit
619 1307 932 1390 Apostolus
977 1326 1084 1363 sua
1131 1309 1499 1365 salutatione.
1534 1312 1786 1365 Salutate
1827 1313 2013 1365 Persi-

365 1395 491 1450 dam
523 1396 671 1468 (473)
699 1398 1106 1466 charissimam,
1141 1416 1256 1470 qua:
1285 1400 1517 1453 multum
1541 1401 1811 1454 laboravit
1833 1403 1888 1453 in
1912 1402 2012 1453 Do-

363 1485 659 1540 mino.Cur
679 1486 830 1541 hanc
855 1487 1256 1561 superioribus
1279 1506 1391 1542 non
1408 1489 1746 1559 conjunxit?
1765 1489 2012 1554 Scilicet,

366 1574 504 1645 quia
536 1592 651 1630 non
683 1575 1077 1647 aliquatenus,
1124 1578 1277 1632 sicut
1330 1577 1459 1643 illas,
1497 1578 1595 1632 sed
1653 1577 1904 1632 multum
1954 1578 2010 1630 in

365 1663 772 1734 praedicatione
803 1666 960 1735 juvit
1005 1665 1384 1737 Apostolum;
1422 1667 1575 1721 unde
1603 1671 1659 1721 et
1689 1666 1964 1721 subditur
1996 1682 2009 1719 :

365 1768 484 1858 qua:
532 1755 770 1808 multum
823 1755 1096 1810 laboravit
1143 1757 1200 1808 in
1253 1757 1512 1819 Domino;
1558 1756 1827 1826 (ideoque
1883 1772 2011 1810 eam
2044 1794 2093 1858 B

366 1840 773 1897 charissimam
806 1845 1050 1913 vocavit)
1079 1845 1245 1914 (474).

437 1931 688 1986 Salutate
717 1932 925 2005 Rufum
955 1933 1186 1988 electum
1218 1935 1278 1988 in
1311 1936 1618 2004 Domino,et
1638 1937 1867 1989 mairem
1895 1937 2014 2006 ejus

365 2022 416 2073 et
445 2035 646 2074 meam.
675 2020 820 2074 Cum
855 2020 1100 2075 electum
1148 2022 1205 2076 in
1259 2022 1505 2077 Domino
1554 2024 1715 2089 dicit,
1761 2022 2017 2078 ostendit

364 2108 542 2163 etiam
569 2107 1014 2164 dilectum.Erat
1044 2116 1239 2166 autem
1265 2111 1483 2166 electus
1506 2111 1606 2166 illa
1624 2112 1922 2174 electione,
1947 2113 2018 2167 de

365 2213 485 2268 qua
512 2198 792 2253 Dominus
825 2199 964 2252 dicit
994 2217 1012 2252 :
1041 2202 1218 2254 Pauci
1247 2202 1402 2255 electi
1431 2201 1640 2271 (Matth.
1674 2219 1766 2266 xx,
1793 2201 1878 2271 16)
1915 2218 1927 2255 :
1963 2205 2017 2255 et

365 2286 523 2340 idem
553 2286 864 2355 Apostolus
899 2303 912 2340 :
948 2287 1100 2344 Sicut
1126 2291 1284 2360 elegit
1313 2307 1415 2344 nos
1445 2292 1504 2344 in
1536 2293 1650 2360 ipso
1680 2299 1806 2344 ante
1826 2289 2020 2344 mundi

365 2375 807 2430 constitutionem
840 2376 1059 2446 (Ephes.
1092 2395 1129 2446 ι,
1165 2378 1238 2448 4).
1273 2378 1587 2432 Sciendum
1638 2382 1833 2434 autem
1883 2378 2019 2448 quia

367 2463 566 2534 magni
600 2463 790 2518 meriti
823 2465 950 2533 fuit,
979 2466 1228 2537 ideoque
1258 2471 1503 2522 matrem
1535 2468 1664 2538 ejus
1706 2467 2018 2538 Apostolus

367 2568 535 2606 suam
566 2555 1318 2624 vocavit,quemadmodum
1353 2556 1633 2612 Dominus
1656 2556 1713 2610 in
1747 2557 2018 2627 passione

366 2653 536 2695 suam
569 2647 814 2696 matrem
846 2642 994 2697 dixit
1023 2660 1151 2698 esse
1181 2644 1452 2716 discipuli
1487 2645 1661 2714 (Joan.
1699 2663 1814 2716 xxx,
1849 2647 1960 2715 26).

433 2729 681 2785 Salutate
737 2731 1126 2802 Ansyncritum
1183 2735 1351 2804 (475),
1423 2735 1778 2804 Phlegontam
1843 2735 2014 2806 (476),

365 2819 618 2884 Hermen,
649 2820 969 2890 Patrobam,
1005 2827 1290 2888 Hermum,
1331 2831 1383 2878 et
1431 2826 1526 2894 qui
1573 2840 1698 2878 cum
1743 2825 1821 2879 eis
1865 2830 2015 2894 sunt,

364 2907 588 2976 fratres.
623 2907 758 2975 Hos,
794 2908 931 2978 quia
979 2926 1090 2966 non
1143 2911 1622 2981 prmdicaverunt,
1673 2912 2019 2984 simpliciter

366 2992 657 3049 salutavit.
691 2996 794 3052 Hic
826 3001 1019 3053 autem
1055 2999 1296 3055 Hermes
1329 3001 1498 3070 (477),
1530 3005 1595 3055 ut
1633 3001 1870 3072 quidam
1916 3019 2013 3056 vo-

366 3079 495 3136 lunt
526 3084 700 3156 (478),
735 3085 948 3141 librum
981 3087 1237 3160 scripsit,
1271 3089 1371 3160 qui
1404 3091 1646 3145 Pastoris
1678 3089 1968 3146 titulatur.

2129 505 2394 562 omnium
2422 507 2831 575 Ecclesiarum,
2877 523 3009 578 quae
3057 524 3158 578 per
3203 523 3337 562 eum
3389 507 3780 576 crediderant,

2129 597 2594 661 commendabat,
2628 595 2892 652 subdidit
2926 613 2938 651 :
2972 596 3238 651 Salutant
3265 612 3359 652 vos
3387 613 3571 652 omnes
3603 599 3786 654 Eccle-

2125 688 2230 741 siae
2261 685 2488 740 Christi.
2525 684 2653 755 (Ubi
2687 683 3249 756 subintelligendum
3300 689 3389 740 est
3420 701 3432 739 :
3468 703 3592 758 quae
3639 691 3786 742 sunt

2127 773 2187 828 in
2220 774 2313 828 his
2345 773 2708 842 Provinciis.)

2201 863 2398 932 Igitur,
2433 864 2571 934 quia
2593 863 2782 917 adhuc
2804 868 2969 918 erant
2989 863 3047 918 in
3070 863 3349 918 Romanis
3372 863 3471 934 qui
3495 879 3602 918 sua
3632 881 3781 935 pra:-

2127 952 2417 1007 dicatione
2440 951 2835 1007 dissensiones
2849 958 2904 1006 et
2925 951 3274 1006 offendicula
3296 951 3615 1018 faciebant;
3641 969 3784 1008 nam

2127 1041 2263 1112 quia
2292 1041 2611 1095 haeresibus
2662 1040 2948 1095 unitatem
3006 1039 3266 1095 Ecclesia:
3316 1040 3581 1095 scindere
3632 1041 3788 1096 nite-

2125 1131 2360 1195 bantur,
2415 1130 2655 1200 quidam
2708 1129 2974 1183 inﬁrmos
3022 1130 3227 1184 fratres
3279 1129 3784 1198 scandalizabant,

2123 1219 2339 1273 idcirco
2371 1218 2622 1287 subjecit
2655 1234 2667 1271 :
2706 1220 2840 1289 Rogo
2875 1233 2980 1284 vos,
3013 1220 3234 1288 fratres,
3268 1225 3327 1272 ut
3368 1220 3660 1274 observetis
3692 1235 3787 1274 eos

2123 1311 2220 1379 qui
2285 1309 2646 1362 dissensiones
2705 1312 2756 1362 et
2806 1308 3158 1378 o/Iendicula,
3213 1312 3418 1378 praeter
3471 1308 3789 1362 doctrinam

2123 1414 2289 1468 quam
2318 1413 2407 1451 vos
2448 1396 2739 1462 didicistis,
2771 1399 3000 1466 faciunt.
3053 1401 3120 1450 Et
3170 1402 3232 1450 ut
3280 1396 3538 1452 obtinere
3601 1397 3786 1452 citius

2123 1491 2323 1558 posset
2347 1486 2500 1555 quod
2533 1486 2922 1553 desiderabat,
2974 1502 3087 1540 non
3138 1485 3218 1540 ait
3268 1501 3281 1540 :
3337 1485 3628 1557 praecipio,
3663 1503 3796 1540 mo-

2123 1592 2253 1641 neo,
2288 1577 2387 1629 sed
2420 1591 2569 1644 rogo.

2195 1664 2466 1718 Poterant
2496 1666 2692 1718 autem
2724 1664 2968 1718 Romani
3000 1663 3537 1728 dicerezouomodo
3567 1664 3641 1719 ab
3663 1663 3789 1720 illis

2123 1769 2323 1808 cavere
2355 1769 2691 1824 possumus,
2717 1769 2850 1806 cum
2883 1752 3125 1823 majoris
3155 1752 3424 1823 potentia:
3457 1753 3576 1807 sint
3599 1770 3788 1824 quam

2125 1857 2366 1911 nos,nec
2381 1841 2612 1912 possint
2632 1840 2768 1912 pelli
2785 1841 2857 1896 ab
2881 1840 3180 1896 Ecclesia?
3202 1840 3418 1896 Idcirco
3438 1841 3786 1911 subjunxit:

2123 1934 2176 1986 et
2204 1929 2482 1985 declinate
2509 1930 2578 1985 ab
2603 1932 2704 1985 eis.
2738 1929 2960 1993 Quibus
2988 1930 3183 1985 verbis
3212 1931 3483 1998 ostendit,
3505 1931 3643 2002 quia
3666 1948 3791 1986 non

2127 2018 2320 2074 solum
2354 2018 2747 2091 przelatis,sed
2777 2019 2955 2074 etiam
2987 2018 3242 2074 subditis
3274 2034 3488 2091 magna
3507 2019 3791 2076 discretio

2127 2113 2216 2163 est
2255 2108 2522 2164 habenda
2550 2109 2719 2180 (479).
2754 2108 2900 2162 Nam
2949 2108 3000 2163 si
3050 2107 3274 2162 nullius
3321 2108 3622 2178 potestatis
3677 2114 3790 2164 aut

2129 2214 2318 2269 parva:
2352 2198 2618 2269 sunt,qui
2649 2197 3046 2252 dissensiones
3067 2201 3125 2251 et
3145 2195 3497 2252 offendicula
3526 2196 3788 2266 faciunt;

2128 2286 2379 2359 pellendi
2415 2293 2557 2341 sunt
2586 2287 2657 2342 ab
2691 2285 2967 2356 Ecclesia,
3003 2290 3067 2340 ut
3095 2285 3323 2341 confusi
3372 2290 3681 2341 vertantur
3713 2289 3788 2342 ad

2128 2375 2530 2446 paenitentiam
2565 2393 2578 2430 :
2616 2375 2665 2430 si
2695 2391 2830 2430 vero
2863 2380 3040 2430 tantae
3073 2374 3375 2446 potestatis
3399 2379 3630 2439 sunt,ut
3651 2376 3789 2430 fun-

2127 2464 2285 2520 ditus
2316 2464 2449 2536 pelli
2482 2481 2596 2519 non
2625 2463 2883 2535 possint;
2917 2464 3326 2519 declinandum
3361 2468 3449 2519 est
3478 2465 3551 2519 ab
3584 2464 3693 2531 eis,
3718 2481 3792 2520 ne

2127 2552 2267 2608 boni
2297 2553 2584 2608 malorum
2617 2552 2906 2608 consortio
2939 2557 3412 2625 corrumpantur.
3446 2554 3562 2609 Cur
3586 2557 3789 2608 autem

2128 2641 2538 2697 declinandum
2572 2643 2646 2698 sit
2677 2643 2748 2697 ab
2783 2641 2890 2708 eis,
2922 2643 3197 2711 ostendit,
3229 2643 3598 2714 snbjungens
3633 2658 3648 2698 :
3680 2644 3790 2697 Hu-

2119 2730 2363 2802 jusmodi
2389 2733 2538 2785 enim
2561 2730 2777 2785 Christo
2808 2731 3035 2785 Domino
3058 2739 3245 2785 nostro
3265 2745 3375 2785 non
3397 2732 3672 2797 serviunt,
3697 2732 3795 2786 sed

2127 2835 2222 2874 suo
2253 2819 2450 2884 ventri,
2485 2817 2542 2872 id
2573 2822 2680 2886 est,
2715 2834 2831 2872 non
2863 2817 3196 2873 animarum
3221 2817 3406 2886 lucra,
3430 2827 3532 2874 sed
3554 2824 3794 2876 terrena

2129 2909 2434 2962 commoda
2465 2907 2760 2977 petunt.Et
2787 2922 2886 2977 per
2912 2905 3096 2961 dulces
3124 2922 3416 2977 sermones,
3453 2912 3506 2962 et
3557 2910 3792 2964 benedi-

2125 2997 2347 3063 ctiones,
2393 2997 2656 3052 seducunt
2693 2996 2857 3051 corda
2905 2997 3276 3058 innocentum.
3327 2997 3514 3052 Corda
3564 2999 3795 3070 quippe

2125 3083 2506 3140 innocentum
2540 3101 2642 3156 per
2669 3084 2867 3141 dulces
2898 3101 3199 3140 sermones
3230 3090 3286 3140 et
3315 3085 3793 3153 benedictiones;

437 3152 1063 3247 Salutate'Philologum
1091 3152 1143 3232 et
1169 3152 1378 3233 Iuliam
1394 3195 1414 3239 ,·
1444 3177 1633 3234 virum
1680 3183 1738 3233 et
1776 3195 2013 3234 uxorem
2046 3152 2090 3219 C
2128 3173 2286 3245 quia,
2323 3179 2388 3228 ut
2413 3175 2485 3229 ab
2516 3152 2926 3229 innocentibus
2950 3175 3141 3229 sancti
3165 3173 3511 3244 habeantur,
3535 3178 3595 3229 et
3617 3152 3795 3231 dictis

365 3259 648 3318 debemus
680 3263 1184 3336 intelligere.Quia
1205 3283 1339 3322 vero
1361 3283 1495 3322 mox
1525 3267 1722 3322 intulit
1747 3285 1758 3322 :
1783 3269 2022 3322 Nereum

364 3352 416 3402 et
442 3363 686 3405 sororem
715 3353 906 3419 eius,et
943 3353 1351 3426 Olympiadem,
1386 3355 1526 3426 quia
1557 3355 2020 3426 praecedentibus

365 3451 464 3490 eos
498 3440 839 3508 conjunxit;
873 3441 1055 3495 voluit
1089 3442 1330 3497 forsitan
1356 3444 1659 3498 ostendere
1688 3443 1886 3514 aliqua
1905 3446 2030 3499 afﬁ-

367 3523 549 3579 nitate
580 3527 1021 3597 conjunctos.Et
1043 3531 1181 3601 quia
1202 3547 1334 3586 cum
1361 3531 1453 3584 his
1489 3533 1654 3586 multi
1686 3537 2027 3588 sanctorum

367 3615 636 3683 erant,ne
658 3614 913 3686 aliquem
943 3617 1278 3688 praeteriret,
1305 3620 1618 3690 subjunxit
1645 3637 1656 3674 :
1681 3629 1752 3687 et,
1785 3623 1880 3692 qui
1907 3639 2031 3676 cum

365 3701 449 3755 eis
479 3705 631 3773 sunt,
663 3710 902 3760 sanctos.
961 3706 1218 3778 Denique
1268 3713 1400 3779 post
1448 3707 1758 3780 specialem
1811 3709 2032 3766 saluta-

2135 3261 2370 3318 illorum
2403 3263 2548 3318 ﬁdes
2579 3263 3072 3331 accommodetur,
3117 3263 3289 3318 modo
3336 3263 3550 3318 blande
3581 3264 3795 3335 praedi-

2137 3356 2290 3420 cant,
2313 3353 2483 3407 modo
2515 3353 2802 3423 quasdam
2835 3351 3266 3406 benedictiones
3287 3350 3794 3423 tribuunt.ltaque

2138 3445 2205 3495 ut
2230 3458 2327 3497 eos
2357 3441 2661 3497 inclinaret
2692 3442 2763 3496 ad
2793 3441 2873 3511 id,
2907 3441 3063 3512 quod
3114 3441 3366 3512 petebat,
3419 3441 3730 3511 subjunxit
3776 3458 3790 3495 :

2147 3532 2330 3586 Vestra
2358 3539 2545 3586 autem
2589 3530 2893 3585 obedientia
2942 3533 2999 3584 in
3052 3545 3260 3585 omnem
3303 3530 3478 3584 locum
3510 3529 3806 3601 divulgata

2141 3627 2239 3683 est,
2291 3619 2345 3673 id
2398 3624 2505 3686 est,
2557 3619 2712 3689 quod
2746 3618 3100 3691 Evangelioa:
3148 3619 3423 3674 doctrinae
3454 3619 3806 3675 obedientes

2144 3707 2294 3778 sitis,
2327 3707 2387 3762 in
2415 3711 2534 3763 toto
2565 3709 2704 3762 orbe
2733 3712 3023 3762 terrarum
3075 3707 3443 3762 diffamatum
3493 3712 3602 3762 est.
3653 3709 3808 3763 Hinc

368 3789 610 3862 tionem,
649 3793 720 3847 ad
753 3793 1086 3865 generalem
1117 3813 1179 3851 se
1209 3796 1476 3862 contulit,
1507 3796 1707 3852 dicens
1743 3814 1755 3852 :
1791 3799 2038 3855 Salutate
2145 3796 2310 3867 longe
2369 3795 2638 3867 superius
2688 3796 2767 3850 ait
2815 3811 2830 3851 :
2879 3795 3036 3851 Fides
3081 3799 3258 3851 vestra
3301 3797 3684 3852 annuntiatur
3741 3799 3805 3850 in

369 3880 603 3934 invicem
633 3883 690 3936 in
723 3884 928 3938 osculo.
963 3884 1032 3938 Et
1049 3872 1199 3955 'quia
1228 3890 1369 3941 sunt
1400 3886 1791 3956 quorumdam
1814 3883 2029 3944 subdo'

369 3967 428 4025 la
457 3969 678 4039 oscula,
713 3972 866 4028 sicut
891 3973 1094 4041 Judaz;
1129 3979 1191 4029 ut
1217 3990 1282 4030 ea
1311 3975 1670 4046 prohiberet,
1697 3970 2030 4047 subjunxit’

368 4063 579 4115 sancto.

440 4149 514 4204 Ut
571 4153 766 4204 autem
827 4151 1161 4206 ostenderet
1207 4156 1432 4223 quanta
1483 4153 1875 4208 sollicitudine
1927 4170 2028 4224 pro

371 4375 408 4431 8
443 4291 594 4414 (4:2)
641 4290 770 4346 Haec
816 4291 993 4346 verba
1034 4291 1092 4345 in
1143 4292 1368 4349 laterali
1413 4293 1676 4366 margine
1717 4299 1911 4367 autog.
1947 4295 2026 4351 le-

415 4377 490 4414 un
527 4378 615 4415 ur.

415 4377 615 4415 untur.

467 4433 592 4504 473)
622 4431 795 4504 Yulg.
828 4432 1127 4504 Persidem.

469 4503 595 4580 474)
789 4505 960 4559 verba
990 4503 1306 4580 inlaterali
1339 4507 1604 4578 margine
1636 4506 1931 4580 leguntur.

472 4576 594 4646 475)
624 4575 794 4648 Yulg.
831 4578 1205 4646 Asyncritum.

472 4649 596 4786 476g
628 4647 796 4717 Vulg.
832 4648 1220 4716 Phlegontem.

472 4719 536 4770 47
551 4725 564 4769 .7
626 4718 726 4773 Vel
756 4719 949 4786 potius
982 4722 1220 4775 Hermas.

472 4719 536 4770 47
551 4718 596 4790 .7)
626 4718 726 4790 Vel
756 4719 949 4790 potius
982 4722 1226 4775 Hermas.

470 4789 596 4863 ἱρῷ)
625 4789 902 4863 Qrigenes
917 4790 1447 4863 scilicet,Eusebius
1469 4795 1525 4846 et
1540 4790 2021 4863 D.Hieronymus.

468 4860 594 4930 479)
625 4859 752 4915 Haec
783 4862 1076 4916 sententia
1106 4859 1344 4917 omnino
1403 4879 1532 4918 cum
1584 4859 1868 4919 universa:
1914 4865 2022 4919 Ec-

373 4929 560 5005 clesize
578 4929 715 4986 tum
761 4932 836 4990 iis
887 4934 1270 5005 temporibus,
1303 4938 1430 4987 tum
1463 4933 1894 5005 antiquioribus
1922 4937 2023 4990 do-

371 5003 646 5076 ctrinaet
675 5003 1107 5076 usucongruit,
1159 5006 1330 5076 cujus
1379 5003 1784 5061 testimonium
1835 5007 2026 5062 reddit

371 5074 748 5199 Botissimum
781 5074 922 5130 illud
957 5074 1778 5146 Ecclesizeprzestautissimus
1823 5077 2022 5132 lumen

426 5190 437 5199 .
489 5153 862 5199 Αυρυείιηυε
911 5153 1066 5199 cont.
1121 5147 1314 5199 Parm.
1371 5147 1466 5199 Ill.
1519 5165 1568 5199 c.
1620 5166 1681 5199 11.
1735 5167 1791 5199 n.
1833 5151 1884 5199 8-
1936 5151 2021 5199 12.

375 5147 437 5199 D.
489 5154 576 5201 Au
628 5147 862 5202 ustinus
911 5153 1066 5202 cont.
1121 5147 1314 5202 Parm.
1371 5147 1467 5216 Ill,
1519 5165 1568 5203 c.
1620 5166 1681 5211 11,
1735 5167 1791 5203 n.
1833 5151 1885 5218 8,
1936 5151 2021 5215 12,

375 5218 461 5270 13;
496 5163 714 5270 ibi§.-—
733 5219 842 5270 Sed
877 5217 1029 5270 dicet
1060 5219 1275 5270 aliquis
1301 5237 1312 5270 :
1341 5219 1640 5270 Quomodo
1669 5220 2021 5270 nraacinienti

445 4649 464 4930 Ξ

408 5221 461 5283 3;
496 5217 714 5273 ibid.-—
733 5219 842 5274 Sed
877 5217 1029 5274 dicet
1060 5219 1312 5290 aliquis:
1341 5219 1640 5282 Quomodo
1668 5217 2024 5291 praecipienti

372 5291 644 5362 Apostolo
662 5291 895 5346 obedire
920 5292 1365 5361 poterimus,qui
1391 5295 1544 5345 vetat
1571 5307 1704 5346 cum
1732 5292 2023 5362 ejusmodi

373 5359 568 5414 cibum
593 5362 852 5416 sumere?
874 5359 931 5416 In
958 5363 1063 5416 hac
1087 5359 1535 5432 velutangustia
1551 5359 1892 5432 quaestionis
1907 5380 2022 5418 non

374 5432 598 5502 aliquid
625 5438 966 5500 novum,aut
989 5434 1290 5488 insolitum
1307 5434 1629 5497 dicam,scd
1645 5435 1797 5502 quod
1823 5440 2024 5489 sancta

372 5503 647 5576 observat
673 5503 950 5571 Ecclesia,
995 5511 1059 5560 ut
1109 5522 1242 5560 cum
1302 5505 1553 5575 quisque
1613 5505 1881 5576 fratrum,
1915 5523 2021 5562 ceu

372 5573 838 5635 Christianorum
860 5576 1019 5634 intus
1051 5576 1112 5634 in
1142 5573 1412 5636 Ecclesiae
1444 5573 1718 5635 societate
1739 5573 2023 5640 constitu-

2141 3887 2394 3941 universo
2421 3885 2624 3940 mundo
2653 3889 2876 3955 (supra,
2911 3902 2948 3954 1,
2981 3885 3058 3955 8).

2214 3975 2286 4029 Ut
2315 3979 2509 4030 autem
2544 3974 2876 4030 ostenderet
2905 3988 2968 4028 se
2997 3971 3278 4045 gratulari
3311 3972 3380 4027 de
3413 3973 3680 4044 profectu
3714 3989 3808 4029 eo-

2144 4080 2297 4132 rum,
2331 4063 2641 4134 subjunxit
2673 4081 2685 4118 :
2722 4061 2942 4118 Gaudeo
2973 4063 3151 4132 igitur
3179 4063 3240 4116 in
3271 4061 3446 4118 vobis.
3479 4062 3712 4117 Rursus
3741 4068 3809 4117 ut

2143 4153 2542 4208 manifestaret
2571 4167 2670 4206 eos
2694 4168 2811 4206 non
2833 4150 3030 4236 adhuc
3056 4150 3341 4222 perfectos
3373 4149 3807 4221 undique,sub-

2138 4298 2333 4350 torum
2370 4295 2427 4348 in
2460 4293 2654 4363 aliquo
2687 4291 2787 4347 tali
2821 4295 3057 4362 peccato
3089 4290 3266 4363 fuerit
3293 4291 3722 4363 deprehensus,
3743 4296 3806 4348 et

2140 4366 2510 4420 anathemate
2531 4361 2744 4434 dignus
2772 4361 3183 4433 habeatur,fiat
3201 4361 3439 4434 hoc,u’bi
3463 4361 3799 4434 periculum

2139 4437 2478 4491 schismatis
2525 4433 2752 4490 nullum
2794 4437 2883 4489 est
2925 4475 2937 4488 .
2983 4477 2995 4488 .
3037 4476 3049 4488 .
3093 4434 3325 4504 quando
3374 4433 3804 4504 ita’cujusque

2055 4523 2101 4586 D
2135 4509 2358 4586 crimen
2390 4511 2593 4586 notum
2627 4511 2734 4575 est,
2769 4510 2833 4560 ut
2859 4504 3055 4560 nullos
3085 4503 3354 4586 prorsus,
3377 4503 3465 4586 vel
3497 4521 3614 4560 non
3649 4503 3801 4586 tales

2135 4579 2351 4635 habeat
2379 4580 2734 4642 defensores,
2760 4593 2860 4648 per
2881 4593 3027 4648 quos
3057 4577 3246 4648 possit
3274 4576 3536 4632 schisma
3553 4578 3796 4632 contin-

2135 4666 2323 4730 gere.
2367 4693 2382 4730 δ
2429 4691 2442 4703 .
2484 4655 2625 4730 tunc
2657 4647 2853 4730 autem
2886 4647 3002 4730 hoc.
3021 4647 3141 4702 sint
3170 4647 3300 4730 labe
3331 4647 3580 4730 pacis,et
3600 4649 3800 4704 unita-

2134 4719 2212 4776 tis
2243 4727 2302 4777 et
2332 4719 2721 4801 sinelzesio'ne
2751 4719 3350 4801 frumentorum‘ﬁeri
3394 4723 3606 4801 potest,
3655 4736 3794 4801 cum

2137 4791 2608 4863 congregationis
2638 4789 3254 4863 Ecclesiemultitudo
3286 4789 3356 4845 ab
3396 4789 3473 4863 eo
3517 4789 3792 4863 crimine,

2136 4861 2290 4934 quod
2307 4861 3046 4934 anathematizatur,aliena
3065 4866 3180 4927 est;
3204 4865 3346 4916 tunc
3367 4861 3522 4934 enim
3547 4861 3796 4934 adjuvat

2136 4932 2513 5013 praepositum
2538 4934 2732 5013 p_otius
2759 4932 3375 5013 corripi_entem,quam
3398 4932 3793 5013 criminosum

2136 5002 2724 5062 iesiétentemeunc
2753 5002 2931 5059 etiam
2963 5002 3061 5058 ille
3091 5007 3150 5059 et
3179 5002 3389 5058 timore
3410 5005 3790 5074 percutitur.

2135 5082 2193 5149 et
2225 5079 2445 5149 pudore
2477 5081 2881 5149 sanat_u_r,cum
2906 5075 2983 5149 ab
3001 5074 3274 5149 universa
3295 5073 3557 5130 Ecclesia
3569 5091 3634 5131 se
3656 5092 3800 5149 ana-

2133 5145 2578 5204 thematizatum
2609 5147 2834 5212 videns,
2868 5145 3087 5218 sociam
3119 5145 3372 5218 turbam,
3409 5161 3544 5201 cum
3579 5163 3704 5218 qua
3737 5147 3796 5201 in

2134 5219 2344 5291 delicto
2376 5236 2484 5276 suo
2531 5219 2801 5291 gaudeat,
2835 5217 3090 5291 ethonis
3122 5215 3386 5291 insultet,
3430 5234 3548 5291 non
3599 5215 3799 5291 potest

2133 5289 2392 5346 invenire
2435 5333 2447 5345 .
2492 5333 2505 5344 .
2534 5287 2564 5344 ἶ
2608 5307 2796 5361 neque
2826 5289 2981 5344 enim
3016 5293 3207 5360 potest
3236 5287 3490 5361 salubris
3519 5306 3557 5344 a
3583 5287 3796 5345 multis

2134 5363 2449 5432 correptio,
2476 5361 2589 5417 nisi
2620 5359 2753 5416 cum
2784 5361 2881 5416 ille
2913 5359 3247 5431 corripitur,
3279 5359 3378 5431 qui
3410 5376 3526 5432 non
3561 5362 3789 5416 sociam

2133 5431 2315 5488 habet
2338 5431 2806 5505 multitudinem.
2833 5432 3330 5505 Gumveroidem
3364 5431 3609 5488 morbus
3650 5433 3790 5505 plu-

2130 5520 2224 5560 res
2255 5504 2640 5575 occupaverit,
2670 5504 2816 5561 nihil
2844 5503 3002 5561 aliud
3033 5503 3202 5561 bonis
3226 5506 3430 5574 restat,
3463 5503 3784 5575 quam'do-

2131 5575 2221 5634 lor
2247 5579 2303 5634 et
2323 5575 2606 5649 gemitus.
