4070 6168
226 326 330 389 289

798 322 1211 386 EXPOSITIO
1255 323 1334 384 ΙΝ
1380 323 1809 385 EPISTOLAS
1855 321 2219 385 PAULL—
2248 323 2328 386 IN
2374 327 2622 390 EPIST.
2668 328 2692 388 Ι
2740 329 2844 390 AD
2889 330 3061 393 COR.

3493 336 3615 398 290

229 462 300 517 eis
326 458 395 513 ab
424 456 655 528 Epheso
682 472 787 529 per
807 457 1655 523 Timotheum,dilectissimum
1678 473 1850 512 suum
1880 456 1939 524 Α
1966 472 2128 525 quam
2174 459 2483 528 jucundum
2527 462 2777 518 habitare
2827 464 3029 533 fratres
3082 466 3144 519 in
3196 482 3373 521 unum
3430 467 3609 539 (Psal.

227 546 586 619 discipulum.
622 548 789 617 (486).

288 637 434 708 (CAP.
471 636 539 706 Ι.)
571 637 802 704 Paulus,
854 640 917 690 ut
963 636 1022 690 in
1073 636 1415 707 praecedenti
1446 636 1704 707 Epistola
1734 637 1853 692 dic-

227 734 335 783 tum
358 730 467 791 est,
502 723 848 779 admirabilis
878 724 1313 795 interpretatur,
1348 741 1451 779 nec
1496 725 1685 781 solum
1717 726 1857 796 quia

229 818 484 872 Romanae
514 813 808 883 urbi,qua=:
838 812 1017 868 totius
1050 814 1207 869 orbis
1239 820 1413 885 caput
1444 816 1855 886 erat,Evange-

225 906 353 961 lium
386 903 646 969 tradidit,
681 904 781 957 sed
812 902 1011 971 etiam,
1045 902 1183 973 quia
1213 903 1581 970 Corinthum,
1620 921 1745 975 qua:
1776 910 1857 960 to-

224 995 329 1049 tius
356 992 591 1048 Grzecize
620 992 799 1046 decus
828 996 973 1059 erat,
1007 991 1368 1048 salutaribus
1412 995 1715 1065 praeceptis
1765 993 1853 1047 in-

225 1082 424 1139 stituit.
460 1082 680 1136 Vocatus
711 1085 799 1136 est
830 1085 1031 1136 autem
1056 1080 1300 1149 trifarie,
1350 1082 1410 1135 id
1454 1087 1561 1152 est,
1596 1083 1654 1136 in
1708 1099 1854 1152 prae-

223 1171 456 1228 scientia
485 1186 549 1225 ac
582 1170 1093 1242 praedestinatione
1125 1170 1246 1235 Dei,
1270 1174 1337 1225 ut
1364 1170 1508 1225 illud
1537 1188 1549 1224 :
1577 1171 1733 1225 Sicut
1753 1172 1858 1226 ele-

218 1264 287 1333 git
312 1276 410 1316 nos
434 1262 496 1315 in
523 1262 635 1331 ipso
664 1268 791 1315 ante
817 1260 1014 1314 mundi
1062 1262 1502 1315 constitutionem
1549 1260 1767 1331 (Ephes.
1816 1278 1854 1327 ι,

222 1354 270 1418 4)
302 1370 315 1407 z
344 1354 401 1405 et
430 1350 639 1422 figura,
668 1350 825 1405 sicut
853 1354 943 1405 est
974 1365 987 1404 :
1020 1350 1315 1420 Benjamin
1336 1352 1495 1421 lupus
1515 1350 1853 1421 rapax(Gen.

221 1458 356 1507 ηυξ,
393 1441 512 1509 27),
564 1443 673 1495 etc.
726 1439 980 1493 Vocatus
1029 1443 1118 1493 est
1165 1439 1343 1493 etiam
1389 1439 1603 1510 verbis,
1660 1440 1857 1511 ibique

222 1529 597 1601 apertissime,
626 1528 727 1583 ubi
756 1528 978 1583 dictum
1010 1533 1099 1584 est
1130 1546 1142 1583 :
1179 1529 1364 1596 Saute,
1398 1529 1583 1597 Saule,
1614 1530 1745 1599 quid
1772 1544 1859 1584 me

215 1620 585 1692 persequeris?
611 1619 745 1675 (Act.
779 1634 918 1687 XXII,
948 1620 1025 1685 7).

280 1708 562 1778 Apostolus
594 1706 809 1772 Graace,
841 1706 1041 1761 Latine
1070 1711 1271 1763 missus
1319 1712 1419 1777 est,
1443 1708 1613 1777 juxta
1662 1708 1805 1762 illud
1844 1743 1859 1783 ε

1965 561 2174 611 cxxxu,
2210 548 2281 616 1).
2313 549 2380 602 Et
2410 554 2565 616 nota,
2602 553 2739 622 quia
2768 551 2827 606 in
2857 552 2965 607 hac
2997 553 3274 624 Epistola,
3299 557 3452 612 sicut
3472 563 3530 613 et
3551 559 3610 613 in

1963 634 2229 706 reliquis,
2289 638 2607 708 Apostolus
2649 658 2823 696 suum
2848 658 3061 697 nomen
3092 648 3431 715 praeposuit,
3465 664 3610 719 quo-

1965 724 2124 779 niam
2158 727 2399 796 majoris
2432 730 2799 785 auctoritatis
2830 736 2954 785 erat
2982 732 3080 802 qui
3113 733 3401 805 dirigebat
3445 737 3610 808 Epis-

1964 812 2167 884 tolam,
2196 831 2374 885 quam
2416 816 2497 879 hi,
2531 817 2748 885 quibus
2796 819 3173 891 dirigebatur.
3224 823 3348 877 Mos
3396 825 3613 897 quippe

1966 908 2074 969 est,
2110 908 2172 957 ut
2201 904 2260 957 in
2290 905 2551 975 epistolis
2586 908 2876 976 majorum
2911 911 3150 966 nomina
3178 920 3613 985 praeponantur,

1965 990 2117 1045 sicut
2146 996 2236 1046 est
2267 991 2409 1046 illud
2444 1011 2457 1048 :
2492 995 2607 1048 Rea:
2636 997 2927 1051 Antiochus
2958 1003 3108 1066 genti
3124 1001 3442 1058 Iudaeorum
3466 1004 3614 1058 salu-

1964 1083 2072 1133 tem
2104 1080 2150 1147 (1
2178 1081 2432 1135 Macliab.
2467 1099 2561 1148 xv,
2589 1086 2666 1149 2).

2035 1170 2295 1224 Ecclesiae
2326 1172 2443 1225 Dei.
2494 1172 2740 1226 Ecclesia
2789 1172 3005 1241 Graece,
3053 1178 3255 1233 Latine
3306 1186 3615 1238 convocatio

1966 1258 2198 1313 dicitur.
2234 1261 2301 1313 Et
2357 1264 2510 1331 apte,
2563 1260 2842 1331 quoniam
2890 1280 3095 1319 omnes
3125 1267 3195 1320 ad
3227 1284 3289 1323 se
3317 1277 3613 1327 convocat.

1966 1346 2130 1401 Unde
2158 1352 2216 1401 et
2244 1349 2519 1403 catholica
2564 1350 2788 1416 dicitur,
2844 1351 2899 1405 id
2950 1357 3039 1407 est
3086 1355 3453 1427 universalis,
3497 1362 3617 1418 sive

1966 1435 2285 1505 generalis;
2316 1437 2475 1507 quia,
2511 1454 2625 1491 non
2660 1443 2722 1491 ut
2752 1439 3156 1495 haereticorum
3190 1447 3613 1519 conventicula,

1966 1522 2026 1577 in
2070 1524 2425 1594 quibusdam
2482 1527 2788 1597 regionum
2833 1528 3098 1598 partibus
3144 1538 3467 1602 cooptatur,
3513 1537 3614 1591 sed

1966 1612 2205 1667 dilatata
2236 1628 2339 1683 per
2370 1618 2567 1669 orbem
2598 1620 2884 1671 terrarum
2916 1617 3281 1675 diffunditur.
3308 1620 3618 1678 Universa-

1968 1700 2042 1757 lis
2071 1706 2287 1769 autem,
2325 1707 2387 1757 ut
2416 1703 2655 1773 quidam
2688 1704 2988 1773 volunt,ab
3020 1724 3135 1763 uno
3169 1709 3468 1781 dicitur,id
3502 1716 3615 1776 est,

218 1801 337 1855 Em
359 1813 457 1867 ego
486 1796 558 1851 ad
584 1802 769 1865 gentes
792 1796 948 1866 longe
972 1795 1178 1866 posita;
1216 1799 1438 1852 minam
1460 1806 1511 1853 ιε
1532 1797 1715 1869 (ιὺίά,,
1745 1801 1858 1868 21),
1891 1831 1939 1895 Β
1970 1790 2110 1861 quia
2138 1807 2342 1846 omnes
2372 1791 2432 1845 in
2464 1792 2746 1895 unitatem
2780 1794 3280 1893 ﬁdeicongregat.
3318 1799 3617 1855 Generalis

216 1888 507 1951 Quomodo
538 1889 734 1940 autem
762 1888 1000 1939 vocatus
1032 1884 1109 1940 sit
1138 1886 1472 1957 Apostolus,
1526 1888 1864 1944 manifestat

218 1977 621 2049 subjungens:
663 1978 771 2030 Per
814 1976 1149 2049 voluntatem
1199 1978 1315 2031 Dei.
1370 1976 1655 2032 Voluntas
1704 1979 1862 2033 varie

214 2048 451 2137 ponitur,
474 2064 533 2119 in
566 2048 883 2135 Scripturis
916 2081 928 2118 :
964 2063 1277 2135 aliquando
1308 2065 1465 2120 enim
1496 2066 1754 2121 animam
1788 2067 1867 2123 si-

214 2155 467 2226 gniﬁcat,
496 2151 810 2223 aliquando
836 2150 1497 2223 consilium,aliquando
1522 2154 1699 2208 habet
1718 2154 1775 2209 in
1801 2171 1863 2210 se

212 2244 570 2299 intellectum
612 2242 795 2306 verbi,
848 2242 1003 2312 quod
1053 2246 1142 2296 est
1190 2240 1395 2312 placet.
1429 2244 1696 2314 Congrue
1724 2259 1861 2315 ergo

211 2335 260 2387 in
288 2333 405 2387 hoc
438 2331 564 2385 loco
595 2346 698 2401 per
724 2330 1084 2385 voluntatem
1127 2330 1229 2385 Dei
1277 2330 1619 2402 accipimus,
1653 2349 1859 2387 secun-

209 2420 340 2473 dum
383 2416 821 2488 beneplacitum
856 2404 979 2485 Dei,
1016 2417 1116 2471 ubi
1146 2417 1264 2472 vim
1296 2418 1501 2472 divinas
1531 2418 1861 2475 dilectionis

210 2508 357 2563 circa
386 2523 454 2561 se
484 2505 909 2563 ostendat.Non
940 2505 1096 2560 enim
1126 2506 1388 2577 quolibet
1417 2508 1590 2563 modo
1618 2511 1859 2579 Aposto-

208 2595 296 2651 lus
325 2598 571 2651 vocatus
600 2597 708 2661 est,
742 2594 844 2649 sed
868 2610 973 2665 per
1000 2596 1359 2651 voluntatem
1396 2596 1511 2665 Dei,
1544 2598 1601 2651 id
1625 2603 1732 2662 est,
1760 2616 1861 2669 per

210 2684 634 2756 providentiam
664 2686 721 2738 et
748 2683 1399 2755 dispensationemJesu
1430 2686 1633 2741 Christi
1662 2692 1857 2742 autem

208 2790 267 2829 se
297 2773 447 2828 dixit
472 2771 915 2843 Apostolum,ad
942 2772 1377 2829 distinctionem
1402 2776 1858 2847 pseudoaposto-

207 2864 418 2918 lorum.
454 2862 797 2934 Quicunque
830 2862 986 2917 enim
1018 2862 1230 2929 verbis,
1265 2863 1386 2919 sive
1414 2864 1695 2935 exemplis
1716 2864 1858 2919 alio-

206 2968 333 3007 rum
388 2956 669 3025 operatur
712 2950 986 3015 salutem,
1046 2952 1253 3007 merito
1282 2952 1496 3007 Christi
1545 2954 1858 3025 Apostolus

202 3041 437 3096 dicitur.
486 3040 822 3096 Econtrario
866 3039 967 3109 qui
1016 3044 1116 3095 aut
1160 3040 1376 3105 verbis,
1429 3046 1530 3096 aut
1577 3042 1859 3113 exemplis

203 3128 461 3200 alicujus
494 3129 881 3201 perditionem
903 3129 1731 3201 operatur,pseudoapostolus
1754 3148 1857 3185 vo-

198 3223 385 3274 catur.

258 3307 328 3361 Et
357 3307 682 3362 Soslhenes.
714 3304 1102 3371 Quaerendum
1133 3321 1314 3376 quare
1342 3305 1454 3361 sibi
1487 3306 1642 3361 hunc
1672 3308 1731 3362 in
1759 3324 1858 3362 sa-

189 3394 494 3450 lutatione
543 3392 807 3448 adscivit.
858 3392 1109 3461 Scilicet,
1159 3394 1298 3463 quia
1353 3394 1687 3451 Corinthius
1736 3402 1861 3452 erat

191 3486 460 3545 edoctor,
496 3480 879 3552 multumque
906 3481 1192 3537 sollicitus
1222 3499 1325 3553 pro
1359 3484 1604 3539 fratrum
1648 3485 1857 3541 salute.

192 3572 323 3640 Sed,
360 3571 517 3642 quia
546 3571 605 3625 in
636 3569 769 3625 aliis
798 3570 1075 3641 Epistolis
1105 3571 1364 3627 diversos
1394 3590 1592 3628 secum
1638 3577 1856 3643 sumit;

198 3661 295 3716 illa
322 3660 661 3732 quaerenda
675 3664 764 3714 est
784 3658 964 3729 hujus
988 3661 1331 3731 quaestionis
1353 3662 1719 3733 solutio,quaa
1742 3682 1861 3720 om-

204 3750 379 3805 nibus
412 3747 727 3804 conveniat
755 3747 917 3803 locis.
952 3749 1262 3805 Sciendum
1294 3767 1450 3823 ergo,
1485 3753 1623 3823 quia
1653 3754 1860 3811 beatus

206 3839 445 3905 Paulus,
483 3837 642 3892 sicut
671 3854 785 3908 prie
816 3838 1038 3892 caeteris
1060 3840 1302 3909 majoris
1331 3842 1576 3910 ardoris,
1596 3849 1652 3896 et
1682 3846 1861 3900 studii

206 3926 308 3981 fuit
336 3943 487 3999 erga
517 3942 662 3982 suos
689 3927 1008 3996 auditores,
1041 3927 1121 3981 ita
1148 3927 1323 3982 etiam
1357 3930 1597 3998 majoris
1628 3931 1863 3986 humili-

207 4017 358 4072 tatis.
388 4016 465 4071 Ut
495 4030 641 4086 ergo
672 4015 843 4070 nobis
874 4032 993 4068 suae
1024 4014 1374 4071 humilitatis
1403 4018 1735 4089 exemplum
1784 4037 1868 4074 re-

208 4102 528 4177 linqueret,
564 4103 783 4158 idcirco
814 4108 870 4157 et
899 4104 1075 4173 hunc,
1108 4107 1165 4158 et
1194 4103 1341 4159 alios
1379 4105 1490 4161 sibi
1538 4106 1596 4160 in
1648 4106 1865 4163 saluta-

206 4194 375 4265 tione,
408 4193 693 4251 adscivit.
730 4191 825 4248 Vel
849 4198 1003 4247 certe
1033 4194 1103 4248 ad
1135 4209 1254 4247 suae
1286 4194 1642 4250 narrationis
1664 4197 1870 4251 conﬁr-

207 4285 556 4348 mationem,
593 4282 733 4354 quia
764 4282 1049 4352 scriptum
1079 4286 1169 4337 est
1202 4300 1214 4337 :
1248 4284 1310 4336 In
1339 4299 1429 4338 ore
1478 4284 1736 4352 duorum,
1787 4286 1869 4341 vel

208 4374 377 4427 trium
424 4374 660 4429 testium
708 4371 877 4426 stabit
921 4387 1080 4427 omne
1124 4372 1347 4426 verbum
1394 4373 1570 4442 (Deut.
1627 4388 1767 4443 xvn,
1800 4377 1869 4441 6;

207 4461 388 4518 Matth.
421 4480 599 4530 xvm,
640 4462 735 4526 16;
767 4463 931 4516 Joan.
968 4477 1088 4527 VIII,
1125 4462 1221 4527 17;
1256 4463 1422 4516 Hebr.
1446 4479 1501 4527 x,
1535 4464 1633 4529 28;
1666 4464 1716 4517 II
1746 4464 1867 4519 Cor.

1938 3974 1945 3979 ,
1974 3928 2051 3981 Eo
2082 3943 2291 3997 genere
2322 3926 2654 3993 locutionis,
2693 3944 2808 3997 quo
2857 3929 3077 3983 dictum
3126 3935 3215 3985 est

1970 1885 2167 1935 autem
2228 1885 2468 1935 vocatur
2514 1881 2795 1949 Ecclesia;
2839 1884 2979 1953 quia
3023 1887 3311 1956 generalis
3340 1888 3398 1942 in
3430 1905 3500 1943 ea
3530 1893 3621 1945 est

1972 1969 2235 2024 doctrina
2263 1969 2333 2024 ad
2366 1970 2629 2026 omnium
2660 1972 3250 2040 institutionem,tam
3276 1976 3348 2030 de
3373 1977 3616 2031 visibili-

1970 2058 2103 2127 bus,
2137 2074 2315 2127 quam
2346 2058 2417 2113 de
2446 2058 2858 2126 invisibilibus,
2885 2066 3003 2115 tam
3035 2063 3105 2117 de
3135 2064 3405 2129 terrenis,
3438 2082 3617 2136 quam

1970 2147 2040 2201 de
2072 2145 2435 2213 coelestibus;
2460 2148 2578 2203 sive
2610 2148 2748 2219 quia
2776 2166 2948 2204 omne
2976 2167 3163 2221 genus
3191 2152 3518 2209 humanum
3545 2155 3617 2209 ad

1969 2235 2172 2290 divina:
2206 2236 2436 2306 pietatis
2475 2242 2530 2290 et
2563 2236 2861 2308 religionis
2906 2240 3329 2309 subjectionem
3382 2258 3619 2315 congre-

1969 2332 2099 2396 gat;
2135 2326 2254 2379 sive
2282 2325 2421 2395 quia
2451 2326 2578 2380 sine
2610 2327 2937 2382 dilferentia
2961 2330 3228 2384 omnium
3260 2338 3496 2402 peccata
3525 2349 3619 2387 cu-

1970 2419 2076 2467 rat.
2110 2416 2207 2468 Dei
2238 2418 2433 2469 autem
2465 2414 2710 2481 addidit,
2741 2417 2812 2470 ad
2846 2417 3303 2474 distinctionem.
3357 2420 3620 2477 Ecclesiae

1970 2501 2601 2573 malignantium,sicut
2632 2505 2917 2575 scriptum
2944 2511 3033 2561 est
3067 2525 3080 2563 :
3125 2509 3297 2564 Odz'vi
3323 2510 3623 2565 Ecclesiam

1968 2591 2402 2663 malignantium
2432 2594 2597 2663 (487).
2634 2594 2836 2665 Igitur,
2886 2596 3025 2666 quia
3066 2597 3331 2653 Ecclesiae
3362 2600 3463 2655 Dei
3492 2601 3619 2670 jam

1966 2680 2029 2736 in
2087 2682 2330 2737 diversis
2377 2683 2582 2737 mundi
2641 2684 2905 2753 partibus
2951 2691 3118 2740 erant
3166 2689 3523 2759 constitutae,
3558 2693 3623 2743 ut

1969 2773 2299 2827 ostenderet
2347 2772 2439 2826 cui
2488 2772 2819 2843 specialiter
2872 2774 3165 2831 scribebat
3194 2778 3408 2847 adjecit
3440 2795 3453 2831 :
3488 2778 3622 2846 Quae

1968 2870 2045 2915 est
2079 2860 2352 2915 Corinthi.
2388 2862 2665 2932 Sequitur
2698 2879 2709 2916 :
2743 2862 3110 2933 Sanctiﬁcatis
3142 2867 3201 2920 in
3231 2866 3440 2921 Christo
3466 2871 3619 2922 Jesu.

1970 2949 2371 3003 Sanctiﬁcatus
2404 2966 2501 3004 eos
2533 2950 2695 3015 dicit,
2728 2952 2828 3021 qui
2862 2969 2964 3021 per
2992 2969 3207 3023 aquam
3240 2955 3518 3027 baptismi
3566 2961 3624 3011 et

1966 3037 2213 3108 gratiam
2235 3038 2420 3092 sancti
2454 3038 2709 3107 Spiritus
2731 3044 2871 3093 sunt
2892 3041 3177 3097 renati.Ut
3206 3048 3400 3098 autem
3425 3048 3621 3099 osten-

1970 3126 2131 3180 deret
2165 3124 2265 3179 ubi
2286 3125 2615 3181 celebratur
2639 3125 2757 3180 haec
2781 3129 3187 3195 sanctiﬁcatio,
3223 3132 3526 3201 adjunxit:
3555 3136 3622 3188 In

1890 3197 1931 3262 C
1972 3213 2183 3269 Christo
2211 3215 2338 3269 Jesu
2369 3231 2388 3269 .'
2419 3214 2545 3268 sine
2575 3214 2703 3285 ipso
2736 3214 2892 3269 enim
2929 3216 3090 3271 nulla
3118 3197 3506 3275 sanctiﬁcatio
3528 3236 3621 3276 ce-

1971 3302 2252 3358 lebratur.

2044 3393 2251 3447 Vocatis
2278 3394 2501 3446 sanctis.
2534 3396 2652 3446 Hoc
2681 3392 2752 3447 de
2784 3392 2876 3447 his
2909 3393 3131 3450 dictum
3162 3400 3270 3464 est,
3304 3398 3402 3469 qui
3425 3397 3484 3452 in
3510 3398 3624 3454 ﬁde

1968 3485 2509 3555 perseveraverunt;
2556 3499 2704 3553 quos
2734 3483 2863 3538 ideo
2884 3484 3105 3551 laudat,
3139 3490 3205 3541 ut
3253 3504 3357 3559 per
3376 3488 3624 3545 istorum

1967 3571 2226 3635 laudem,
2258 3588 2379 3639 eos,
2434 3572 2533 3642 qui
2590 3573 2817 3643 decepti
2869 3578 3026 3642 sunt,
3079 3576 3150 3630 ad
3198 3577 3460 3648 pristinae
3489 3577 3625 3633 ﬁdei

1971 3666 2191 3717 statum
2226 3676 2491 3715 revocare
2524 3667 2742 3732 posset.
2777 3663 2887 3718 Sed
2920 3666 3212 3734 quomodo
3244 3683 3342 3722 eos
3386 3671 3625 3722 sanctos

1970 3754 2207 3805 vocatos
2266 3750 2443 3804 dicit?
2502 3750 2779 3821 Nunquid
2828 3754 3015 3807 sancti
3075 3760 3242 3809 erant
3272 3772 3408 3811 cum
3437 3755 3625 3811 vocati

1974 3839 2149 3893 sunt?
2178 3838 2417 3892 Minime
2449 3856 2460 3892 :
2497 3839 2597 3892 sed
2630 3839 2817 3893 vocati
2856 3840 2995 3895 facti
3046 3848 3187 3897 sunt
3233 3844 3416 3899 sancti
3452 3843 3621 3913 (488).

3267 3949 3280 3985 :
3334 3932 3628 3986 Mulierem

1974 4017 2172 4084 fortem
2194 4016 2316 4083 quis
2348 4016 2593 4067 inveniet
2622 4015 2802 4083 (Prov.
2836 4033 2989 4084 χχχι,
3025 4018 3133 4086 10).

2051 4103 2185 4156 Cum
2231 4102 2503 4168 omnibus,
2536 4104 2632 4171 qui
2658 4104 2915 4158 invocant
2944 4119 3139 4158 nomen
3186 4105 3413 4159 Domini
3452 4106 3629 4160 nostri

1975 4193 2104 4248 Jesu
2133 4190 2359 4259 Christi,
2408 4194 2467 4245 in
2514 4192 2670 4245 omni
2718 4192 2831 4247 loco
2878 4194 3122 4264 ipsorum
3149 4201 3200 4249 et
3234 4202 3433 4250 nostro.
3480 4194 3628 4261 Quid

1980 4282 2088 4337 hoc
2120 4279 2272 4335 dictu
2312 4279 2495 4335 voluit
2547 4282 2872 4347 ostendere,
2905 4298 3038 4337 cum
3069 4283 3174 4352 ait,
3205 4284 3265 4338 in
3295 4283 3447 4339 omni
3476 4285 3587 4340 loco
3608 4287 3633 4337 ?

1980 4370 2227 4437 Scilicet,
2243 4369 2379 4440 quia
2410 4370 2745 4441 quicunque
2774 4372 3073 4427 credentes
3105 4372 3630 4440 inveniuntur,tam

1982 4460 2087 4515 exJ
2100 4458 2485 4529 udzeis,quam
2504 4459 2776 4529 gentibus
2791 4460 3215 4531 etubicumque
3232 4462 3632 4529 inveniuntur,

210 4567 326 4618 xm,
362 4554 438 4623 1).
474 4552 597 4607 Sed
648 4567 828 4621 quare
872 4566 1007 4605 eum
1054 4567 1169 4605 non
1212 4551 1433 4606 vocavit
1482 4552 1823 4623 Apostolum
1845 4552 1872 4607 ‘?
1903 4566 1951 4629 D
1986 4564 2171 4603 unum
2202 4564 2332 4602 esse
2355 4548 2731 4618 debent,quia
2752 4549 2930 4603 unius
2950 4549 3161 4619 capitis
3184 4550 3448 4604 membra
3470 4554 3629 4605 sunt.

211 4638 511 4709 Videlicet,
548 4640 700 4711 quia
729 4640 991 4694 nondum
1022 4644 1147 4695 erat
1178 4645 1349 4695 tantae
1395 4641 1776 4707 auctoritatis,
1812 4646 1875 4696 ut

214 4727 314 4784 hcc
345 4730 601 4786 nomine
637 4728 853 4800 dignus
881 4728 1053 4785 esset;

278 4821 477 4876 Frater
505 4818 679 4875 varie
708 4818 945 4890 ponitur
975 4820 1033 4873 in
1066 4820 1403 4891 Scripturis.
1428 4825 1702 4875 Attamen
1720 4819 1873 4873 hunc

214 4910 531 4979 Apostolus
569 4911 817 4963 fratrem
848 4909 1071 4963 vocavit
1102 4926 1279 4964 causa
1307 4910 1637 4980 adoptionis
1687 4914 1743 4962 et
1791 4910 1872 4962 af-

213 4995 496 5054 fectionis.
536 4998 716 5055 Unde
746 4999 1033 5068 scriptum
1063 5004 1151 5052 est
1181 5000 1309 5053 Ecce
1340 5014 1351 5052 :
1384 5016 1549 5070 quam
1581 4998 1783 5052 bonum
1828 5004 1879 5052 et

286 5194 433 5269 (486)
468 5198 536 5253 In
573 5199 801 5266 autog.,
824 5192 1320 5269 _hic_legitur_cap.
1356 5194 1400 5269 ΙΣ

286 5262 436 5337 (487)
463 5269 626 5324 Psal.
661 5262 792 5337 xx'v,
821 5266 875 5319 5.
910 5262 1341 5337 Texitumhunc
1368 5263 1629 5337 divinare
1660 5262 1876 5334 potius,

260 5334 395 5393 nam
420 5334 815 5411 interpretari
845 5337 992 5411 mihi
1022 5337 1108 5411 fas
1137 5335 1293 5411 fuit:
1331 5334 1411 5411 ita
1457 5336 1611 5411 enim
1658 5339 1814 5411 jacet
1852 5350 1881 5390 0

222 5352 395 5461 quam
429 5352 815 5411 interpretari
845 5352 992 5391 mini
1022 5352 1108 5389 Ias
1141 5352 1250 5389 iuit
1282 5352 1293 5387 :
1331 5352 1411 5389 ita
1457 5352 1611 5390 enim
1658 5352 1814 5405 jacet
1852 5352 1879 5390 0

256 5411 432 5467 ivitia:
479 5429 563 5467 m.
616 5412 765 5466 Cum
810 5409 965 5462 enim
1016 5409 1085 5461 de
1136 5406 1387 5461 Ecclesia
1428 5407 1879 5478 malignantium

224 5495 408 5537 sermo
441 5487 628 5550 esset,
665 5483 734 5535 ad
764 5497 891 5535 eam
922 5485 1143 5535 textum
1176 5478 1377 5550 referri
1407 5478 1615 5533 debere
1655 5478 1880 5534 censui.

224 5553 428 5626 Itaque
458 5559 528 5609 ut
552 5549 719 5625 jacet
737 5552 912 5626 Aodivi,
945 5550 1213 5626 quamvis
1246 5549 1437 5626 littera
1469 5565 1497 5604 ο
1524 5552 1887 5626 seorsimpo-

226 5620 633 5700 sita'legatiir,
665 5624 749 5681 uti
779 5620 991 5697 saepius
1020 5621 1329 5695 contingit,
1350 5620 1540 5695 primo
1570 5620 1885 5695 legendum

1986 4636 2145 4691 Unde
2176 4636 2233 4690 in
2268 4636 2573 4707 Evangelio
2596 4636 3037 4690 DominuszErit
3060 4653 3233 4691 unum
3253 4639 3395 4693 ovile
3424 4646 3474 4693 et
3490 4654 3633 4693 unus

1983 4734 2167 4797 pastor
2196 4728 2371 4797 (Joan.
2400 4743 2454 4795 Χ,
2490 4727 2597 4794 16).
2632 4724 2837 4790 Aliter,
2888 4730 2952 4779 ut
2996 4726 3235 4796 quidam
3284 4728 3506 4794 volunt,
3540 4729 3636 4798 qui

1986 4819 2239 4871 invocant
2262 4831 2455 4869 nomen
2477 4815 2699 4868 Domini
2716 4816 2890 4868 nostri
2908 4816 3032 4869 Jesu
3055 4815 3360 4884 Christi,de
3374 4818 3634 4872 sacerdo-

1983 4905 2144 4959 tibus
2170 4904 2392 4958 dictum
2425 4903 2818 4972 est,quoniam
2852 4904 3114 4974 ipsorum
3146 4910 3235 4961 est
3264 4906 3515 4977 speciale
3546 4906 3633 4959 in-

1985 5010 2189 5049 vocare
2217 5008 2427 5047 nomen
2455 4991 2705 5046 Domini.
2740 4992 2901 5048 Unde
2931 4993 2990 5049 in
3021 4994 3146 5066 lege
3177 4995 3463 5064 scriptum
3504 4997 3593 5047 est
3619 5006 3633 5044 :

1990 5189 2188 5261 putavi
2232 5206 2243 5243 :
2280 5190 2695 5259 expungendus
2742 5189 2948 5245 deinde
2993 5189 3217 5245 litteras
3247 5198 3283 5243 t.
3318 5190 3357 5241 i.
3395 5192 3635 5261 Demum

1992 5257 2214 5338 litteras
2267 5257 2363 5338 ae,
2407 5257 2562 5315 verbi
2620 5262 2924 5338 ecclesiam,
2973 5262 3126 5338 quod
3185 5274 3333 5338 saepe
3388 5257 3637 5338 wcclesia

1992 5332 2289 5402 scribitur,
2324 5332 2573 5387 litteram
2611 5350 2681 5400 ιη,
2717 5334 2907 5388 verbis
2955 5328 3394 5400 malignantium
3440 5328 3635 5402 initia-

1993 5404 2107 5458 lem
2142 5399 2435 5458 esse'mibi
2479 5404 2668 5459 visum
2722 5410 2811 5459 est
2863 5422 2874 5458 :
2928 5402 3065 5456 alibi
3107 5399 3264 5455 enim
3314 5399 3638 5471 saepissime

1994 5474 2319 5531 initialibus
2349 5475 2558 5529 litteris
2591 5481 2781 5530 textus
2812 5472 3055 5544 exprimi
3088 5471 3294 5525 solent.

2065 5548 2213 5677 (ξδδ)
2244 5546 2525 5602 Videatur
2553 5548 2725 5620 epist.
2778 5544 2850 5599 ad
2891 5543 3066 5599 Rom.
3107 5544 3179 5599 ad
3227 5543 3430 5600 eadem
3459 5543 3638 5605 verba

2138 5618 2300 5676 initio
2335 5636 2348 5676 :
2376 5620 2580 5677 vocatis
2603 5617 2820 5673 sanctis.

1994 5617 2106 5678 sub
2138 5618 2300 5676 initio
2335 5636 2348 5676 :
2376 5617 2820 5677 vocatis'sanctis.
