4080 6174
309 409 312 412 ,
413 331 522 392 294

1428 325 1771 388 ATTONIS
1816 323 2406 389 VERCELLENSIS
2451 325 2802 392 EPISCOPI

3699 333 3818 393 292

400 463 492 519 Sic
523 461 854 517 benedicetis
884 460 1029 530 ﬁlios
1059 461 1244 525 Israel,
1280 462 1596 514 invocantes
1644 475 1838 515 nomen
1866 474 2051 512 meum
2081 461 2134 528 Α
2166 460 3228 532 docuit,cumquadragintadiebus,et
3248 460 3523 516 noctibus
3541 462 3825 519 continue

401 568 570 623 super
597 567 683 606 eos
732 551 915 621 (Num.
944 568 1020 618 v1,
1055 551 1145 621 23)
1182 567 1194 603 :
1227 553 1285 604 et
1316 549 1628 604 Psalmista
1661 564 1674 603 :
1708 549 1926 604 Samuel
1966 550 2060 601 in-

399 644 482 696 ter
531 655 622 694 eos
673 641 772 710 qui
823 642 1082 695 invocant
1127 653 1328 692 nomen
1384 638 1500 708 ejus
1543 638 1710 707 (Psat.
1749 653 1945 706 xcvm,
1977 636 2056 704 6).

399 727 633 784 Samuel
656 728 871 800 quippe
889 745 1002 783 non
1028 726 1138 781 fuit
1155 727 1224 781 de
1247 726 1427 798 stirpe
1454 728 1674 792 Aaron;
1699 741 1897 780 verum
1922 723 2060 795 quia

400 818 472 872 de
502 818 660 872 tribu
694 818 827 872 Levi
859 821 1020 872 ortus
1053 816 1101 884 (Ι
1126 817 1258 870 Par.
1284 832 1358 882 v1,
1381 817 1492 883 28),
1527 820 1589 869 ut
1620 816 1677 868 in
1713 814 1861 868 libro
1889 819 2061 868 Para-

403 906 794 978 lipomenonis
829 904 1124 976 legitur,et
1158 905 1430 959 sacerdos
1461 905 1706 969 exstitit,
1737 908 1794 957 et
1815 903 1928 957 Deo
1961 919 2053 957 sa-

404 995 684 1051 criﬁcium
742 993 982 1059 obtulit;
1042 993 1288 1064 ideoque
1317 993 1632 1048 Psalmista
1688 993 1829 1047 dicit
1862 1009 1876 1048 :
1908 994 2057 1046 Inter

387 1075 507 1151 eos,
542 1087 638 1156 qui
667 1085 940 1148 invocant,
977 1082 1033 1136 id
1065 1086 1173 1149 est,
1210 1082 1360 1136 inter
1390 1082 1746 1137 sacerdotes.
1775 1084 1888 1135 Cur
1917 1095 2052 1150 ergo

401 1173 511 1228 hoc
543 1173 622 1227 ait
653 1170 1006 1243 Apostolus?
1039 1171 1111 1226 Ut
1141 1171 1491 1240 ostenderet,
1539 1169 1677 1241 quia
1724 1171 2052 1225 sacerdotes

400 1262 459 1316 in
491 1260 746 1317 Ecclesia
775 1260 989 1324 locum,
1023 1259 1079 1313 id
1112 1264 1201 1314 est
1230 1259 1436 1324 vicem,
1469 1263 1525 1313 et
1555 1259 1812 1313 ofﬁcium
1855 1260 2054 1313 tenent

399 1350 811 1422 Apostolorum
855 1365 867 1402 :
911 1349 1067 1403 unde
1116 1354 1172 1403 et
1218 1347 1468 1419 apostoli
1519 1346 1906 1402 Ecclesiarum
1950 1364 2052 1401 vo-

400 1445 626 1494 cantur.

471 1528 826 1599 Igitur,quia
858 1526 1139 1598 prmmisit
1171 1542 1184 1580 :
1217 1527 1330 1595 Qui
1358 1527 1613 1580 invocant
1639 1541 1841 1580 nomen
1864 1525 2050 1580 Domi-

398 1620 460 1672 ni
487 1620 614 1673 Jesu
645 1617 877 1677 Christi;
911 1633 981 1671 ne
1012 1617 1156 1670 forte
1194 1615 1489 1669 videretur
1534 1614 1961 1680 auctoritatem,
1993 1618 2051 1668 et

399 1707 617 1761 donum
653 1707 749 1760 Dei
781 1705 967 1760 Patris
1011 1702 1348 1770 exclusisse,
1381 1702 1579 1758 intulit
1608 1721 1620 1758 :
1655 1702 1843 1757 Gratia
1871 1703 2046 1770 vobis,

397 1803 448 1850 et
472 1812 595 1866 pax
623 1812 658 1850 a
686 1797 790 1849 Deo
821 1795 984 1848 Patre
1014 1796 1210 1847 nostro.
1256 1791 1480 1857 Quibus
1530 1791 1723 1846 verbis
1772 1793 2049 1846 admonet

397 1884 708 1939 Dominum
739 1883 946 1938 Jesum
973 1881 1299 1947 Christum,
1346 1881 1498 1935 sicut
1540 1881 1725 1936 Deum
1775 1880 2046 1934 invocan-

396 1975 537 2028 dum
572 1991 584 2028 :
620 1988 852 2028 omnem
884 1977 1078 2026 tamen
1112 1970 1383 2044 gratiam,
1407 1975 1464 2024 et
1493 1970 1736 2038 donum,
1766 1969 1839 2024 ad
1862 1969 2044 2023 Deum

397 2067 626 2117 Patrem
659 2061 1046 2126 referendum,
1081 2076 1147 2114 ex
1175 2076 1288 2131 quo
1313 2063 1451 2114 sunt
1471 2058 1699 2113 omnia:
1729 2058 2045 2112 ostendens

397 2152 565 2218 duos,
600 2151 656 2205 id
688 2155 798 2215 est,
832 2151 980 2204 duas
1015 2149 1220 2213 Patris,
1255 2151 1311 2202 et
1340 2145 1466 2202 Filii
1499 2146 1921 2217 persnnas,qui
1945 2162 2046 2217 per

396 2239 758 2294 divinitatem
791 2253 976 2292 unum
1009 2242 1168 2303 sunt,
1190 2241 1247 2290 et
1265 2237 1452 2290 Patris
1485 2235 1891 2290 auctoritatem
1915 2251 2044 2290 esse

397 2327 1114 2400 proferendam.Przeterea
1133 2324 1460 2389 sciendum,
1487 2325 1625 2394 quia
1654 2323 1746 2378 his
1776 2324 1968 2379 verbis
1989 2329 2045 2379 et

400 2415 802 2472 remissionem
851 2419 1218 2486 peccatorum
1251 2413 1566 2468 Corinthiis
1611 2418 1794 2483 optat,
1843 2417 1899 2467 et
1949 2416 2042 2470 Dei

396 2505 946 2561 reconciliationem.
1011 2503 1202 2558 Gratia
1254 2502 1468 2573 quippe
1513 2501 1730 2555 donum
1772 2506 1876 2566 est,
1927 2519 2042 2573 quo

396 2599 632 2667 peccata
688 2593 986 2660 laxantur;
1049 2592 1202 2646 unde
1259 2595 1315 2645 et
1373 2589 1559 2662 gratia
1611 2590 1767 2644 dicta
1816 2595 1922 2657 est,
1976 2608 2042 2647 eo

397 2684 550 2754 quod
583 2683 762 2753 gratis
793 2682 960 2736 detur
995 2698 1008 2736 :
1030 2696 1146 2751 pax
1174 2695 1306 2734 vero
1334 2683 1566 2748 est,qua
1591 2678 2038 2734 reconciliamur

395 2772 531 2827 Deo.

468 2859 666 2931 Igitur,
701 2859 840 2930 quia
869 2857 1053 2930 gratia
1086 2863 1144 2913 et
1176 2874 1304 2928 pax,
1339 2873 1463 2927 quae
1501 2860 1640 2910 sunt
1673 2874 1706 2910 a
1739 2857 1876 2925 Deo,
1904 2860 2043 2912 sunt

393 2957 448 3006 et
481 2951 552 3005 ab
585 2948 885 3020 unigenito
927 2947 1067 3002 Filio
1102 2948 1250 3018 ejus,
1279 2945 1492 3015 adjecit
1525 2961 1536 2998 :
1570 2945 1635 2998 Et
1662 2947 1888 3000 Domino
1915 2948 2042 3001 Jesu

389 3041 624 3095 Christo.
656 3041 948 3101 Attamen,
979 3035 1246 3108 quamvis
1276 3034 1545 3102 latenter,
1577 3034 1756 3088 totius
1788 3033 2038 3089 Trinita-

390 3129 466 3185 tis
496 3129 555 3184 in
588 3129 697 3184 hoc
728 3127 853 3182 loco
884 3124 1199 3196 Apostolus
1231 3122 1583 3178 mentionem
1618 3123 1754 3177 facit
1795 3147 1808 3177 :
1851 3124 2041 3194 gratia

2163 549 2470 618 jejunavit.
2507 551 2668 616 Quod
2699 555 2894 605 autem
2923 550 3106 619 addit,
3135 565 3234 619 pro
3266 549 3566 614 vobis,non
3599 551 3821 607 intelli-

2169 639 2424 708 gendum
2453 645 2544 695 est
2575 656 2677 711 pro
2709 639 3008 705 divitibus,
3043 644 3144 693 aut
3175 639 3534 710 potentibus,
3568 642 3668 696 sed
3711 659 3820 713 pro

2170 727 2351 794 vobis,
2387 728 2442 781 id
2475 733 2582 792 est,
2616 727 2715 798 qui
2739 727 2795 781 in
2819 727 2931 782 ﬁde
2955 727 3390 799 perseverastis.
3422 729 3482 782 In
3503 729 3722 799 gratia;
3756 729 3819 784 id

2168 821 2278 880 cst,
2310 832 2412 886 pro
2443 816 2870 887 gratia.Verum
2903 816 3041 886 quia
3070 821 3208 871 sunt
3239 816 3644 888 nonnulli,qui
3667 818 3818 872 divi-

2168 905 2382 958 tiarum
2414 908 2777 959 terrenarum
2809 905 3059 975 gratiam
3091 905 3308 960 habent
3343 923 3354 960 :
3387 921 3456 960 ne
3491 907 3636 961 forte
3659 907 3818 962 vide-

2168 995 2326 1045 retur
2374 991 2678 1062 Apostolus
2716 1009 2818 1063 pro
2865 992 3206 1062 hujusmodi
3253 994 3470 1065 gratias
3519 994 3816 1062 retulisse,

2167 1078 2385 1145 intulit,
2416 1080 2531 1134 Dei.
2568 1080 2812 1148 Rursus,
2848 1081 2987 1151 quia
3041 1081 3190 1136 hanc
3221 1081 3468 1152 gratiam
3520 1099 3636 1138 non
3687 1084 3819 1140 suis

2166 1168 2415 1233 meritis,
2450 1168 2549 1222 sed
2588 1167 2785 1222 divina
2815 1168 3083 1239 largitate
3115 1170 3307 1240 adepti
3341 1174 3500 1237 sunt,
3549 1171 3766 1241 adjecit
3800 1189 3814 1226 :

2161 1259 2302 1326 Quae
2348 1256 2475 1312 data
2539 1262 2619 1312 est
2666 1259 2814 1312 vobis
2876 1259 2932 1312 in
3005 1259 3217 1314 Christo
3257 1261 3400 1329 Jesu,
3452 1261 3509 1314 id
3565 1266 3654 1317 est
3714 1278 3823 1332 per

2163 1345 2460 1400 Christum
2491 1348 2712 1401 Jesum.
2747 1347 2860 1400 Cur
2891 1352 3086 1402 autem
3120 1348 3331 1403 referat
3359 1348 3600 1420 gratias,
3621 1351 3820 1406 maui-

2162 1433 2338 1488 festat
2367 1450 2381 1488 :
2409 1437 2560 1504 φαιά
2590 1435 2644 1488 in
2677 1436 2928 1489 omnibus
2955 1433 3150 1490 divites
3177 1438 3312 1506 facti
3341 1439 3467 1492 estis
3495 1441 3557 1492 in
3588 1439 3708 1506 illo,
3753 1442 3823 1495 in

2161 1524 2315 1576 omni
2341 1525 2519 1591 verbo,
2543 1529 2652 1578 etc.
2683 1523 2744 1578 In
2776 1522 2898 1593 illo,
2932 1524 2989 1577 id
3019 1529 3126 1593 est,
3155 1541 3255 1596 per
3286 1524 3474 1580 illum.
3508 1527 3619 1582 Sed
3648 1544 3818 1598 quaa-

2161 1611 2408 1665 rendum
2441 1616 2529 1665 est
2558 1612 2773 1682 quibus
2805 1611 3020 1666 divitiis
3053 1611 3184 1667 illos
3212 1613 3368 1668 dicat
3392 1615 3626 1671 ditatos.
3653 1616 3819 1672 Nun-

2161 1699 2302 1770 quid
2332 1701 2478 1764 auri,
2512 1705 2613 1754 aut
2644 1702 2906 1771 argenti?
2947 1701 3091 1756 Non.
3145 1703 3255 1756 Sed
3306 1702 3445 1770 illis,
3475 1705 3542 1759 de
3591 1705 3818 1776 quibus

2160 1787 2341 1842 Isaias
2373 1788 2556 1843 dicit:
2589 1790 2808 1845 Divitiae
2855 1792 3073 1860 salutis,
3121 1792 3412 1861 sapientia.
3451 1796 3504 1847 et
3547 1794 3815 1862 scientia,

2157 1878 2328 1931 timor
2377 1879 2615 1944 Domini,
2665 1881 2780 1950 ipse
2825 1884 3120 1935 thesaurus
3147 1883 3270 1950 ejus
3315 1881 3442 1951 (Isa.
3493 1899 3696 1950 XXXIII,
3731 1884 3817 1955 6).

2158 1965 2323 2020 Unde
2352 1967 2687 2038 Apostolus,
2740 1973 2803 2023 ut
2851 1970 3184 2024 ostenderet
3226 1970 3296 2024 de
3341 1970 3556 2042 quibus
3589 1972 3819 2029 divitiis

2157 2055 2388 2122 dixerit,
2405 2057 2671 2126 adjunxit
2703 2074 2715 2112 :
2750 2059 2811 2111 In
2839 2061 2992 2113 omni
3018 2061 3176 2114 verbo
3205 2068 3256 2114 et
3288 2061 3346 2114 in
3377 2063 3528 2115 omni
3553 2063 3816 2117 scientia.

2161 2143 2389 2199 l'erbum
2423 2145 2530 2199 hoc
2561 2145 2686 2201 loco
2719 2163 2830 2202 non
2863 2147 3172 2203 essentiale
3202 2147 3643 2221 intelligendum
3696 2157 3815 2219 est,

2157 2234 2258 2287 Sui
2291 2233 2774 2306 nuncupativum.
2809 2239 2876 2291 In
2906 2239 3058 2291 omni
3085 2238 3266 2304 verbo,
3299 2238 3358 2292 id
3391 2243 3499 2306 est,
3533 2238 3593 2294 in
3623 2241 3816 2309 omni,

2156 2322 2440 2377 doctrina.
2479 2324 2720 2378 Scientia
2751 2329 2942 2380 autem
2978 2331 3085 2395 est,
3119 2343 3251 2382 cum
3285 2344 3377 2382 res
3420 2327 3620 2399 aliqua
3649 2336 3818 2385 certa

2156 2410 2382 2467 ratione
2415 2411 2752 2484 percipitur.
2788 2415 3104 2469 Sciendum
3133 2432 3289 2486 vero,
3324 2416 3461 2488 quia
3497 2419 3819 2474 voluerunt

2157 2500 2420 2554 nonnulli
2457 2501 2563 2555 hoc
2594 2501 2718 2556 loco
2752 2502 3074 2558 humanam
3105 2505 3315 2560 debere
3345 2504 3590 2578 intelligi
3624 2509 3816 2564 scien-

2156 2587 2328 2655 tiam;
2362 2588 2607 2659 ideoque
2641 2590 2812 2662 paulo
2846 2591 3088 2647 inferius
3119 2593 3353 2648 additur
3387 2611 3398 2648 :
3433 2596 3513 2649 Ita
3562 2601 3622 2650 ut
3653 2596 3816 2651 nihil

2155 2677 2302 2730 vobis
2332 2677 2470 2733 desit
2488 2681 2542 2732 in
2566 2679 2682 2734 ulla
2701 2681 2919 2748 gratia;
2953 2682 3228 2752 quoniam
3260 2682 3534 2740 Salomon
3557 2683 3815 2756 loquens

2153 2765 2224 2820 de
2255 2766 2561 2837 sapientia,
2610 2768 2764 2824 inter
2811 2769 2925 2825 alia
2965 2770 3047 2826 ait
3081 2787 3093 2825 :
3135 2773 3430 2827 Venerunt’
3448 2774 3593 2828 mihi
3619 2777 3818 2830 omnia

2154 2855 2292 2910 bona
2329 2858 2545 2926 pariter
2588 2873 2713 2913 cum
2742 2859 2842 2913 illa
2873 2859 3026 2931 (Sap.
3059 2876 3156 2927 vn,
3193 2861 3279 2932 11)
3313 2878 3326 2914 :
3361 2862 3462 2932 qui
3507 2861 3664 2917 enim
3713 2881 3816 2919 sa-

2154 2944 2320 3015 piens
2350 2949 2458 3014 est,
2484 2945 2707 3001 nullam
2743 2948 2964 3018 patitur
2995 2950 3322 3020 penuriam.
3356 2951 3466 3006 Sed
3502 2951 3715 3008 melius
3747 2953 3814 3007 in

2152 3033 2258 3089 hoc
2280 3033 2402 3089 loco
2426 3034 2708 3105 spiritalis
2728 3036 2971 3092 scientia
2991 3037 3363 3110 intelligitur,
3387 3056 3567 3110 quam
3594 3041 3812 3097 huma-

2153 3139 2254 3177 na:
2272 3123 2481 3178 divites
2497 3124 2651 3178 enim
2673 3125 2852 3181 factos
2870 3125 3010 3180 dicit
3029 3127 3086 3180 in
3106 3128 3261 3181 omni
3282 3129 3542 3194 verbo,et
3564 3129 3620 3184 in
3641 3133 3816 3185 omni

391 3219 546 3274 enim
573 3222 629 3274 et
659 3235 769 3289 pax
799 3217 953 3270 dona
981 3219 1120 3269 sunt
1149 3213 1402 3284 Spiritus
1445 3212 1633 3266 sancti
1669 3229 1682 3266 :
1715 3229 1849 3266 cum
1901 3229 2036 3284 ergo
2069 3196 2112 3261 C
2150 3212 2571 3284 scientia,quia
2601 3213 2660 3267 in
2692 3225 2927 3286 accepta
2956 3216 3144 3286 gratia
3176 3223 3631 3289 perseverantes,
3668 3219 3810 3274 doc-

391 3307 577 3379 gratia
603 3311 658 3362 et
688 3323 798 3378 pax
829 3308 1084 3374 optatur,
1115 3302 1369 3373 Spiritus
1400 3299 1768 3371 sanctus,qui
1803 3307 1890 3354 est
1921 3306 2033 3356 ter-

394 3399 476 3453 tia
505 3396 563 3450 in
596 3393 902 3450 Trinitatis
937 3408 1185 3462 persona
1215 3390 1680 3444 commendatur.

462 3487 681 3540 Gratias
705 3498 804 3552 ago
834 3483 938 3535 Deo
954 3495 1069 3534 meo
1098 3494 1310 3548 semper
1339 3494 1440 3547 pro
1462 3479 1631 3532 vobis.
1673 3477 1852 3531 Solito
1877 3495 2035 3533 more

386 3594 420 3631 a
449 3572 770 3646 gratiarum
810 3568 982 3640 cmpit
1031 3567 1278 3630 actione,
1330 3570 1394 3618 ut
1440 3581 1578 3618 suos
1632 3565 1928 3619 auditores
1960 3566 2058 3619 ads

389 3663 630 3718 meliora
669 3661 1022 3731 provocarat.
1077 3656 1138 3708 In
1189 3671 1304 3724 quo
1355 3655 1505 3708 facto
1556 3653 2033 3724 pradicatoribus

391 3750 625 3822 reliquit
653 3745 1007 3818 exemplum,
1041 3749 1106 3798 ut
1135 3759 1248 3797 non
1281 3743 1455 3796 modo
1503 3758 1606 3812 pro
1655 3743 1801 3803 suis,
1835 3744 1935 3797 sed
1978 3749 2034 3798 et

390 3857 494 3913 pro
524 3837 857 3894 auditorum
889 3849 1132 3890 suorum
1167 3831 1522 3904 profectibus
1545 3835 1655 3885 Deo
1685 3832 1902 3901 gratias
1945 3849 2032 3886 re-

385 3931 536 3986 ferre
586 3927 880 3983 studeant.
931 3923 1186 3979 Dicendo
1233 3924 1426 3976 autem
1478 3921 1602 3988 Deo,
1625 3921 1810 3985 docet,
1870 3927 1934 3975 ut
1982 3921 2030 3976 si

384 4021 560 4075 homo
591 4017 664 4073 ab
695 4015 932 4071 homine
963 4012 1187 4084 aliquid
1217 4010 1353 4066 boni
1387 4009 1579 4070 discit,
1620 4026 1732 4064 non
1783 4010 2030 4077 homini,

389 4110 491 4165 sed
550 4113 665 4163 Deo
715 4103 990 4172 ascribat,
1041 4105 1098 4157 et
1141 4098 1360 4172 gratias
1407 4103 1586 4171 agat:
1621 4098 1840 4152 frustra
1874 4100 2030 4154 enim

387 4199 612 4253 laborat
639 4210 832 4250 sermo
865 4189 1264 4264 pradicatoris
1295 4187 1686 4253 exterius,nisi
1719 4187 1871 4242 adsit
1898 4205 2028 4259 gra-

384 4287 465 4341 tia
495 4282 687 4340 sancti
716 4281 991 4353 Spiritus,
1044 4295 1170 4349 quas
1219 4280 1474 4330 mentem
1515 4275 1718 4328 doceat
1762 4275 2027 4331 interius.

383 4374 492 4428 Meo
519 4388 652 4426 vero
693 4368 942 4435 addidit,
997 4372 1060 4420 ut
1104 4365 1456 4429 ostenderet,
1504 4362 1645 4433 quia
1694 4367 1864 4428 Deus,
1920 4365 2029 4419 etsi

386 4467 597 4520 natura
626 4458 891 4514 omnium
939 4459 1025 4511 est
1071 4460 1250 4520 Deus;
1301 4452 1442 4523 quia
1487 4453 1752 4506 omnium
1797 4454 2032 4509 Creator

384 4556 440 4608 et
481 4551 691 4620 judex;
743 4545 1040 4601 voluntate
1089 4546 1285 4597 tamen
1332 4545 1390 4596 et
1442 4539 1649 4594 merito
1708 4557 2028 4611 paucorum
2059 4563 2106 4628 D

381 4644 489 4705 est,
517 4638 574 4692 id
608 4642 696 4693 est
724 4635 1064 4699 electorum,
1089 4647 1337 4703 quorum
1369 4628 1738 4685 solummodo
1776 4637 1864 4685 est
1909 4630 2029 4686 haec

379 4744 824 4887 vol‘t.aque,quia
854 4815 993 4867 sunt
1018 4809 1303 4878 nonnulli,
1336 4809 1435 4880 qui
1469 4814 1585 4863 tam
1621 4809 1676 4862 in
1711 4810 2024 4881 prosperis,

379 4921 558 4977 quam
580 4904 638 4958 in
671 4902 948 4966 adversis,
983 4917 1097 4954 non
1129 4899 1536 4966 continuatim,
1570 4899 1669 4954 sed
1703 4899 1772 4953 ad
1795 4903 2026 4969 tempus

376 4993 492 5049 Deo
521 4991 738 5063 gratias
762 4989 1021 5044 referunt
1047 5003 1059 5043 :
1087 4992 1151 5041 ut
1169 4991 1519 5041 monstraret
1540 4987 1875 5058 Apostolus,
1905 4992 2024 5042 tam

374 5084 431 5138 in
463 5081 968 5155 prosperis,quam
1002 5077 1058 5131 in
1091 5076 1648 5146 adversis,continue
1671 5077 1784 5131 Deo
1807 5076 2024 5148 gratias

374 5171 729 5238 referendas,
762 5166 1050 5238 adjunxit,
1084 5181 1313 5236 semper.
1348 5165 1465 5220 Hoc
1514 5165 1688 5220 etiam
1740 5164 2023 5219 Dominus

442 5330 592 5400 (489)
627 5331 830 5400 Autog.
863 5328 1039 5400 habet
1059 5329 1119 5382 in
1151 5325 1593 5400 templ_um,quod
1626 5324 1696 5400 ad
1723 5324 2021 5400 meliorem

442 5344 592 5400 (qua)
627 5344 768 5386 auio
817 5370 830 5383 .
864 5344 1119 5383 nanetzn
1151 5344 1593 5396 templum,quou
1627 5344 1696 5378 au
1723 5344 2021 5380 meliorem

376 5401 678 5456 lectionem
710 5344 1097 5475 regigendum
1129 5395 1598 5475 censuiSensus'
1619 5396 1860 5475 fortasse
1911 5395 2021 5475 hu:

364 5473 533 5545 jusce
562 5466 1059 5545 interpretationis
1109 5469 1180 5523 ad
1229 5466 1369 5522 illud
1405 5466 1832 5545 referri_deb_et,
1866 5468 2020 5545 quod

373 5537 526 5600 idem
558 5537 860 5616 apostolus
910 5542 1236 5616 hac_Ep.c._
1255 5554 1424 5616 1n,__v.
1460 5538 1525 5616 1_6
1558 5554 1570 5591 :
1605 5537 1856 5616 Nescitis,
1884 5537 2022 5616 quia

371 5609 634 5696 templum
662 5617 760 5672 Dei
786 5615 935 5685 estis,
968 5612 1055 5670 vel
1085 5609 1138 5668 v'.
1170 5611 1236 5667 17
1266 5627 1278 5667 :
1312 5609 1373 5665 Si
1399 5611 1522 5684 quis
1550 5610 1733 5669 autem
1759 5609 2022 5685 templum

2146 3301 2359 3355 trinam
2389 3300 2671 3373 spiritalis
2699 3303 2952 3358 scientia:
2985 3310 3124 3359 sunt
3153 3306 3367 3376 adepti.
3387 3305 3550 3361 Unde
3582 3313 3639 3362 et
3662 3309 3810 3363 sub-

2145 3389 2302 3443 ditur
2335 3408 2346 3444 :
2382 3391 2531 3444 Sicut
2563 3394 2934 3447 testimonium
2965 3393 3175 3448 Christi
3203 3395 3591 3463 conﬁrmatum
3617 3405 3696 3452 est
3743 3401 3810 3453 in

2144 3479 2741 3534 vobis.Testimonium
2767 3481 2980 3552 quippe
3003 3483 3213 3537 Christi
3237 3501 3371 3538 vera
3402 3484 3651 3540 scientia
3675 3492 3803 3542 est:

2145 3568 2298 3638 quod
2333 3568 2390 3621 in
2423 3567 2736 3622 Corinthiis
2781 3570 3189 3626 conﬁrmatum
3236 3575 3380 3638 erat,
3419 3573 3562 3643 quia
3591 3573 3649 3628 in
3683 3575 3805 3630 ﬁde

2143 3655 2669 3725 corroborati,nihil
2693 3659 2763 3712 de
2785 3658 3124 3715 hominibus
3152 3661 3802 3734 sperabant,nullisque

2146 3748 2382 3798 terrena:
2412 3746 2729 3815 voluptatis
2759 3747 3046 3802 illecebris
3078 3748 3320 3814 inducti,
3347 3766 3584 3805 omnem
3629 3769 3805 3823 spem

2143 3847 2312 3887 suam
2335 3831 2392 3885 in
2418 3832 2646 3889 Christo
2673 3835 3299 3892 collocaverant.Aliter
3322 3853 3334 3891 :
3361 3839 3805 3896 Testimonium

2143 3920 2782 3978 Christiconﬁrmatum
2800 3928 2923 3978 erat
2954 3924 3011 3978 in
3048 3924 3187 3995 illis,
3218 3913 3377 3997 quia,
3411 3929 3571 3998 quod
3593 3929 3803 3985 Chris-

2142 4015 2238 4064 tus
2258 4010 2441 4080 gcssit
2461 4010 2520 4064 in
2544 4011 2919 4077 homine,hoc
2945 4012 3005 4067 in
3025 4029 3229 4068 eorum
3254 4015 3483 4070 actibus
3501 4023 3807 4073 monstra-

2143 4098 2316 4152 batur
2337 4099 2397 4152 in
2420 4099 2636 4170 templo
2653 4101 2992 4170 (-’189).Sicut
3013 4101 3166 4156 enim
3191 4101 3456 4158 Christus
3479 4105 3813 4162 cruciﬁxus

2141 4186 2476 4253 resurrexit,
2511 4188 2804 4260 oculosque
2831 4191 3200 4254 conscendit;
3252 4191 3332 4247 ita
3362 4197 3420 4247 et
3451 4192 3512 4248 hi
3547 4196 3810 4251 mundo.

2139 4275 2414 4346 vitiisque
2451 4276 2735 4343 crucifixi,
2761 4282 2818 4332 et
2846 4277 3163 4335 virtutibus
3195 4286 3588 4352 resurgentes,
3619 4282 3817 4340 oculos

2140 4380 2242 4434 per
2288 4363 2515 4420 coaleste
2558 4365 2912 4422 desiderium
2957 4369 3442 4425 conscenderunt.
3492 4372 3813 4435 Quomodo

2141 4468 2269 4507 vero
2302 4453 2714 4510 conﬁrmatum
2747 4456 2824 4511 sit
2849 4457 3061 4512 Christi
3090 4458 3496 4514 testimonium
3543 4460 3604 4514 in
3657 4461 3809 4517 illis.

2139 4542 2414 4611 aperitur,
2449 4559 2582 4597 cum
2617 4544 2892 4599 subditur
2924 4563 2935 4600 :
2969 4548 3055 4601 Ita
3085 4550 3144 4600 ut
3172 4547 3318 4601 nihil
3358 4549 3505 4602 vobis
3554 4550 3699 4604 desit
3741 4552 3811 4604 in

2139 4631 2255 4684 ulla
2305 4632 2582 4700 gratia,id
2615 4638 2724 4701 est,
2756 4634 2876 4689 ulla
2905 4634 3134 4691 virtute.
3169 4637 3391 4701 Quibus
3433 4642 3634 4692 autem
3689 4639 3813 4694 hoc

2139 4718 2312 4790 dicat,
2347 4721 2624 4791 aperitur,
2649 4739 2781 4776 cum
2815 4724 3088 4779 subditur
3121 4743 3132 4779 :
3167 4727 3623 4797 Exspectantibus
3651 4744 3817 4784 reve-

2139 4808 2392 4864 lationem
2430 4811 2650 4864 Domini
2693 4815 2871 4867 nostri
2915 4815 3039 4868 Jesu
3089 4813 3308 4869 Christi.
3357 4815 3808 4873 Revelationem

2135 4897 2367 4952 Domini
2399 4899 2536 4953 Jesu
2566 4900 2961 4965 Christi,diem
2993 4904 3389 4972 vocatjudicii
3423 4921 3436 4957 :
3469 4909 3601 4960 tum
3635 4907 3812 4962 enim

2137 4987 2408 5042 Christus
2457 4990 2736 5044 omnibus
2785 4989 3160 5057 revelabitur,
3213 4997 3329 5046 tam
3378 4993 3577 5061 iustis,
3613 5012 3810 5066 quam

2137 5074 2396 5144 iujustis,
2435 5082 2554 5131 tam
2590 5077 2723 5148 piis,
2757 5094 2933 5147 quam
2985 5079 3202 5151 impiis,
3237 5086 3301 5135 ut
3332 5081 3491 5147 mali,
3527 5082 3817 5139 videntes

2137 5166 2286 5235 quod
2324 5166 2556 5221 credere
2583 5166 2914 5238 noluerunt,
2947 5169 3384 5224 confundantur
3413 5175 3467 5225 et
3506 5178 3809 5243 pereant;

2131 5325 2229 5398 Dei
2257 5326 2658 5398 violaverit.....
2694 5327 2954 5398 templum
2992 5331 3094 5395 Dei
3129 5338 3380 5384 sanctum
3427 5333 3530 5396 est,
3583 5329 3674 5385 vel
3736 5333 3823 5387 ad

2130 5394 2498 5473 illuc,hquo_d
2551 5414 2602 5452 c.
2653 5414 2730 5461 vr,
2768 5394 2836 5473 7v.
2891 5400 2976 5473 19,
3023 5394 3272 5473 membra
3301 5405 3489 5473 vestra
3517 5394 3827 5473 templum

2129 5474 2257 5520 sunt
2305 5465 2548 5537 Spiritus
2596 5472 2774 5524 sancti
2821 5489 2838 5523 :
2883 5469 2970 5524 vel
3017 5472 3155 5526 item
3187 5473 3235 5527 ll
3266 5473 3333 5527 ad
3378 5472 3508 5527 Cor.
3543 5489 3596 5526 c.
3631 5465 3714 5538 in,
3753 5491 3820 5530 ν.

2135 5538 2221 5602 16,
2254 5552 2343 5665 vol;
2373 5541 2520 5595 enim
2549 5543 2673 5598 estis
2706 5541 2967 5613 templum
3015 5543 3114 5600 Dei
3156 5545 3287 5600 viri.
3318 5541 3420 5599 Vel
3466 5542 3820 5631 legendum

2135 5624 2320 5665 exemp
2346 5624 2392 5665 0.

2131 5624 2392 5682 exempto.
