4080 6174
205 307 293 373 297
730 299 1165 361 EXPOSITIO
1210 300 1288 360 IN
1336 297 1793 359 EPISTOLAS
1837 297 2105 359 PAULI.
2144 303 2330 362 -ΙΝ
2376 305 2624 369 EPIST.
2674 310 2695 367 Ι
2742 311 2845 369 AD
2892 311 3069 373 COR.
3519 325 3638 389 298

207 439 314 492 dare
344 446 671 503 personam.
701 431 773 486 Et
804 434 897 487 est
945 447 1197 486 sensus:
1230 431 1287 486 Si
1322 429 1592 486 Christus
1633 446 1749 499 pro
1781 445 1879 483 νο·
1909 430 1963 494 Α
1999 430 2277 501 ὗᾶρῖίΖᾶῒ,
2314 436 2590 493 continuo
2624 440 2868 497 idoneus
2910 448 2997 497 est
3034 447 3430 519 evangelizare
3465 470 3477 508 :
3509 472 3641 512 nam

205 526 294 595 bis,
312 528 359 579 et
385 537 501 576 non
534 520 758 575 Paulus
792 521 1115 576 cruciﬁxus
1148 525 1263 590 est,
1288 525 1344 575 et
1366 520 1512 588 ejus,
1540 536 1676 573 non
1703 517 1872 572 Pauli
1986 521 2095 574 etsi
2121 524 2409 578 solemnia
2433 534 2572 581 sunt
2593 530 2782 597 verba,
2801 548 2927 601 quae
2949 517 3229 591 dicuntur
3250 537 3303 591 in
3331 541 3651 613 baptisma-

204 611 447 684 sanguine
478 610 767 681 redempti
792 610 961 676 estis,
994 626 1102 664 cur
1124 611 1197 664 ad
1228 610 1357 678 ejus
1388 607 1713 677 injuriam,
1738 612 1871 661 tan-
1986 612 2061 677 te,
2098 608 2232 664 licet
2264 618 2459 667 tamen
2492 631 2559 670 ea
2592 617 2795 674 multis
2828 621 3052 690 dicere;
3087 607 3484 697 evangelizare
3513 650 3647 690 vero

206 711 301 760 tam
327 700 566 773 gratiam
600 704 661 754 et
690 698 1044 754 beneficium
1094 697 1333 752 homini
1382 695 1754 768 imputatis?
1783 700 1872 751 An
1984 712 2098 750 non
2134 704 2341 769 potest,
2376 702 2490 757 nisi
2541 707 2803 762 eruditus
2846 710 3179 783 cpiscopus,
3214 695 3268 770 et
3317 718 3649 780 instructus

202 794 247 847 in
271 790 471 845 nomine
501 788 670 842 Pauli
701 787 967 857 baptizati
996 789 1179 843 estis?
1214 787 1288 841 Et
1337 790 1424 841 est
1472 785 1872 840 sensuszBa-
1981 785 2184 841 doctor
2233 789 2525 857 Ecclesiae,
2572 795 2668 863 qui
2721 796 2865 851 bene
2917 801 3082 863 novit
3132 806 3398 863 omnium
3453 828 3648 869 mures

204 877 403 955 ptizavit
432 876 668 939 Paulus,
704 877 803 931 sed
840 882 905 931 ut
936 876 1223 931 minister
1255 874 1496 941 Christi;
1533 872 1871 943 baptizavit
1978 872 2290 945 inspicere,
2324 885 2379 933 et
2429 883 2754 938 secundum
2806 891 3311 949 conversationem
3369 898 3647 956 uniuscu-

205 969 459 1030 Christus,
486 966 587 1021 sed
621 965 776 1059 sicut
807 966 959 1059 Deus
993 971 1049 1020 et
1098 970 1322 1059 auctor
1353 963 1666 1059 baptismi,
1692 963 1867 1059 cujus
1968 962 2210 1034 jusque,
2257 969 2703 1059 praedicationis
2758 976 2929 1030 verba
2986 979 3259 1037 formare.
3317 985 3643 1059 Episcopus

202 1056 577 1115 auctoritatem
612 1054 759 1108 nulli
786 1055 1209 1109 ministrorum
1238 1053 1504 1108 Ecclesiae
1535 1052 1860 1116 concessit,
1974 1067 2132 1125 ergo;
2168 1055 2266 1125 qui
2301 1058 2570 1112 omnium
2618 1062 2904 1131 graduum
2954 1070 3214 1125 continet
3262 1052 3637 1145 dignitatem,

201 1148 277 1204 sed
305 1144 405 1200 sibi
461 1142 567 1198 soli
620 1144 957 1197 reservavit.
990 1142 1164 1235 Unde
1190 1143 1500 1235 Joannes
1527 1141 1862 1235 plusquam
1971 1146 2161 1235 potest
2193 1144 2514 1216 aliquando
2548 1148 2722 1203 etiam
2746 1152 3000 1207 ministri
3037 1158 3226 1213 ofﬁcio
3260 1141 3425 1233 fungi
3453 1181 3464 1217 :
3491 1141 3637 1235 prae;

201 1234 452 1309 propheta
487 1249 498 1285 :
550 1232 655 1299 Qui
700 1232 854 1285 misit
902 1247 987 1285 me
1037 1233 1333 1301 baptizare
1361 1232 1529 1301 (497),
1564 1231 1670 1286 ille
1718 1230 1862 1283 mihi
1968 1232 2234 1288 sentibus
2260 1239 2458 1289 tamen
2485 1235 2772 1293 ministris
2803 1240 3103 1311 baptizare
3127 1264 3237 1301 non
3264 1230 3451 1305 debet.
3472 1230 3635 1308 [inde

1966 1319 2169 1377 Petrus
2223 1323 2529 1393 apostolus
2573 1328 2972 1385 centurionem
3007 1332 3340 1391 Cornelium
3381 1356 3495 1394 non
3528 1358 3634 1412 per

1965 1425 2026 1464 se
2060 1411 2396 1482 baptizavit,
2433 1416 2533 1469 sed
2592 1418 2879 1473 ministris
2925 1421 3220 1493 baptizare
3270 1442 3404 1480 eum
3445 1411 3638 1498 jussit

202 1512 374 1560 sancto.
398 1502 464 1557 Si
496 1500 650 1555 enim
687 1503 1039 1571 potestatem
1070 1498 1407 1569 baptizandi
1440 1499 1519 1552 ad
1547 1497 1853 1552 ministros
1964 1499 2099 1567 (Act.
2122 1519 2175 1565 Χ,
2198 1503 2471 1585 -i8),quia
2495 1504 2613 1560 illis
2638 1510 3027 1577 przcsentibus
3056 1530 3166 1566 non
3195 1497 3639 1585 dignumiduxit

195 1590 620 1655 transmisisset,
646 1592 736 1644 tot
769 1593 966 1642 essent
995 1587 1377 1657 baptismata,
1405 1590 1560 1657 quot
1592 1591 1647 1640 et
1680 1584 1852 1639 mini-
1961 1587 2071 1642 hoc
2098 1606 2199 1660 per
2232 1608 2295 1645 se
2343 1583 2537 1662 agere.
2572 1595 2835 1651 Christus
2868 1615 3006 1670 ergo
3042 1619 3156 1655 non
3192 1583 3353 1657 misit
3383 1604 3636 1661 Paulum

197 1682 300 1736 stri.
327 1680 413 1735 Ait
447 1695 586 1751 ergo
621 1696 633 1733 :
666 1680 754 1733 An
804 1678 864 1732 in
897 1678 1120 1731 nomine
1151 1676 1329 1730 Pauli
1376 1676 1653 1746 baptizati
1683 1675 1853 1729 estis?
1961 1676 2281 1748 baptizare,
2316 1681 2457 1752 quia
2490 1700 2605 1738 non
2657 1690 2782 1739 erat
2811 1704 2945 1741 cum
2980 1688 3118 1755 illis,
3154 1691 3373 1760 quibus
3406 1693 3634 1750 dictum

190 1770 474 1841 Tanquam
506 1769 732 1823 diceret
758 1783 771 1821 2
797 1765 858 1821 Si
888 1765 1191 1820 credentes
1220 1765 1279 1819 in
1303 1764 1545 1819 Christo
1570 1762 1848 1835 baptizati
1883 1803 1930 1849 ῃ
1961 1771 2051 1819 est
2074 1782 2087 1820 :
2114 1769 2315 1823 Euntes
2346 1771 2525 1827 docete
2575 1789 2763 1829 omnes
2810 1782 3033 1844 gentes;
3086 1778 3425 1849 baptizantes
3453 1800 3540 1838 eos
3572 1786 3635 1838 in

191 1858 322 1921 estis,
353 1863 407 1913 et
435 1858 576 1927 ejus
609 1856 850 1912 nomine
896 1854 1225 1926 justiﬁcati,
1249 1870 1353 1908 cur
1392 1852 1551 1908 tanti
1583 1852 1853 1906 beneficii
1884 1852 1931 1868 ν
1961 1857 2190 1910 nomine
2244 1862 2452 1923 Patris,
2490 1870 2539 1915 et
2600 1863 2751 1925 Filii,
2801 1872 2854 1917 et
2900 1866 3145 1935 Spiritus
3190 1870 3372 1923 sancti
3417 1871 3629 1940 (Matth.

194 1947 572 2013 immemores,
608 1945 883 2001 homines
914 1942 1105 1999 facitis
1133 1948 1335 2021 vestris
1367 1942 1510 1997 ﬁdei
1545 1940 1853 1995 auctores?
1959 1960 2162 2009 xxvui,
2197 1946 2283 2015 19)
2310 1962 2323 2001 :
2354 1948 2456 2002 sed
2505 1951 2902 2021 evangelizare
2952 1954 3183 2023 direxit,
3219 1972 3354 2010 cum
3386 1961 3624 2013 Ananiae

191 2038 264 2091 Sic
291 2037 439 2092 enim
488 2041 628 2091 tunc
678 2039 850 2089 erant
882 2031 1191 2099 Corinthii,
1224 2032 1377 2088 sicut
1423 2029 1767 2097 Novatiani,
1797 2034 1854 2085 et
1961 2032 2041 2086 ait
2074 2050 2085 2086 :
2128 2033 2292 2101 Vade,
2317 2053 2453 2105 quia
2487 2054 2585 2092 vas
2614 2040 2898 2094 electionis
2929 2050 3007 2095 est
3039 2044 3143 2097 iste
3174 2045 3333 2114 mihi,
3358 2050 3420 2100 ut
3446 2052 3623 2117 portet

184 2126 511 2191 Donatistae,
547 2124 646 2195 qui
701 2121 985 2194 baptismi
1038 2120 1446 2175 auctoritatem
1504 2118 1621 2174 sibi
1668 2120 1849 2173 ascri-
1958 2136 2156 2176 nomen
2212 2139 2396 2178 meum
2454 2142 2647 2180 coram
2704 2130 2979 2197 gentibus,
3012 2139 3062 2184 et
3108 2133 3353 2202 regibus,
3386 2138 3439 2189 et
3483 2137 3623 2205 ﬁliis

186 2215 389 2281 bentes,
421 2214 766 2284 baptizatos
810 2228 846 2266 a
898 2208 1201 2265 catholicis
1252 2208 1669 2279 reprobabant,
1703 2211 1759 2262 et
1790 2207 1849 2262 in
1958 2209 2127 2264 Israel
2157 2212 2290 2281 (Act.
2327 2230 2400 2277 1x,
2435 2214 2548 2283 15).
2584 2217 2885 2279 Quomodo
2917 2234 3051 2271 vero
3085 2219 3307 2275 missus
3338 2222 3415 2276 sit
3444 2238 3619 2278 evan-

199 1326 318 1380 dixit
344 1342 358 1377 :
385 1322 567 1393 Super
599 1336 761 1392 quem
794 1320 995 1374 videris
1048 1320 1330 1391 Spiritum
1358 1319 1773 1375 descendentem
1802 1322 1858 1372 et

198 1423 491 1470 manentem
518 1427 684 1482 super
716 1427 864 1476 eum,
902 1410 992 1464 hic
1022 1417 1101 1464 est
1132 1411 1240 1480 qui
1269 1410 1513 1480 baptith
1544 1410 1605 1463 in
1634 1409 1855 1479 Spiritu

190 2319 367 2359 eorum
418 2302 714 2374 personis,
750 2300 851 2371 qui
894 2316 927 2353 a
971 2315 1032 2354 se
1083 2302 1248 2352 erant
1292 2296 1602 2368 baptizati,
1635 2294 1847 2366 gloria-

190 2391 403 2446 bantur.

249 2480 387 2549 (498)
412 2479 641 2534 Gratias
670 2493 775 2549 ago
805 2479 911 2532 Deo
940 2491 1078 2531 meo.
1103 2475 1219 2530 Cur
1240 2479 1357 2530 tam
1383 2474 1690 2546 granditer
1720 2489 1849 2544 gra-

183 2568 282 2623 tias
304 2569 548 2634 referat,
573 2568 915 2622 manifestat
940 2584 952 2621 :
979 2566 1127 2633 Quod
1150 2567 1423 2620 neminem
1448 2567 1691 2619 vestrum
1722 2564 1843 2635 bap-

186 2658 358 2723 tizari,
388 2660 508 2712 nisi
546 2656 798 2728 Crispum
819 2661 871 2710 et
900 2655 1119 2710 Gaium.
1145 2655 1292 2725 (499)
1315 2655 1465 2725 Ergo
1500 2652 1723 2707 malum
1756 2658 1845 2708 est

177 2746 514 2817 baptizare?
544 2746 731 2801 Absit.
758 2745 867 2801 Sed
904 2745 1044 2816 quia
1079 2744 1204 2814 jam
1238 2743 1383 2797 vidit
1413 2759 1482 2797 ex
1510 2758 1617 2795 suo
1651 2740 1841 2811 bapti-

176 2841 352 2891 smate
396 2840 603 2891 ortum
650 2851 933 2900 errorem,
965 2832 1297 2903 intelligens
1329 2831 1508 2903 quod,
1546 2830 1593 2885 si
1643 2829 1841 2901 plures

171 2923 553 2995 baptizasset,
585 2922 772 2978 multo
826 2923 1014 2992 major
1062 2939 1222 2977 error
1268 2924 1645 2998 accresceret,
1683 2918 1741 2973 in
1775 2936 1840 2975 eo

170 3014 310 3081 quod
347 3030 586 3084 paucos
630 3029 833 3067 eorum
888 3010 1430 3081 baptizaverit,Deo
1482 3007 1701 3079 gratias
1751 3025 1836 3063 re-

163 3100 279 3155 fert.
321 3102 502 3157 Unde
536 3100 816 3155 continuo
849 3100 1050 3155 subdit
1079 3118 1097 3152 :
1128 3100 1202 3153 Ne
1244 3101 1366 3170 quis
1408 3097 1577 3163 dicat,
1612 3096 1748 3166 quod
1780 3099 1837 3150 in

1957 2297 2203 2370 gelizare
2252 2302 2529 2365 ostendit,
2586 2320 2720 2356 cum
2782 2305 3175 2361 subditzNon
3230 2312 3289 2365 in
3344 2313 3623 2382 sapientia

1959 2388 2125 2441 verbi.
2158 2389 2288 2444 Ideo
2326 2390 2542 2461 quippe
2593 2408 2707 2445 non
2740 2392 2798 2446 in
2841 2393 3130 2464 sapientia
3176 2399 3335 2453 verbi
3386 2399 3526 2454 dicit
3557 2416 3622 2455 se

1955 2477 2520 2549 evangelizare,quia
2543 2479 2879 2549 praedicatio
2901 2481 3255 2551 Christiana,
3274 2491 3331 2542 et
3352 2488 3624 2543 doctrina

1954 2566 2289 2637 evangelica
2322 2584 2437 2622 non
2472 2574 2603 2639 eget
2646 2585 2863 2640 pompa
2890 2572 3228 2641 verborum,
3263 2576 3366 2630 sed
3409 2578 3624 2633 virtute

1954 2656 2189 2726 propria
2202 2658 2656 2712 commendatur
2672 2657 3018 2728 :disciplinze
3030 2665 3225 2717 autem
3242 2665 3620 2720 saecularium

1953 2745 2310 2814 studiorum,
2332 2746 2469 2816 quia
2492 2746 2563 2800 ab
2594 2746 2935 2803 hominibus
2968 2749 3212 2805 inventae
3236 2758 3398 2822 sunt,
3424 2752 3619 2821 lepore

1950 2832 2216 2904 indigent
2241 2834 2618 2904 eloquentiae;
2644 2836 2800 2905 quia,
2832 2854 2962 2891 cum
2988 2838 3149 2894 nulla
3182 2840 3257 2894 sit
3290 2841 3347 2894 in
3381 2841 3466 2895 eis
3494 2842 3613 2895 vir-

1952 2925 2046 2976 tus
2060 2921 2221 2976 nulla
2240 2924 2725 2992 ratio,verborum
2746 2929 2974 2980 tantum
2994 2929 3341 2999 compositio
3366 2930 3611 2986 honesta

1949 3010 2285 3080 requiritur.
2310 3010 2455 3065 Hinc
2486 3015 2576 3065 est
2598 3011 2750 3081 quod
2785 3013 2856 3066 ad
2888 3015 3324 3084 praedicandum
3351 3018 3608 3088 Evange-

1950 3095 2094 3151 lium
2128 3115 2244 3152 non
2284 3097 2449 3153 electi
2497 3104 2639 3153 sunt
2686 3099 2969 3169 rhetores,
3001 3105 3119 3159 sive
3168 3104 3479 3171 dialectici,
3516 3106 3599 3161 vel

158 3193 379 3245 nomine
413 3206 550 3244 meo
584 3190 847 3259 baptizati
884 3189 1037 3242 estis.
1071 3187 1309 3257 Crispus
1342 3189 1537 3240 autem
1570 3190 1624 3239 et
1656 3184 1835 3238 Gaius
1866 3172 1907 3237 (ἶ
1948 3184 2126 3254 hujus
2150 3186 2355 3240 mundi
2380 3186 2735 3257 phi1030phi,
2760 3206 2873 3243 non
2910 3197 3195 3261 potentes,
3221 3210 3337 3248 non
3361 3193 3592 3263 divites,

154 3278 445 3334 Corinthii
486 3278 756 3342 fuerunt,
791 3293 942 3346 quos
972 3274 1281 3344 Apostolus
1313 3275 1381 3327 ad
1407 3272 1553 3327 alios
1586 3273 1835 3326 refutan-

151 3367 239 3423 dos
273 3366 469 3422 ducit
521 3364 586 3418 in
637 3364 1086 3419 testimonium:
1120 3380 1255 3417 nam
1300 3360 1575 3433 baptizati
1626 3362 1696 3415 ab
1744 3377 1830 3427 eo,

146 3456 372 3511 nullam
416 3450 513 3506 illi
556 3451 804 3524 gloriam
838 3452 1276 3522 impendebant,
1308 3453 1410 3507 sed
1443 3450 1671 3505 Christo
1701 3450 1832 3516 soli,

144 3562 231 3616 per
260 3557 468 3616 quem
508 3541 820 3596 consecuti
851 3545 993 3595 sunt
1040 3541 1301 3596 omnium
1344 3544 1711 3613 peccatorum
1745 3556 1829 3594 re-

143 3634 537 3690 missionem.

203 3719 535 3795 Baptimvi
577 3725 766 3774 autem
812 3723 866 3773 et
906 3718 1201 3788 Stephanse
1230 3720 1467 3773 domum.
1511 3718 1697 3789 Hujus
1729 3718 1829 3772 do-

146 3829 290 3879 mus,
318 3812 499 3869 sicut
537 3808 608 3862 in
655 3812 954 3878 postremo
986 3808 1154 3862 istius
1186 3808 1456 3880 Epistolas
1486 3806 1831 3872 declaratur,

149 3904 427 3972 primitiae
466 3901 655 3954 erant
679 3896 906 3951 Achaiae
939 3896 987 3967 (Ι
1024 3897 1143 3952 Cor.
1166 3896 1622 3967 xv1,15),quibus
1652 3897 1834 3966 Apos-

156 3991 305 4047 tolus
334 3988 641 4063 perhibet
683 3985 1107 4052 testimonium,
1136 3987 1290 4056 quod
1336 4002 1397 4041 se
1446 3984 1838 4040 ordinaverint

158 4080 210 4135 in
246 4075 611 4135 ministerio
644 4079 1014 4141 sanctorum;
1047 4074 1153 4129 hoc
1195 4080 1300 4139 est,
1337 4079 1400 4128 ut
1439 4072 1839 4127 ministrarent

165 4170 381 4225 sanctis
422 4186 438 4224 :
479 4170 550 4223 et
601 4165 731 4234 hos,
765 4164 920 4219 sicut
951 4167 1007 4218 et
1036 4164 1445 4234 praecedentes,
1470 4163 1538 4216 ad
1590 4160 1837 4216 aliorum

164 4260 606 4315 refutationem
639 4254 801 4309 ducit
858 4253 916 4308 in
963 4252 1386 4308 testimonium.
1414 4252 1545 4321 Sed,
1588 4267 1659 4305 nc
1707 4250 1840 4321 quis

167 4348 382 4405 diceret
448 4345 629 4419 quod
688 4343 887 4415 plures
946 4341 1371 4397 Corinthiorum
1443 4340 1840 4411 baptizaverit,

165 4439 417 4509 subjecit
459 4455 473 4493 :
518 4435 796 4490 Caeterum
844 4433 1025 4485 nescio
1054 4432 1104 4485 si
1133 4447 1292 4502 quem
1331 4431 1506 4484 alium
1544 4429 1844 4499 baptizave-

1946 3290 2061 3327 non
2114 3274 2354 3340 nobiles,
2391 3276 2491 3329 sed
2543 3276 2857 3346 simplices,
2892 3278 3085 3334 idiotas
3136 3286 3193 3336 et
3245 3283 3592 3353 piscatores,

1945 3378 2231 3432 pauperes
2263 3369 2320 3418 et
2349 3363 2656 3435 ignobiles,
2682 3382 2753 3419 ne
2783 3367 3019 3423 daretur
3048 3371 3336 3441 perversis
3363 3378 3589 3429 occasio

1946 3451 2196 3519 dicendi,
2227 3453 2380 3522 quod
2413 3453 2682 3507 doctrina
2724 3457 3055 3527 evangelica
3098 3477 3212 3515 non
3244 3478 3352 3515 sua
3383 3461 3593 3517 virtute

1944 3538 2119 3593 fuerit
2140 3540 2537 3611 acceptabilis,
2563 3542 2659 3596 sed
2686 3541 2956 3600 humanae
2980 3549 3172 3618 potius
3195 3549 3450 3605 scientiae
3474 3567 3595 3606 ver-

1944 3628 2098 3682 sutia
2130 3632 2187 3683 et
2215 3628 2547 3684 calliditate.
2585 3632 2930 3705 Quicunque
2973 3653 3109 3709 ergo
3143 3639 3315 3694 ﬁdem
3347 3656 3593 3712 evange-

1943 3716 2065 3771 licae
2099 3717 2372 3773 doctrinae
2404 3720 2595 3773 verbis
2636 3721 2761 3775 suis
2801 3738 3079 3781 exornare
3110 3727 3431 3794 contendit,
3466 3744 3593 3783 eam

1944 3806 2239 3873 obscurat,
2294 3823 2398 3861 nec
2430 3809 2640 3877 quaerit
2672 3815 2735 3863 ut
2764 3810 2865 3864 illa
2894 3811 3166 3869 laudetur
3213 3832 3340 3885 quze
3389 3816 3597 3886 praedi-

1946 3899 2131 3958 catur,
2152 3895 2251 3948 sed
2284 3894 2410 3965 ipse
2441 3895 2539 3964 qui
2586 3897 2861 3965 praedicat
2890 3902 3062 3970 (500).
3097 3903 3191 3956 Sic
3230 3903 3598 3973 pseudoapo-

1947 3980 2105 4047 stoli,
2126 3998 2195 4035 ne
2218 3983 2583 4052 sapientibus
2602 3986 2807 4039 mundi
2825 3988 2987 4041 stulti
3006 3990 3360 4053 viderentur,
3377 3989 3598 4058 duplici

1949 4070 2123 4123 modo
2146 4069 2202 4123 in
2233 4071 2520 4141 sapientia
2540 4072 2699 4124 verbi
2720 4073 2902 4128 Deum
2928 4077 3356 4146 praedicabant:
3384 4093 3520 4130 nam
3544 4086 3599 4131 et

1949 4157 2290 4229 eloquentiae
2329 4159 2385 4213 in
2434 4158 2843 4229 praedicatione
2888 4164 3224 4233 studebant,
3254 4168 3310 4218 et
3354 4181 3422 4220 ea
3468 4181 3595 4235 quae

1952 4246 2279 4319 philosophi
2304 4248 2509 4303 mundi
2534 4249 3480 4326 stultajudicabant,summoperc
3500 4255 3600 4310 de-

1949 4337 2232 4393 vitabant.
2253 4339 2450 4409 Neque
2472 4337 2627 4392 enim
2652 4339 2950 4395 Christum
2975 4341 3066 4396 Dei
3094 4343 3301 4397 Filium
3331 4344 3598 4399 incarna-

1954 4430 2102 4493 tum,
2130 4432 2229 4481 aut
2249 4443 2317 4481 ex
2335 4427 2572 4497 Virgine
2598 4432 2823 4499 natum,
2846 4446 3035 4500 neque
3063 4431 3321 4486 futuram
3344 4447 3601 4486 resurre-

166 4530 289 4583 rim.
326 4529 438 4583 Est
491 4528 704 4580 autem
758 4537 968 4578 sensus
1003 4538 1014 4575 :
1052 4522 1119 4574 Et
1167 4521 1213 4575 si
1262 4520 1516 4591 aliquem
1568 4518 1745 4573 alium
1779 4534 1845 4573 ex
1876 4537 1922 4600 D
1956 4516 2205 4571 ctionem
2232 4516 2642 4587 praedicabant.
2662 4517 2777 4571 Hos
2797 4534 2931 4589 ergo
2951 4520 3248 4589 redarguit
3268 4519 3606 4590 Apostolus,

164 4617 323 4674 vobis
388 4610 735 4687 baptizavi,
795 4627 897 4681 pro
958 4610 1232 4681 baptismi
1295 4610 1679 4674 sacramento,
1732 4624 1846 4662 non

169 4707 327 4777 mihi,
364 4706 480 4763 sed
524 4709 650 4758 Deo
682 4700 928 4772 gloriam
961 4699 1183 4753 tribuit.

231 4796 347 4849 Cur
377 4798 608 4849 autem
644 4792 762 4842 tam
812 4803 1027 4857 paucos
1057 4785 1488 4840 Corinthiorum
1523 4785 1848 4855 baptizave-

170 4882 257 4949 rit,
295 4881 679 4938 manifestat
714 4894 725 4931 :
762 4880 879 4932 Non
920 4877 1067 4929 enim
1108 4877 1257 4929 misit
1285 4892 1370 4929 me
1404 4874 1645 4929 Christus
1677 4874 1851 4945 bapti-

171 4987 313 5044 zare,
358 4972 459 5029 sed
516 4966 939 5035 evangelicum.
991 4964 1263 5033 Nunquid
1313 4980 1448 5035 ergo
1499 4963 1719 5017 malum
1768 4966 1857 5018 est

172 5062 483 5132 baptizare
506 5064 533 5115 Ρ
566 5055 767 5112 Absit.
795 5058 1069 5107 Attamen
1102 5052 1640 5123 incomparabiliter
1664 5054 1856 5122 majus

172 5148 393 5206 bonum
436 5154 540 5205 est
565 5142 991 5215 evangelizare.
1018 5146 1082 5195 In
1115 5140 1385 5212 episcOpo
1412 5141 1568 5195 enim
1593 5140 1857 5195 omnium

175 5240 649 5296 crdinationum
706 5231 959 5303 dignitas
982 5229 1278 5296 consistit;
1305 5230 1581 5299 quoniam
1616 5228 1740 5299 ipse
1772 5233 1860 5284 est

178 5331 451 5386 omnium
520 5323 812 5382 ordinum
873 5325 1047 5393 caput
1106 5336 1219 5374 non
1281 5324 1475 5375 tamen
1529 5318 1862 5390 quicunque

241 5457 401 5524 (497)
434 5456 619 5510 Ιοαη.
656 5466 693 5516 1,
726 5447 814 5502 33.
846 5445 1023 5524 Vulg:
1054 5448 1109 5524 in
1140 5462 1305 5524 aqua.

248 5515 402 5598 .498)
443 5527 509 5581 In
548 5515 759 5591 autOg.
794 5515 988 5589 marg:
1009 5517 1102 5573 hic
1140 5516 1356 5589 legitur
1385 5533 1510 5587 cap.
1550 5515 1645 5573 IV.

243 5527 407 5674 i499)
438 5594 643 5665 Vulg.
678 5592 886 5647 Caium.

270 5592 407 5667 499⁷)
438 5594 643 5665 Vulg.
678 5592 886 5647 Caium.

538 5736 763 5781 ATuoa.
813 5715 1129 5779 CXXXIV.

1959 4604 2098 4675 quia
2115 4604 2172 4658 in
2189 4605 2343 4659 verbi
2364 4604 2650 4676 sapientia
2664 4606 2851 4659 crucis
2868 4608 3208 4677 mysterium
3228 4608 3605 4662 evacuabant.

1961 4694 2122 4750 Unde
2156 4712 2287 4750 mox
2318 4695 2586 4765 sequitur
2614 4712 2625 4748 :
2664 4695 2725 4749 Ut
2750 4711 2859 4749 non
2890 4708 3183 4750 evacuetur
3214 4714 3355 4751 crux
3378 4698 3606 4752 Christi.

1963 4784 2069 4847 Qui
2102 4785 2254 4838 enim
2298 4785 2356 4838 in
2390 4784 2730 4851 hujusmodi
2782 4785 2937 4837 verbi
2976 4786 3263 4856 sapientia
3311 4787 3607 4857 prmdicat,

1965 4889 2196 4927 crucem
2229 4872 2442 4927 Christi
2477 4876 2747 4933 evacuat;
2777 4872 2916 4942 quia
2949 4879 3157 4929 nostrae
3194 4873 3609 4944 redemptionis

1967 4961 2309 5033 mysterium
2357 4960 2605 5031 dissipat
2626 4960 2794 5031 (501).
2836 4963 3058 5017 Verbum
3088 4964 3233 5017 enim
3279 4964 3456 5017 crucis
3482 4974 3606 5028 per-

1966 5051 2224 5105 euntibus
2268 5050 2485 5118 quidem
2522 5050 2757 5103 stultitia
2788 5056 2886 5105 est.
2920 5052 3021 5106 His
3066 5052 3256 5105 verbis
3308 5047 3611 5103 manifeste

1969 5138 2350 5210 philosophos
2382 5138 2586 5191 mundi
2637 5140 2956 5209 redarguit,
2990 5140 3089 5209 qui
3127 5139 3364 5192 verbum
3395 5130 3608 5197 crucis,

1970 5229 2029 5283 id
2061 5232 2166 5293 est,
2193 5226 2520 5281 doctrinam
2549 5227 2819 5282 humanae
2843 5225 3278 5296 redemptionis,
3304 5219 3611 5275 stultitiam

1971 5321 2211 5389 putant;
2236 5316 2374 5386 quia
2396 5316 2643 5371 stultum
2661 5317 2932 5386 judicant
2954 5320 3130 5367 Deum
3154 5310 3362 5363 habere
3383 5308 3616 5376 Filium,

2047 5440 2203 5511 (500),
2227 5439 2413 5511 Digna
2438 5456 2569 5495 vere
2601 5437 2908 5511 sententia,
2935 5449 3058 5511 qua}
3079 5448 3115 5511 εξ
3144 5431 3621 5500 praedicatoribus

1971 5503 2330 5582 evangelicis'
2354 5511 2641 5565 altissime
2675 5506 2850 5582 menti
2884 5503 3210 5582 mandetur.

2049 5571 2195 5656 (5011)
2226 5586 2291 5637 In
2324 5587 2524 5653 autog.
2558 5594 2742 5648 marg.
2778 5575 2870 5629 hic
2901 5571 3114 5644 legitur
3146 5588 3271 5644 cap.
3304 5574 3372 5631 V.

3274 5703 3347 5763 10
