4094 6168
399 320 518 380 299

1425 313 1763 374 ATTONIS
1808 310 2392 373 VERCELLENSIS
2437 311 2792 374 EPISCOPI

3688 304 3814 370 300

396 451 682 524 virginem
717 464 940 522 parere,
965 447 1148 504 Deum
1179 447 1238 501 in
1271 462 1440 501 cruce
1468 445 1607 516 pati,
1638 450 1741 500 aut
1773 445 1921 501 mori
1955 461 2050 515 po-
2077 445 2129 510 Α
2164 444 2361 498 fecerit
2391 444 2738 516 sapientiam
2769 460 2781 498 :
2812 445 2911 498 sed
2946 441 3188 498 stultam
3225 440 3380 509 fecit,
3406 439 3545 511 quia
3574 440 3825 496 stultam

393 541 599 605 tuisse,
628 542 730 593 aut
759 537 1059 592 hominem
1093 537 1162 591 de
1194 541 1349 590 terra
1379 550 1643 605 surgere.
1678 540 1827 606 Apte
1855 539 2055 589 autem

394 631 703 701 pereuntes
728 630 1038 691 vocantur;
1063 626 1220 695 quia,
1245 625 1384 678 dum
1411 623 1759 695 mysterium
1783 623 1858 677 hu
1872 640 2059 677 mante

394 715 814 788 redemptionis
863 715 1161 786 suscipere
1213 713 1439 779 nolunt,
1485 713 1543 766 in
1595 721 1876 767 mlernum
1929 727 2060 783 per-

398 806 593 863 ibunt.

471 894 544 951 Ut
573 910 710 966 ergo
740 892 1070 948 ostenderet
1098 890 1312 962 quibus
1343 893 1497 945 esset
1519 890 1703 944 virtus
1737 906 1879 943 crux
1901 887 2063 943 Chri—

400 984 500 1051 sti,
531 983 834 1053 subjunxit
867 999 880 1036 :
912 982 1008 1036 His
1055 988 1260 1049 autem,
1295 980 1393 1049 qui
1440 980 1581 1034 salvi
1611 979 1782 1047 ﬁunt;
1826 994 2056 1047 rursus,

401 1078 467 1128 ut
487 1071 742 1144 apertius
764 1071 1196 1125 demonstraret
1216 1068 1288 1122 de
1311 1067 1527 1138 quibus
1550 1067 1788 1132 diceret,
1807 1065 2021 1135 adjecit
2049 1088 2062 1127 :

399 1161 457 1217 id
473 1170 572 1227 est,
594 1161 788 1216 nobis:
816 1158 986 1214 nobis
1011 1157 1190 1223 enim,
1216 1157 1275 1211 id
1299 1161 1409 1220 est,
1434 1156 1739 1228 praescitis,
1767 1161 1822 1211 et
1847 1156 2063 1227 prcede-

396 1248 628 1304 stinatis
659 1247 731 1303 ad
762 1246 965 1311 vitam,
996 1246 1175 1300 uirtus
1205 1252 1284 1299 est
1313 1246 1428 1299 Dei.
1455 1243 1601 1308 Quia
1647 1260 1761 1298 non
1806 1240 2058 1296 inﬁrmi-

393 1342 576 1393 tatem
599 1337 658 1391 in
681 1351 751 1392 ea
770 1332 1179 1406 intelligimus,
1203 1333 1303 1387 sed
1328 1349 1431 1404 per
1452 1333 1553 1387 Dei
1578 1332 1726 1386 virtu
1740 1336 1879 1399 tem,
1908 1348 2060 1386 mor-

394 1432 515 1482 tem
568 1426 879 1490 detham,
921 1420 1244 1493 mortisque
1293 1421 1659 1476 destructum
1712 1420 2055 1492 imperium.

397 1516 471 1570 Et
498 1513 639 1586 quia
669 1512 908 1584 signum
938 1510 1129 1565 crucis
1179 1510 1240 1564 in
1271 1510 1458 1565 fronte
1506 1515 1833 1582 gestamus,
1862 1509 2062 1563 divina

398 1602 588 1674 gratia
616 1602 983 1672 cooperante,
1014 1598 1075 1653 in
1104 1602 1386 1654 aeternum
1418 1597 1796 1653 salvabimur.

472 1690 656 1762 Igitur
684 1689 823 1762 quia
851 1688 1097 1745 verbum
1128 1687 1318 1743 crucis
1345 1687 1724 1758 pereuntibus
1755 1687 1901 1740 dixit
1926 1702 2055 1743 esse

400 1778 734 1846 stultitiam,
759 1778 852 1834 his
875 1781 1095 1844 autem,
1118 1775 1219 1847 qui
1250 1775 1393 1831 salvi
1426 1776 1596 1842 fiunt,
1618 1774 1890 1830 virtutem
1920 1776 2016 1829 Dei
2040 1792 2052 1842 ;

403 1873 467 1924 ut
485 1868 595 1924 hoc
615 1866 951 1924 testimonio
976 1864 1312 1937 prophetico
1337 1865 1729 1931 conﬁrmaret,
1754 1865 2008 1934 subjecit
2034 1880 2047 1918 :

397 1958 676 2029 Scriptum
704 1959 784 2011 est
802 1957 971 2023 enim,
993 1953 1260 2009 videlicet
1278 1952 1338 2008 in
1361 1953 1513 2008 Isaia
1536 1970 1549 2006 :
1574 1953 1820 2008 Perdam
1837 1954 2053 2023 sapien-

397 2049 544 2104 tiam
605 2047 966 2119 sapientium,
995 2053 1049 2098 et
1076 2042 1428 2115 prudentiam
1456 2042 1811 2114 prudentium
1857 2058 2052 2114 repro-
2096 2088 2113 2101 ι

400 2137 533 2192 bubo
553 2138 689 2209 (Isa.
710 2151 866 2206 xxrx,
890 2134 1000 2204 14-).
1030 2132 1132 2190 Ubi
1156 2132 1761 2199 animadvertendum,
1787 2132 1925 2203 quia
1947 2132 2052 2186 Do-

400 2226 599 2280 minus
643 2240 760 2278 non
791 2239 854 2277 se
883 2237 1079 2276 veram
1111 2221 1461 2292 sapientiam
1513 2221 1750 2290 perdere
1806 2221 2050 2291 promit-

400 2312 502 2379 tit;
533 2327 649 2367 non
673 2310 837 2365 illam
859 2324 1050 2374 suam,
1071 2324 1249 2379 quam
1275 2308 1459 2379 gratis
1481 2308 1723 2371 confert,
1748 2308 1848 2362 sed
1873 2321 2053 2377 quam

400 2399 697 2473 sapientes
729 2397 934 2453 mundi
961 2396 1074 2452 sibi
1095 2400 1434 2468 arroganter
1458 2395 1725 2450 tribuunt
1748 2413 1760 2450 :
1787 2400 1842 2450 et
1874 2412 2053 2467 quam

401 2506 465 2548 se
487 2489 777 2560 jactantes
804 2489 1016 2558 putant
1062 2484 1294 2540 habere.
1321 2484 1486 2538 Tunc
1516 2501 1651 2556 ergo
1693 2484 2053 2555 sapientium

402 2577 754 2651 sapientiam
772 2573 1043 2648 perdidit,
1060 2574 1296 2645 quando
1321 2589 1409 2637 ea,
1426 2589 1553 2643 quae
1572 2572 1867 2644 sapientes
1892 2590 2061 2628 mun-

403 2667 463 2723 di
497 2665 619 2722 ﬁeri
650 2681 822 2737 posse
850 2663 1167 2734 negabant,
1196 2661 1436 2733 perfecit
1456 2666 1512 2717 et
1532 2678 1703 2733 opere
1726 2662 2058 2733 complevit.

404 2757 729 2812 Prudentes
758 2753 936 2809 etiam
984 2750 1192 2807 mundi
1244 2750 1429 2806 Deum
1478 2751 1732 2806 otiosum
1767 2751 2060 2822 dicebant,

404 2862 512 2903 nec
541 2843 756 2900 habere
777 2841 1171 2897 humanorum
1205 2844 1444 2895 actuum
1478 2857 1681 2895 curam
1709 2840 1893 2912 (502);
1925 2857 2067 2910 quo.

406 2952 538 2994 rum
562 2931 936 3007 prudentiam
954 2929 1260 2997 Dominus,
1277 2929 1335 2983 id
1360 2933 1450 2985 est
1471 2928 1856 2997 intellectum,
1874 2946 2067 3001 repro-

402 3024 568 3083 bavit
599 3040 613 3079 :
648 3023 790 3077 dum
821 3019 975 3092 quod
1022 3017 1389 3091 impossibile
1434 3018 1747 3089 aestimant,
1774 3018 2063 3087 faciendo,

406 3110 687 3189 possibile
713 3110 991 3177 ostendit,
1024 3124 1203 3179 seque
1256 3107 1559 3162 hominum
1592 3124 1794 3162 curam
1848 3107 2067 3163 habere

2170 549 2298 588 esse
2346 534 2619 604 ostendit,
2656 532 2914 588 faciendo
2964 549 3032 586 ea
3081 548 3207 602 quae
3255 531 3381 601 ipsa
3429 528 3829 601 impossibilia

2172 623 2486 676 asserebat.

2241 715 2383 766 Nam
2420 713 2551 781 quia
2581 714 2641 765 in
2670 712 2767 766 Dei
2810 712 3090 782 sapientia
3135 725 3245 765 non
3294 709 3541 779 cognovit
3583 707 3829 763 mundus

2169 802 2621 871 persapientium
2658 802 2845 871 Deum,
2879 804 2986 855 etc.
3022 800 3083 853 In
3138 799 3233 854 Dei
3280 796 3589 868 sapientia,
3621 796 3678 851 id
3710 800 3827 862 est,

2173 888 2231 943 in
2267 890 2469 944 mundi
2512 890 2822 954 creatione,
2857 906 2986 959 quae
3015 887 3115 943 Dei
3156 886 3446 959 sapientia
3503 886 3656 941 facta
3712 891 3825 953 est,

2173 979 2430 1033 mundus
2478 996 2579 1049 per
2628 978 2998 1049 sapientiam,
3039 975 3332 1032 carnalem
3381 974 3674 1039 videlicet,
3707 992 3827 1030 non

2171 1068 2442 1137 cognovit
2496 1068 2702 1130 Deum,
2744 1067 2884 1138 quia
2932 1066 3202 1120 homines
3248 1064 3457 1120 mundi
3507 1069 3825 1130 amatores,

2171 1154 2256 1209 vel
2287 1156 2343 1208 in
2378 1157 2597 1210 mundo
2642 1144 3383 1224 commorantes,videntes‘
3405 1152 3611 1208 mundi
3645 1169 3829 1207 orna-

2173 1253 2317 1311 tum,
2368 1262 2481 1298 non
2530 1262 2632 1316 per
2679 1250 3005 1299 creaturam
3059 1243 3390 1298 Creatorem
3437 1246 3825 1313 agnoverunt,

2171 1337 2271 1387 aut
2301 1333 2351 1387 ei
2382 1332 2600 1405 gratias
2628 1332 2973 1402 retulerunt,
2999 1333 3096 1387 sed
3129 1331 3360 1386 unicam
3392 1331 3521 1400 ejus
3550 1331 3831 1401 majesta-

2171 1427 2289 1476 tem
2336 1422 2582 1477 diversis
2614 1422 2933 1493 figmentis,
2957 1426 3015 1476 et
3042 1420 3349 1476 elementis
3398 1419 3827 1491 ascripserunt,

2171 1514 2447 1581 putantes
2478 1510 2575 1564 alii
2607 1511 2791 1565 Deum
2830 1526 2959 1566 esse
3002 1525 3217 1577 aerem,
3251 1508 3349 1564 alii
3393 1508 3690 1575 aetherem,
3726 1507 3829 1563 alii

2170 1599 2374 1665 solem,
2419 1604 2476 1654 et
2524 1599 2748 1670 reliqua
2798 1598 3161 1668 hujusmodi.
3195 1597 3424 1653 Aliter:
3459 1597 3721 1652 Mundus
3766 1598 3826 1652 in

2170 1688 2455 1759 sapientia
2488 1688 2607 1755 Dei,
2639 1689 2745 1743 hoc
2776 1692 2888 1754 est,
2917 1687 2978 1742 in
3008 1686 3153 1743 Filio
3184 1686 3309 1751 Dei,
3332 1687 3432 1758 qui
3463 1691 3554 1742 est
3584 1686 3827 1757 sapieno

2168 1776 2249 1831 tia
2280 1776 2485 1844 Patris,
2514 1793 2617 1849 per
2646 1775 2994 1847 sapientiam
3026 1775 3342 1842 carnalem,
3366 1792 3546 1846 quam
3577 1778 3829 1846 Aposto-

2167 1864 2255 1919 lus
2287 1864 2527 1920 abusive
2578 1864 2925 1936 sapientiam
2977 1869 3174 1933 vocat;
3222 1865 3464 1936 ponitur
3509 1864 3667 1919 enim
3721 1880 3827 1935 pro

2164 1956 2411 2020 astutia;
2448 1971 2563 2008 non
2596 1954 2861 2025 cognovit
2907 1953 3113 2023 Deum,
3146 1970 3281 2008 cum
3313 1953 3515 2009 videns
3546 1969 3683 2009 eum
3717 1953 3826 2009 ho-

2167 2044 2385 2097 minem
2418 2043 2572 2099 inter
2598 2042 2870 2098 homines
2916 2050 3350 2108 conversatum,
3376 2060 3592 2114 purum
3631 2042 3826 2098 homi-

2167 2149 2297 2188 nem
2332 2132 2596 2187 credidit.
2622 2132 2746 2187 Non
2770 2131 3058 2204 cognovit,
3082 2134 3213 2203 quia
3244 2133 3344 2187 tua:
3373 2132 3434 2187 in
3465 2133 3703 2188 tenebris
3729 2133 3829 2187 lu-

2165 2230 2261 2291 cet,
2295 2229 2345 2276 et
2374 2222 2613 2277 tenebrat
2638 2238 2757 2276 eam
2807 2237 2917 2277 non
2946 2221 3491 2292 comprehenderunt.
3524 2222 3587 2276 In
3616 2222 3825 2277 mundo

2165 2313 2301 2378 erat,
2335 2318 2387 2365 et
2421 2310 2659 2365 mundus
2704 2326 2805 2381 per
2855 2312 3038 2380 ipsum
3083 2311 3266 2381 factus
3314 2314 3417 2381 est,
3477 2319 3532 2365 et
3582 2311 3829 2366 mundus

2167 2416 2293 2455 eum
2320 2415 2429 2454 non
2462 2401 2723 2470 cognovit.
2754 2401 2818 2454 In
2864 2400 3092 2470 prapria
3124 2400 3295 2465 venit,
3325 2403 3378 2455 et
3405 2399 3497 2455 sui
3537 2415 3661 2455 eum
3712 2416 3827 2455 non

2170 2497 2507 2560 receperunt.
2542 2490 2725 2557 (Joan.
2759 2506 2797 2553 ι,
2829 2488 2885 2552 5,
2920 2489 3006 2555 10,
3043 2488 3151 2559 11).

2243 2578 2462 2633 Placuit
2492 2579 2594 2633 Deo
2622 2594 2721 2648 per
2747 2574 3054 2632 stultitiam
3087 2577 3503 2648 praedicationis
3530 2578 3705 2633 salvos
3728 2580 3827 2648 fa-

2171 2684 2291 2723 cere
2322 2667 2612 2732 credentes,
2644 2667 2698 2721 id
2734 2670 2839 2733 est,
2871 2665 3089 2738 placuit
3119 2670 3183 2721 ut
3214 2667 3468 2722 Verbum
3495 2684 3623 2723 caro
3653 2668 3831 2724 ﬁeret

2175 2763 2232 2811 et
2261 2756 2553 2811 habitaret
2582 2756 2640 2809 in
2674 2754 2870 2822 nobis;
2904 2753 3125 2827 placuit
3154 2754 3427 2812 ordinare
3458 2755 3829 2827 praedicatio—

2175 2862 2329 2915 nem,
2355 2862 2480 2915 quae
2512 2843 2628 2899 illis
2674 2843 2855 2899 stulta
2904 2843 3217 2914 videretur,
3252 2848 3316 2899 ut
3364 2845 3702 2917 quicunque
3732 2862 3825 2913 ea,

2177 2951 2303 3006 quae
2363 2934 2469 3005 ipsi
2531 2933 2893 2999 diffidebant,
2940 2934 3258 3004 crederent,
3320 2932 3709 3005 salvarentur,
3769 2939 3831 2991 et

2176 3039 2377 3079 eorum
2409 3021 2893 3077 condemnatione
2921 3021 3207 3077 increduli
3236 3022 3678 3079 damnarentur.

2246 3113 2389 3182 Quia
2420 3120 2470 3167 et
2496 3110 2867 3180 Judzeiisigna
2904 3115 3120 3181 petunt.
3151 3111 3273 3166 Non
3304 3111 3462 3167 enim
3495 3111 3618 3168 fieri
3650 3129 3827 3185 posse

404 3182 715 3261 manifeste
744 3196 1183 3255 demonstravit.
1213 3196 1361 3251 Nam
1391 3195 1603 3250 Filium
1637 3213 1809 3251 suum
1844 3197 1914 3251 de
1945 3214 2054 3251 ϐω·
2087 3182 2129 3248 C
2169 3202 2467 3269 difﬁdunt,
2502 3200 2601 3255 sed
2638 3205 2832 3254 utrum
2870 3200 3089 3255 factum
3123 3201 3221 3267 sit,
3256 3217 3457 3267 necne,
3491 3182 3826 3273 requirunt.

404 3293 483 3349 lis
512 3291 584 3347 ad
614 3295 802 3346 terras
832 3286 1014 3357 misit,
1040 3286 1141 3357 qui
1172 3302 1406 3358 passus,
1428 3285 1763 3352 crucifixus,
1791 3292 2061 3341 mortuus

411 3387 471 3438 et
499 3377 788 3452 sepultus,
821 3392 1006 3449 genus
1036 3374 1360 3429 humanum
1396 3374 1665 3429 redemit.

486 3469 560 3525 Ut
587 3471 783 3523 autem
805 3464 1136 3520 ostenderet
1155 3479 1406 3533 quorum
1440 3462 1793 3533 sapientium
1828 3464 2060 3534 sapien-

415 3558 700 3625 tiam,aut
715 3569 967 3626 quorum
990 3551 1368 3624 prudentium
1386 3550 1757 3622 prudentiam
1778 3566 1840 3606 se
1856 3551 2065 3606 dixerit

419 3645 704 3704 Dominus
754 3642 1085 3714 reprobare,
1119 3638 1342 3712 prolato
1396 3638 1687 3710 prephetae
1730 3639 2064 3694 testimonio

340 3764 349 3773 -
421 3733 726 3808 adjunxit:
760 3732 860 3790 Ubi
886 3732 1146 3803 sapiens?
1193 3728 1292 3785 Ubi
1334 3728 1555 3783 scriba?
1604 3728 1706 3783 Ubi
1734 3731 2068 3799 conquisitor

421 3828 586 3894 huius
611 3823 845 3891 saguli?
874 3821 1003 3893 (lsa.
1033 3835 1233 3885 xxxm,
1269 3817 1381 3888 18.)
1413 3816 1634 3883 Quibus
1662 3817 1854 3873 verbis
1882 3819 2064 3889 Apos-

420 3916 577 3974 tolus
606 3919 727 3970 tam
752 3911 987 3969 Judmos
1016 3907 1334 3979 redarguit,
1351 3922 1528 3978 quam
1560 3904 1827 3977 gentiles.
1852 3907 2064 3963 Scribae

419 4020 697 4077 namque,
729 4002 786 4057 id
818 4004 926 4070 est,
959 3998 1106 4072 legis
1135 3998 1403 4052 doctores
1427 3994 1766 4051 Judzeorum
1790 3995 2067 4053 nolebant

416 4096 651 4153 credere
680 4097 860 4148 Deum
907 4086 1120 4145 Filium
1159 4086 1396 4151 habere,
1427 4084 1713 4156 virginem
1745 4086 2061 4157 peperisse,

415 4190 520 4241 aut
549 4186 728 4238 Deum
762 4179 903 4252 pati,
936 4177 1024 4233 vel
1059 4176 1207 4232 mori
1245 4174 1504 4247 potuisse
1538 4191 1551 4227 :
1585 4190 1722 4228 nam
1769 4174 1907 4244 quia
1953 4174 2062 4229 hoc

415 4267 897 4328 manifestissime
917 4282 1036 4321 non
1056 4268 1146 4319 est
1170 4265 1624 4335 praeﬁguratum,
1649 4261 1887 4317 omnino
1914 4262 2061 4317 difﬁ-

414 4360 662 4425 debant;
694 4355 967 4413 similiter
1007 4358 1064 4408 et
1109 4351 1402 4423 sapientes
1433 4351 1630 4406 saeculi
1688 4350 1808 4405 haec
1857 4352 2057 4406 eadem

414 4446 778 4511 deridebant,
809 4443 947 4516 quia
1002 4441 1261 4497 humana
1318 4439 1605 4510 sapientia
1661 4458 1772 4495 non
1831 4440 2056 4512 recipit,

2171 3290 2379 3345 Omnia
2409 3289 2624 3361 quippe
2668 3289 2784 3343 Deo
2824 3287 3131 3359 possibilia
3178 3289 3464 3359 iudicant,
3501 3291 3601 3345 sed
3652 3291 3830 3363 signa

2172 3383 2458 3451 quaerunt,
2482 3378 2699 3450 quibus
2728 3394 2929 3432 verum
2958 3394 3086 3433 esse
3118 3378 3415 3449 probetur,
3442 3379 3598 3450 quod
3624 3381 3831 3451 praedi-

2172 3469 2338 3520 catur
2371 3482 2384 3521 :
2416 3464 2556 3520 talia
2604 3463 2841 3529 scilicet,
2886 3463 3084 3535 qualia
3134 3465 3283 3520 facta
3333 3470 3471 3521 sunt
3517 3465 3577 3521 in
3626 3466 3825 3524 Veteri

2172 3555 2561 3619 Testamento,
2598 3570 2733 3608 cum
2780 3552 2943 3625 virga
2989 3558 3181 3608 Aaron
3232 3553 3429 3609 floruit
3455 3558 3649 3623 (Num.
3681 3574 3824 3627 xvn,

2172 3644 2226 3712 5,
2258 3642 2336 3711 8),
2359 3645 2414 3697 et
2435 3642 2606 3696 ﬂores
2632 3641 2687 3695 in
2723 3642 3061 3714 amygdalas
3091 3643 3442 3699 deformavit
3464 3645 3649 3716 (Num.
3673 3646 3823 3717 vm),

2177 3735 2233 3786 et
2260 3732 2435 3786 Jonas
2465 3730 2652 3785 tribus
2683 3729 2891 3786 diebus
2919 3735 2977 3786 et
3007 3731 3199 3786 tribus
3230 3732 3500 3788 noctibus
3532 3734 3591 3788 in
3621 3740 3827 3792 ventre

2177 3819 2285 3874 ceti
2312 3819 2522 3890 jacuit,
2556 3822 2755 3890 pastea
2785 3819 2948 3875 vivus
2978 3820 3038 3874 in
3068 3818 3237 3876 littus
3283 3821 3506 3892 ejectus
3557 3826 3649 3878 est
3678 3825 3823 3893 (Jan.

2176 3926 2237 3977 ιι,
2268 3909 2292 3962 1
2333 3925 2345 3963 :
2378 3908 2569 3963 Matth.
2602 3924 2703 3976 χιι,
2738 3909 2847 3975 40).
2872 3907 3122 3964 Maxime
3172 3913 3365 3964 autem
3415 3909 3530 3965 tale
3580 3910 3825 3983 signum

2174 4001 2462 4070 quaerunt,
2494 3997 2666 4069 quale
2714 4001 3016 4052 ostensum
3049 4001 3138 4053 est
3166 3996 3348 4070 Moysi
3395 3997 3455 4054 in
3504 4000 3640 4072 igne
3689 4002 3825 4057 rubi

2173 4087 2361 4159 (Exod.
2398 4104 2481 4151 III,
2512 4089 2567 4154 2,
2601 4086 2676 4157 3)-

2244 4176 2441 4243 Graeci,
2474 4175 2530 4229 id
2580 4174 2683 4245 esi,
2715 4174 2983 4246 gentiles,
3025 4178 3356 4247 sapientiam
3398 4182 3680 4249 quaerunt,
3716 4179 3831 4251 qui

2170 4282 2236 4319 ea
2267 4263 2636 4319 solummodo
2667 4262 2789 4318 ﬁeri
2822 4280 2993 4335 posse
3023 4265 3337 4332 aestimant,
3369 4282 3496 4337 quae
3543 4266 3829 4323 humane

2170 4352 2471 4426 sapientiae
2501 4352 2805 4408 convenire
2833 4352 3141 4408 videntur:
3175 4352 3424 4425 ideoque
3455 4371 3555 4426 per
3583 4354 3828 4426 sapien-

2167 4442 2306 4497 tiam
2343 4440 2598 4496 invenire
2631 4445 2918 4512 quaerunt,
2945 4441 3259 4512 quomodo,
3289 4446 3391 4496 aut
3421 4443 3586 4515 virgo
3618 4459 3827 4515 parere

413 4554 540 4610 qum
572 4535 819 4592 stultum
853 4532 1083 4605 judicat
1134 4529 1367 4585 credere
1398 4527 1693 4583 hominem
1742 4530 1903 4601 nasci
1959 4547 2057 4601 po-
2089 4543 2135 4607 D
2172 4530 2443 4603 potuerit,
2467 4535 2569 4584 aut
2597 4535 2866 4584 mortuus
2891 4544 3229 4602 resurgere:
3257 4531 3411 4602 quod
3435 4535 3634 4587 tamen
3666 4548 3829 4588 com-

408 4625 595 4681 tuisse
624 4624 749 4680 sine
779 4621 1188 4693 conjunctione
1220 4617 1399 4674 maris
1429 4634 1495 4672 ac
1526 4617 1773 4671 feminae.
1803 4618 2053 4689 Conqui-

408 4713 648 4771 sitorem
705 4728 838 4768 vero
904 4708 1101 4766 saeculi
1173 4695 1534 4780 specialiter’
1572 4706 2053 4762 mathematicum

407 4802 566 4871 dicit,
601 4801 700 4873 qui
736 4800 1025 4855 mundum
1064 4798 1180 4853 fato
1229 4797 1369 4869 regi,
1402 4801 1457 4851 et
1505 4796 1703 4850 omnia
1750 4795 2052 4853 stellarum

406 4889 949 4949 constellationibus
982 4892 1158 4958 atque
1189 4886 1444 4941 motibus
1476 4884 1596 4940 ﬁeri
1630 4884 1907 4940 decernit.

476 4980 585 5037 Sed
617 4996 687 5035 ex
717 4994 834 5050 quo
866 4976 1119 5032 maxime
1147 4975 1577 5047 comprobatur,
1612 4979 1675 5029 ut
1707 4992 1820 5029 non
1854 4975 1931 5029 sit
1960 4992 2050 5030 sa-

403 5070 591 5144 piens,
616 5085 732 5125 non
756 5067 971 5132 scriba,
995 5081 1110 5120 non
1138 5063 1497 5136 conquisitor
1518 5063 1736 5128 smculi,
1762 5063 2048 5134 subjecit:

401 5161 590 5217 Nonne
616 5159 849 5217 stultam
894 5157 1025 5227 fecit
1073 5156 1217 5210 Deus
1245 5155 1577 5225 sapientium
1625 5152 1786 5223 hujus
1814 5153 2053 5207 mundi?

404 5248 566 5313 Quod
589 5254 785 5305 autem
807 5245 1049 5302 dicitur:
1073 5243 1327 5300 Stultam
1351 5242 1484 5297 fecit
1505 5241 1658 5296 Deus
1682 5240 2048 5312 sapientiam,

403 5352 517 5392 non
550 5336 994 5410 intelligendum
1031 5337 1139 5405 est,
1165 5331 1321 5405 quod
1355 5331 1509 5386 Deus
1540 5330 1775 5401 sapiens
1806 5329 2048 5387 stultam

2168 4619 2524 4691 prehendere
2555 4636 2667 4673 non
2710 4622 2983 4689 possunt;
3019 4619 3156 4690 quia
3204 4636 3438 4675 omnem
3492 4620 3819 4693 humanam

2166 4708 2515 4779 sapientiam
2564 4706 2942 4761 transcendit.
2996 4706 3160 4761 Unde
3217 4709 3628 4765 convenienter
3674 4711 3821 4765 sub-

2159 4797 2353 4867 junxit
2378 4813 2389 4850 2
2414 4799 2523 4850 Nos
2546 4804 2729 4851 autem
2754 4795 3116 4866 praedicamus
3140 4795 3415 4852 Christum
3442 4797 3782 4870 cruciﬁxum
3799 4818 3820 4860 :

2160 4886 2362 4941 Iudaeis
2382 4884 2600 4957 quidem
2630 4883 2975 4951 scandalum,
2997 4885 3251 4953 gentibus
3280 4891 3469 4941 autem
3493 4888 3823 4943 stultitiam.

2164 4974 2429 5030 Christus
2461 4974 2771 5029 crucifixus
2815 4972 3034 5029 Judaeis
3082 4974 3427 5030 scandalum
3485 4980 3645 5045 erat;
3682 4976 3827 5048 quia

2163 5064 2736 5128 scandalizahantur,
2789 5063 3095 5119 audientes
3126 5064 3424 5119 Christum
3474 5063 3823 5121 violatorem

2160 5153 2417 5217 Sabbati,
2449 5153 2543 5209 Dei
2573 5152 2782 5207 Filium
2813 5152 3135 5223 praedicari,
3162 5159 3264 5208 aut
3294 5153 3392 5208 Dei
3428 5153 3640 5209 Filium
3676 5154 3824 5226 pati,

2159 5243 2248 5298 vel
2284 5243 2429 5298 mori
2480 5240 2761 5313 potuisse.
2797 5241 3081 5297 Gentibus
3115 5248 3308 5297 autem
3351 5247 3477 5299 erat
3526 5242 3821 5311 stultitia;

2162 5332 2461 5404 quoniam,
2478 5331 2621 5385 dum
2640 5346 2708 5385 ea
2723 5330 3022 5402 praedicari
3044 5330 3520 5405 audiebant,quae
3546 5331 3822 5388 humana

470 5512 914 5589 (5_02)_Epicurei
947 5528 1178 5589 nempe,
1209 5508 1312 5585 qui
1343 5510 1519 5567 deum
1549 5523 1691 5566 sane
1721 5506 2060 5581 admittunt,
2087 5510 2187 5568 sed
2221 5525 2355 5568 eum
2389 5508 2748 5584 contemptui
2781 5508 2977 5584 potius
3004 5525 3183 5586 quam
3217 5510 3557 5571 reverentia:
3585 5526 3829 5573 accom-

400 5584 665 5657 modant,
