4070 6168
264 275 362 337 301

824 278 1245 342 EXPOSITIO
1292 280 1371 339 IN
1420 278 1850 341 EPISTOLAS
1899 276 2149 338 PAULI.
2187 308 2261 320 -—
2293 278 2370 337 IN
2416 278 2667 341 EPIST.
2715 281 2736 339 1
2785 282 2888 342 AD
2932 281 3108 345 COR.

3555 286 3671 345 302

263 406 558 477 sapientiae
604 410 918 466 convenire
942 427 1055 467 non
1073 410 1667 481 videntur,insensata
1681 409 1910 482 judica-
1944 412 1993 475 Α
2024 424 2135 463 ηοη
2165 410 2327 463 multi
2354 410 2558 465 nobiles
2598 430 2616 465 :
2645 428 2709 466 ac
2739 412 2790 466 si
2820 412 3037 468 diceret
3070 432 3082 468 :
3118 414 3181 469 In
3230 414 3663 486 vobismetipsis

264 498 417 567 bant,
450 497 825 571 maximeque
855 500 1100 573 virginis
1151 505 1387 572 partum
1436 506 1493 556 et
1539 507 1906 556 mortuorum

262 585 589 658 generalem
622 588 1138 644 resurrectionem.

322 675 458 746 Ipsis
487 683 670 731 autem
698 678 899 735 vocatis
920 694 942 738 ;
973 694 1090 753 non
1126 676 1225 733 illa
1248 679 1690 749 vocatione,qua
1720 677 1907 733 vocati

265 769 396 820 sunt
425 763 485 818 bi
518 764 641 835 qui,
672 764 904 821 invitati
937 767 1008 821 ad
1058 783 1283 822 coenam
1315 767 1472 840 agni,
1506 784 1620 823 non
1676 768 1908 821 fuerunt

265 852 420 925 digni
450 853 647 909 venire
676 854 859 925 (Apoc.
921 872 1039 923 xxx,
1068 856 1142 923 9;
1176 857 1360 913 Matth.
1412 874 1552 919 xxu,
1581 857 1660 925 2),
1703 855 1804 911 sed
1841 870 1909 908 ea

265 942 327 997 de
357 959 478 1013 qua
505 942 817 1013 Apostolus
842 961 855 999 :
890 945 1029 1013 Quos
1057 949 1239 1002 autem
1265 946 1712 1016 praedestinavit,
1743 944 1839 1000 hos
1858 947 1909 998 et

263 1033 497 1087 vocavit.
538 1034 754 1087 Vacalis
790 1049 928 1104 ergo
957 1033 1178 1101 Iudaeis,
1233 1044 1395 1106 atque
1443 1034 1639 1089 Graecis
1666 1034 1909 1088 Christus

263 1121 354 1176 Dei
384 1122 562 1175 virtus
589 1124 690 1188 est,
721 1129 773 1176 et
800 1123 900 1177 Dei
930 1124 1200 1195 sapientia
1227 1124 1402 1194 (Rom.
1436 1141 1560 1180 νιιι.
1593 1124 1682 1193 40)
1722 1139 1734 1176 :
1770 1123 1911 1193 quia

262 1209 467 1275 Judaei,
518 1211 619 1281 qui
653 1210 813 1281 prius
862 1211 1035 1283 signa
1063 1213 1423 1283 quaerebant,
1476 1215 1533 1267 et
1558 1210 1908 1268 scandaliza-

261 1299 491 1369 bantur,
526 1314 630 1370 per
656 1299 907 1371 gratiam
942 1301 1039 1355 Dei
1068 1301 1253 1356 vocati
1284 1302 1355 1355 ad
1388 1301 1585 1366 ﬁdem,
1617 1300 1911 1355 intellexe-

261 1392 398 1444 runt
426 1403 561 1444 eum
593 1387 695 1444 Dei
724 1387 998 1444 virtutem
1035 1408 1048 1457 ;
1082 1390 1358 1460 qucniam
1399 1406 1502 1462 per
1527 1390 1724 1461 ipsum
1760 1391 1908 1445 Deus

262 1477 429 1532 Pater
459 1474 659 1531 omnia
686 1476 968 1543 condidit,
1002 1478 1169 1549 regit,
1202 1482 1260 1533 et
1285 1478 1592 1551 gubernat.
1628 1475 1912 1533 Similiter

260 1563 635 1638 gentiles,qui
653 1564 818 1637 prius
832 1567 1107 1638 mysteria
1120 1566 1333 1622 Christi
1353 1566 1492 1622 bum
1501 1583 1613 1621 ana
1624 1564 1912 1638 sapientia

259 1652 751 1725 comprehendere
781 1654 1202 1727 nitebantur,et
1229 1656 1448 1727 quibus
1469 1654 1718 1711 stultitia
1745 1654 1909 1709 vide-

260 1743 496 1813 bantur,
527 1741 630 1798 Dei
659 1743 850 1814 gratia
878 1743 1014 1799 facti
1046 1746 1370 1811 credentes,
1394 1747 1755 1817 agnoverunt
1773 1759 1909 1798 eum

261 1831 355 1887 Dei
385 1831 739 1904 sapientiam
776 1850 790 1901 ;
842 1834 1119 1904 quoniam
1153 1851 1256 1905 per
1285 1850 1420 1890 eum
1451 1834 1603 1890 Deus
1636 1838 1799 1904 pater
1822 1836 1912 1888 est

263 1920 518 1991 agnitus.
562 1920 631 1974 Et
660 1936 858 1976 revera
887 1939 1001 1977 non
1034 1921 1203 1978 aliter
1258 1922 1470 1978 melius
1501 1926 1725 1994 poterat
1756 1922 1911 1977 Deus

261 2008 426 2063 Pater
456 2009 716 2079 agnosci,
749 2026 924 2079 quam
961 2026 1063 2082 per
1091 2027 1248 2080 cum,
1300 2010 1399 2082 qui
1451 2010 1686 2082 genitus
1717 2014 1807 2065 est
1837 2010 1909 2065 ab

258 2095 377 2161 illo,
409 2096 578 2152 Unde
608 2098 666 2151 in
699 2097 995 2170 evangelio
1055 2115 1068 2153 :
1123 2100 1291 2155 Nemo
1318 2100 1469 2155 novit
1505 2101 1746 2166 Patrem,
1796 2099 1913 2153 nisi

259 2184 469 2252 Filius,
519 2191 571 2240 et
600 2187 694 2241 cui
713 2186 947 2241 voluerit
1006 2188 1189 2244 Filius
1210 2189 1453 2243 revelare
1490 2188 1912 2259 (Matth.x1,27).

256 2277 531 2329 Attamen
537 2275 707 2346 juxta
718 2274 870 2331 hanc
883 2275 1263 2347 apostolicam
1281 2277 1631 2332 sententiam
1649 2276 1912 2347 utrisque

257 2362 507 2430 vocatis,
538 2366 660 2417 tam
690 2362 1115 2436 Judaeis,quam
1144 2364 1359 2421 Graecis
1388 2365 1674 2421 debemus
1702 2363 1910 2420 intelli-

260 2468 394 2525 gere
428 2451 730 2506 Christum
791 2452 886 2508 Dei
916 2453 1215 2520 virtutem,
1265 2460 1321 2509 et
1376 2453 1478 2509 Dei
1510 2453 1860 2524 sapientiam
1893 2469 1907 2507 :

259 2540 446 2596 virtus
468 2539 685 2612 quippe
705 2541 775 2596 ad
808 2541 1525 2614 operationem,sapientia
1546 2542 1617 2597 ad
1640 2542 1912 2614 praedica-

259 2630 481 2685 tionem
514 2628 780 2685 refertur.
823 2630 1024 2686 Virtus
1050 2646 1156 2702 ego
1189 2631 1290 2686 Dei
1322 2630 1588 2686 Christus
1616 2629 1734 2685 illis
1765 2634 1854 2685 est
1893 2647 1906 2698 ;

260 2718 400 2791 quia
429 2716 859 2784 intellexerunt,
890 2720 1059 2792 {quod
1092 2719 1207 2775 nisi
1238 2719 1393 2775 Deus
1422 2725 1598 2788 esset,
1628 2718 1913 2774 miracula

257 2822 388 2878 quae
415 2806 556 2862 fecit
575 2806 761 2862 facere
792 2824 907 2862 non
939 2812 1139 2880 posset
1171 2825 1184 2863 :
1214 2811 1304 2863 est
1323 2812 1382 2864 et
1410 2807 1696 2880 sapientia
1721 2826 1735 2876 ;
1768 2823 1912 2878 quo-

255 2895 418 2952 niam
450 2900 813 2968 agnoverunt
860 2895 1113 2964 nullum,
1162 2896 1277 2952 nisi
1308 2896 1464 2951 Deus
1503 2900 1678 2963 esset,
1710 2896 1915 2951 docere

254 3000 433 3055 posse
466 3002 594 3057 qua:
641 2985 860 3040 docuit.
913 2983 1078 3039 Unde
1130 2983 1315 3039 Judaei
1362 2984 1433 3039 de
1474 3000 1541 3039 eo
1590 2983 1911 3039 dixerunt:

256 3073 411 3129 Unde
442 3073 576 3129 huic
604 3075 778 3128 virtus
807 3074 944 3139 haec,
976 3078 1031 3128 et
1061 3071 1379 3143 sapientia?
1403 3073 1620 3139 (Matth.
1652 3088 1777 3141 xui,
1798 3071 1913 3142 54).

323 3163 485 3235 Quia
517 3161 659 3233 quod
686 3163 921 3217 stultum
950 3164 1031 3216 est
1079 3161 1200 3231 Dei,
1229 3162 1540 3232 sapientius
1571 3168 1648 3216 est
1675 3161 1913 3216 homini-
1944 3147 1987 3213 C
2028 3160 2142 3215 culi
2201 3161 2561 3231 putabantur
2621 3176 2633 3215 :

242 3251 362 3319 bus,
396 3260 455 3308 et
485 3251 629 3321 quod
658 3250 951 3320 inﬁrmum
980 3255 1061 3304 est
1095 3251 1212 3317 Dei,
1237 3251 1439 3320 fortius
1459 3254 1538 3304 est
1567 3248 1905 3304 hominibus.

235 3340 516 3397 Stultum
548 3338 672 3408 Dei,
702 3354 821 3394 non
868 3352 1002 3392 vere
1049 3337 1211 3404 dicit,
1245 3338 1344 3393 sed
1370 3337 1543 3408 juxta
1599 3336 1910 3392 hominum

232 3428 591 3500 opinionem
626 3443 639 3481 :
674 3425 842 3497 Nam,
875 3427 1015 3499 quia
1044 3425 1305 3482 humana
1332 3426 1622 3498 sapientia
1651 3440 1913 3497 compro-

231 3517 509 3573 hendere
542 3532 656 3571 non
707 3519 997 3588 poterant,
1049 3516 1344 3587 quomodo
1391 3516 1479 3571 vel
1509 3516 1670 3588 virgo
1711 3530 1913 3586 parere

236 3609 469 3680 posset,
506 3606 595 3660 vel
629 3609 781 3659 Deus
810 3603 1045 3676 pati,vel
1079 3609 1349 3660 mortuus
1378 3620 1703 3677 resurgere,
1729 3602 1913 3659 stulta

243 3712 373 3752 esse
405 3692 811 3760 aestimabant,
837 3710 972 3749 cum
1005 3699 1167 3750 esset
1195 3694 1255 3749 in
1288 3693 1378 3749 his
1428 3693 1577 3749 ratio
1606 3692 1909 3765 spiritalis.

244 3784 362 3841 Hoc
396 3781 679 3852 stultum,
714 3782 1058 3839 hominibus
1092 3782 1418 3854 sapientius
1448 3786 1538 3838 est
1570 3800 1583 3851 ;
1649 3782 1789 3853 quia
1818 3798 1910 3837 sa-

182 3918 191 3925 .
247 3872 474 3945 pientia
505 3868 771 3927 humana
799 3871 1220 3944 comprehendi
1252 3880 1379 3927 non
1398 3875 1613 3943 potest.
1636 3869 1916 3925 Similiter

242 3962 412 4032 juxta
444 3960 762 4018 hominum
790 3960 1239 4016 aestimationem
1265 3959 1569 4014 infirmum
1591 3958 1805 4014 Christi
1824 3974 1917 4013 vo-

249 4055 337 4105 cat
354 4048 973 4119 exinanitionem,qua
994 4047 1384 4119 semetipsum
1425 4045 1761 4113 exinanivit,
1798 4047 1914 4101 fae-

248 4143 350 4195 tus
368 4138 666 4195 obediens
688 4152 877 4208 usque
897 4137 970 4192 ad
998 4135 1673 4208 mortem(Philipp.n,7);
1694 4134 1793 4189 sed
1809 4133 1918 4189 hoc

246 4226 802 4294 inﬁrmum,fortius
821 4229 911 4281 est
929 4223 1439 4296 hominibus,Quia
1454 4224 1582 4294 ejus
1602 4221 1919 4278 infirmitas

247 4322 449 4373 nostra
480 4318 579 4372 est
609 4313 852 4369 victoria
881 4317 938 4368 et
966 4312 1245 4368 fortitudo
1271 4329 1394 4383 ;per
1424 4328 1553 4366 eam
1584 4311 1800 4383 quippe
1814 4326 1919 4366 nos

2020 499 2355 567 cognoscite
2380 502 2533 569 quod
2559 501 2844 557 dicozecce
2864 503 3020 557 enim
3042 520 3142 558 vos
3165 504 3466 575 multijam
3494 508 3659 561 estis.

2018 587 2116 657 qui
2140 587 2519 653 creditis,non
2547 595 2743 646 autem
2767 591 2935 647 multi
2958 596 3097 647 sunt
3120 592 3414 662 sapientes
3453 610 3662 651 secun-

2018 675 2158 730 dum
2193 692 2449 742 carnem,
2482 677 2539 730 id
2563 683 2673 738 est.
2697 679 2798 750 qui
2829 680 3128 745 mundana
3153 680 3441 751 sapientia
3469 680 3663 753 potius

2018 764 2206 819 inﬂati
2239 781 2415 835 quam
2464 765 2639 831 docti,
2690 768 2899 823 divinas
2949 768 3248 839 sapientiai
3297 785 3358 824 se
3405 769 3661 825 subdere

2019 852 2334 908 noluerunt
2365 870 2378 908 :
2411 854 2628 925 quibus
2658 857 3191 929 verbisspecialiter
3209 858 3656 914 mathematicos

2018 941 2409 1013 reprehendit.
2461 943 2529 996 Et
2559 948 2715 1013 nota,
2776 946 2934 1016 quia,
2989 964 3139 1018 quos
3191 947 3486 1019 sapientes
3516 947 3664 1001 dicit

2018 1031 2343 1087 secundum
2380 1048 2634 1101 carnem,
2658 1034 2892 1089 eosdem
2924 1042 3089 1091 vocat
3118 1042 3382 1109 potentes
3411 1041 3470 1093 et
3498 1035 3665 1092 nobi-

2018 1119 2102 1175 les
2136 1136 2149 1174 :
2185 1124 2466 1191 potentes,
2500 1121 2637 1190 quia
2668 1122 2872 1176 mundi
2904 1125 3160 1193 potentia
3185 1124 3664 1193 elati,inﬁrmita-

2017 1212 2135 1263 tem
2169 1209 2362 1264 crucis
2382 1209 2594 1264 Christi
2620 1210 2908 1265 credendo
2926 1212 3223 1283 suscipere
3252 1215 3662 1285 despexerunt:

2018 1296 2243 1355 nobiles
2273 1314 2427 1360 vero,
2452 1298 2592 1369 quia
2620 1298 2988 1370 antiquitatis
3018 1300 3306 1372 originem
3324 1320 3441 1357 sua;
3464 1320 3667 1375 super-

2020 1386 2914 1455 stitioniascribebant,dicentes
2934 1405 2997 1444 se
3018 1388 3261 1460 antiqua
3281 1391 3669 1464 originepraa-
3746 1458 3754 1469 I

2022 1474 2196 1542 ditos,
2221 1475 2585 1532 Christianos
2606 1480 2803 1532 autem
2827 1481 3099 1533 vocantes
3118 1478 3394 1550 novellos,
3417 1480 3666 1552 ideoque

2018 1564 2355 1636 ignominiae
2373 1564 2648 1632 crucis,id
2666 1566 2989 1635 est,divinaa
3017 1565 3308 1639 religioni,
3330 1584 3394 1623 se
3415 1568 3668 1624 subdere

2020 1652 2715 1724 despiciebant.Ostendit
2732 1670 2866 1726 ergo
2880 1654 3669 1726 hisverbisApostolus,quia

2020 1742 2219 1797 fideles
2244 1746 2533 1812 Deus,non
2566 1743 2893 1798 secundum
2916 1759 3043 1799 eam
3068 1744 3392 1799 doctrinam
3415 1743 3662 1810 vocavit,

2019 1846 2145 1901 quae
2168 1829 2224 1884 in
2256 1831 2459 1901 paucis
2484 1836 2627 1901 erat,
2648 1831 2748 1886 sed
2774 1831 2921 1903 (504)
2945 1832 3265 1887 secundum
3288 1849 3573 1903 eam,qu:e
3598 1832 3663 1888 in

2020 1918 2518 1986 multis,videlicet
2538 1920 3142 1991 evangelicam.Aliter
3170 1938 3182 1975 :
3220 1920 3395 1977 Videte
3422 1923 3670 1977 vocatio-

2019 2023 2143 2062 nem
2174 2010 2650 2078 vestramjralres,
2670 2010 2939 2080 quoniam
2968 2025 3078 2064 non.
3109 2010 3272 2063 multi
3294 2013 3561 2081 sapientes
3582 2028 3665 2065 se-

2021 2096 2261 2150 cundum
2291 2112 2538 2163 carnem,
2588 2112 2699 2151 non
2746 2098 2910 2151 multi
2933 2101 3202 2168 potentes,
3233 2115 3349 2152 non
3375 2100 3541 2154 multi
3568 2115 3668 2155 n0-

2022 2185 2175 2253 biles,
2210 2185 2265 2239 id
2298 2188 2405 2251 est,
2432 2184 2789 2257 perpendite,
2823 2186 3205 2249 considerate,
3232 2188 3512 2258 quoniam
3552 2204 3669 2242 non

2021 2273 2191 2328 multi
2223 2274 2540 2345 sapientes,
2575 2277 2860 2344 potentes,
2913 2278 3014 2329 aut
3052 2274 3274 2331 nobiles
3306 2275 3473 2331 electi
3506 2281 3667 2343 sunt,

2022 2379 2123 2433 per
2172 2379 2320 2434 quos
2366 2362 2741 2429 vocaremini,
2793 2363 2894 2419 sed
2945 2364 3284 2434 paucissimi
3321 2365 3665 2438 piscatores,

2020 2452 2209 2505 idiotze
2256 2455 2313 2505 et
2359 2467 2666 2523 pauperes.
2723 2451 2887 2507 Unde
2925 2453 3333 2509 convenienter
3362 2454 3615 2524 subjecit
3650 2472 3663 2510 :

2020 2540 2127 2595 Sed
2155 2556 2280 2610 qua?
2322 2540 2495 2595 stulta
2538 2540 2733 2595 mundi
2764 2540 2930 2608 ‘sunt,
2983 2542 3149 2610 elegit
3194 2543 3333 2598 Deus
3381 2542 3554 2613 (505),
3611 2546 3675 2597 ut

2020 2630 2322 2702 confundat
2342 2631 2512 2700 fortia
2535 2648 2551 2696 ;
2575 2637 2624 2684 et
2650 2628 2951 2703 ignobilia,
2976 2635 3029 2686 et
3047 2631 3483 2703 eontemptibilia
3509 2632 3675 2701 elegit

2024 2720 2183 2773 Deus.
2232 2717 2365 2782 Quae
2411 2718 2702 2774 sententia
2751 2723 2871 2774 tam
2920 2720 2992 2774 ad
3047 2736 3167 2775 rem
3209 2736 3387 2792 quam
3437 2720 3508 2776 ad
3542 2736 3669 2792 per-

2022 2824 2198 2864 sonas
2228 2806 2429 2861 inferri
2478 2811 2688 2879 potest.
2722 2807 2779 2861 Si
2810 2812 3003 2863 autem
3037 2808 3109 2864 ad
3140 2826 3265 2865 rem
3327 2827 3339 2865 :
3411 2809 3669 2874 infirma,

2024 2896 2222 2963 stulta,
2282 2895 2581 2967 ignobilia,
2631 2902 2688 2950 et
2742 2897 3211 2969 contemptibilia
3261 2898 3402 2953 dicit
3432 2901 3667 2970 partum

2022 2982 2287 3056 virginis.
2322 2988 2379 3038 et
2408 2982 2638 3037 Domini
2692 2985 3049 3055 passionem,
3105 2984 3188 3040 vel
3230 2991 3517 3053 mortem;
3552 3003 3670 3042 non

2026 3072 2182 3144 quod
2216 3086 2413 3126 revera
2456 3072 2599 3138 sint,
2659 3072 2759 3127 sed
2820 3073 2958 3144 quia
2989 3072 3071 3127 sic
3102 3090 3135 3128 a
3167 3073 3534 3145 sapientibus
3566 3091 3670 3129 sae-

2697 3177 2823 3231 quae
2854 3160 3008 3215 Deus
3058 3160 3250 3233 elegit,
3284 3167 3348 3216 ut
3377 3162 3671 3234 sapientes

2018 3253 2075 3304 et
2104 3249 2280 3304 fortes
2338 3248 2741 3315 confunderet,
2791 3249 2933 3304 dum
2992 3249 3210 3305 multos
3254 3250 3517 3305 viderent
3544 3266 3670 3306 cre-

2021 3337 2175 3404 dere,
2222 3338 2378 3408 quod
2428 3337 2598 3408 pauci
2629 3337 2957 3409 negabant;
2990 3336 3039 3393 si
3082 3354 3215 3394 vero
3266 3339 3337 3394 ad
3393 3356 3673 3410 personas

2022 3424 2307 3481 referatur
2358 3443 2371 3480 :
2426 3426 2607 3481 stulta
2665 3425 2891 3492 mundi,
2940 3424 3194 3495 infirma,
3255 3426 3561 3500 ignobilia,
3619 3431 3678 3483 et

2020 3514 2505 3586 contemptibilia,
2528 3514 2742 3571 Christi
2768 3519 2933 3571 vocat
2964 3516 3388 3590 apostolos,qui
3419 3516 3479 3572 in
3511 3532 3676 3573 com-

2021 3603 2322 3675 paratione
2353 3604 2733 3675 sapientium,
2763 3604 3024 3670 fortium,
3049 3604 3356 3676 nobilium,
3390 3605 3463 3660 ab
3496 3604 3677 3677 hujus

2022 3691 2226 3747 mundi
2300 3692 2662 3748 amatoribus
2723 3692 2909 3759 stulti,
2962 3693 3202 3763 infirmi,
3276 3694 3565 3766 ignobiles
3620 3697 3678 3749 et

2023 3779 2488 3851 contemptibiles
2520 3780 2983 3836 aestimabantur.
3014 3782 3161 3838 Mira
3179 3783 3395 3854 quippe
3428 3787 3549 3838 arte
3571 3782 3679 3837 Do-

2024 3868 2221 3923 minus
2254 3867 2392 3938 egit.
2426 3867 2625 3925 Noluit
2680 3868 2836 3923 enim
2897 3871 2967 3924 ad
3022 3871 3459 3941 pradicandum
3492 3870 3681 3925 Evan-

2026 3954 2247 4027 gelium
2300 3953 2596 4025 sapientes
2651 3953 2884 4026 eligere,
2935 3960 3221 4026 potentes,
3285 3956 3514 4021 divites,
3577 3959 3680 4010 aut

2028 4041 2273 4111 nobiles,
2331 4057 2401 4095 ne
2453 4042 2577 4096 suis
2609 4057 2671 4096 se
2719 4041 2946 4096 meritis
2994 4042 3207 4096 electos
3254 4042 3576 4110 crederent,
3625 4048 3683 4097 et

2026 4147 2099 4185 ne
2131 4129 2360 4185 dicendi
2408 4129 2633 4184 occasio
2690 4128 2948 4199 daretur,
2994 4129 3150 4201 quod
3203 4128 3403 4184 fideles
3441 4128 3679 4201 Christi,

2029 4224 2085 4276 et
2117 4220 2273 4275 fama
2306 4218 2563 4274 nominis
2593 4218 2740 4289 ejus,
2773 4234 2887 4273 non
2941 4218 3157 4274 virtute
3212 4218 3397 4274 sancti
3427 4217 3684 4292 Spiritus

2030 4325 2133 4382 per
2182 4309 2381 4364 orbem
2430 4311 2718 4363 terrarum
2774 4307 3078 4375 creverint,
3139 4308 3241 4365 sed
3286 4307 3560 4365 humanae
3590 4325 3683 4365 sa-

247 4404 427 4461 fortes
490 4402 639 4460 facti
694 4418 925 4458 sumus.
990 4400 1216 4456 Fortius
1247 4404 1336 4455 est
1371 4399 1749 4468 hominibus;
1783 4399 1923 4469 quia
2029 4398 2266 4469 pientia:
2323 4396 2600 4464 versutia,
2658 4400 2761 4451 aut
2810 4396 3085 4468 potentia,
3140 4398 3261 4454 sive
3307 4398 3547 4464 divitiis,
3581 4402 3685 4453 aut

248 4500 501 4551 mortem
539 4508 730 4565 quam
781 4506 968 4563 reges,
999 4490 1267 4562 gigantes
1308 4493 1366 4544 et
1403 4486 1694 4559 principes
1742 4488 1922 4559 hujus
1955 4508 2000 4572 Β
2031 4484 2354 4542 nobilitate.
2389 4484 2587 4540 Noluit
2618 4484 2835 4558 quippe
2893 4501 2993 4556 per
3021 4491 3309 4543 oratorem
3354 4491 3687 4543 convertere

248 4584 440 4639 seaculi
475 4596 774 4654 superare
803 4596 917 4635 non
953 4582 1248 4651 poterant,
1274 4578 1401 4649 ipse
1421 4577 1723 4633 moriendo
1762 4576 1921 4646 vicit,

246 4687 461 4743 eosque
492 4672 557 4726 in
604 4669 828 4740 impetu
861 4668 1235 4737 destruxit,et
1264 4670 1529 4721 antorem
1560 4663 1767 4720 mortis
1798 4662 1928 4718 relic

2032 4574 2410 4647 piscatorem,
2461 4574 2562 4629 sed
2621 4590 2723 4645 per
2763 4574 3111 4646 piscatorem
3144 4575 3405 4631 lucratus
3434 4579 3524 4631 est
3554 4592 3685 4630 ora-

2034 4668 2243 4719 torem.
2305 4667 2549 4734 Magnus
2594 4663 2919 4734 Cyprianus
2949 4668 3177 4732 orator;
3211 4664 3313 4720 sed
3367 4665 3555 4736 major
3586 4663 3688 4722 illo

254 4761 424 4832 gavit,
460 4758 769 4828 nobisque
798 4756 927 4811 vitae
955 4760 1181 4811 aeternae
1198 4755 1443 4826 januam
1467 4751 1927 4826 patefecit.Unde
2039 4752 2242 4808 Petrus
2273 4752 2547 4822 piscator,
2564 4766 2665 4822 per
2694 4768 2867 4821 quem
2899 4753 3146 4808 credidit
3177 4769 3292 4807 non
3333 4754 3525 4809 solum
3556 4770 3688 4810 ora-

256 4850 501 4922 pulchre
520 4848 651 4905 illic
674 4844 981 4917 subjunxit
1000 4843 1314 4917 Apostolus
1335 4861 1348 4900 :
1373 4850 1606 4916 Propter
1626 4842 1765 4915 quod
1787 4847 1931 4898 Deus
2036 4846 2150 4911 tor,
2185 4840 2285 4895 sed
2318 4838 2491 4895 etiam
2524 4839 2857 4910 imperator.
2889 4840 3036 4896 Hinc
3080 4845 3169 4897 est
3206 4842 3357 4913 quod
3403 4843 3691 4899 Deminus

256 4941 420 4995 illum
448 4937 734 4996 exultavit
765 4934 949 5007 (lbicl.,
975 4933 1053 5004 8),
1084 4938 1194 4989 etc.

327 5029 603 5103 Casperat
633 5022 949 5096 Apostolus
973 5022 1333 5077 mundanam
1356 5020 1704 5092 sapientiam
1736 5036 1930 5091 repro-

259 5117 485 5181 bare,et
516 5117 716 5187 coepta
736 5109 1060 5166 intentione
1090 5126 1484 5181 perseverans,
1505 5109 1754 5179 adjecit:
1787 5108 1933 5179 (305)

2039 4926 2459 4983 Nathanaelem
2508 4927 2784 4983 laudibus
2835 4928 3089 5000 praetulit
3134 4930 3312 5001 (Joan.
3366 4949 3403 5001 ι,
3446 4932 3556 5002 45),
3589 4929 3691 4984 sed

2041 5017 2111 5071 ad
2154 5015 2501 5088 dignitatem
2532 5015 2893 5087 apostolatus
2918 5034 3030 5072 non
3062 5018 3405 5090 assumpsit.

2114 5106 2177 5160 El
2225 5122 2347 5175 quae
2394 5121 2504 5159 non
2548 5108 2677 5159 sunt
2742 5106 3071 5176 (subaudiri
3128 5108 3366 5178 quidem
3433 5106 3623 5175 potest
3676 5118 3691 5158 :

263 5204 449 5263 Videte
479 5207 641 5262 enim
673 5202 1017 5257 vocationem
1057 5202 1311 5267 vestram,
1350 5200 1578 5267 fratres,
1637 5198 1769 5268 quia
1819 5213 1936 5251 non
2044 5211 2242 5250 revera
2270 5194 2551 5267 ignobilia
2587 5199 2642 5249 et
2673 5194 3156 5266 contemptibilia)
3203 5201 3267 5249 ut
3293 5209 3374 5257 ea,
3410 5208 3526 5262 quae
3564 5196 3697 5247 sunt

261 5295 423 5350 multi
450 5294 736 5366 sapientes
764 5286 1066 5345 secundum
1092 5301 1449 5357 carnem,non
1472 5286 1636 5342 multi
1667 5287 1932 5357 potentes,

330 5420 497 5488 (305)
537 5418 607 5474 In
640 5418 838 5488 autog.
878 5426 1067 5488 marg.
1100 5410 1196 5465 hic
1224 5408 1438 5488 legitur
1465 5427 1592 5488 cap‘.
1622 5409 1718 5488 γι,

332 5480 495 5563 (304)
528 5480 897 5563 Particulam
929 5480 1045 5549 sed,
1079 5499 1207 5556 quae
1236 5480 1514 5563 in'autog.
1537 5480 1934 5563 desideratur,

272 5553 408 5625 cum
443 5553 668 5623 sensus
698 5555 941 5617 omnino
968 5553 1321 5629 exposceret,
1353 5553 1680 5612 addendam
1711 5553 1933 5611 censui.

2043 5282 2359 5353 (similiter,
2421 5298 2622 5339 revera
2677 5282 2961 5356 ignobilia
2988 5288 3046 5339 et
3070 5279 3558 5353 contemptibilia)
3596 5280 3695 5338 de-

2115 5408 2265 5479 (305)
2297 5408 2479 5481 Vulg._
2503 5409 2674 5481 Elegit
2704 5409 2844 5463 Deus
2875 5412 2933 5461 ut
2972 5404 3274 5481 confundat
3320 5407 3611 5481 sapientes,
3644 5409 3697 5466 et

2048 5476 2279 5553 inﬁrma
2308 5476 2505 5536 mundi
2534 5476 2699 5551 elegit
2727 5481 2882 5547 Deus,
2915 5486 2973 5533 ut
3001 5476 3302 5549 confundat
3328 5476 3513 5551 fortia.
