4090 6170
381 290 500 350 303

1400 273 1736 337 ATTONIS
1783 269 2370 333 VERCELLENSIS
2417 265 2769 326 EPISCOPI

3674 259 3790 320 204

374 427 633 479 strueret.
667 419 794 473 Sive
825 431 958 471 cum
991 414 1132 469 dicit
1169 429 1180 467 ε
1217 413 1351 480 Qua:
1394 425 1504 464 non
1561 415 1708 471 sunt,
1746 407 2018 475 despecta
2050 406 2105 470 Α
2140 405 2246 470 est,
2281 401 2335 454 in
2371 417 2486 471 qua
2515 397 2712 454 omnia
2759 396 2895 451 fecit
2923 410 3058 450 cum
3091 397 3281 454 Patre,
3315 397 3372 447 et
3403 392 3526 464 ipse
3557 408 3592 446 a
3624 390 3787 446 nullo

377 512 554 583 hujus
585 506 790 563 mundi
822 504 1147 576 intelligere
1185 502 1468 555 debemus
1505 516 1516 566 ;
1553 496 1769 551 Christi
1798 495 2026 549 scilicet

380 598 694 672 apostolos,
756 595 878 667 qui,
930 592 1203 665 quoniam
1253 588 1458 644 mundi
1489 586 1736 659 gloriam
1770 601 1885 638 non
1917 583 2025 637 ha-

381 685 797 758 bebant,quasi
827 699 943 738 non
975 679 1554 750 essejudicabantur.
1581 674 1864 730 Similiter
1887 687 2023 726 cum

383 776 628 833 subdit:
666 775 734 831 Ut
757 789 823 828 ea
863 786 984 844 quae
1029 772 1159 824 sunt
1203 768 1520 830 destrueret,
1581 762 2027 833 intelligendum

383 871 492 936 est,
525 863 795 937 gloriosa,
849 866 906 915 et
953 857 1249 924 sublimia,
1306 872 1435 926 quae
1485 869 1613 908 esse
1647 852 2026 923 putabantur,

384 955 524 1025 quia
555 954 612 1007 in
643 948 846 1005 mundi
893 946 1076 1019 gloria
1124 944 1541 1001 consistebant.
1594 940 1814 994 Dicitur
1843 955 1978 1010 ergo
2014 953 2027 990 :

382 1044 482 1106 Ea,
535 1057 659 1113 qua
707 1056 824 1093 non
871 1041 1030 1102 sunt,
1095 1035 1152 1089 id
1223 1038 1329 1097 est,
1399 1033 1670 1102 despecta
1716 1029 1913 1099 elegit,
1967 1030 2032 1080 ut

383 1146 450 1185 ea
495 1145 620 1201 quin
669 1131 810 1182 sunt
864 1125 922 1179 id
994 1128 1083 1179 est
1131 1122 1384 1194 gloriosa
1433 1121 1759 1174 destrueret
1802 1135 1815 1184 ;
1876 1114 2030 1186 quod

380 1223 437 1273 et
451 1217 671 1272 factum
689 1231 819 1271 esse
840 1211 1352 1285 cognoscimus:ad
1381 1207 1849 1279 praedicationem
1874 1220 2036 1258 nam-

379 1322 492 1378 que
521 1303 919 1377 apostolorum
951 1301 1120 1355 multi
1146 1315 1310 1370 reges
1343 1302 1400 1352 et
1431 1296 1611 1365 hujus
1643 1293 1843 1349 sacculi
1874 1293 2032 1364 prin-

381 1395 540 1464 cipes
570 1392 819 1460 confusi,
849 1389 1129 1446 destructi
1155 1393 1293 1444 sunt
1322 1392 1379 1443 et
1411 1385 1622 1441 humili
1651 1383 1865 1440 Christi
1891 1384 2037 1455 jugo

387 1500 449 1539 se
478 1482 893 1540 subdiderunt.

464 1616 578 1672 Sed
628 1631 733 1670 cur
780 1613 901 1668 haec
945 1611 1232 1667 Dominus
1278 1609 1534 1681 elegerit,
1569 1607 1881 1680 Apostolus
1913 1623 2040 1660 ma-

392 1704 650 1769 nifestat,
699 1703 1065 1773 subjungens
1115 1701 1220 1769 κω
1247 1715 1357 1753 ηοη
1387 1699 1655 1767 glorietur
1697 1698 1876 1752 omnis
1916 1711 2041 1750 caro

392 1795 457 1848 in
479 1799 759 1864 conspectu
789 1792 923 1862 ejus.
959 1789 1146 1844 Omnis
1175 1804 1323 1856 caro,
1357 1786 1547 1843 omnis
1579 1785 1828 1840 carnalis
1861 1784 2045 1839 scien-
2072 1773 2119 1835 B

391 1881 474 1937 tia
516 1879 763 1953 intelligi
808 1884 1019 1950 potest,
1071 1882 1136 1932 ut
1183 1877 1260 1932 sit
1304 1893 1514 1932 sensus
1569 1892 1580 1930 :
1639 1876 1751 1929 Non
1782 1875 2048 1944 glorietur

389 1972 568 2026 omnis
595 1984 723 2025 caro
753 1970 813 2022 in
841 1975 1125 2038 conspectu
1155 1970 1296 2037 ejus,
1339 1965 1395 2019 id
1429 1968 1535 2030 est,
1598 1967 1663 2016 ut
1697 1962 1890 2016 omnis
1923 1977 2047 2015 car-

388 2059 539 2115 nalis
571 2057 816 2114 scientia
873 2056 1184 2112 erubescat
1215 2059 1274 2109 et
1333 2054 1731 2108 confundatur
1788 2051 1846 2104 in
1907 2066 2049 2103 con-

391 2152 593 2220 spectu
629 2147 750 2217 Dei,
779 2145 982 2216 judice
1014 2145 1164 2215 ipso.
1195 2142 1458 2199 Carnalis
1495 2145 1685 2195 autem
1720 2137 2052 2194 intellectus

397 2235 776 2302 est,dil'ﬁdere
807 2233 909 2288 Dei
931 2233 1192 2305 potentia
1211 2231 1496 2302 virginem
1532 2246 1733 2301 parere
1766 2228 2050 2299 potuisse,

404 2328 505 2378 aut
522 2322 822 2378 hominem
847 2325 1145 2375 mortuum
1173 2316 1899 2390 viviﬁcari.Congrucntius
1920 2332 2052 2370 vero

409 2411 602 2468 omnis
634 2427 767 2467 caro
796 2408 1162 2482 intelligitur.
1197 2407 1388 2463 omnis
1421 2407 1617 2476 homo,
1668 2423 1700 2460 a
1749 2411 1911 2477 parte
1968 2409 2052 2460 to-

411 2505 538 2556 tum
573 2518 586 2569 ;
635 2505 699 2555 ut
751 2499 828 2556 sit
880 2515 1090 2555 sensus
1122 2515 1134 2552 :
1170 2497 1385 2552 Idcirco
1417 2501 1569 2552 Deus
1621 2495 1798 2550 nullis
1829 2493 2054 2549 meritis

411 2589 872 2664 praecedentibus
904 2588 1139 2643 inﬁrma
1185 2586 1388 2641 mundi
1421 2584 1616 2656 elegit,
1674 2589 1730 2639 et
1761 2584 2051 2654 despecta,

411 2683 479 2735 ut
527 2695 640 2734 non
697 2677 908 2733 habeat
955 2675 1147 2732 omnis
1192 2675 1387 2740 homo,
1434 2675 1504 2729 de
1551 2689 1612 2728 se
1645 2673 1798 2727 unde
1849 2673 2053 2728 merito

409 2767 646 2840 gloriari
679 2765 867 2838 possit
914 2767 975 2820 in
1025 2769 1338 2835 conspectu
1372 2762 1506 2831 Dei,
1543 2779 1608 2817 ac
1654 2761 1701 2817 si
1736 2766 1934 2830 aperte
1965 2762 2052 2815 di-

407 2859 597 2913 ceret:
633 2855 705 2911 Ut
735 2871 851 2910 non
882 2853 1163 2926 glorietur
1192 2851 1383 2908 omnis
1417 2851 1591 2906 homo
1644 2850 1703 2904 in
1735 2853 2051 2922 conspectu

407 2946 534 3017 ejus
556 2945 624 3000 de
656 2943 909 3017 propriis
941 2942 1184 2998 meritis.
1213 2941 1341 2996 Haec
1361 2957 1496 3013 ergo
1527 2939 1818 2996 sententia
1847 2955 2051 2995 omnes

406 3031 866 3106 comprehendit,
897 3035 1016 3087 tam
1042 3031 1260 3101 justos,
1294 3046 1464 3101 quem
1509 3028 1764 3100 injustos
1799 3045 1812 3083 :
1845 3027 2051 3098 injusti

2139 491 2350 555 factus,
2414 495 2546 544 ante
2596 487 2793 543 omnia
2838 483 3051 540 saecula
3081 483 3318 554 genitus
3370 486 3460 536 est
3498 481 3572 536 ab
3607 497 3698 536 eo.
3732 481 3789 536 In

2142 582 2326 634 forma
2357 595 2490 650 ergo
2524 575 2905 631 humanitatis
2938 573 3105 628 nobis
3138 573 3331 626 factus
3361 577 3449 625 est
3482 589 3515 625 a
3546 571 3667 625 Deo
3703 587 3790 625 sa-

2142 666 2393 738 pientia;
2429 668 2567 736 quia
2597 664 2851 735 Spiritus
2881 665 3066 716 sancti
3091 661 3275 732 gratia
3296 660 3365 714 de
3387 659 3610 731 virgine
3645 675 3790 714 con-

2142 761 2345 826 ceptus
2399 761 2487 810 est
2517 759 2571 809 et
2607 760 2798 808 natus.
2859 752 2965 817 Qui
3021 751 3177 806 enim
3231 750 3289 804 in
3322 749 3659 805 substantia
3708 749 3796 803 di-

2145 845 2402 899 vinitatis
2434 861 2570 898 vera
2610 848 2728 898 erat
2772 841 2954 897 Patris
2992 839 3316 911 sapientia;
3369 856 3472 910 per
3519 838 3798 892 humani-

2144 938 2323 987 tatem
2358 932 2524 987 nobis
2544 935 2728 986 factus
2762 936 2850 986 est
2876 928 3163 999 sapientia
3189 946 3202 994 ;
3238 927 3517 998 quoniam
3539 943 3646 997 per
3664 943 3801 981 eum

2143 1038 2337 1076 veram
2383 1021 2696 1075 didicimus
2746 1018 3117 1090 sapientiam,
3149 1017 3206 1071 id
3241 1020 3329 1071 est
3356 1015 3670 1070 Trinitatis
3704 1032 3805 1070 co-

2145 1110 2486 1182 gnitionem.
2547 1109 2824 1165 Similiter
2871 1106 2969 1177 qui
3003 1106 3063 1159 in
3096 1105 3314 1160 deitate
3339 1104 3580 1174 justitia
3614 1103 3807 1159 Patris

2147 1204 2291 1266 erat,
2326 1203 2382 1254 et
2413 1215 2513 1270 per
2541 1198 2969 1252 humanitatem
2995 1195 3160 1249 nobis
3202 1194 3391 1248 factus
3424 1192 3805 1263 estjustitia;

2149 1288 2290 1358 quia
2319 1288 2606 1343 credendo
2665 1288 2724 1341 in
2781 1301 2938 1352 eum,
2971 1289 3028 1339 et
3060 1284 3160 1338 Dei
3200 1282 3408 1337 Filium
3441 1282 3807 1351 conﬁtendo,

2148 1377 2261 1447 ipsi
2293 1393 2500 1431 sumus
2532 1375 2884 1447 incorporati
2915 1389 2980 1428 ac
3012 1389 3115 1444 per
3142 1372 3250 1427 hoc
3275 1370 3614 1442 justiﬁcati.
3680 1373 3806 1436 Quo

2149 1465 2305 1522 enim
2354 1465 2605 1536 quisque
2648 1465 2836 1536 magis
2885 1462 2969 1516 illi
3016 1461 3278 1529 inhaeret,
3329 1465 3495 1515 tanto
3550 1460 3814 1531 amplius

2143 1555 2505 1625 justiﬁcatur
2538 1573 2549 1608 :
2576 1555 2808 1623 justum
2868 1567 3076 1623 nempe
3106 1553 3216 1616 est,
3247 1553 3334 1617 ut,
3366 1548 3582 1620 spretis
3621 1549 3814 1605 omni-

2154 1645 2283 1714 bus,
2318 1642 2480 1698 solus
2511 1643 2748 1698 Creator
2777 1644 3085 1696 veneretur
3140 1644 3196 1694 et
3252 1639 3546 1694 adoretur.
3593 1639 3813 1695 Factus

2154 1738 2242 1788 est
2272 1737 2328 1787 et
2359 1731 2781 1799 sanctiﬁcatio;
2816 1729 3094 1801 quoniam
3154 1744 3258 1800 per
3289 1744 3423 1783 eum
3467 1743 3585 1782 non
3619 1731 3815 1784 solum

2159 1821 2230 1876 ab
2262 1820 2601 1876 idololatriae
2658 1824 2716 1875 et
2747 1819 2997 1890 propriis
3046 1816 3282 1889 ﬂagitiis
3335 1816 3550 1888 expiati
3579 1833 3814 1885 sumus,

2159 1911 2261 1966 scd
2293 1911 2470 1965 etiam
2504 1910 2576 1963 ab
2617 1909 2776 1964 omni
2820 1907 3266 1978 inquinamento
3316 1905 3529 1960 mentis
3582 1911 3642 1960 et
3689 1921 3816 1960 cor-

2161 2000 2338 2070 poris.

2235 2088 2515 2159 Denique,
2547 2086 2687 2158 quia
2744 2087 2865 2140 haec
2927 2083 3310 2140 sanctiﬁcatio
3342 2099 3443 2154 per
3473 2083 3815 2154 passionem

2163 2178 2292 2248 ejus
2350 2178 2500 2231 facta
2557 2180 2664 2246 est,
2723 2174 3136 2230 convenienter
3179 2172 3430 2242 subjecit
3465 2189 3477 2227 ε
3511 2173 3576 2228 Et
3603 2172 3816 2228 redem-

2164 2269 2321 2335 ptio:
2353 2266 2570 2321 oblatio
2601 2281 2854 2335 namque
2883 2262 3141 2335 corporis
3199 2261 3413 2317 Christi
3474 2268 3679 2317 nostra
3710 2262 3822 2316 fuit

2167 2354 2508 2426 redemptio.
2542 2355 2658 2408 Hoc
2697 2354 2852 2408 enim
2903 2353 3154 2424 pretium
3212 2369 3316 2423 pro
3361 2350 3531 2406 nobis
3581 2350 3818 2406 diabolo

2167 2444 2328 2498 dedit
2360 2461 2372 2498 :
2407 2444 2549 2498 dum
2580 2444 2736 2498 enim
2777 2459 2839 2497 se
2873 2443 2983 2496 Deo
3018 2441 3164 2496 Patri
3197 2440 3256 2494 in
3289 2457 3390 2495 ara
3419 2441 3612 2495 crucis
3642 2443 3817 2495 obtu-

2167 2532 2254 2602 lit,
2298 2548 2531 2587 omnem
2579 2532 2797 2603 peccati
2844 2530 3363 2587 contradictionem
3409 2529 3469 2583 in
3519 2545 3580 2585 se
3619 2529 3755 2601 ipso
3787 2546 3820 2585 a

2167 2622 2333 2677 nobis
2363 2621 2608 2676 abstulit
2638 2639 2651 2676 :
2688 2636 2822 2675 nam
2857 2620 2984 2675 ideo
3014 2618 3242 2674 diabolo
3274 2635 3338 2674 se
3367 2618 3627 2689 cupienti
3663 2619 3821 2674 occi-

2166 2712 2321 2782 dere,
2356 2715 2420 2764 ut
2465 2710 2753 2781 impleret,
2788 2709 3086 2778 permisit;
3122 2714 3202 2776 ut,
3239 2708 3383 2761 dum
3442 2706 3613 2763 illum
3645 2708 3821 2764 inno-

2165 2804 2391 2855 centem
2423 2800 2692 2855 indebitae
2723 2798 2896 2853 morti
2934 2798 3207 2865 traderet,
3244 2813 3373 2864 nos,
3409 2813 3558 2868 quos
3616 2798 3820 2854 debito

2162 2889 2418 2956 tenebat,
2451 2888 2968 2960 amitteret,sicque
2985 2903 3091 2943 nos
3120 2887 3378 2958 captivos
3403 2903 3438 2942 a
3469 2885 3688 2942 diaboli
3715 2904 3824 2960 po-

2160 2983 2370 3034 testate
2400 2982 2644 3034 erueret.

2236 3069 2456 3138 ltaque,
2489 3068 2629 3138 quia
2671 3066 2926 3122 ostendit
2957 3066 3015 3121 in
3048 3082 3164 3138 quo
3210 3066 3433 3121 sanctis
3481 3070 3638 3122 esset
3689 3067 3822 3139 glo-

403 3123 583 3194 enim,
616 3122 756 3195 quia
785 3121 931 3176 nihil
961 3120 1198 3187 habent,
1231 3137 1344 3175 non
1379 3123 1468 3174 est
1498 3119 1652 3174 unde
1683 3116 2044 3189 glorientur;
2079 3138 2122 3203 ρ
2493 3116 3158 3211 ‘u1'"e;i:1;;t“iﬁ'smhgcn
3161 3116 3635 3212 ἀέὧᾙῐίὲὶνᾶῐξὲἴ
3689 3116 3818 3201 δ”.

409 3213 420 3224 .
506 3212 541 3228 ,.
657 3216 666 3228 .
837 3215 871 3228 γ.
919 3211 976 3228 .ι
1042 3211 1055 3228 .
1298 3209 1352 3228 ,Α
1388 3207 1615 3228 Aug”:
1651 3206 1873 3228 ,μμ-ι
1932 3223 2040 3228 ___
2441 3202 2456 3228 ›
3595 3199 3613 3227 ν
3679 3173 3790 3228 Ι)το

396 3212 546 3284 justi
576 3216 792 3282 autem,
825 3211 934 3266 etsi
964 3211 1182 3266 habent
1208 3209 1361 3265 unde
1381 3207 1618 3281 gloriari
1649 3206 1896 3278 possint,
1932 3223 2047 3261 non

402 3305 600 3358 tamen
622 3320 654 3357 a
685 3301 876 3368 se,sed
900 3317 934 3355 a
955 3305 1068 3354 Deo
1095 3300 1165 3368 (II
1195 3299 1376 3368 Cor.x,
1417 3296 1682 3366 17).Quid
1704 3311 1838 3367 ergo
1871 3299 2050 3350 restat

406 3389 745 3448 salvandis?
775 3388 930 3444 Nihil
961 3388 1141 3457 aliud,
1174 3387 1286 3442 nisi
1327 3387 1514 3458 gratia
1545 3385 1901 3440 miserantis.
1937 3385 2045 3439 Sed

403 3497 476 3536 ne
515 3481 660 3536 forte
704 3477 891 3534 sancti
931 3493 992 3531 se
1047 3477 1270 3547 absque
1316 3474 1497 3546 gloria
1538 3473 1894 3529 remansisse
1939 3490 2047 3544 pu-

401 3571 615 3633 tarent,
646 3565 898 3636 subjecit
927 3581 939 3618 :
971 3567 1052 3619 Ea:
1081 3566 1198 3635 ipso
1226 3569 1409 3618 autem
1438 3580 1529 3618 vos
1557 3564 1682 3618 estis
1734 3565 1793 3615 in
1827 3562 2048 3618 Christo

402 3657 531 3711 Jesu
557 3671 577 3717 ;
606 3660 891 3725 tanquam
923 3653 1141 3708 diceret
1201 3670 1212 3706 :
1280 3652 1404 3706 Non
1442 3668 1545 3706 vos
1575 3651 1793 3720 putetis
1825 3651 2047 3721 absque

403 3743 592 3818 gloria
621 3742 974 3798 remansisse
1000 3758 1011 3798 :
1045 3741 1415 3814 gloriandum
1439 3740 1654 3812 quippe
1684 3740 1847 3794 vobis
1879 3739 2044 3794 estin

403 3838 517 3889 Deo
540 3850 641 3906 per
660 3833 861 3889 Jesum
885 3831 1181 3887 Christum
1210 3849 1222 3898 ;
1247 3831 1386 3902 quia
1418 3829 1508 3885 Dei
1531 3829 1717 3901 gratia
1735 3830 1806 3883 ad
1831 3828 2044 3884 Christi

398 3922 574 3978 ﬁdem
606 3922 748 3979 estis
777 3921 983 3990 vocati,
1015 3926 1071 3977 et
1099 3920 1158 3975 in
1215 3921 1343 3991 ejus
1375 3920 1639 3974 membra
1668 3919 1850 3974 effecti
1912 3936 1924 3973 :
1977 3936 2044 3974 ex

395 4011 524 4084 ipso
585 4028 858 4083 namque,
918 4011 975 4066 id
1034 4015 1122 4066 est
1179 4026 1248 4065 ex
1290 4009 1427 4076 Deo,
1488 4009 1586 4080 qui
1642 4013 1730 4064 est
1778 4008 2042 4079 omnipo-

395 4104 546 4168 tens,
587 4118 689 4158 vos
720 4100 862 4158 estis
893 4101 954 4156 in
979 4099 1204 4155 Christo
1233 4098 1458 4162 Jesu,id
1482 4103 1592 4162 est,
1616 4097 1674 4151 in
1699 4099 1811 4152 ﬁde
1831 4097 2041 4153 Christi

391 4189 552 4246 Jesu.
588 4191 684 4245 Dei
717 4191 874 4244 enim
907 4188 1270 4261 propositum
1306 4187 1433 4253 fuit,
1469 4191 1534 4240 ut
1580 4188 1880 4242 credentes
1913 4203 2038 4258 per-

392 4278 690 4332 Christum
721 4283 1104 4349 agnoscerent
1135 4277 1232 4331 Dei
1264 4275 1589 4343 veritatem,
1623 4281 1680 4330 et
1721 4275 2038 4330 misericor-

391 4366 584 4423 diam:
613 4365 820 4421 veritas
849 4370 1043 4420 autem
1075 4371 1164 4421 est
1193 4363 1498 4418 Trinitatis
1533 4363 1872 4435 mysterium
1898 4389 1912 4431 ;
1938 4364 2043 4419 mi-

391 4455 714 4511 sericordia
740 4471 1020 4525 vero,qua
1042 4452 1330 4525 redempti
1354 4469 1580 4521 sumus,
1606 4469 1740 4508 cum
1773 4470 2039 4511 essemus

391 4543 626 4616 captivi.

460 4650 664 4721 Igitur,
715 4653 779 4704 ut
833 4650 1164 4705 ostenderet
1211 4648 1344 4720 quis
1401 4647 1575 4703 fuerit
1620 4647 1730 4703 iste
1771 4649 2035 4705 Christus

388 4741 580 4806 Jesus,
641 4739 946 4809 subjunxit
977 4756 990 4792 :
1027 4741 1130 4806 Qui
1187 4739 1364 4808 factus
1405 4744 1484 4792 est
1515 4738 1668 4792 nobis
1698 4740 1973 4809 sapientia
2005 4757 2037 4794 a.

387 4829 512 4892 Deo,
571 4837 622 4882 et
660 4829 903 4898 justitia,
955 4832 1008 4883 et
1035 4827 1416 4896 sanctiﬁcatio,
1469 4831 1521 4882 et
1577 4825 1894 4897 redemptio.
1952 4829 2031 4881 Ad

386 4917 889 4973 conﬁrmationem
921 4916 1136 4988 quippe
1169 4915 1430 4971 ﬁdelium
1454 4916 1708 4971 ostendit
1737 4915 2032 4971 Christum

383 5007 682 5062 voluntate
706 5006 912 5077 Patris,
948 5005 1148 5062 omnia
1176 5005 1384 5076 egisse,
1419 5023 1544 5076 quae
1578 5005 1730 5071 fecit,
1765 5011 1829 5059 ut
1859 5023 2033 5076 agno-

380 5101 565 5164 scant,
619 5098 676 5151 et
723 5095 910 5150 sciant
968 5112 1028 5150 se
1074 5111 1268 5149 veram
1331 5093 1698 5164 sapientiam,
1760 5099 1815 5148 et
1848 5094 2029 5165 justi-

376 5184 542 5256 tiam,
591 5189 650 5240 et
699 5184 1243 5250 sanctiﬁcationem,
1296 5187 1352 5237 et
1409 5183 1866 5253 redemptionem
1899 5199 2026 5253 per-

378 5273 603 5344 cepisse
634 5290 735 5344 per
765 5273 1067 5329 Christum
1102 5291 1114 5328 :
1151 5289 1321 5328 nemo
1354 5287 1608 5342 namque
1639 5272 2029 5338 redemit,nisi

379 5361 531 5432 quod
567 5377 740 5417 suum
772 5367 878 5419 est.
938 5363 1044 5419 Sed
1109 5362 1262 5433 quod
1333 5360 1470 5415 dicit
1530 5376 1542 5415 ;
1605 5360 1711 5427 Qui
1733 5363 1920 5432 factus
1950 5365 2027 5416 est

374 5449 536 5506 nobis
562 5452 980 5522 sapientia,non
1002 5452 1074 5507 ad
1107 5450 1472 5506 divinitatem
1504 5450 1633 5519 ejus
1655 5450 2024 5508 referendum

451 5556 598 5633 (506)
631 5559 696 5614 In
727 5563 920 5632 autog.
957 5574 1143 5634 marg.
1176 5557 1269 5615 hic
1299 5555 1512 5631 legitur
1542 5572 1667 5632 cap.
1701 5557 1824 5616 VII.

2163 3246 2458 3317 pheticum
2490 3246 2753 3301 subdidit
2785 3245 3211 3315 testimonium,
3245 3244 3446 3301 dicens
3481 3263 3493 3301 :
3530 3247 3593 3302 Ut
3622 3263 3821 3317 quem-

2162 3335 2460 3390 admodum
2489 3336 2754 3405 scriptum
2805 3339 2905 3404 est,
2938 3333 3205 3388 videlicet
3255 3333 3315 3387 in
3372 3335 3627 3389 Jeremia
3659 3351 3673 3389 :
3713 3337 3824 3404 Qui

2159 3425 2452 3495 gloriatur,
2487 3426 2545 3478 in
2573 3425 2803 3478 Domi-no
2831 3424 3116 3494 glorietur,
3136 3424 3264 3491 (Jer.
3298 3440 3378 3488 Ix,
3408 3424 3519 3493 23).
3552 3423 3819 3495 Dignum

2161 3519 2252 3567 est
2279 3515 2512 3579 etenim,
2544 3518 2600 3568 et
2630 3513 2794 3568 valde
2826 3513 3243 3579 necessarium,
3277 3518 3342 3566 ut
3375 3513 3476 3584 qui
3503 3512 3818 3584 gloriatur,

2159 3602 2218 3656 in
2259 3602 2498 3656 Domino
2530 3600 3114 3671 glorietur,quoniam
3141 3602 3198 3655 in
3229 3605 3514 3656 aeternum
3538 3619 3652 3657 non
3680 3619 3821 3658 con-

2159 3690 2458 3744 fundetur.
2511 3690 2603 3743 Sic
2641 3706 2776 3761 ergo
2827 3689 2926 3761 qui
2958 3688 3260 3761 gloriatur,
3287 3687 3346 3742 in
3398 3689 3654 3745 Domino
3688 3691 3820 3763 glo-

2160 3779 2363 3847 riatur,
2396 3779 2446 3833 si
2477 3794 2649 3834 omne
2683 3778 2926 3847 bonum,
2967 3777 3120 3847 quod
3154 3777 3211 3832 id
3243 3793 3304 3832 se
3337 3779 3660 3850 cognoscit,
3699 3797 3818 3836 non

2159 3885 2333 3923 suum
2366 3884 2494 3924 esse
2523 3868 2682 3935 dicit,
2717 3872 2818 3922 aut
2874 3867 3078 3935 credit,
3133 3867 3234 3921 sed
3280 3867 3403 3934 Dei,
3434 3884 3466 3922 a
3497 3884 3614 3938 quo
3646 3885 3820 3925 acce-

2155 3962 2260 4027 pit,
2295 3957 2350 4011 id
2384 3962 2492 4023 est,
2528 3956 2574 4011 si
2610 3973 2723 4011 non
2757 3954 2947 4010 solum
2981 3955 3135 4026 quod
3167 3959 3274 4020 est,
3309 3955 3411 4010 sed
3439 3956 3617 4012 etiam
3649 3958 3817 4029 quod

2154 4046 2299 4101 bene
2330 4050 2438 4112 est,
2473 4045 2544 4099 ab
2576 4043 2675 4099 illo
2707 4061 2768 4099 se
2797 4044 3092 4116 accepisse
3121 4043 3413 4117 intelligit,
3447 4061 3482 4100 a
3511 4062 3626 4117 quo
3657 4063 3829 4103 acce-

2155 4135 2256 4205 pit,
2309 4139 2372 4188 ut
2418 4137 2590 4202 esset,
2641 4134 2812 4203 juxta
2864 4132 3010 4188 illud
3078 4133 3282 4188 Jacobi
3333 4151 3345 4187 τ
3401 4132 3567 4190 Omne
3621 4135 3826 4192 datum

2150 4225 2418 4294 optimum
2457 4227 2506 4277 et
2567 4239 2726 4277 omne
2777 4222 2982 4278 donum
3025 4226 3330 4294 perfectum
3376 4223 3662 4278 desursum
3710 4234 3819 4293 est,

2148 4311 2470 4367 descendens
2525 4329 2559 4366 a
2608 4313 2775 4366 Patre
2831 4312 3105 4366 luminum
3159 4312 3300 4381 (Jac.
3336 4328 3374 4379 i,
3413 4313 3518 4384 17).
3552 4313 3823 4382 Confun-

2148 4401 2351 4456 dantur
2378 4417 2510 4471 ergo
2538 4415 2740 4468 omnes,
2773 4401 2871 4471 qui
2898 4399 3133 4456 adorant
3154 4400 3326 4464 idola,
3359 4402 3455 4471 qui
3480 4401 3822 4471 gloriantur

2068 4511 2114 4574 Β
2147 4492 2209 4544 in
2239 4492 2554 4546 simulacris
2582 4492 2696 4544 suis
2744 4490 2922 4560 (Psal.
2981 4506 3131 4555 cxvx,
3193 4490 3273 4557 7).
3306 4489 3616 4557 Quoniam,
3650 4491 3818 4546 sicut

2148 4579 2298 4635 alius
2332 4580 2614 4652 propheta
2640 4579 2780 4633 dicit
2812 4595 2824 4634 :
2860 4578 2950 4633 Dii
2978 4580 3231 4647 gentium
3261 4594 3372 4633 non
3399 4579 3821 4653 pluunt,neque

2145 4671 2386 4734 fecerant
2415 4669 2616 4722 calum
2643 4671 2693 4722 et
2721 4676 2927 4724 terram
2956 4670 3083 4738 (Jer.
3117 4685 3232 4737 XIX,
3267 4667 3384 4736 2'3).
3419 4667 3583 4723 Unde
3617 4671 3816 4740 scrip-

2146 4762 2270 4812 tum
2322 4762 2410 4812 est
2443 4775 2454 4810 :
2488 4757 2598 4823 Dii,
2630 4759 2729 4830 qui
2755 4774 2869 4813 non
2897 4759 3145 4828 fecerunt
3196 4759 3411 4824 caelum,
3446 4762 3538 4812 aut
3569 4761 3817 4827 terram,

2141 4855 2369 4915 pereant
2399 4846 2462 4901 de
2491 4855 2637 4900 terra
2671 4848 2803 4918 (Jer.
2856 4863 2912 4916 x,
2963 4848 3071 4914 11).
3123 4846 3572 4901 Confundantur
3599 4848 3816 4915 etiam,

2145 4937 2245 5007 qui
2276 4935 2605 5006 gloriantur
2637 4936 2693 4988 in
2727 4935 3088 5002 hominibus,
3141 4951 3292 5005 quos
3345 4934 3570 4990 nullius
3606 4937 3821 4991 sciunt

2142 5041 2270 5080 esse
2300 5024 2550 5079 virtutis.
2589 5024 2749 5079 Unde
2777 5041 2982 5079 rursus
3033 5024 3317 5096 scriptum
3350 5029 3470 5080 est:
3503 5026 3654 5079 Vana
3685 5042 3818 5097 spes

2140 5115 2378 5167 hominis
2411 5113 2551 5183 (Tob.
2587 5131 2647 5182 Ii,
2701 5114 2812 5185 22).
2871 5114 3012 5168 Item
3047 5131 3058 5167 :
3093 5113 3412 5168 Maledictus
3463 5111 3644 5179 homo,
3711 5115 3822 5184 qui

2138 5203 2359 5271 conﬁdit
2387 5203 2448 5256 in
2475 5203 2712 5268 homine,
2746 5209 2797 5257 et
2849 5205 3002 5274 ponit
3053 5217 3273 5258 carnem
3317 5202 3606 5258 brachium
3633 5218 3820 5258 suum

2139 5293 2270 5362 (Jer.
2301 5307 2440 5360 xvn,
2471 5290 2549 5359 5).

2209 5380 2355 5450 (506)
2389 5381 2540 5449 (CAP.
2573 5378 2669 5447 II.)
2698 5381 2762 5434 Et
2808 5396 2904 5449 ego
2933 5397 3057 5435 cum
3110 5382 3377 5436 venissem
3417 5378 3488 5435 ad
3518 5395 3634 5446 vos,
3670 5382 3810 5451 fra-

2135 5476 2262 5538 tres,
2294 5468 2423 5524 veni
2449 5482 2560 5523 non
2589 5469 2650 5523 in
2679 5470 3024 5527 sublimitate
3078 5471 3346 5527 sermonis
3395 5475 3452 5525 et
3497 5471 3808 5543 sapientis
