4080 6174
264 311 362 378 309
700 402 717 410 _
803 306 1221 375 EXPOSITIO
1261 309 1340 372 IN
1385 307 1818 372 EPISTOLAS
1864 307 2123 373 PAULI.
2155 341 2233 354 —
2270 309 2351 371 ΙΝ
2395 308 2646 373 EPIST.
2693 308 2718 372 Ῑ
2765 312 2867 372 AD
2912 308 3086 375 COR.

3536 309 3657 377 310

261 447 408 508 etiam
436 441 573 517 quia
604 447 843 501 sanctos
875 462 1034 513 suos,
1067 443 1445 517 gloriﬁcando
1475 460 1577 499 eos
1626 443 1882 498 miracu-
1913 446 1964 513 Α
2000 442 2150 499 ritus
2181 444 2515 500 sancti.Per
2543 446 2720 502 ﬁdem
2738 460 2994 516 namque
3016 444 3341 519 accipimus
3364 446 3653 523 Spiritum

261 540 323 598 lis
346 541 395 593 et
432 533 749 590 virtutibus
781 551 1083 591 coruscare
1114 534 1273 589 facit.

320 624 448 697 (509)
481 623 760 679 Ριιωῐθιιθα
821 627 883 678 ut
937 624 1268 678 ostenderet
1321 622 1538 694 quibus
1598 621 1890 693 sapientia

261 716 342 775 Dei
372 712 611 769 revelata
647 712 746 780 sit,
783 713 993 783 adjecit
1044 713 1219 767 etiam
1272 712 1569 784 prepheta:
1619 711 1885 767 testimo-

260 806 419 862 nium.
448 802 555 858 Sed
589 802 960 869 subauditur,
993 802 1293 857 credentes
1324 805 1715 873 agnoverunt,
1742 802 1887 855 sicut

259 895 497 964 scriptum
526 900 604 947 est
638 909 656 944 :
706 891 931 946 scilicet
976 890 1034 946 in
1085 890 1280 946 Isaia:
1339 890 1491 958 Quod
1540 892 1733 945 oculus
1775 905 1888 945 non

256 983 391 1047 vidit,
422 997 518 1036 nec
543 982 699 1036 auris
729 980 971 1048 audivit,
1004 996 1104 1035 nec
1135 982 1196 1034 in
1224 997 1316 1036 cor
1346 980 1587 1035 hominis
1617 979 1884 1043 ascendit,

256 1088 360 1145 qua?
393 1072 737 1142 pracparavit
786 1070 928 1124 Deus
978 1070 1062 1125 his
1108 1072 1205 1140 qui
1258 1070 1497 1141 diligunt
1544 1071 1711 1123 illum
1754 1070 1879 1139 (Isa.

254 1178 373 1231 Lm,
402 1160 480 1230 4).
512 1163 628 1214 Hoc
659 1159 815 1214 dicto
845 1160 1126 1225 ostendit,
1160 1158 1299 1230 quia
1330 1159 1484 1214 Deus
1526 1175 1647 1213 rem
1694 1157 1881 1228 inopi-

253 1255 442 1315 natam,
481 1252 536 1303 et
564 1248 914 1315 inauditam,
951 1254 1006 1302 et
1036 1248 1440 1303 absconditam
1474 1265 1507 1302 a
1538 1246 1792 1313 szeculis,
1827 1250 1885 1301 et

249 1336 698 1413 generationibus
721 1342 958 1409 repente
981 1340 1256 1409 operatus
1279 1342 1387 1407 est,
1407 1336 1647 1391 mittens
1670 1336 1880 1391 Filium

249 1445 397 1485 suum
426 1427 503 1481 de
529 1425 691 1481 caelis
734 1426 806 1480 ad
850 1430 1055 1494 terras,
1092 1427 1193 1497 qui
1224 1425 1564 1481 incarnatus
1599 1430 1657 1480 et
1706 1424 1883 1480 homo

246 1518 426 1583 lactus,
454 1515 527 1571 de
555 1515 780 1587 virgine
813 1521 986 1571 natus
1017 1521 1107 1572 est
1133 1532 1145 1569 :
1181 1533 1359 1587 quam
1391 1532 1513 1570 rem
1538 1533 1652 1570 non
1689 1515 1881 1570 solum

248 1608 516 1664 humanus
537 1621 751 1661 sensus
769 1605 1269 1676 comprehendere
1292 1622 1405 1660 non
1432 1604 1645 1676 potuit,
1662 1604 1765 1659 sed
1789 1620 1884 1659 ne-

251 1712 345 1769 que
364 1695 486 1767 ipsa
506 1698 645 1750 natu
656 1711 718 1749 ra
744 1692 1028 1766 angelica.
1055 1694 1219 1759 Quod
1239 1694 1395 1749 enim
1418 1693 1694 1766 superius
1714 1692 1879 1759 dixit,

249 1786 340 1843 hoc
362 1801 515 1840 nunc
532 1783 871 1856 prephetieo
894 1784 1231 1839 testimonio
1250 1784 1591 1850 conﬁrmat;
1614 1782 1886 1838 videlicet
1912 1815 1961 1882 Β

248 1891 342 1931 non
366 1890 495 1930 esse
515 1873 880 1938 mirandum,
903 1872 951 1927 si
982 1872 1251 1928 homines
1274 1872 1584 1927 Dominicze
1608 1874 1881 1927 Incarna-

246 1964 399 2019 tionis
429 1963 783 2035 mysterium
815 1979 931 2017 non
964 1964 1345 2034 agnoverunt,
1381 1960 1660 2032 quoniam
1709 1958 1884 2015 latuit

243 2052 390 2107 etiam
422 2051 726 2122 principes
758 2049 979 2106 saeculi.
1013 2050 1222 2105 Merito
1250 2054 1448 2104 tamen
1480 2050 1883 2105 condemnan-

238 2145 353 2208 tur;
384 2140 548 2212 quia,
574 2140 683 2195 etsi
714 2139 892 2194 verba
922 2136 1735 2217 praedicationis'seandalum
1766 2135 1884 2191 illis

236 2229 547 2296 faciebant,
615 2226 917 2283 miraculis
948 2231 1144 2282 tamen
1186 2227 1361 2281 ﬁdem
1394 2245 1427 2282 a
1458 2242 1624 2282 eeom
1645 2225 1884 2280 modare

237 2318 568 2374 debuerant.
601 2321 885 2373 Humanis
916 2316 1132 2387 quippe
1162 2315 1504 2386 ignorantiae
1535 2319 1595 2369 et
1626 2313 1880 2367 inﬁrmi-

232 2406 320 2461 tati
340 2406 532 2461 virtus
553 2406 858 2478 signorum
882 2404 1273 2476 praeponenda
1293 2409 1450 2470 erat;
1476 2408 1533 2458 et
1556 2402 1614 2457 id
1643 2402 1882 2457 omnino

232 2498 341 2550 erat
360 2495 750 2561 credendum,
776 2494 933 2565 quod
965 2493 1237 2548 humanis
1270 2492 1481 2549 rationi
1515 2489 1883 2562 impossibile

234 2583 552 2640 videbatur.
590 2584 705 2639 Hoc
737 2582 920 2654 igitur
948 2586 1067 2639 tam
1102 2581 1395 2638 ineffabile
1425 2582 1647 2636 donum
1679 2578 1883 2634 oculus

235 2688 338 2727 non
366 2673 534 2741 vidit,
567 2671 708 2743 quia
740 2687 853 2726 non
885 2675 974 2727 est
1015 2670 1175 2726 color
1202 2695 1217 2736 ;
1267 2671 1427 2726 auris
1472 2674 1607 2725 non‘
1639 2666 1880 2735 audivit,

235 2762 361 2831 quia
390 2778 511 2816 non
561 2764 652 2817 est
682 2776 901 2828 sonus;
936 2760 995 2814 in
1027 2776 1126 2815 eor
1154 2758 1414 2814 hominis
1446 2775 1562 2813 non
1595 2756 1880 2823 ascendit,

235 2848 361 2920 quia
375 2867 496 2905 non
513 2854 606 2906 est
630 2854 862 2905 terrena
879 2848 1261 2922 eogitatio.De
1278 2847 1654 2903 inferioribus
1671 2844 1885 2916 quippe

231 2942 468 2995 terrenas
497 2937 883 3010 cogitationes
914 2938 1243 2993 ascendunt
1272 2937 1330 2991 in
1362 2953 1461 2991 cor
1488 2933 1782 2999 hominis;
1816 2935 1887 2987 de

232 3026 637 3098 superioribus
669 3030 866 3081 autem
898 3042 1072 3081 omne
1102 3026 1342 3090 bonum,
1359 3026 1528 3093 juxta
1556 3021 1756 3078 Jacobi
1786 3037 1888 3074 vo-

1999 537 2292 599 sanetum,
2325 533 2426 605 qui
2475 535 2642 591 nobis
2688 534 2905 590 revelat
2944 534 3304 593 voluntatem
3353 542 3411 594 et
3439 556 3655 597 arcana

2000 622 2098 677 Dei
2136 640 2148 677 :
2185 638 2278 676 res
2311 621 2530 694 quippe
2560 623 2661 678 Dei
2724 623 2858 679 sciri
2904 641 3021 680 non
3054 630 3266 697 potest,
3297 628 3411 683 nisi
3434 628 3656 700 Spiritu

1998 711 2209 766 Dei.Et
2239 712 2585 779 notandum,
2606 713 2746 784 quia
2768 714 3026 769 ostendit
3055 732 3117 771 se
3145 714 3275 771 ideo
3297 717 3656 787 missum,ut

1995 804 2227 855 tantum
2262 806 2692 857 sacramentum
2720 820 2835 858 non
2859 803 3052 859 solum
3076 803 3418 862 hominibus
3448 806 3656 878 praedi-

1996 894 2175 957 caret,
2210 890 2309 945 sed
2346 890 2520 945 etiam
2570 892 2937 964 principibus
2990 893 3227 963 saeculi;
3261 900 3556 968 quatenus
3584 914 3650 953 eo

1995 972 2429 1051 evangelizante
2481 980 2769 1035 discerent
2799 983 2899 1053 qui
2942 983 3002 1038 in
3034 983 3196 1040 eoelis
3245 985 3648 1058 corporalibus

1995 1072 2157 1133 sunt,
2183 1073 2238 1123 et
2257 1069 2356 1139 qui
2378 1070 2600 1140 degunt
2621 1070 2732 1124 sub
2754 1071 3061 1129 elementis
3084 1073 3651 1148 firmamenti,quan-

1994 1160 2123 1211 tum
2154 1158 2374 1213 bonum
2406 1159 2967 1229 perdiderunt,'eum
3001 1178 3103 1234 per
3133 1164 3469 1236 superbiam
3501 1164 3647 1220 ceci-

1993 1244 2228 1312 derunt,
2255 1252 2311 1300 et
2330 1247 2634 1318 proprium
2658 1247 3026 1320 reliquerunt
3046 1251 3648 1324 domicilium.Singu-
3752 1242 3761 1251 “

1993 1333 2135 1389 laris
2165 1340 2254 1389 est
2282 1352 2417 1406 ergo
2450 1336 2559 1391 iste
2590 1338 2952 1408 praedicator,
2986 1340 3087 1411 qui
3112 1344 3338 1396 tantam
3369 1358 3645 1398 consecu-

1992 1426 2090 1477 tus
2120 1428 2209 1479 est
2238 1424 2484 1495 gratiam
2512 1443 2524 1493 ;
2559 1430 2661 1481 aut
2688 1427 2845 1483 enim
2877 1445 2910 1484 a
2948 1426 3132 1497 nullo,
3165 1433 3267 1485 aut
3293 1428 3388 1484 vix
3416 1431 3487 1486 ab
3522 1429 3641 1486 ullo

1990 1510 2076 1565 ita
2104 1512 2377 1589 explicari
2396 1513 2586 1584 potuit
2602 1515 2906 1572 Trinitatis
2926 1517 3274 1589 mysterium
3300 1536 3314 1586 ;
3349 1520 3503 1574 unde
3525 1535 3645 1575 me-

1994 1600 2105 1656 rito
2134 1618 2237 1656 vas
2267 1586 2566 1658 electionis
2598 1603 2793 1660 divino
2816 1586 3043 1676 judicio
3073 1610 3163 1662 est
3192 1605 3541 1679 appellatus.

2065 1690 2269 1762 Igitur,
2301 1708 2372 1747 ne
2404 1697 2745 1764 putaremus
2766 1711 2899 1751 eum
2931 1694 3287 1768 angelicum,
3317 1700 3420 1752 aut
3448 1694 3634 1751 levem

1992 1779 2211 1835 dixisse
2232 1780 2784 1855 spiritum,subjecit
2807 1801 2821 1840 :
2847 1784 3089 1856 Spiritus
3107 1788 3259 1841 enim
3288 1787 3477 1842 omnia
3494 1801 3645 1841 scru-

1990 1872 2159 1939 tatur,
2190 1868 2456 1925 videlicet
2484 1877 2709 1928 sanctus
2728 1891 2748 1934 ;
2775 1876 2833 1928 et
2862 1878 2953 1929 est
2972 1889 3183 1929 sensus
3215 1891 3229 1930 :
3262 1874 3481 1931 Idcirco
3512 1891 3643 1945 nos,

1992 1973 2121 2028 quae
2154 1957 2445 2030 principes
2474 1960 2674 2016 saeculi
2702 1978 2816 2016 non
2850 1963 3639 2035 agnoverunt,agnoseimus,

1993 2044 2270 2117 quoniam
2304 2046 2400 2102 ille
2425 2046 2677 2119 Spiritus
2700 2065 2807 2105 nos
2833 2049 3020 2117 docet,
3046 2051 3147 2121 qui
3172 2052 3642 2107 serutatur.Nam

1994 2134 2136 2204 quia
2164 2134 2417 2205 Spiritus
2448 2141 2691 2193 sanctus
2715 2142 2773 2192 et
2796 2153 2865 2192 ex
2891 2142 3003 2193 Deo
3019 2141 3190 2206 est,et
3211 2139 3335 2211 ipse
3354 2138 3509 2194 Deus
3534 2144 3645 2195 est.

1990 2220 2123 2278 ideo
2150 2224 2346 2279 omnia
2366 2225 2544 2296 novit,
2569 2243 2695 2297 quae
2718 2227 2817 2281 Dei
2841 2230 3000 2281 sunt.
3028 2227 3314 2296 Profunda
3332 2230 3528 2282 autem
3550 2229 3650 2285 Dei

1993 2312 2239 2380 addidit,
2278 2319 2342 2367 ut
2364 2315 2699 2370 ostenderet
2714 2315 2855 2386 quia
2875 2330 3109 2370 omnem
3132 2316 3406 2372 virtutem
3432 2320 3491 2371 et
3510 2332 3650 2388 prte-

1992 2400 2297 2455 scientiam
2329 2402 2427 2457 Dei
2460 2402 2588 2475 ipse
2630 2401 2979 2458 naturaliter
3008 2403 3188 2471 novit,
3224 2404 3381 2476 quod
3407 2404 3647 2461 omnino

1993 2494 2268 2544 creaturae
2290 2490 2656 2562 impossibile
2677 2497 2874 2549 est.Ae
2886 2508 2988 2563 per
3000 2492 3111 2549 hoc
3132 2492 3385 2566 Spiritus
3406 2497 3647 2560 sanctus

1989 2594 2163 2634 verus
2193 2595 2320 2635 esse
2370 2580 2526 2637 Deus
2564 2579 2916 2645 ostenditur,
2947 2585 3006 2636 et
3056 2598 3173 2637 non
3221 2585 3512 2649 creatura,
3545 2584 3649 2640 sed
3684 2644 3687 2647 Α

1991 2666 2247 2724 Creator.
2273 2669 2584 2725 Scrutatur
2603 2674 2798 2724 autem
2824 2670 3041 2738 omnia,
3066 2687 3182 2726 non
3203 2670 3342 2742 quia
3356 2671 3564 2741 nescit,
3583 2677 3650 2728 ut

1990 2755 2269 2828 inveniat,
2290 2759 2390 2813 sed
2416 2759 2556 2828 quia
2577 2756 2725 2812 nihil
2744 2757 3024 2830 relinquit
3040 2760 3195 2830 quod
3219 2759 3460 2816 nesciat.
3475 2761 3650 2818 Seru-

1991 2848 2172 2910 tatur,
2206 2863 2320 2901 non
2356 2831 2420 2901 ut
2448 2846 2731 2915 inveniat,
2765 2846 2907 2918 quia
2937 2846 3139 2903 omnia
3168 2848 3366 2917 novit;
3399 2849 3523 2915 sed,
3547 2850 3649 2922 qui

1994 2932 2102 2988 tibi
2135 2935 2309 2990 datus
2358 2940 2470 3004 est,
2521 2934 2800 3007 Spiritus,
2832 2941 2889 2991 te
2939 2936 3190 2992 scrutari
3239 2937 3458 2994 faciat:
3493 2940 3645 3011 quod

1999 3021 2154 3076 enim
2187 3026 2249 3076 tu
2295 3023 2424 3092 ejus
2467 3022 2750 3078 beneﬁcio
2800 3022 2963 3094 facis,
3011 3024 3139 3095 ipse
3184 3024 3372 3082 facere
3407 3025 3643 3096 dicitur,

229 3130 371 3184 cem,
428 3114 740 3171 descendit
799 3115 935 3185 (Jac.
986 3130 1027 3178 1,
1082 3114 1191 3185 17).
1248 3112 1447 3183 Aliter,
1501 3116 1566 3167 ut
1622 3109 1887 3181 quasdam
1927 3178 1957 3185 _
1997 3110 2125 3165 sine
2157 3127 2271 3181 quo
2298 3115 2363 3165 tu
2395 3111 2582 3166 facere
2612 3128 2727 3165 non
2758 3116 2940 3182 potes.

225 3178 591 3277 exemplaria
623 3178 863 3271 habent,
896 3202 955 3257 in
998 3218 1097 3257 cor
1124 3178 1382 3255 hominis
1415 3178 1532 3255 non
1563 3178 1884 3266 descendit,
1917 3178 1960 3244 (ἶ
2069 3202 2144 3253 Ut
2173 3178 2367 3253 autem
2390 3202 2586 3269 aperte
2609 3178 2944 3255 ostenderet
2969 3199 3110 3272 quia
3129 3200 3384 3272 Spiritus
3405 3206 3646 3260 sanctus

220 3293 357 3364 quia
410 3292 561 3346 illuc
614 3307 711 3345 cor
758 3289 1018 3345 hominis
1064 3288 1346 3354 ascendit,
1373 3289 1543 3358 juxta
1572 3286 1717 3341 illud
1746 3290 1883 3339 Pro-

216 3380 409 3453 phetas
441 3397 455 3434 :
493 3379 788 3433 Ascensum
819 3380 879 3433 in
910 3377 1065 3432 corde
1096 3379 1212 3448 ejus
1239 3377 1506 3448 disposuit
1533 3378 1594 3431 in
1636 3372 1887 3430 convalle

214 3471 371 3538 ﬂetus
429 3469 821 3538 laorymarum
869 3467 1045 3538 (Psal.
1097 3483 1325 3534 LXXXIII,
1355 3466 1430 3537 7).
1474 3465 1597 3529 Quo
1624 3464 1651 3517 ‘l
1694 3465 1757 3518 In.
1804 3463 1883 3517 to-

215 3575 353 3628 cum,
389 3571 567 3628 quem
591 3557 793 3626 posuit,
827 3554 1095 3610 videlicet
1128 3555 1225 3609 ubi
1258 3553 1509 3609 caalestis
1539 3552 1735 3625 gloriae
1784 3552 1880 3606 de-

217 3649 495 3717 gustaret
517 3643 885 3700 suavitatem.
914 3644 1055 3698 Cum
1084 3659 1219 3715 ergo
1240 3644 1461 3698 donum
1489 3642 1597 3697 hoc
1623 3641 1681 3695 in
1708 3640 1879 3695 corde

221 3739 338 3791 erat
365 3732 650 3800 Joannis,
675 3734 803 3803 jam
857 3748 1038 3803 supra
1085 3731 1383 3787 hominem
1423 3738 1546 3787 erat
1582 3731 1877 3795 Joannes;

220 3823 351 3894 quia
383 3839 496 3879 eor
540 3822 670 3891 ejus
720 3820 779 3875 in
830 3820 1022 3876 locum
1056 3819 1309 3891 positum
1344 3820 1699 3875 ascenderat.
1736 3820 1878 3872 ltem

221 3912 425 3968 oculus
459 3927 584 3967 non
631 3910 777 3964 vidit
818 3908 1103 3981 virginem
1134 3924 1335 3979 parere
1364 3926 1376 3973 ;
1409 3907 1569 3961 auris
1600 3910 1732 3961 ante
1763 3922 1877 3960 non

222 4002 460 4057 audivit.
502 3999 813 4071 Fulgebunt
850 3997 1012 4069 justi,
1043 3997 1186 4061 sicut
1232 3997 1332 4063 sol,
1376 3997 1432 4050 in
1481 4011 1645 4067 regno
1694 3996 1880 4049 Patris

219 4093 320 4146 mei
361 4089 585 4164 (Matth.
621 4106 746 4156 xm,
779 4088 894 4158 43).
927 4087 990 4141 In
1040 4102 1139 4143 eor
1179 4084 1435 4141 hominis
1475 4101 1589 4139 non
1622 4083 1883 4139 ascendit

221 4183 279 4233 ut
306 4184 471 4236 esset
502 4177 695 4233 haeres
721 4176 848 4241 Dei,
871 4174 1123 4231 eohzeres
1153 4173 1291 4230 Jesu
1320 4172 1535 4229 Christi
1557 4174 1730 4243 (Rom.
1753 4188 1876 4237 vm,

221 4267 318 4338 17).
352 4269 492 4324 Haec
526 4283 669 4339 ergo
698 4269 820 4321 tam
854 4262 1132 4336 praeclara
1166 4267 1218 4318 et
1252 4260 1569 4318 ineffabilia
1598 4262 1773 4325 dona,
1809 4260 1880 4314 de

218 4356 427 4428 quibus
460 4355 613 4412 alibi
643 4354 787 4410 dicit
819 4371 831 4408 :
869 4353 1069 4409 Omnia
1097 4351 1239 4405 mihi
1266 4350 1469 4406 tradita
1498 4352 1625 4403 sunt
1655 4367 1688 4403 a
1712 4354 1881 4403 Patre

217 4461 324 4502 meo
351 4446 583 4516 (Matth.
606 4461 684 4509 x1,
715 4443 831 4515 27),
856 4440 1202 4514 prmparavit
1229 4440 1405 4510 Deus,
1437 4438 1493 4493 id
1527 4442 1633 4504 est,
1669 4453 1878 4508 praeor-

1995 3284 2193 3340 omnia
2249 3291 2567 3355 scrutatur,
2628 3287 2879 3358 subjecit
2926 3288 3104 3344 etiam
3172 3289 3644 3361 similitudinem,

1995 3372 2195 3429 dicens
2228 3393 2240 3430 :
2276 3376 2408 3442 Quis
2438 3378 2588 3430 enim
2616 3378 2716 3431 scit
2760 3376 3046 3432 hominum
3074 3393 3199 3449 qua
3226 3387 3355 3435 sunt
3382 3379 3645 3453 hominis,

1992 3464 2105 3517 nisi
2127 3466 2361 3534 spiritus
2378 3464 2636 3535 hominis,
2656 3468 2754 3537 qui
2779 3468 2840 3521 in
2860 3469 2976 3537 ipso
2994 3475 3076 3522 est
3091 3471 3117 3519 .9
3138 3467 3408 3524 Humana
3433 3474 3647 3526 natura

1992 3567 2060 3606 ex
2107 3569 2347 3624 corpore
2392 3557 2642 3621 constat,
2675 3559 2732 3609 et
2774 3555 3007 3627 spiritu,
3040 3572 3213 3628 quem
3266 3561 3326 3612 et
3381 3557 3642 3615 animam

1991 3639 2212 3697 dicunt.
2247 3646 2347 3697 Est
2378 3647 2576 3699 autem
2630 3644 2875 3714 spiritus
2927 3645 3186 3701 hominis
3216 3645 3406 3718 ipsius
3432 3646 3643 3704 animis

1990 3729 2292 3786 rationalis
2323 3731 2606 3802 potentia,
2640 3747 2759 3802 qua
2806 3733 3130 3790 secernitur
3157 3750 3193 3790 a
3220 3734 3551 3806 pecoribus,
3584 3741 3644 3793 et

1988 3816 2209 3873 eisdem
2233 3818 2485 3874 naturali
2507 3819 2632 3890 lege
2653 3819 3096 3877 dominatur.Dc
3115 3822 3225 3878 hoc
3245 3822 3454 3895 spiritu
3477 3824 3640 3881 dicit:

1991 3907 2121 3973 Quis
2151 3908 2300 3961 enim
2328 3909 2429 3961 scit
2458 3907 2746 3961 hominum
2775 3923 2900 3979 qua:
2945 3916 3072 3965 sunt
3103 3911 3359 3977 hominis,
3389 3912 3504 3966 nisi
3529 3914 3643 3983 spi-

1990 3996 2135 4049 ritus
2160 3995 2420 4063 hominis,
2447 3996 2545 4064 qui
2566 3996 2623 4048 in
2647 3996 2762 4064 ipso
2783 4000 2895 4050 est?
2918 4002 3001 4051 Ac
3023 3996 3071 4051 si
3092 4000 3358 4067 patenter
3376 3997 3598 4053 diceret
3623 4015 3637 4054 :

1989 4085 2116 4135 Non
2147 4082 2247 4152 qui
2280 4080 2642 4136 extrinsecus
2672 4086 2781 4151 est,
2806 4084 2906 4138 sed
2939 4082 3039 4153 qui
3070 4083 3231 4138 intus
3261 4087 3369 4153 est,
3401 4084 3641 4142 animus

1989 4173 2148 4237 tuus,
2184 4170 2341 4225 novit
2373 4185 2607 4225 omnem
2652 4169 3065 4242 cogitationem
3112 4176 3170 4227 et
3197 4171 3644 4245 dispositionem

1991 4261 2157 4313 tuam
2194 4277 2206 4314 :
2241 4259 2360 4313 haec
2393 4257 2549 4313 enim
2598 4264 2742 4314 sunt
2771 4259 3049 4316 interiora
3093 4264 3312 4317 nostra.
3343 4264 3412 4315 Et
3447 4275 3650 4320 revera

1992 4365 2164 4402 nemo
2195 4349 2315 4403 haec
2338 4346 2830 4419 comprehendere
2859 4353 3068 4420 potest,
3092 4349 3204 4405 nisi
3236 4349 3472 4406 animus
3504 4366 3644 4407 nos-

1988 4442 2098 4505 ter,
2132 4454 2306 4509 quem
2336 4436 2656 4509 Apostolus
2685 4437 2957 4509 spiritum
2986 4442 3169 4494 vocat.

217 4532 457 4603 dinavit,
496 4550 624 4589 non
658 4531 934 4588 omnibus
964 4530 1223 4603 quidem,
1248 4528 1348 4585 sed
1379 4526 1473 4583 his
1503 4526 1603 4598 qui
1634 4526 1882 4581 credunt
1908 4548 1955 4612 D
2059 4531 2146 4583 Ita
2175 4532 2225 4582 et
2259 4543 2386 4599 qua:
2417 4528 2516 4582 Dei
2540 4531 2670 4582 sunt
2701 4543 2864 4584 nemo
2905 4528 3055 4583 novit
3080 4528 3195 4583 nisi
3224 4526 3462 4599 Spiritus
3491 4527 3593 4585 Dei
3619 4546 3640 4585 :

217 4626 268 4678 et
294 4624 575 4697 diligunt
604 4620 794 4677 illum.

286 4714 622 4786 Apostolus
643 4727 801 4783 ergo,
832 4712 896 4764 ut
927 4709 1259 4764 ostenderet
1289 4723 1370 4774 se,
1398 4722 1674 4777 suosque,
1701 4722 1769 4759 ex
1791 4704 1883 4759 his

223 4815 343 4860 esse
372 4802 480 4874 qui
515 4802 711 4857 Deum
744 4798 1016 4869 diligunt,
1053 4796 1319 4867 adjunxit
1350 4814 1363 4851 :
1397 4794 1544 4867 (510)
1584 4794 1746 4849 Nobis
1774 4810 1882 4848 au-

224 4898 322 4946 tem
350 4892 634 4948 reuelauit
661 4890 801 4944 Deus
825 4904 930 4959 per
960 4887 1232 4958 Spiritum
1258 4900 1418 4939 suum
1437 4901 1457 4946 ,'
1488 4889 1769 4954 tanquam
1802 4883 1884 4937 di-

225 4985 372 5037 ceret
409 4998 423 5037 :
488 4979 632 5034 Ideo
664 4993 771 5038 nos
816 4975 971 5046 quod
998 4972 1216 5031 oculus
1248 4990 1364 5028 non
1395 4972 1558 5037 vidit,
1592 4988 1695 5026 nec
1723 4970 1883 5025 auris

226 5070 467 5137 audivit,
507 5084 621 5125 nec
672 5068 732 5121 in
785 5082 884 5121 cor
927 5063 1183 5119 hominis
1225 5062 1487 5119 ascendit
1516 5062 1880 5134 agnovimus,

227 5159 507 5229 quoniam
542 5162 697 5212 Deus
731 5152 1021 5219 revelavit,
1044 5152 1102 5207 id
1133 5157 1242 5219 est,
1268 5150 1678 5207 manifestavit.
1707 5154 1881 5205 Reve-

227 5232 364 5302 lavit
388 5247 574 5320 plane
596 5262 709 5301 non
735 5244 952 5299 nostris
976 5240 1340 5312 exigentibus
1362 5240 1607 5305 meritis,
1630 5240 1729 5294 sed
1752 5255 1882 5311 gra-

230 5334 307 5391 tia
339 5352 466 5392 suae
499 5332 901 5390 miserationis
935 5347 1000 5387 ae
1029 5329 1284 5402 pietatis.
1320 5330 1387 5384 Et
1433 5329 1541 5384 hoc
1587 5333 1695 5396 est,
1728 5329 1883 5400 quod

231 5425 377 5480 dicit
412 5445 426 5482 :
473 5428 591 5481 Per
618 5424 877 5494 spiritum
905 5438 1085 5490 suum,
1117 5419 1174 5474 id
1206 5422 1315 5487 est,
1346 5435 1447 5490 per
1474 5418 1723 5490 gratiam
1755 5418 1881 5488 Spi-

299 5602 452 5676 (509)
485 5606 559 5659 In
590 5604 782 5673 autog.
816 5615 1000 5671 marg.
1034 5597 1129 5654 hic
1158 5595 1372 5669 legitur
1399 5613 1524 5668 cap.
1555 5597 1701 5655 VltI.
1760 5628 1763 5634 η

1987 4619 2265 4686 tanquam
2294 4617 2542 4672 diceret:
2576 4614 2719 4678 Quia
2737 4615 2990 4687 Spiritus
3018 4620 3259 4671 sanctus
3288 4616 3468 4672 unius
3492 4617 3641 4674 sub-

1993 4706 2220 4760 stantiae
2255 4723 2385 4759 eum
2421 4709 2534 4759 Deo
2588 4709 2700 4767 est,
2732 4703 2881 4773 ideo,
2916 4703 3133 4772 omnia,
3168 4720 3295 4776 qua
3343 4703 3445 4760 Dei
3476 4710 3639 4775 sunt,

1993 4795 2337 4850 naturaliter
2367 4798 2423 4848 et
2452 4793 2578 4862 ipse
2608 4792 2787 4858 novit,
2820 4796 2876 4848 et
2905 4809 3013 4850 nos
3041 4794 3208 4849 docet
3235 4811 3248 4850 :
3275 4794 3443 4850 docet
3461 4793 3638 4851 etiam

1994 4884 2340 4956 mysterium
2371 4881 2586 4937 Christi
2613 4899 2626 4949 ;
2660 4881 2799 4952 quia
2818 4898 2933 4938 non
2963 4881 3154 4939 solum
3186 4883 3374 4940 Patris
3404 4886 3494 4940 est
3515 4883 3644 4954 Spi-

1994 4972 2164 5040 ritus,
2198 4972 2297 5027 sed
2330 4976 2388 5027 et
2435 4969 2580 5025 Filii.
2612 4970 2787 5027 Nemo
2832 4988 2968 5043 ergo
3002 4972 3157 5028 novit
3187 4988 3315 5044 quae
3346 4973 3449 5028 Dei
3476 4973 3638 5038 sunt,

1992 5061 2107 5115 nisi
2141 5059 2397 5131 Spiritus
2447 5058 2588 5126 Dei;
2621 5058 2760 5131 quia
2806 5060 3143 5133 quicunque
3189 5058 3504 5133 cognoscit,
3536 5070 3642 5127 per

1990 5150 2273 5220 Spiritum
2296 5146 2397 5204 Dei
2423 5148 2742 5220 cognoscit.
2763 5148 2855 5204 Sic
2873 5151 3029 5205 enim
3051 5149 3272 5204 dictum
3303 5150 3411 5210 est,
3430 5158 3635 5214 quem-

1994 5239 2312 5294 admodum
2357 5235 2500 5292 illud
2551 5237 2610 5291 in
2657 5238 2967 5311 Evangelio
3023 5254 3035 5293 :
3090 5237 3207 5292 Non
3248 5250 3342 5289 vos
3387 5233 3515 5288 estis
3541 5247 3638 5303 qui

1993 5327 2305 5398 loquimini,
2336 5326 2426 5383 sed
2475 5326 2717 5398 Spiritus
2764 5330 2951 5384 Patris
2977 5326 3109 5390 mei,
3141 5323 3241 5392 qui
3287 5320 3531 5395 loquitur
3574 5321 3636 5377 in

1990 5417 2141 5472 vobis
2173 5416 2381 5487 (Matth.
2414 5433 2468 5484 x,
2498 5417 2609 5487 ‘20).

2052 5594 2209 5667 (510)
2240 5594 2304 5655 In
2336 5598 2530 5667 autog.
2567 5609 2751 5665 marg.
2784 5590 2880 5648 hic
2906 5588 3122 5663 legitur
3149 5605 3278 5665 cap.
3307 5590 3400 5651 IX.
