4080 6174
357 290 474 354 811

1381 285 1718 351 ATTONIS
1760 285 2345 350 VEROELLENSIS
2389 287 2741 350 EPISGOPI

3651 285 3780 349 312

439 422 641 496 Igitur,
674 420 814 494 quia
843 421 1087 490 dixerat,
1117 421 1271 477 nobis
1299 420 1560 476 reuelauit
1599 423 1736 476 Deus
1762 436 1862 492 per
1891 419 2009 491 Spi-
2037 422 2091 488 Α
2123 420 2222 476 tali
2247 422 2468 478 ratione
2489 421 2831 492 concipitur,
2851 421 3018 492 juxta
3036 417 3182 474 illud
3206 435 3218 474 :
3245 419 3367 474 Nisi
3395 417 3786 478 credideritis’

368 517 535 570 ritum
561 529 743 578 suum,
777 529 849 567 ne
880 513 1022 566 forte
1053 512 1307 565 crederet
1326 509 1557 582 aliquis,
1581 511 1731 580 quod
1765 512 2016 580 Aposto-

368 603 461 658 lus
483 602 726 672 ejusque
746 600 966 656 similes
987 601 1261 671 spiritum
1291 599 1494 653 mundi
1518 600 1900 670 accepissent,
1917 613 2019 668 per

369 707 543 762 quem
573 691 770 745 futura
802 693 1252 761 cognoscerent;
1285 688 1520 758 idcirco,
1555 705 1686 743 cum
1720 703 2018 742 commen-

370 781 531 836 daret
563 781 807 852 gratiam
847 779 940 834 Dei
976 780 1033 832 in
1067 778 1286 849 Spiritu
1319 784 1542 848 sancto,
1575 778 1789 848 adjecit
1821 776 1968 848 (511)
2005 790 2016 830 :

368 871 474 927 Nos
505 874 820 924 autemnon
870 869 1132 938 spiritum
1177 869 1373 924 mundi
1410 870 1730 939 accepimus,
1772 865 1862 921 sed
1894 865 2018 935 Spi-

372 961 545 1014 ritum
573 961 671 1032 qui
697 975 766 1012 ex
815 959 916 1012 Deo
965 960 1063 1012 est.
1097 964 1175 1011 Ac
1209 959 1256 1012 si
1311 959 1527 1012 diceret
1560 974 1572 1010 :
1609 959 1670 1012 In
1703 972 1768 1012 eo
1821 955 2024 1026 proba-

374 1053 488 1113 tu2,
523 1047 661 1117 quia
692 1063 804 1100 non
838 1045 1109 1116 spiritum
1146 1047 1351 1100 mundi
1382 1045 1736 1117 accepimus,
1771 1043 1910 1114 quia
1931 1059 2023 1096 ar-

376 1153 585 1190 arcana
603 1135 695 1189 Dei
709 1135 1272 1207 cognoscimus,qua3
1288 1135 1529 1206 spiritus
1544 1133 2026 1203 mundicompre-

373 1225 629 1279 hendere
662 1241 776 1279 non
801 1225 1556 1296 potest.Spiritumfmundi,
1577 1224 1848 1295 spiritum
1882 1219 2028 1275 dicit

376 1312 646 1369 elationis
678 1319 734 1368 et
782 1314 1112 1385 superbiae:
1159 1314 1496 1386 quicunque
1546 1315 1697 1369 enim
1749 1310 2026 1382 spiritum

379 1403 586 1458 mundi
620 1404 933 1475 accipiunt,
970 1404 1203 1475 superbi
1235 1409 1290 1458 et
1339 1404 1551 1473 ingrati
1587 1408 1698 1457 Deo
1729 1402 2026 1456 existunt;

377 1491 625 1564 ideoque
656 1493 980 1547 redduntur
1011 1493 1271 1548 infelices
1302 1511 1313 1548 :
1358 1492 1613 1563 Spiritus
1644 1507 1799 1559 vero,
1835 1486 1932 1557 qui
1962 1502 2034 1540 ex

379 1587 493 1636 Deo
523 1587 632 1651 est,
667 1580 922 1653 Spiritus
955 1586 1042 1637 est
1066 1582 1368 1638 charitatis
1393 1585 1449 1636 et
1480 1579 1827 1636 dilectionis.
1850 1574 2034 1630 Aliter

381 1670 653 1742 spiritum
716 1671 941 1739 mundi,
999 1669 1270 1742 spiritum
1320 1671 1462 1726 dicit
1515 1668 1788 1741 pythonis
1846 1665 2028 1736 (Deut.

381 1777 537 1830 xvm,
619 1764 671 1814 lt
734 1779 746 1828 ;
823 1763 849 1815 I
898 1762 1022 1831 Reg.
1103 1779 1297 1828 xxvui,
1372 1763 1407 1814 7
1457 1778 1470 1827 ;
1549 1762 1656 1815 lsa.
1714 1775 1834 1822 VIII,
1897 1756 1963 1809 19
2015 1766 2032 1817 ',

381 1829 631 1918 Act.i:v1,
654 1851 762 1918 16),
784 1850 882 1920 qui
906 1829 993 1904 est
1016 1851 1205 1921 major
1224 1850 1375 1904 inter
1396 1848 1726 1903 mundanos
1758 1843 2022 1916 spiritus.
2055 1829 2105 1896 Β

381 1945 501 1996 Ηοο
546 1939 906 2010 arripiuntur
928 1955 1129 1994 omnes
1165 1938 1425 2004 fanatici,
1461 1935 1716 2007 sortilegi
1752 1939 1809 1989 et
1841 1949 2025 2004 augu-

383 2045 496 2096 res,
531 2028 630 2100 qui
663 2033 803 2084 sunt
833 2027 959 2083 sine
981 2028 1114 2082 Deo.
1158 2028 1273 2082 Hoc
1309 2026 1520 2098 spiritu
1561 2028 1790 2095 arrepta
1819 2022 2026 2093 Pytho-

382 2119 544 2174 nissa
563 2117 890 2173 Samuelem
930 2117 1232 2172 suscitavit
1272 2116 1431 2171 Sauli
1463 2115 1655 2186 (Ich.
1679 2129 1877 2175 xxvm,
1913 2111 2021 2177 14).

454 2207 554 2262 Hic
583 2207 759 2262 etiam
791 2222 892 2277 per
920 2206 1196 2275 Sibyllam
1219 2205 1471 2270 locutus,
1500 2203 1686 2258 multa
1709 2203 1778 2257 de
1798 2198 2022 2255 Christo

383 2296 664 2367 praedixit.
699 2296 763 2349 In
795 2295 1146 2364 quibusdam
1180 2293 1377 2358 etiam,
1410 2298 1745 2348 sanctorum
1778 2288 2019 2360 prophe-

379 2387 573 2440 tarum
605 2389 841 2440 secutus
890 2388 981 2438 est
1029 2400 1258 2449 sensus,
1305 2381 1512 2436 callide
1559 2379 1758 2435 volens
1810 2377 2021 2432 habere

380 2473 575 2530 locum
596 2473 748 2528 inter
768 2472 1028 2528 caelestes
1048 2472 1312 2543 spiritus.
1332 2472 1400 2525 Et
1415 2469 1684 2541 quamvis
1706 2466 2021 2538 aliquando

380 2579 516 2619 vera
544 2563 838 2635 praedicat,
870 2563 1163 2617 interdum
1211 2566 1406 2616 tamen
1451 2577 1552 2631 per
1600 2555 1940 2612 verisimilia
1967 2556 2024 2608 et

381 2653 505 2723 ipse
530 2652 767 2716 fallitur,
792 2658 847 2707 et
868 2651 1011 2706 alios
1035 2651 1199 2706 fallit.
1223 2650 1330 2704 Sed
1357 2649 1522 2721 quasi
1548 2649 1762 2702 diceret
1783 2643 2019 2715 aliquis:

381 2740 544 2797 Unde
576 2742 810 2812 probas,
841 2739 1134 2811 Apostole,
1185 2739 1462 2810 quoniam
1495 2738 1788 2810 spiritum,
1823 2735 1922 2806 qui
1956 2747 2025 2787 ex

381 2835 496 2886 Deo
527 2835 634 2901 est,
669 2829 975 2902 accepistis
1001 2830 1027 2885 ?
1060 2830 1304 2900 adjecit:
1343 2830 1404 2885 Ut
1433 2831 1671 2883 sciamus
1701 2841 1826 2899 quae
1853 2843 1888 2880 a
1915 2827 2022 2879 Deo

380 2920 525 2975 dona
553 2928 679 2975 sunt
727 2921 885 2974 nobis
900 2936 920 2980 ,'
951 2923 1231 2990 tanquam
1280 2919 1498 2973 diceret
1530 2934 1540 2972 :
1576 2918 1786 2972 Servus
1837 2914 2022 2970 nescit

374 3009 514 3081 quid
539 3009 708 3064 faciat
730 3008 1012 3064 Dominus
1034 3009 1160 3078 ejus
1186 3026 1198 3061 :
1226 3023 1330 3062 nos
1349 3011 1565 3072 autem,
1595 3005 2022 3070 charissimi,ut

373 3098 546 3154 amici
579 3097 678 3152 Dei
706 3115 833 3152 esse
861 3097 1176 3168 possimus,
1202 3097 1328 3151 ideo
1352 3095 1655 3167 Spiritum,
1681 3095 1782 3165 qui
1814 3110 1882 3148 ex
1902 3094 2017 3148 Deo

2123 529 2233 569 non
2287 513 2604 580 intelligetis
2653 511 2776 582 (Isa.
2827 528 2903 580 vr,
2945 512 3016 577 9;
3066 509 3256 564 Matth.
3302 525 3427 580 x111,
3464 512 3566 578 14;
3608 511 3781 568 Marc.

2127 620 2203 672 IV,
2239 603 2340 668 l2;
2395 604 2522 656 Luc.
2570 618 2694 667 vm,
2726 602 2829 668 10;
2876 602 2989 654 Act.
3031 616 3229 669 xxvm,
3261 601 3367 667 26;
3405 601 3551 656 Rom.
3585 603 3738 668 111,8
3769 627 3784 671 ς

2131 693 2286 748 Hebr.
2323 709 2398 761 x1,
2446 694 2522 760 3).

2200 781 2303 836 Sed
2331 783 2386 835 in
2419 780 2665 836 doctrina
2695 781 2954 851 Spiritus,
2986 779 3044 832 id
3084 782 3195 844 est,
3231 793 3298 833 ea
3328 779 3615 847 doctrina,
3651 797 3784 852 quae

2129 870 2349 942 Spiritu
2381 876 2581 925 sancto
2614 876 2703 924 est
2732 869 2906 936 edita,
2930 867 3154 938 scilicet
3184 867 3530 939 evangelica.
3556 869 3743 926 Aliter
3770 889 3785 927 :

2130 961 2193 1015 In
2227 961 2486 1015 doctrina
2510 959 2758 1031 Spiritus
2795 958 3180 1029 loquebatur;
3214 958 3352 1029 quia
3384 975 3483 1030 per
3506 960 3788 1015 virtutem

2134 1050 2316 1104 sancti
2367 1049 2637 1120 Spiritus,
2673 1064 3035 1120 quacunque
3084 1047 3457 1118 praedicabat,
3493 1049 3684 1120 signis
3732 1055 3791 1105 et

2136 1139 2437 1194 miraculis
2464 1138 2867 1193 conﬁrmabat.
2891 1136 3247 1206 Spiritalibus
3272 1138 3546 1208 spiritalia
3568 1155 3784 1210 compa-

2136 1237 2343 1283 rantes.
2368 1227 2670 1300 Spiritales
2695 1245 2794 1282 eos
2827 1226 2988 1290 dicit,
3011 1227 3106 1294 qui
3141 1226 3430 1298 negabant
3460 1226 3790 1283 humanam

2138 1317 2488 1388 sapientiam
2512 1333 2681 1388 posse
2702 1317 2932 1371 tradere
2953 1315 3200 1386 gratiam
3233 1316 3327 1370 Dei
3351 1332 3364 1369 :
3397 1316 3585 1387 gratia
3617 1333 3794 1372 nam-

2139 1422 2254 1477 que
2279 1405 2378 1460 Dei
2413 1405 2545 1459 ﬁdei
2579 1404 2854 1476 mysterio
2885 1403 3236 1470 continetur,
3260 1404 3331 1458 ad
3363 1403 3795 1460 illuminandos

2141 1493 2553 1548 benevolorum
2587 1493 2892 1547 hominum
2923 1509 3154 1547 sensus.
3179 1493 3522 1564 Quicunque
3553 1509 3696 1566 ergo
3727 1510 3796 1550 ea

2141 1584 2408 1647 credunt,
2433 1599 2559 1654 qua:
2584 1581 2786 1636 mundi
2811 1582 3106 1652 sapientes
3127 1580 3308 1636 stulta
3324 1583 3615 1652 judicant,
3643 1588 3797 1638 recte

2143 1671 2439 1742 spiritales
2457 1675 2760 1726 vocantur.
2778 1671 2939 1726 Unde
2953 1669 3269 1742 Apostolus
3290 1669 3659 1742 spiritalibus
3683 1671 3798 1743 spi-

2142 1757 2338 1814 ritalia
2366 1760 2777 1830 comparabat;
2813 1759 2952 1831 quia
2982 1758 3113 1814 illos
3137 1759 3443 1829 judicabat
3472 1760 3793 1831 spiritales,

2139 1846 2240 1919 qui
2262 1863 2332 1902 ea
2347 1847 2662 1918 ﬁeriposse
2681 1848 3012 1919 credebant,
3029 1865 3158 1919 quae
3181 1847 3484 1920 possibilia
3500 1849 3798 1920 sapientia

2138 1936 2349 1991 mundi
2379 1937 2726 2009 denegabat.

2211 2027 2482 2083 Animalis
2520 2031 2704 2082 autem
2742 2029 2896 2083 homo
2941 2044 3053 2082 non
3098 2027 3333 2100 percipit
3381 2043 3446 2084 ea
3493 2043 3623 2098 quae
3673 2044 3781 2082 sun

2135 2117 2386 2187 Spiritus
2437 2118 2558 2171 Dei.
2613 2116 2956 2189 Quicunque
3002 2133 3072 2172 ex
3125 2132 3366 2188 corpore
3415 2117 3582 2183 vivit,
3637 2121 3794 2172 recte

2139 2205 2395 2260 carnalis
2425 2211 2685 2275 vocatur,
2710 2211 2768 2262 et
2800 2205 3092 2261 animalis.
3117 2205 3381 2261 Carnalis
3409 2223 3443 2261 a
3472 2223 3672 2276 carne,
3699 2205 3798 2277 qui

2138 2293 2398 2349 carnalia
2426 2301 2724 2362 sectatur;
2759 2295 3053 2360 animalis,
3089 2296 3229 2367 quia
3275 2295 3459 2350 fertur
3507 2294 3803 2351 dissoluta

2136 2383 2374 2438 lascivia
2407 2386 2638 2455 animae,
2665 2401 2842 2456 quam
2875 2385 3120 2456 spiritus
3152 2401 3266 2439 non
3298 2384 3484 2455 regit;
3519 2385 3664 2456 quia
3697 2400 3798 2440 nec

2136 2474 2263 2544 ipse
2293 2490 2354 2528 se
2376 2474 2491 2528 Deo
2515 2475 2833 2546 regendum
2860 2474 3100 2544 subjicit
3119 2472 3404 2528 Animalis
3423 2489 3563 2544 ergo
3586 2473 3786 2540 homo,

2137 2562 2274 2634 quia
2292 2564 2613 2617 secundum
2635 2579 2695 2617 se
2715 2562 2871 2628 vivit,
2887 2562 2944 2616 id
2969 2566 3075 2629 est,
3092 2578 3330 2617 sensum
3350 2577 3526 2616 suum
3552 2562 3611 2616 in
3635 2567 3791 2617 terra

2136 2651 2435 2722 deprimit,
2457 2657 2688 2706 terrena
2706 2655 2936 2706 tantum
2961 2652 3270 2723 cogitando
3293 2641 3354 2706 et
3374 2651 3788 2706 desiderando.

2133 2741 2354 2795 Idcirco
2402 2757 2469 2795 ea
2517 2757 2644 2812 quae
2691 2741 2938 2812 Spiritus
2993 2741 3085 2795 Dei
3146 2744 3285 2795 sunt
3331 2756 3448 2794 non
3501 2739 3787 2811 percipit;

2134 2828 2272 2898 quia
2303 2829 2441 2898 quid
2475 2830 2671 2901 gratiae
2703 2847 2845 2884 crux
2873 2829 3089 2884 Christi
3137 2829 3421 2895 conferat,
3454 2845 3574 2883 non
3619 2827 3793 2883 intel-

2134 2915 2281 2987 ligit.
2306 2917 2473 2986 Nam,
2500 2919 2640 2989 quia
2661 2918 2806 2972 nihil
2835 2919 3021 2974 credit
3051 2919 3314 2973 futurum
3350 2922 3485 2989 post
3515 2921 3788 2984 mortem,

2133 3004 2347 3061 idcirco
2372 3023 2484 3062 non
2510 3008 2670 3062 freno
2699 3007 3094 3074 continentiae,
3123 3022 3238 3062 non
3271 3004 3548 3062 rationali
3575 3007 3792 3062 mentis

2121 3095 2344 3166 judicio
2375 3097 2616 3167 regitur,
2642 3098 2740 3151 sed
2775 3098 2847 3151 ad
2878 3101 3140 3152 terrenas
3171 3096 3526 3166 voluptates,
3555 3101 3614 3151 et
3644 3096 3793 3151 desi-

369 3187 907 3260 est,accepimus,ut
931 3186 1189 3242 sciamus
1211 3185 1352 3256 quid
1377 3184 1550 3240 faciat
1568 3184 1852 3240 Dominus
1867 3183 2019 3238 Deus
2052 3183 2094 3250 C
2134 3184 2314 3251 deria,
2337 3185 2496 3241 velut
2524 3186 2583 3239 in
2613 3202 2868 3258 praaceps
2889 3185 3128 3256 animal,
3154 3185 3427 3240 trahitur.
3453 3186 3603 3240 Cum
3632 3186 3787 3240 enim

367 3282 586 3336 noster.
613 3278 746 3333 Ideo
777 3291 1032 3347 namque
1051 3274 1474 3346 Spiritum,qui
1507 3277 1595 3329 est
1624 3291 1692 3329 ex
1713 3274 2014 3340 Deo,acce-

366 3367 584 3439 pimus,
619 3372 683 3422 ut
710 3367 781 3420 de
833 3365 1003 3420 donis
1035 3365 1136 3419 Dei
1186 3381 1300 3418 non
1349 3364 1692 3436 gloriemur,
1729 3367 2013 3432 tanquam

367 3456 582 3512 nostris
609 3453 834 3508 meritis
865 3451 1402 3522 acceperimus,sed
1438 3451 1522 3504 illi
1547 3450 1766 3522 gratias
1798 3449 2012 3504 refera-

367 3561 523 3612 mus,
547 3560 580 3597 a
597 3559 712 3613 quo
735 3540 1087 3611 accepimus.
1112 3540 1273 3596 Multi
1298 3541 1513 3612 quippe
1536 3539 1724 3595 multa
1739 3540 1892 3594 dona
1913 3539 2015 3594 Dei

370 3633 624 3697 habent;
659 3631 757 3686 sed
788 3647 820 3684 a
849 3647 963 3701 quo
1009 3629 1358 3700 acceperint,
1410 3629 1716 3695 nesciunt;
1769 3627 2016 3698 ideoque

371 3721 625 3792 superba
651 3719 1242 3789 vanitatejactantur.
1259 3719 1318 3774 Si
1350 3734 1486 3790 ergo
1509 3716 1783 3788 spiritum
1809 3716 2014 3771 mundi

371 3810 823 3882 accepissemus,
859 3808 1030 3873 dona,
1056 3825 1183 3878 quas
1217 3825 1250 3862 a
1282 3813 1394 3860 Deo
1425 3806 1600 3861 nobis
1623 3805 1832 3861 collata
1856 3812 2014 3876 sunt,

371 3915 720 3971 cognoscere
741 3913 1114 3968 nequaquam
1149 3913 1456 3967 possemus
1473 3914 1486 3951 :
1503 3895 1780 3950 inferiora
1801 3897 2017 3968 quippe

370 3989 738 4061 superiorum
763 3986 1076 4044 consilium
1096 3985 1590 4057 comprehendere
1612 4002 1725 4040 non
1745 3989 2012 4056 possunt.

367 4080 566 4150 Neque
592 4085 920 4134 creaturam
950 4075 1041 4130 sui
1072 4075 1360 4130 Creatoris
1392 4074 1770 4144 voluntatem,
1806 4075 1917 4129 nisi
1951 4091 2016 4129 eo

368 4167 678 4230 revelante,
704 4181 1055 4236 cognoscere
1077 4165 1514 4235 potest.Magna
1541 4164 1753 4234 quippe
1777 4163 2019 4219 scientia

367 4261 476 4323 est,
508 4256 706 4325 ipsum
738 4255 982 4321 donum,
1015 4253 1170 4322 quod
1221 4251 1436 4321 aliquis
1467 4252 1660 4320 habet,
1697 4269 1729 4307 a
1775 4269 1887 4323 quo
1919 4253 2019 4307 ha-

367 4345 504 4399 beat
533 4343 700 4396 scire.

444 4431 578 4498 Quae
605 4437 656 4485 et
676 4429 1208 4501 loquimur.Sensus
1230 4428 1323 4482 hic
1349 4435 1437 4483 est
1460 4446 1472 4482 :
1501 4429 1562 4483 In
1589 4429 1695 4484 hoc
1715 4430 2018 4486 verissime

278 4526 286 4532 ’
370 4517 970 4612 comprobatumquod
990 4516 1400 4612 scia_mus,quae
1424 4519 1592 4612 nobis
1615 4537 1647 4574 a
1674 4525 1781 4575 Deo
1804 4521 2018 4577 donata
2049 4547 2096 4612 Β

372 4615 531 4675 sunt,
563 4607 699 4680 quia
727 4609 848 4663 haec
869 4607 1071 4662 eadem
1105 4605 1422 4678 loquimur,
1448 4612 1511 4661 ut
1541 4607 1637 4662 alii
1660 4609 2019 4682 discant,per

372 4696 697 4767 spiritalem
751 4696 1097 4750 doctrinam.
1148 4696 1446 4759 Quomodo
1477 4713 1608 4751 vero
1658 4697 2014 4769 loqueretur,

372 4786 730 4849 manifestat,
765 4785 1133 4855 subjungens
1165 4800 1176 4838 :
1213 4785 1328 4839 Non
1360 4787 1420 4840 in
1447 4786 1615 4841 doctis
1641 4789 1901 4844 humanae
1929 4805 2016 4844 sa-

363 4875 599 4946 pienti}?
621 4874 820 4937 verbis,
840 4872 896 4928 id
930 4877 1038 4944 est,
1073 4871 1415 4944 eloquentiae
1439 4875 1626 4932 nitore
1657 4876 1924 4949 comptis.
1948 4878 2017 4932 Et

366 4969 456 5020 est
486 4980 698 5019 sensus
734 4980 745 5017 :
779 4963 925 5026 Quia
967 4978 1053 5028 ea,
1089 4980 1214 5033 quae
1262 4963 1583 5034 loquimur,
1615 4983 1732 5020 non
1759 4984 1793 5021 a
1821 4967 2011 5022 rheto-

268 5063 283 5079 ‘
365 5052 551 5120 ribus,
584 5070 700 5108 non
733 5069 766 5107 a
796 5051 1142 5116 dialecticis,
1178 5068 1293 5105 non
1325 5068 1360 5105 a
1390 5051 1756 5124 philosophis
1789 5057 2010 5126 accepi-

367 5160 497 5197 mus
524 5161 537 5209 ;
564 5143 690 5198 ideo
711 5158 824 5196 non
851 5157 918 5195 ea
939 5139 1235 5211 loquimur
1255 5141 1444 5195 verbis
1466 5141 1735 5196 humanae
1762 5144 2013 5199 scientiae

361 5230 556 5303 lepore
589 5231 818 5286 fucatis.
855 5230 1142 5294 Quoniam
1193 5228 1462 5283 humana:
1511 5231 1810 5301 sapientiae
1841 5235 2015 5288 verba

365 5319 520 5372 hunc
553 5336 794 5374 sensum
829 5317 1321 5388 comprehendere
1372 5335 1486 5371 non
1523 5324 1790 5389 possunt,
1827 5337 2013 5392 neque

366 5412 462 5462 stu
487 5408 563 5461 lio
599 5407 730 5462 rrtis
762 5407 1012 5476 alicujus
1044 5405 1309 5473 discitur,
1342 5407 1441 5460 sed
1494 5423 1595 5477 per
1623 5409 1798 5464 ﬁdem
1831 5411 2004 5482 apiri-

439 5585 586 5656 (511)
619 5584 720 5641 Hic
752 5585 810 5642 in
841 5588 1039 5658 autog.
1072 5601 1256 5659 marg.
1290 5585 1505 5659 legitur
1533 5601 1659 5659 cap.
1694 5589 1760 5643 Χ.

2125 3289 2239 3328 non
2272 3275 2471 3329 credat
2501 3274 2800 3330 hominem
2832 3275 2960 3330 sine
3010 3274 3189 3330 maris
3237 3290 3304 3329 ac
3357 3273 3592 3329 feminae
3624 3291 3789 3330 com-

2125 3363 2399 3419 mistione
2425 3365 2616 3431 nasci,
2643 3365 2888 3419 audiens
2911 3365 3096 3419 Deum
3122 3362 3332 3419 Filium
3361 3363 3665 3434 genuisse,
3688 3367 3790 3416 aut

2124 3452 2409 3524 virginem
2433 3454 2746 3525 peperisse,
2762 3454 3192 3519 ridet.Rursus,
3209 3453 3345 3524 quia
3362 3452 3511 3507 nihil
3531 3452 3791 3507 aestimat

2126 3542 2324 3596 futuru
2337 3559 2388 3595 m
2411 3547 2543 3613 post
2559 3547 2828 3608 mortem,
2843 3543 3091 3597 audiens
3111 3541 3365 3597 resoluta
3382 3557 3632 3612 corpora
3649 3541 3788 3594 vivi.

2127 3631 2286 3685 ﬁcari
2319 3648 2488 3702 posse
2511 3632 2583 3687 ad
2614 3633 2814 3703 vitam,
2840 3631 2948 3687 hoc
2980 3631 3204 3704 gannit.
3232 3631 3394 3686 Unde
3420 3647 3557 3685 mox
3580 3630 3787 3686 subdi-

2125 3724 2253 3776 tur:
2279 3722 2532 3776 Stultitia
2551 3729 2623 3776 est
2644 3723 2791 3776 enim
2813 3723 2924 3792 illi,
2948 3726 2999 3776 et
3026 3737 3138 3777 non
3160 3729 3332 3790 potest
3356 3720 3790 3792 intelligere.Et

2127 3813 2214 3865 est
2234 3825 2478 3864 sensus:
2505 3810 2634 3866 Ideo
2658 3809 2978 3881 intelligere
3003 3826 3116 3864 non
3141 3814 3350 3881 potest,
3369 3807 3510 3880 quia
3533 3808 3789 3863 stultum

2121 3898 2364 3970 judicat,
2398 3900 2553 3969 quod
2586 3916 2693 3954 sua
2724 3899 2946 3954 ratione
2979 3899 3326 3954 contendere
3356 3899 3581 3968 nequit.
3623 3897 3788 3953 Stul-

2127 3992 2252 4042 tum
2284 3989 2501 4059 quippe
2525 3988 2751 4058 judicat
2789 3986 3076 4058 quidquid
3111 3988 3289 4058 videt,
3322 3987 3473 4058 quod
3509 3986 3642 4058 ipse
3674 4002 3787 4042 non

2129 4077 2303 4132 novit.
2323 4077 2464 4144 Quia
2487 4075 2821 4148 spiritaliter
2843 4077 3224 4143 examinatur,
3245 4077 3299 4130 id
3325 4080 3432 4145 est,
3449 4076 3784 4146 judicatur,

2128 4167 2571 4222 condemnatur.
2632 4163 2988 4237 Spiritaliter
3041 4163 3430 4233 examinatur,
3491 4166 3666 4236 quia,
3715 4181 3786 4220 ne

2128 4255 2450 4327 intelligere
2498 4256 2704 4327 possit,
2737 4253 2863 4310 suis
2910 4253 3276 4327 exigentibus
3319 4253 3568 4326 meritis,
3605 4254 3784 4326 spiri-

2127 4344 2321 4400 taliter
2364 4346 2709 4400 obczscatur.

2195 4435 2480 4504 Spiritalis
2501 4442 2683 4490 autem
2697 4433 2913 4504 judicat
2933 4434 3137 4488 omnia.
3161 4430 3455 4503 Spiritalis
3478 4430 3667 4488 homo
3698 4432 3784 4487 di-

2128 4523 2298 4590 citur,
2332 4523 2430 4595 qui
2466 4523 2683 4595 Spiritu
2716 4527 2920 4577 sancto
2952 4522 3194 4594 regitur,
3221 4526 3279 4576 et
3310 4520 3528 4576 ideirco
3553 4522 3787 4592 judieat

2127 4614 2324 4667 omnia
2355 4613 2468 4667 Deo
2500 4629 2627 4667 esse
2673 4611 2994 4683 possibilia.
3030 4609 3324 4682 Spiritalis
3353 4627 3491 4683 ergo
3522 4611 3784 4667 hominis

2126 4718 2258 4757 vera
2278 4706 2367 4756 est
2391 4701 2557 4767 ratio,
2583 4705 2638 4756 et
2656 4717 2853 4756 verum
2875 4700 3190 4771 judicium,
3213 4701 3491 4771 quoniam
3517 4701 3652 4770 eius
3675 4702 3784 4756 fide

2128 4798 2182 4844 et
2213 4792 2498 4846 bonorum
2521 4807 2760 4862 operum
2785 4789 3070 4862 exemplo,
3098 4805 3403 4858 pravorum
3432 4789 3780 4856 inﬁdelitas,

2127 4884 2182 4935 et
2203 4885 2367 4935 actus
2391 4880 2874 4946 condemnantur,
2903 4879 3227 4935 secundum
3252 4877 3393 4933 illud
3421 4894 3434 4933 :
3466 4880 3785 4947 Quiaulcm

2124 4985 2231 5024 non
2264 4969 2455 5036 credit,
2479 4971 2599 5041 jam
2627 4969 2908 5042 judicatus
2935 4972 3013 5025 est
3047 4970 3223 5039 (Joan.
3258 4985 3341 5037 ιιι,
3378 4967 3486 5038 18).

2195 5059 2340 5123 Quia
2367 5076 2502 5131 ergo
2525 5057 2798 5115 animalis
2819 5058 3100 5125 hominis,
3125 5057 3183 5112 id
3207 5061 3316 5121 est,
3339 5055 3601 5112 inﬁdelis
3633 5057 3786 5129 judi-

2125 5149 2280 5203 cium
2314 5148 2528 5204 falsum
2560 5153 2666 5217 est,
2700 5147 2984 5219 spiritalis
3014 5163 3168 5217 vero,
3203 5146 3260 5200 id
3312 5149 3420 5211 est,
3455 5145 3658 5202 ﬁdelis
3692 5161 3780 5200 ve-

2128 5254 2278 5303 rum,
2306 5243 2438 5308 apte
2466 5237 2845 5308 subjungitur
2873 5233 2886 5291 Ξ
2918 5238 2982 5292 Et
3009 5239 3118 5308 ipse
3147 5253 3178 5290 (ι
3207 5236 3425 5290 nemine
3442 5235 3777 5306 judicatur:

2125 5325 2232 5380 hoc
2253 5330 2363 5393 est,
2390 5327 2831 5396 condemnatur,
2855 5325 2996 5396 quia
3024 5341 3128 5397 per
3149 5325 3322 5379 ﬁdem
3350 5321 3641 5380 salvetur.
3663 5323 3776 5380 Ali-

2122 5418 2240 5470 ter:
2263 5413 2552 5486 Spiritalis
2574 5415 2768 5469 omnia
2787 5414 3048 5486 judicat;
3079 5413 3218 5484 quia
3238 5428 3414 5484 supra
3435 5412 3648 5469 omnia
3670 5415 3774 5479 est,
