4034 6166
215 347 342 411 347
811 338 1232 419 EXPOSITIO
1274 340 1352 405 IN
1394 341 1870 407 EPISTOLAS
1913 341 2162 409 PAULI.
2193 380 2269 393 —
2303 347 2381 410 IN
2428 347 2708 417 EPIST.
2756 356 2782 420 Ι
2825 360 2928 421 AD
2973 358 3145 424 COR.
3584 358 3702 424 318

213 477 609 544 laboraverit,
648 475 946 546 majorem
977 477 1260 568 suscipiet
1280 477 1938 535 remunerationem.Et
1963 482 2016 547 Α
2045 480 2275 553 fuerint,
2309 482 2719 546 fundamento
2752 499 3019 549 manente
3050 494 3353 562 immobili,
3387 495 3534 568 ipsa,
3557 510 3694 551 cum

216 576 314 629 est
336 584 599 627 sensus:
636 566 800 621 Licet
834 564 1013 630 servi,
1044 565 1181 621 licet
1207 568 1475 633 ministri,
1510 567 1645 621 licet
1720 579 1938 625 omnes
2046 570 2351 627 ceciderint
2374 584 2674 641 magnam
2700 579 3168 637 facientruinam.
3196 564 3539 655 Quicunque
3561 598 3697 654 ergo

217 656 607 726 mercenarii,
633 661 864 721 tamen,
892 652 1038 725 quia
1060 654 1290 711 diversa
1310 662 1447 713 sunt
1465 652 1937 723 ofﬁcia,diversa
2043 659 2191 715 male
2222 659 2533 733 praedicet,
2573 665 3029 736 fundamentum,
3054 670 3111 725 id
3142 676 3248 736 est,
3286 652 3517 738 nomen,
3544 675 3601 725 et
3622 652 3694 723 li-

218 754 403 807 eruut
453 754 513 805 et
566 745 839 820 praemia.
885 743 1064 813 Nam,
1119 745 1260 815 quia
1294 747 1478 819 magis
1534 750 1620 803 est
1656 740 1934 816 plantare
2041 748 2143 803 des
2174 748 2765 811 Christiinconvulsa
2790 759 3077 824 manebit;
3113 775 3383 829 perversa
3406 775 3541 815 vero
3564 760 3691 829 ejus

219 856 408 912 quam
443 839 662 910 rigare,
696 835 832 891 ideo
864 833 1080 906 dispar
1110 834 1223 889 erit
1254 838 1584 905 praemium.
2039 837 2301 893 doctrina
2330 837 2603 896 interibit
2633 850 2688 899 et
2716 845 3063 913 destruetur,
3097 862 3265 901 secus
3287 845 3431 901 illud
3458 864 3470 902 :
3498 846 3687 902 Omnis

299 930 417 986 Sed
462 934 530 983 ut
586 925 952 992 ostenderet,
1018 940 1128 977 cur
1184 923 1349 996 digni
1407 930 1605 983 essent
1664 926 1930 998 accipere
2031 927 2324 997 plantatio,
2358 945 2665 999 quamnon
2688 934 2962 1004 plantavit
3000 941 3175 990 Pater
3221 951 3378 989 meus
3434 936 3684 1001 ccclesiis,

222 1018 591 1084 mercedem,
627 1014 887 1085 subjecit
919 1015 1117 1085 (515):
1151 1014 1254 1068 Dei
1283 1030 1434 1070 enim
1473 1033 1664 1072 sumus
1708 1016 1926 1088 adjuto-
2035 1016 2421 1073 eradicabitur
2450 1023 2675 1086 (Matth.
2726 1039 2818 1087 xv,
2852 1024 2959 1089 13).
3021 1024 3147 1077 Ilaec
3196 1039 3334 1094 ergo
3393 1022 3686 1079 sententia

221 1125 354 1166 res.
396 1108 513 1164 Hoc
542 1106 809 1178 apertius
841 1104 1104 1159 habetur
1136 1102 1198 1157 in
1234 1102 1459 1170 Graeco,
1504 1106 1600 1161 ubi
1661 1104 1878 1177 legitur
1910 1124 1922 1161 :
2035 1106 2368 1176 specialiter
2401 1110 2923 1182 pseudoapostolos
2947 1113 3216 1183 percutit,
3240 1111 3340 1183 qui
3372 1117 3507 1184 post
3533 1115 3684 1183 Apo-

224 1200 712 1254 Deienimsumus
733 1196 918 1266 operis
930 1193 1259 1265 participes.
1278 1194 1338 1247 In
1364 1195 1724 1263 quibusdam
1748 1196 1923 1249 etiam
2036 1194 2168 1248 stoli
2194 1197 2664 1265 przrdicationem
2688 1200 3115 1267 venientes,nec
3129 1200 3516 1256 intentionem
3541 1218 3684 1257 con-

225 1284 676 1358 exemplaribus
717 1282 1054 1338 invenitur:
1116 1282 1224 1337 Dei
1275 1298 1477 1337 sumus
1532 1287 1921 1354 cooperatores.

226 1376 347 1432 Sed
382 1373 674 1446 quidquid
710 1371 858 1427 illud
892 1374 1003 1437 est,
1037 1385 1229 1425 unum
1264 1370 1554 1442 idemque
1605 1372 1919 1443 signiﬁcat.

230 1464 436 1521 Sancti
469 1478 610 1535 ergo
645 1461 741 1517 Dei
766 1464 909 1516 sunt
940 1461 1285 1532 adjutores;
1324 1460 1481 1531 quia
1527 1461 1920 1526 admonendo,

232 1551 641 1626 praedicando,
670 1549 1049 1622 baptizando,
1080 1547 1218 1603 illos
1229 1549 1254 1619 j
1265 1556 1463 1605 uvant
1487 1551 1739 1606 exterius
1773 1567 1922 1622 quos

233 1643 421 1710 Deus,
442 1644 685 1713 peccata
713 1639 1084 1705 dimittendo,
1100 1642 1154 1692 et
1171 1639 1375 1693 sancti
1399 1639 1656 1712 Spiritus
1673 1638 1919 1711 gratiam

241 1732 622 1798 conferendo,
651 1728 915 1785 illustrat
935 1727 1439 1784 intrinsecus.Dei
1463 1734 1603 1784 sunt
1624 1728 1922 1799 adjutores

243 1822 461 1886 ofﬁcio,
494 1837 615 1876 non
645 1822 956 1892 potestate,
981 1818 1148 1887 juxta
1194 1814 1347 1871 illud
1376 1833 1392 1872 :
1428 1817 1588 1873 Secut
1628 1819 1784 1872 misit
1836 1832 1925 1871 me

243 1914 437 1974 Pater,
470 1913 525 1963 et
544 1923 640 1979 ego
659 1908 815 1962 mitto
840 1921 933 1961 vos
963 1905 1146 1977 (Joan.
1181 1921 1278 1972 xx,
1309 1904 1430 1975 2|).
1464 1909 1596 1960 Haec
1623 1921 1760 1977 ergo
1784 1921 1923 1960 sen-

244 1998 433 2053 tentia
462 1996 800 2069 specialiter
828 1995 902 2051 ad
934 1992 1236 2066 apostolos
1273 1994 1570 2065 pertinet;
1619 1995 1704 2049 illi
1763 1996 1920 2051 enim

245 2088 493 2143 fuerunt
522 2085 741 2142 Christi
772 2084 999 2139 vicarii.

321 2177 423 2232 Dei
451 2175 809 2246 agricultura
839 2173 1102 2240 estis,Dei
1130 2171 1426 2241 aediﬁcatio
1459 2174 1605 2227 estis.
1645 2173 1742 2228 Dei
1772 2175 1921 2246 agri-

245 2264 483 2320 cultura
509 2269 718 2331 erant;
762 2263 904 2334 quia
954 2276 1060 2332 per
1118 2259 1383 2331 Apostoli
1442 2261 1918 2332 praedicationem

245 2354 405 2410 Deus
436 2353 715 2409 cordibus
744 2351 989 2407 illorum
1016 2349 1343 2421 inspiravit,
1378 2355 1434 2405 et
1455 2351 1523 2405 ad
1565 2351 1741 2405 ﬁdem
1776 2368 1921 2408 con-

246 2443 427 2498 vertit
454 2460 468 2509 ;
503 2446 582 2512 et,
617 2446 749 2513 post
780 2440 1195 2496 remissionem
1228 2444 1597 2509 peccatorum
1630 2456 1733 2511 per
1763 2441 1918 2496 lava-

250 2547 421 2588 erum
452 2529 739 2602 baptismi
773 2534 830 2584 et
857 2530 1082 2583 donum
1114 2528 1367 2599 Spiritus
1398 2529 1607 2595 sancti,
1629 2545 1820 2586 mores
1850 2531 1919 2585 il-

251 2620 450 2675 lorum
473 2619 750 2683 excoluit,
783 2618 856 2672 ad
891 2616 1277 2689 proferendos
1332 2617 1621 2673 bonorum
1671 2634 1918 2690 cperum

256 2711 507 2776 tmolus,
533 2707 631 2763 Dei
655 2707 831 2762 etiam
865 2706 1179 2760 aedificatio
1199 2709 1392 2773 erant;
1427 2707 1706 2779 quoniam
1733 2709 1831 2779 qui
1858 2709 1923 2763 ﬁ-

256 2798 395 2854 dem
425 2797 542 2852 illis
574 2796 842 2859 contulit,
878 2794 1266 2850 inhabitando
1295 2796 1469 2851 etiam
1502 2796 1649 2852 alias
1675 2796 1921 2854 virtutes

257 2886 443 2943 auxit.

336 2975 653 3046 Sequitur:
686 2974 1001 3031 Secundum
1029 2974 1267 3044 gratiam
1302 2976 1420 3044 Dei,
1481 2989 1608 3045 quae
1659 2975 1787 3030 data
1843 2985 1921 3032 est

261 3065 429 3131 mihi,
457 3074 519 3120 ut
567 3065 785 3136 sapiens
839 3063 1199 3133 architectus,
1258 3065 1683 3133 fundamentum
1733 3068 1915 3135 posui.

261 3153 413 3219 Quia
438 3154 706 3209 dicturus
732 3157 896 3208 erat:
935 3153 1000 3208 Ut
1035 3153 1254 3218 sapiens
1309 3153 1661 3215 architectus,
1713 3154 1915 3223 funda-

2036 1282 2314 1351 siderare,
2351 1302 2453 1341 nec
2484 1288 2810 1343 doctrinam
2842 1288 3060 1343 imitari
3088 1288 3417 1356 voluerunt,
3443 1291 3547 1345 sed
3579 1307 3688 1345 sua

2034 1371 2182 1427 falsa
2237 1373 2548 1431 traditione
2621 1376 2837 1432 multos
2915 1377 3351 1433 Corinthiorum
3439 1381 3686 1453 decepe-

2034 1464 2192 1515 runt.

2104 1549 2499 1607 Fudamentum
2529 1555 2711 1622 aliud,
2735 1558 2842 1610 etc.
2881 1556 3014 1610 Ideo
3048 1554 3477 1625 fundamentum
3534 1558 3689 1613 aliud

2031 1654 2189 1694 nemo
2206 1644 2383 1710 potest
2409 1659 2629 1713 ponere,
2660 1648 2867 1716 praeter
2895 1645 2954 1699 id
2983 1644 3125 1716 quod
3151 1646 3396 1715 positum
3416 1655 3515 1713 est,
3547 1647 3692 1720 quod

2032 1731 2113 1782 est
2142 1728 2392 1785 Christus
2419 1736 2584 1787 Jesus
2607 1750 2620 1799 ;
2650 1733 2789 1805 quia
2809 1733 2945 1789 licet
2959 1732 3228 1789 haeretica
3248 1734 3372 1789 sint
3394 1752 3524 1808 quae
3542 1753 3693 1809 prae-

2033 1816 2249 1880 dicant,
2279 1835 2392 1874 non
2411 1824 2606 1876 tamen
2630 1823 2866 1889 audent,
2900 1823 3017 1878 nisi
3058 1824 3406 1895 interposito
3452 1826 3693 1881 nomine

2031 1903 2276 1974 Christi;
2295 1908 2572 1979 quoniam
2594 1910 2685 1964 sui
2701 1911 2915 1966 erroris
2928 1914 3262 1967 commenta
3276 1916 3693 1972 commendare

2032 2010 2147 2049 non
2172 2000 2439 2068 possunt,
2465 1997 2578 2053 nisi
2603 2015 2692 2054 res
2719 1999 3032 2068 absurdae,
3049 2004 3107 2054 et
3125 2002 3691 2073 turpes,acceptabi-

2030 2082 2199 2149 les,et
2211 2100 2500 2156 congruas
2514 2086 2686 2142 faciat
2696 2087 2841 2141 tanti
2859 2087 3114 2143 nominis
3128 2086 3511 2159 dignitas.Ait
3521 2107 3681 2162 ergo:

2030 2172 2463 2230 Fundamentum
2494 2176 2673 2245 aliud,
2696 2182 2803 2231 etc.
2832 2193 2845 2243 ;
2871 2193 2939 2232 ac
2970 2176 3019 2233 si
3044 2176 3267 2232 diceret
3292 2194 3304 2234 :
3340 2179 3463 2236 Etsi
3512 2179 3685 2235 multi

2032 2266 2171 2316 sunt
2190 2279 2317 2333 quae
2340 2264 2676 2334 praedicant,
2703 2281 2819 2319 non
2846 2270 3043 2320 tamen
3067 2266 3291 2322 audent
3308 2267 3491 2324 alium
3516 2268 3684 2323 Chri-

2029 2355 2185 2404 stum
2213 2352 2544 2423 praadicare,
2561 2370 2736 2424 quam
2771 2371 2945 2424 quem
2968 2370 3073 2425 ego
3096 2355 3404 2425 prtedicavi
3429 2374 3442 2425 ;
3467 2356 3684 2428 quia,si

2030 2438 2287 2506 fecerint,
2321 2443 2595 2496 continuo
2627 2458 2830 2497 eorum
2870 2443 3385 2516 deprehendentur
3432 2461 3677 2501 errores.

2029 2527 2222 2583 Sonus
2250 2545 2386 2601 ergo
2417 2530 2565 2584 tanti
2608 2530 2861 2586 nominis
2893 2532 3049 2599 fecit,
3109 2538 3174 2588 ut
3233 2538 3571 2590 commenta
3627 2537 3685 2589 et

2028 2620 2194 2671 sectae
2215 2616 2621 2674 haereticorum
2655 2621 3117 2693 susciperentur.
3140 2623 3454 2695 Sequitur:
3477 2625 3542 2678 Si
3559 2623 3684 2694 quis

2028 2713 2211 2760 autem
2236 2707 2475 2776 adiﬁcat
2495 2725 2661 2779 supra
2682 2710 3109 2779 fundamentum
3134 2712 3257 2784 hoc,
3304 2729 3527 2780 aurum,
3585 2727 3688 2764 ar-

2027 2798 2274 2863 gentum,
2300 2797 2506 2867 lapides
2523 2800 2811 2869 pretiosos,
2839 2801 3012 2871 ligna,
3027 2803 3248 2872 fenum,
3279 2802 3681 2873 stipulam,etc.

2031 2884 2158 2937 Hinc
2191 2885 2511 2955 apostolica
2540 2889 2834 2943 sententia
2860 2889 2919 2943 in
2954 2888 3048 2943 his
3106 2890 3509 2964 computanda
3564 2894 3674 2955 est,

2028 2988 2159 3043 quae
2188 2973 2396 3029 beatus
2412 2974 2617 3030 Petrus
2642 2977 2942 3047 apostolus
2976 2977 3045 3048 (ll
3074 2984 3231 3035 Petr.
3256 2996 3343 3049 ιιι,
3365 2976 3454 3048 16)
3478 2992 3491 3029 :
3512 2975 3673 3029 difﬁ-

2028 3060 2161 3117 cilia
2180 3061 2324 3117 dicit
2343 3062 2634 3118 intellectu
2653 3066 2714 3119 in
2745 3065 3010 3137 epistolis
3039 3067 3207 3122 Pauli
3233 3086 3246 3135 ;
3286 3066 3439 3120 unde
3463 3063 3621 3117 varie
3641 3079 3676 3117 a

2028 3150 2364 3205 doctoribus
2393 3158 2481 3205 est
2512 3153 2790 3223 exposita.
2854 3153 3104 3225 Lapides
3172 3154 3461 3227 pretiosos
3514 3148 3678 3220 dicit,

256 3214 511 3299 mentum
569 3244 751 3314 posui,
812 3258 885 3296 ne
945 3240 1056 3296 sibi
1096 3214 1455 3313 arroganter
1525 3214 1749 3313 aliquid
1808 3244 1911 3298 tri-
1946 3214 1989 3281 (ἶ
2029 3240 2347 3312 quosignis
2366 3256 2477 3295 non
2510 3214 2853 3314 corrumpit.
2890 3214 2961 3297 Ut
2993 3259 3137 3315 ergo
3162 3214 3521 3316 quibusdam
3555 3214 3688 3310 pla;

254 3333 450 3388 buere
474 3331 801 3399 videretur;
832 3330 1005 3402 quasi
1036 3329 1294 3399 haberet,
1328 3331 1482 3403 quod
1516 3347 1634 3385 non
1680 3347 1912 3402 accepe-

252 3421 341 3477 rit
371 3437 410 3475 a
435 3420 578 3475 Deo:
608 3420 732 3475 ideo
762 3418 1008 3491 pulchre
1038 3419 1355 3490 praemisit:
1418 3420 1731 3475 Secundum
1782 3437 1915 3489 gra-

255 3512 401 3566 tiam
427 3510 542 3576 Dei,
574 3525 692 3580 qum
720 3509 853 3564 data
882 3512 964 3563 est
992 3508 1148 3563 mihi.
1197 3507 1304 3563 Ubi
1361 3510 1712 3573 notandum,
1776 3512 1918 3581 quia

256 3616 378 3655 non
413 3599 514 3666 ait,
544 3599 871 3654 secundum
892 3596 1251 3652 voluntatem
1282 3601 1384 3652 aut
1415 3597 1674 3665 libitum,
1701 3599 1797 3653 sed
1813 3616 1914 3665 ,se-

254 3686 503 3743 cundum
529 3689 809 3758 gratiam;
846 3686 984 3756 quia
1014 3690 1226 3740 cuncta
1272 3686 1386 3741 Deo
1443 3686 1708 3742 ascribit.
1770 3687 1913 3744 Gra-

258 3775 407 3831 tiam
437 3791 573 3830 vero
594 3774 709 3830 sibi
736 3776 934 3829 datam
957 3791 991 3829 a
1030 3778 1145 3829 Deo
1188 3774 1348 3843 dicit,
1383 3774 1517 3846 quia
1547 3776 1768 3830 electus
1828 3782 1916 3832 est

258 3863 613 3938 specialiter,
678 3869 743 3918 ut
799 3863 1130 3919 mitteretur
1182 3864 1253 3918 ad
1312 3864 1575 3936 gentium
1633 3864 1910 3935 praedica-

258 3956 518 4010 tionem:
582 3953 738 4008 unde
799 3952 1006 4008 merito
1064 3968 1164 4007 vas
1221 3951 1523 4008 electionis
1573 3957 1663 4008 est
1719 3955 1915 4025 appel-

257 4042 436 4099 latus.
469 4042 806 4098 Secundum
838 4042 987 4097 hanc
1017 4040 1288 4113 gratiam,
1322 4047 1388 4096 ut
1422 4041 1660 4114 sapiens
1719 4043 1911 4098 archi-

258 4136 473 4199 tectus,
536 4130 736 4203 posuit
765 4130 1256 4198 fundamentum;
1290 4130 1532 4200 scilicet,
1587 4131 1727 4203 quia
1776 4134 1911 4202 jux-

259 4223 323 4277 ta
378 4218 594 4275 Christi
671 4217 1042 4290 disciplinam
1102 4218 1419 4275 Corinthiis
1478 4219 1611 4275 ﬁdei
1667 4221 1910 4277 verbum

260 4307 698 4382 evangelizavit.
723 4307 969 4380 Sapiens
999 4308 1218 4380 quippe
1240 4308 1592 4364 architectus
1616 4308 1782 4378 juxta
1812 4327 1908 4366 vo-

259 4397 554 4454 luntatem
595 4396 853 4453 auctoris
898 4397 1283 4452 fundamenta
1336 4396 1626 4452 collocat:
1684 4414 1909 4467 verum,

263 4488 405 4561 quia
424 4486 601 4542 multi
631 4491 766 4559 post
793 4485 961 4541 illum
993 4485 1306 4542 Corinthiis
1327 4486 1911 4558 praadicaverunt,ad-

2027 3333 2137 3393 cet,
2171 3344 2273 3399 per
2301 3345 2534 3397 aurum,
2569 3336 2902 3403 argentum,
2936 3331 3165 3403 lapides
3196 3331 3505 3404 pretiosos,
3564 3343 3682 3382 non

2025 3431 2223 3486 opera,
2250 3418 2351 3472 sed
2372 3417 2644 3475 homines
2666 3419 3076 3491 designantur,
3100 3419 3159 3475 id
3188 3425 3297 3490 est,
3313 3435 3418 3492 per
3441 3431 3677 3486 aurum,

2027 3509 2357 3577 argentum,
2384 3510 2442 3561 et
2471 3507 2697 3579 lapides
2729 3507 3040 3579 pretiosos,
3076 3508 3214 3564 boni
3236 3508 3681 3576 auditores;per

2025 3593 2206 3666 ligna,
2240 3596 2462 3664 fenum,
2496 3602 2553 3651 et
2583 3596 2891 3670 stipulam,
2923 3596 3086 3652 mali.
3124 3597 3221 3654 Ille
3240 3598 3438 3668 itaque
3494 3608 3673 3664 supra

2025 3683 2158 3738 ﬁdei
2189 3684 2662 3753 fundamentum,
2692 3702 2927 3752 aurum,
2958 3691 3269 3758 argentum
3305 3684 3532 3758 lapides
3554 3704 3683 3759 pre-

2023 3772 2207 3827 tiosos
2238 3773 2505 3840 aediﬁcat,
2540 3774 2640 3845 qui
2672 3791 2812 3831 suos
2845 3774 3143 3830 auditores
3172 3776 3319 3830 bene
3376 3774 3669 3843 instituit;

2023 3861 2348 3916 econtrario
2377 3860 2475 3917 ille
2506 3863 2729 3931 fenum,
2763 3862 2926 3935 ligna
2955 3866 3011 3918 et
3042 3862 3463 3935 stipulam,qui
3496 3865 3670 3920 male.

2096 3950 2530 4021 Uniuscujusque
2567 3957 2754 4005 autem
2783 3966 2916 4021 opus
2944 3951 3311 4024 manifestum
3339 3952 3479 4005 erit:
3535 3952 3675 4021 quia

2021 4038 2081 4093 in
2101 4038 2299 4092 futuro
2308 4039 2619 4109 judicio,et
2639 4038 2775 4095 boni
2795 4038 3093 4093 auditores
3115 4038 3669 4106 manifestabuntur,

2021 4132 2078 4183 et
2108 4125 2268 4181 mali.
2295 4126 2458 4183 Unde
2482 4132 2540 4182 et
2560 4127 2827 4198 sequitur
2850 4142 2863 4181 :
2889 4127 3010 4181 Dies
3041 4128 3192 4181 enim
3237 4127 3459 4181 Domini
3483 4127 3667 4182 decla-

2021 4216 2329 4287 rabit,quia
2344 4217 2403 4271 in
2417 4218 2543 4286 igne
2561 4214 3063 4272 revelabitur.Dies
3085 4214 3400 4282 Domini,id
3424 4215 3668 4285 est,dies

2013 4304 2226 4377 judicii
2244 4304 2584 4373 declarabit,
2610 4305 2749 4378 quia
2779 4304 3072 4360 discernet
3099 4305 3285 4359 bonos
3316 4303 3614 4360 auditores
3634 4322 3668 4361 a

2023 4393 2217 4449 malis.
2251 4394 2358 4457 Qui
2392 4396 2453 4448 in
2481 4395 2609 4465 igne
2650 4394 3023 4459 revelabitur;
3079 4392 3219 4465 quia
3264 4394 3547 4449 Dominus
3605 4394 3667 4448 in

2022 4483 2156 4555 igne
2179 4482 2470 4539 revelante
2491 4483 2680 4537 veniet
2701 4484 2770 4538 ad
2787 4481 3103 4553 judicium.
3143 4482 3208 4536 Et
3240 4483 3669 4553 uniuscuiusque

259 4576 495 4649 junxit:
527 4576 680 4632 Alius
712 4580 897 4631 autem
923 4574 1348 4647 superadiﬁcat,
1377 4575 1434 4630 id
1496 4580 1601 4643 est,
1663 4577 1911 4648 quicun-
1947 4577 1989 4641 D
2020 4588 2155 4643 opus
2186 4572 2349 4645 quale
2375 4574 2472 4638 sit,
2506 4573 2657 4642 ignis
2687 4572 2953 4641 probabit.
2980 4569 3456 4641 Uniuscujusque
3497 4585 3670 4642 opus,

270 4683 381 4739 que
402 4670 541 4739 post
562 4682 656 4720 me
682 4665 857 4721 venit.
891 4665 1037 4720 Nam
1060 4664 1325 4732 dicendo,
1359 4666 1529 4735 alius,
1561 4681 1764 4722 omnes
1796 4667 1919 4723 vult

272 4755 544 4828 intelligi,
564 4758 688 4810 tam
708 4754 914 4824 bonos,
938 4770 1117 4826 quam
1135 4757 1322 4809 malos
1357 4754 1787 4826 praedicatores.
1812 4756 1919 4811 Su~

273 4842 624 4916 permdiﬁcia
636 4859 775 4914 ergo
793 4841 893 4898 illa
910 4842 1251 4914 accipienda
1279 4848 1438 4913 sunt,
1462 4859 1591 4914 quae
1612 4844 1683 4899 ab
1701 4843 1914 4916 hujus-

275 4933 427 4991 modi
450 4932 792 4989 doctoribus
816 4931 1030 4987 tradita
1051 4935 1191 4987 sunt
1213 4929 1531 4987 Corinthiis
1556 4949 1569 4997 ;
1606 4934 1759 4988 unde
1784 4951 1915 4989 mox

276 5024 614 5088 admonens,
648 5021 882 5078 subdit:
918 5021 1293 5091 Unusquisque
1322 5027 1505 5074 autem
1542 5019 1723 5074 videat
1779 5038 1915 5091 quo-

273 5113 423 5169 mdo
441 5111 867 5184 supersediﬁcet,
896 5108 955 5163 id
979 5112 1089 5176 est,
1124 5108 1446 5180 perpendat
1475 5112 1532 5163 et
1588 5107 1916 5166 consideret

275 5201 564 5273 quomodo
594 5196 1020 5272 superaediﬁcia
1050 5200 1378 5267 congruant
1410 5196 1815 5268 fundamento,
1854 5198 1912 5254 id

277 5296 382 5360 est,
411 5289 706 5361 quomodo
737 5304 824 5352 ea,
857 5302 984 5359 quos
1026 5284 1320 5357 praedicat,
1378 5301 1518 5340 meae
1572 5286 1918 5343 conveniant

283 5378 574 5436 doctrinae.
608 5376 758 5435 Nam
791 5374 840 5430 si
871 5371 1293 5447 superaediﬁcia
1321 5372 1591 5444 distorta,
1622 5378 1678 5429 et
1711 5373 1916 5432 frivola

352 5556 500 5628 (515)
528 5554 593 5628 In
623 5557 819 5628 autog.
851 5564 1035 5623 marg.
1070 5549 1167 5628 hic
1195 5549 1410 5628 legitur
1437 5565 1565 5628 cap_.
1597 5551 1716 5628 X_II.

352 5623 499 5699 (516)
529 5627 615 5683 En
646 5623 841 5698 ignem
870 5624 1328 5696 purgantem,de
1351 5640 1465 5696 quo
1506 5623 1720 5683 clarius
1740 5624 1914 5693 paulo

2029 4662 2086 4716 id
2119 4666 2226 4729 est,
2259 4666 2316 4717 et
2342 4662 2529 4716 bonos
2553 4661 2869 4729 auditores,
2903 4664 2961 4714 et
2989 4657 3176 4714 malos
3198 4658 3353 4730 ignis
3375 4659 3669 4732 probabit,

2028 4750 2167 4822 quia
2196 4750 2382 4806 bonos
2414 4748 2690 4821 purgabit
2717 4749 2888 4818 (516),
2915 4746 3102 4803 malos
3131 4763 3264 4803 vero
3312 4752 3527 4804 aeterno
3574 4748 3672 4803 in-

2025 4840 2226 4896 cendio
2258 4838 2671 4895 concremabit.

2095 4931 2159 4985 Si
2181 4930 2337 5000 cujus
2356 4943 2491 4999 Opus
2510 4927 2949 4998 manserit,quod
2994 4925 3466 4998 superadiﬁcavit,
3522 4941 3666 4981 mer-

2025 5019 2205 5074 cedem
2236 5018 2488 5089 accipiet.
2510 5016 2580 5072 Et
2601 5022 2691 5072 est
2721 5031 2964 5071 sensus:
2997 5014 3056 5070 Si
3096 5016 3300 5071 doctor
3346 5014 3666 5070 misericor-

2025 5107 2121 5162 dia
2146 5107 2267 5174 Dei,
2299 5105 2380 5160 ita
2410 5122 2549 5161 suos
2580 5104 2843 5162 lucratus
2886 5104 3062 5161 fuerit
3091 5104 3407 5169 auditores,
3461 5105 3523 5155 ut
3554 5100 3668 5171 ipsi

2026 5212 2256 5269 pmnam
2277 5199 2503 5250 aeternae
2526 5193 2924 5251 damnationis
2945 5194 3211 5261 evadant,
3234 5196 3293 5246 et
3312 5191 3489 5244 vitam
3508 5193 3669 5244 aster-

2026 5302 2161 5341 nam
2197 5284 2540 5358 percipiant,
2565 5285 2711 5357 ipse,
2736 5301 2838 5356 pro
2868 5300 3070 5339 eorum
3106 5280 3312 5343 salute,
3336 5293 3668 5333 remunera-

2025 5375 2242 5430 tionem
2265 5373 2569 5447 suscipiet,
2586 5375 2757 5445 juxta
2782 5373 2935 5447 quod
2951 5368 3234 5426 Dominus
3257 5364 3399 5423 dicit
3416 5366 3472 5421 in
3488 5368 3668 5423 Evan-

2024 5553 2119 5610 hic
2148 5553 2413 5612 inferius.
