  <div class='ocr_page' id='page_1' title='image "/cluster/home/n/w/nwhite01/storage/ocr_20150623/134/hvd.32044023361702/165.png"; bbox 0 0 4080 6174; ppageno 0'>
   <div class='ocr_carea' id='block_1_1' title="bbox 371 307 488 406">
    <p class='ocr_par' dir='ltr' id='par_1_1' title="bbox 371 307 488 406">
     <span class='ocr_line' id='line_1_1' title="bbox 371 307 488 406; baseline 0.034 -4"><span class='ocrx_word' id='word_1_1' title='bbox 371 307 488 406; x_wconf 69' lang='lat' dir='ltr'>sis</span> 
     </span>
    </p>
   </div>
   <div class='ocr_carea' id='block_1_2' title="bbox 1394 331 2764 398">
    <p class='ocr_par' dir='ltr' id='par_1_2' title="bbox 1394 331 2764 398">
     <span class='ocr_line' id='line_1_2' title="bbox 1394 331 2764 398; baseline 0.003 -4"><span class='ocrx_word' id='word_1_2' title='bbox 1394 334 1731 397; x_wconf 85' lang='lat' dir='ltr'>ATTONIS</span> <span class='ocrx_word' id='word_1_3' title='bbox 1775 331 2364 396; x_wconf 83' lang='lat' dir='ltr'>VEBCELLENSIS</span> <span class='ocrx_word' id='word_1_4' title='bbox 2409 335 2764 398; x_wconf 84' lang='lat' dir='ltr'>EPISGOPI</span> 
     </span>
    </p>
   </div>
   <div class='ocr_carea' id='block_1_3' title="bbox 3669 341 3790 404">
    <p class='ocr_par' dir='ltr' id='par_1_3' title="bbox 3669 341 3790 404">
     <span class='ocr_line' id='line_1_3' title="bbox 3669 341 3790 404; baseline 0.008 -1"><span class='ocrx_word' id='word_1_5' title='bbox 3669 341 3790 404; x_wconf 67' lang='lat'><strong>320</strong></span> 
     </span>
    </p>
   </div>
   <div class='ocr_carea' id='block_1_4' title="bbox 379 465 3786 556">
    <p class='ocr_par' dir='ltr' id='par_1_4' title="bbox 379 465 3786 556">
     <span class='ocr_line' id='line_1_4' title="bbox 379 465 3786 556; baseline -0.001 -22"><span class='ocrx_word' id='word_1_6' title='bbox 379 481 531 556; x_wconf 83' lang='lat' dir='ltr'>gelio</span> <span class='ocrx_word' id='word_1_7' title='bbox 563 479 888 537; x_wconf 86' lang='lat' dir='ltr'>secundum</span> <span class='ocrx_word' id='word_1_8' title='bbox 922 481 1138 537; x_wconf 91' lang='lat' dir='ltr'>Lucam</span> <span class='ocrx_word' id='word_1_9' title='bbox 1164 498 1176 548; x_wconf 92' lang='lat'>;</span> <span class='ocrx_word' id='word_1_10' title='bbox 1203 481 1325 535; x_wconf 83' lang='lat' dir='ltr'>Esto</span> <span class='ocrx_word' id='word_1_11' title='bbox 1353 483 1418 534; x_wconf 86' lang='lat' dir='ltr'>tu</span> <span class='ocrx_word' id='word_1_12' title='bbox 1445 495 1610 550; x_wconf 89' lang='lat' dir='ltr'>super</span> <span class='ocrx_word' id='word_1_13' title='bbox 1628 481 1868 550; x_wconf 84' lang='lat' dir='ltr'>quinque</span> <span class='ocrx_word' id='word_1_14' title='bbox 1887 479 2022 534; x_wconf 82' lang='lat' dir='ltr'>civi—</span> <span class='ocrx_word' id='word_1_15' title='bbox 2049 465 2106 532; x_wconf 81' lang='grc' dir='ltr'><strong>Α</strong></span> <span class='ocrx_word' id='word_1_16' title='bbox 2139 468 2252 527; x_wconf 88' lang='lat' dir='ltr'>nisi</span> <span class='ocrx_word' id='word_1_17' title='bbox 2283 473 2451 524; x_wconf 84' lang='lat' dir='ltr'>caute</span> <span class='ocrx_word' id='word_1_18' title='bbox 2479 485 2544 524; x_wconf 89' lang='lat' dir='ltr'>ac</span> <span class='ocrx_word' id='word_1_19' title='bbox 2576 468 2768 526; x_wconf 88' lang='lat' dir='ltr'>sobrie</span> <span class='ocrx_word' id='word_1_20' title='bbox 2797 470 3143 543; x_wconf 77' lang='lat' dir='ltr'>accipiatur,</span> <span class='ocrx_word' id='word_1_21' title='bbox 3165 470 3343 528; x_wconf 86' lang='lat' dir='ltr'>errori</span> <span class='ocrx_word' id='word_1_22' title='bbox 3393 472 3626 530; x_wconf 86' lang='lat' dir='ltr'>vicinus</span> <span class='ocrx_word' id='word_1_23' title='bbox 3655 479 3786 532; x_wconf 84' lang='lat' dir='ltr'>est:</span> 
     </span>
    </p>
   </div>
   <div class='ocr_carea' id='block_1_5' title="bbox 373 569 2021 643">
    <p class='ocr_par' dir='ltr' id='par_1_5' title="bbox 373 569 2021 643">
     <span class='ocr_line' id='line_1_5' title="bbox 373 569 2021 643; baseline -0.002 -15"><span class='ocrx_word' id='word_1_24' title='bbox 373 575 511 628; x_wconf 82' lang='lat' dir='ltr'>tates</span> <span class='ocrx_word' id='word_1_25' title='bbox 527 589 544 632; x_wconf 78' lang='lat'>.&#39;</span> <span class='ocrx_word' id='word_1_26' title='bbox 575 580 626 626; x_wconf 89' lang='lat' dir='ltr'>et</span> <span class='ocrx_word' id='word_1_27' title='bbox 653 579 712 626; x_wconf 87' lang='lat' dir='ltr'>tu</span> <span class='ocrx_word' id='word_1_28' title='bbox 770 577 880 628; x_wconf 81' lang='lat' dir='ltr'>esto</span> <span class='ocrx_word' id='word_1_29' title='bbox 938 588 1103 643; x_wconf 84' lang='lat' dir='ltr'>super</span> <span class='ocrx_word' id='word_1_30' title='bbox 1152 571 1332 626; x_wconf 87' lang='lat' dir='ltr'>decem</span> <span class='ocrx_word' id='word_1_31' title='bbox 1394 569 1691 640; x_wconf 83' lang='lat' dir='ltr'>(Luc.x1x,</span> <span class='ocrx_word' id='word_1_32' title='bbox 1729 571 1837 640; x_wconf 88' lang='lat'>17).</span> <span class='ocrx_word' id='word_1_33' title='bbox 1874 569 2021 625; x_wconf 87' lang='lat' dir='ltr'>Nam</span> 
     </span>
    </p>
   </div>
   <div class='ocr_carea' id='block_1_6' title="bbox 372 659 2021 735">
    <p class='ocr_par' dir='ltr' id='par_1_6' title="bbox 372 659 2021 735">
     <span class='ocr_line' id='line_1_6' title="bbox 372 659 2021 735; baseline -0.003 -17"><span class='ocrx_word' id='word_1_34' title='bbox 372 667 592 734; x_wconf 89' lang='lat' dir='ltr'>quanto</span> <span class='ocrx_word' id='word_1_35' title='bbox 625 663 823 735; x_wconf 79' lang='lat' dir='ltr'>plures</span> <span class='ocrx_word' id='word_1_36' title='bbox 855 663 1068 735; x_wconf 82' lang='lat' dir='ltr'>aliquis</span> <span class='ocrx_word' id='word_1_37' title='bbox 1104 661 1365 716; x_wconf 90' lang='lat' dir='ltr'>lucratus</span> <span class='ocrx_word' id='word_1_38' title='bbox 1397 661 1592 729; x_wconf 83' lang='lat' dir='ltr'>fuerit,</span> <span class='ocrx_word' id='word_1_39' title='bbox 1624 664 1786 715; x_wconf 84' lang='lat' dir='ltr'>tanto</span> <span class='ocrx_word' id='word_1_40' title='bbox 1839 659 2021 728; x_wconf 84' lang='lat' dir='ltr'>majo-</span> 
     </span>
    </p>
   </div>
   <div class='ocr_carea' id='block_1_7' title="bbox 369 751 1162 809">
    <p class='ocr_par' dir='ltr' id='par_1_7' title="bbox 369 751 1162 809">
     <span class='ocr_line' id='line_1_7' title="bbox 369 751 1162 809; baseline -0.003 -1"><span class='ocrx_word' id='word_1_41' title='bbox 369 768 494 808; x_wconf 84' lang='lat' dir='ltr'>rem</span> <span class='ocrx_word' id='word_1_42' title='bbox 527 755 855 809; x_wconf 79' lang='lat' dir='ltr'>mercedem</span> <span class='ocrx_word' id='word_1_43' title='bbox 888 751 1162 807; x_wconf 82' lang='lat' dir='ltr'>inveniet.</span> 
     </span>
    </p>
   </div>
   <div class='ocr_carea' id='block_1_8' title="bbox 441 839 2021 914">
    <p class='ocr_par' dir='ltr' id='par_1_8' title="bbox 441 839 2021 914">
     <span class='ocr_line' id='line_1_8' title="bbox 441 839 2021 914; baseline -0.003 -16"><span class='ocrx_word' id='word_1_44' title='bbox 441 841 504 898; x_wconf 87' lang='lat' dir='ltr'>Si</span> <span class='ocrx_word' id='word_1_45' title='bbox 530 845 686 914; x_wconf 80' lang='lat' dir='ltr'>cujus</span> <span class='ocrx_word' id='word_1_46' title='bbox 733 859 866 913; x_wconf 78' lang='lat' dir='ltr'>Opus</span> <span class='ocrx_word' id='word_1_47' title='bbox 907 843 1127 907; x_wconf 78' lang='lat' dir='ltr'>arserit,</span> <span class='ocrx_word' id='word_1_48' title='bbox 1187 842 1587 896; x_wconf 75' lang='lat' dir='ltr'>detrimentum</span> <span class='ocrx_word' id='word_1_49' title='bbox 1629 843 1898 911; x_wconf 84' lang='lat' dir='ltr'>patietur.</span> <span class='ocrx_word' id='word_1_50' title='bbox 1959 839 2021 893; x_wconf 90' lang='lat' dir='ltr'>Id</span> 
     </span>
    </p>
   </div>
   <div class='ocr_carea' id='block_1_9' title="bbox 377 928 2022 1002">
    <p class='ocr_par' dir='ltr' id='par_1_9' title="bbox 377 928 2022 1002">
     <span class='ocr_line' id='line_1_9' title="bbox 377 928 2022 1002; baseline -0.002 -16"><span class='ocrx_word' id='word_1_51' title='bbox 377 936 486 1000; x_wconf 85' lang='lat' dir='ltr'>est,</span> <span class='ocrx_word' id='word_1_52' title='bbox 519 933 568 986; x_wconf 91' lang='lat' dir='ltr'>si</span> <span class='ocrx_word' id='word_1_53' title='bbox 605 931 744 986; x_wconf 89' lang='lat' dir='ltr'>mali</span> <span class='ocrx_word' id='word_1_54' title='bbox 777 932 1096 995; x_wconf 78' lang='lat' dir='ltr'>auditores,</span> <span class='ocrx_word' id='word_1_55' title='bbox 1121 930 1374 1002; x_wconf 86' lang='lat' dir='ltr'>prOpriis</span> <span class='ocrx_word' id='word_1_56' title='bbox 1405 930 1769 1001; x_wconf 84' lang='lat' dir='ltr'>exigentibus</span> <span class='ocrx_word' id='word_1_57' title='bbox 1798 928 2022 983; x_wconf 86' lang='lat' dir='ltr'>meritis</span> 
     </span>
    </p>
   </div>
   <div class='ocr_carea' id='block_1_10' title="bbox 380 1017 2024 1090">
    <p class='ocr_par' dir='ltr' id='par_1_10' title="bbox 380 1017 2024 1090">
     <span class='ocr_line' id='line_1_10' title="bbox 380 1017 2024 1090; baseline -0.004 -14"><span class='ocrx_word' id='word_1_58' title='bbox 380 1021 855 1076; x_wconf 87' lang='lat' dir='ltr'>damnabuntur:</span> <span class='ocrx_word' id='word_1_59' title='bbox 890 1020 1111 1086; x_wconf 82' lang='lat' dir='ltr'>doctor,</span> <span class='ocrx_word' id='word_1_60' title='bbox 1145 1019 1284 1090; x_wconf 86' lang='lat' dir='ltr'>quia</span> <span class='ocrx_word' id='word_1_61' title='bbox 1321 1019 1518 1074; x_wconf 89' lang='lat' dir='ltr'>minus</span> <span class='ocrx_word' id='word_1_62' title='bbox 1571 1017 1856 1073; x_wconf 89' lang='lat' dir='ltr'>sollicitus</span> <span class='ocrx_word' id='word_1_63' title='bbox 1915 1018 2024 1070; x_wconf 83' lang='lat' dir='ltr'>fuit</span> 
     </span>
    </p>
   </div>
   <div class='ocr_carea' id='block_1_11' title="bbox 377 1108 2024 1180">
    <p class='ocr_par' dir='ltr' id='par_1_11' title="bbox 377 1108 2024 1180">
     <span class='ocr_line' id='line_1_11' title="bbox 377 1108 2024 1180; baseline -0.002 -15"><span class='ocrx_word' id='word_1_64' title='bbox 377 1126 514 1180; x_wconf 86' lang='lat' dir='ltr'>erga</span> <span class='ocrx_word' id='word_1_65' title='bbox 546 1125 748 1164; x_wconf 84' lang='lat' dir='ltr'>eorum</span> <span class='ocrx_word' id='word_1_66' title='bbox 772 1108 1043 1172; x_wconf 88' lang='lat' dir='ltr'>salutem,</span> <span class='ocrx_word' id='word_1_67' title='bbox 1079 1110 1361 1164; x_wconf 86' lang='lat' dir='ltr'>damnum</span> <span class='ocrx_word' id='word_1_68' title='bbox 1389 1109 1662 1179; x_wconf 80' lang='lat' dir='ltr'>patietur.</span> <span class='ocrx_word' id='word_1_69' title='bbox 1686 1108 1742 1162; x_wconf 90' lang='lat' dir='ltr'>id</span> <span class='ocrx_word' id='word_1_70' title='bbox 1777 1111 1886 1168; x_wconf 80' lang='lat' dir='ltr'>est,</span> <span class='ocrx_word' id='word_1_71' title='bbox 1909 1123 2024 1176; x_wconf 85' lang='lat' dir='ltr'>poe-</span> 
     </span>
    </p>
   </div>
   <div class='ocr_carea' id='block_1_12' title="bbox 377 1195 2018 1268">
    <p class='ocr_par' dir='ltr' id='par_1_12' title="bbox 377 1195 2018 1268">
     <span class='ocr_line' id='line_1_12' title="bbox 377 1195 2018 1268; baseline -0.001 -18"><span class='ocrx_word' id='word_1_72' title='bbox 377 1213 484 1252; x_wconf 92' lang='lat' dir='ltr'>nas</span> <span class='ocrx_word' id='word_1_73' title='bbox 515 1195 764 1260; x_wconf 87' lang='lat' dir='ltr'>luet,sed</span> <span class='ocrx_word' id='word_1_74' title='bbox 791 1198 1156 1268; x_wconf 89' lang='lat' dir='ltr'>purgatorias</span> <span class='ocrx_word' id='word_1_75' title='bbox 1182 1199 1349 1268; x_wconf 84' lang='lat'>(517).</span> <span class='ocrx_word' id='word_1_76' title='bbox 1387 1197 1546 1252; x_wconf 88' lang='lat' dir='ltr'>Unde</span> <span class='ocrx_word' id='word_1_77' title='bbox 1565 1213 1698 1251; x_wconf 85' lang='lat' dir='ltr'>mox</span> <span class='ocrx_word' id='word_1_78' title='bbox 1719 1197 2018 1250; x_wconf 79' lang='lat' dir='ltr'>subditur:</span> 
     </span>
    </p>
   </div>
   <div class='ocr_carea' id='block_1_13' title="bbox 373 1287 2020 1356">
    <p class='ocr_par' dir='ltr' id='par_1_13' title="bbox 373 1287 2020 1356">
     <span class='ocr_line' id='line_1_13' title="bbox 373 1287 2020 1356; baseline -0.003 -14"><span class='ocrx_word' id='word_1_79' title='bbox 373 1287 488 1356; x_wconf 87' lang='lat' dir='ltr'>Ipse</span> <span class='ocrx_word' id='word_1_80' title='bbox 516 1290 700 1341; x_wconf 87' lang='lat' dir='ltr'>autem</span> <span class='ocrx_word' id='word_1_81' title='bbox 729 1289 912 1342; x_wconf 84' lang='lat' dir='ltr'>salvus</span> <span class='ocrx_word' id='word_1_82' title='bbox 943 1289 1046 1341; x_wconf 87' lang='lat' dir='ltr'>erit</span> <span class='ocrx_word' id='word_1_83' title='bbox 1073 1305 1085 1352; x_wconf 88' lang='lat'>;</span> <span class='ocrx_word' id='word_1_84' title='bbox 1116 1289 1197 1342; x_wconf 85' lang='lat' dir='ltr'>sic</span> <span class='ocrx_word' id='word_1_85' title='bbox 1225 1291 1410 1340; x_wconf 77' lang='lat' dir='ltr'>tamen.</span> <span class='ocrx_word' id='word_1_86' title='bbox 1447 1287 1604 1355; x_wconf 87' lang='lat' dir='ltr'>quasi</span> <span class='ocrx_word' id='word_1_87' title='bbox 1647 1302 1747 1356; x_wconf 86' lang='lat' dir='ltr'>per</span> <span class='ocrx_word' id='word_1_88' title='bbox 1795 1287 1982 1352; x_wconf 80' lang='lat' dir='ltr'>ignem</span> <span class='ocrx_word' id='word_1_89' title='bbox 2008 1300 2020 1350; x_wconf 93' lang='lat'>;</span> 
     </span>
    </p>
   </div>
   <div class='ocr_carea' id='block_1_14' title="bbox 375 1375 2023 1446">
    <p class='ocr_par' dir='ltr' id='par_1_14' title="bbox 375 1375 2023 1446">
     <span class='ocr_line' id='line_1_14' title="bbox 375 1375 2023 1446; baseline -0.001 -18"><span class='ocrx_word' id='word_1_90' title='bbox 375 1375 514 1446; x_wconf 87' lang='lat' dir='ltr'>quia</span> <span class='ocrx_word' id='word_1_91' title='bbox 541 1375 775 1446; x_wconf 87' lang='lat' dir='ltr'>propria</span> <span class='ocrx_word' id='word_1_92' title='bbox 798 1376 1036 1446; x_wconf 83' lang='lat' dir='ltr'>justitia</span> <span class='ocrx_word' id='word_1_93' title='bbox 1068 1381 1124 1431; x_wconf 89' lang='lat' dir='ltr'>et</span> <span class='ocrx_word' id='word_1_94' title='bbox 1163 1377 1276 1430; x_wconf 79' lang='lat' dir='ltr'>fide</span> <span class='ocrx_word' id='word_1_95' title='bbox 1335 1375 1680 1436; x_wconf 88' lang='lat' dir='ltr'>salvabitur,</span> <span class='ocrx_word' id='word_1_96' title='bbox 1741 1377 2023 1445; x_wconf 87' lang='lat' dir='ltr'>purgatus</span> 
     </span>
    </p>
   </div>
   <div class='ocr_carea' id='block_1_15' title="bbox 372 1461 2020 1534">
    <p class='ocr_par' dir='ltr' id='par_1_15' title="bbox 372 1461 2020 1534">
     <span class='ocr_line' id='line_1_15' title="bbox 372 1461 2020 1534; baseline -0.002 -16"><span class='ocrx_word' id='word_1_97' title='bbox 372 1479 476 1534; x_wconf 89' lang='lat' dir='ltr'>per</span> <span class='ocrx_word' id='word_1_98' title='bbox 500 1463 714 1534; x_wconf 85' lang='lat' dir='ltr'>ignem.</span> <span class='ocrx_word' id='word_1_99' title='bbox 749 1463 966 1519; x_wconf 83' lang='lat' dir='ltr'>Aliter:</span> <span class='ocrx_word' id='word_1_100' title='bbox 1003 1467 1138 1521; x_wconf 89' lang='lat' dir='ltr'>Tria</span> <span class='ocrx_word' id='word_1_101' title='bbox 1169 1466 1226 1520; x_wconf 90' lang='lat' dir='ltr'>in</span> <span class='ocrx_word' id='word_1_102' title='bbox 1260 1465 1367 1520; x_wconf 89' lang='lat' dir='ltr'>hoc</span> <span class='ocrx_word' id='word_1_103' title='bbox 1397 1465 1522 1518; x_wconf 89' lang='lat' dir='ltr'>loco</span> <span class='ocrx_word' id='word_1_104' title='bbox 1555 1461 1868 1532; x_wconf 80' lang='lat' dir='ltr'>Apostolus</span> <span class='ocrx_word' id='word_1_105' title='bbox 1899 1477 2020 1516; x_wconf 90' lang='lat' dir='ltr'>me-</span> 
     </span>
    </p>
   </div>
   <div class='ocr_carea' id='block_1_16' title="bbox 378 1551 2022 1625">
    <p class='ocr_par' dir='ltr' id='par_1_16' title="bbox 378 1551 2022 1625">
     <span class='ocr_line' id='line_1_16' title="bbox 378 1551 2022 1625; baseline -0.002 -18"><span class='ocrx_word' id='word_1_106' title='bbox 378 1557 586 1616; x_wconf 83' lang='lat' dir='ltr'>morat,</span> <span class='ocrx_word' id='word_1_107' title='bbox 619 1571 748 1621; x_wconf 73' lang='lat' dir='ltr'>quae</span> <span class='ocrx_word' id='word_1_108' title='bbox 783 1555 1036 1623; x_wconf 87' lang='lat' dir='ltr'>pretiosa</span> <span class='ocrx_word' id='word_1_109' title='bbox 1066 1559 1122 1609; x_wconf 91' lang='lat' dir='ltr'>et</span> <span class='ocrx_word' id='word_1_110' title='bbox 1153 1554 1430 1625; x_wconf 69' lang='lat' dir='ltr'>praeclara</span> <span class='ocrx_word' id='word_1_111' title='bbox 1459 1557 1598 1608; x_wconf 91' lang='lat' dir='ltr'>sunt</span> <span class='ocrx_word' id='word_1_112' title='bbox 1629 1553 1686 1607; x_wconf 91' lang='lat' dir='ltr'>in</span> <span class='ocrx_word' id='word_1_113' title='bbox 1707 1551 2022 1615; x_wconf 89' lang='lat' dir='ltr'>mundo,id</span> 
     </span>
    </p>
   </div>
   <div class='ocr_carea' id='block_1_17' title="bbox 377 1639 2026 1714">
    <p class='ocr_par' dir='ltr' id='par_1_17' title="bbox 377 1639 2026 1714">
     <span class='ocr_line' id='line_1_17' title="bbox 377 1639 2026 1714; baseline -0.002 -18"><span class='ocrx_word' id='word_1_114' title='bbox 377 1645 486 1708; x_wconf 89' lang='lat' dir='ltr'>est,</span> <span class='ocrx_word' id='word_1_115' title='bbox 519 1659 750 1708; x_wconf 89' lang='lat' dir='ltr'>aurum,</span> <span class='ocrx_word' id='word_1_116' title='bbox 785 1647 1116 1714; x_wconf 81' lang='lat' dir='ltr'>argentum,</span> <span class='ocrx_word' id='word_1_117' title='bbox 1147 1647 1205 1698; x_wconf 89' lang='lat' dir='ltr'>et</span> <span class='ocrx_word' id='word_1_118' title='bbox 1246 1643 1470 1714; x_wconf 82' lang='lat' dir='ltr'>lapides</span> <span class='ocrx_word' id='word_1_119' title='bbox 1529 1641 1853 1712; x_wconf 87' lang='lat' dir='ltr'>pretiosos:</span> <span class='ocrx_word' id='word_1_120' title='bbox 1913 1639 2026 1710; x_wconf 76' lang='lat' dir='ltr'>tria</span> 
     </span>
    </p>
   </div>
   <div class='ocr_carea' id='block_1_18' title="bbox 377 1729 2026 1802">
    <p class='ocr_par' dir='ltr' id='par_1_18' title="bbox 377 1729 2026 1802">
     <span class='ocr_line' id='line_1_18' title="bbox 377 1729 2026 1802; baseline -0.002 -16"><span class='ocrx_word' id='word_1_121' title='bbox 377 1735 572 1786; x_wconf 86' lang='lat' dir='ltr'>autem</span> <span class='ocrx_word' id='word_1_122' title='bbox 602 1748 752 1786; x_wconf 88' lang='lat' dir='ltr'>vana</span> <span class='ocrx_word' id='word_1_123' title='bbox 807 1735 866 1786; x_wconf 89' lang='lat' dir='ltr'>et</span> <span class='ocrx_word' id='word_1_124' title='bbox 895 1731 1120 1799; x_wconf 81' lang='lat' dir='ltr'>frivola,</span> <span class='ocrx_word' id='word_1_125' title='bbox 1181 1731 1238 1786; x_wconf 89' lang='lat' dir='ltr'>id</span> <span class='ocrx_word' id='word_1_126' title='bbox 1299 1734 1407 1800; x_wconf 87' lang='lat' dir='ltr'>est,</span> <span class='ocrx_word' id='word_1_127' title='bbox 1463 1731 1639 1802; x_wconf 89' lang='lat' dir='ltr'>ligna,</span> <span class='ocrx_word' id='word_1_128' title='bbox 1689 1729 1912 1794; x_wconf 85' lang='lat' dir='ltr'>fenum,</span> <span class='ocrx_word' id='word_1_129' title='bbox 1969 1731 2026 1782; x_wconf 88' lang='lat' dir='ltr'>et</span> 
     </span>
    </p>
   </div>
   <div class='ocr_carea' id='block_1_19' title="bbox 2137 561 3788 636">
    <p class='ocr_par' dir='ltr' id='par_1_19' title="bbox 2137 561 3788 636">
     <span class='ocr_line' id='line_1_19' title="bbox 2137 561 3788 636; baseline 0.003 -21"><span class='ocrx_word' id='word_1_130' title='bbox 2137 578 2250 616; x_wconf 93' lang='lat' dir='ltr'>non</span> <span class='ocrx_word' id='word_1_131' title='bbox 2281 561 2438 616; x_wconf 89' lang='lat' dir='ltr'>enim</span> <span class='ocrx_word' id='word_1_132' title='bbox 2472 567 2714 633; x_wconf 81' lang='lat' dir='ltr'>apparet</span> <span class='ocrx_word' id='word_1_133' title='bbox 2733 563 3022 631; x_wconf 89' lang='lat' dir='ltr'>quomodo</span> <span class='ocrx_word' id='word_1_134' title='bbox 3051 561 3145 616; x_wconf 87' lang='lat' dir='ltr'>hic</span> <span class='ocrx_word' id='word_1_135' title='bbox 3175 563 3526 634; x_wconf 82' lang='lat' dir='ltr'>quandoque</span> <span class='ocrx_word' id='word_1_136' title='bbox 3549 581 3586 618; x_wconf 89' lang='lat' dir='ltr'>a</span> <span class='ocrx_word' id='word_1_137' title='bbox 3617 581 3788 636; x_wconf 67' lang='lat' dir='ltr'>paena</span> 
     </span>
    </p>
   </div>
   <div class='ocr_carea' id='block_1_20' title="bbox 2137 649 3787 726">
    <p class='ocr_par' dir='ltr' id='par_1_20' title="bbox 2137 649 3787 726">
     <span class='ocr_line' id='line_1_20' title="bbox 2137 649 3787 726; baseline 0.002 -22"><span class='ocrx_word' id='word_1_138' title='bbox 2137 649 2436 716; x_wconf 78' lang='lat' dir='ltr'>liberetur,</span> <span class='ocrx_word' id='word_1_139' title='bbox 2468 667 2602 708; x_wconf 89' lang='lat' dir='ltr'>cum</span> <span class='ocrx_word' id='word_1_140' title='bbox 2635 651 2923 706; x_wconf 88' lang='lat' dir='ltr'>Dominus</span> <span class='ocrx_word' id='word_1_141' title='bbox 2954 651 3144 706; x_wconf 89' lang='lat' dir='ltr'>dicat:</span> <span class='ocrx_word' id='word_1_142' title='bbox 3171 653 3234 708; x_wconf 87' lang='lat' dir='ltr'>Et</span> <span class='ocrx_word' id='word_1_143' title='bbox 3267 652 3424 708; x_wconf 85' lang='lat' dir='ltr'>ibunt</span> <span class='ocrx_word' id='word_1_144' title='bbox 3447 653 3508 708; x_wconf 77' lang='lat' dir='ltr'>hi</span> <span class='ocrx_word' id='word_1_145' title='bbox 3537 656 3596 708; x_wconf 84' lang='lat' dir='ltr'>in</span> <span class='ocrx_word' id='word_1_146' title='bbox 3653 671 3787 726; x_wconf 82' lang='lat' dir='ltr'>sup-</span> 
     </span>
    </p>
   </div>
   <div class='ocr_carea' id='block_1_21' title="bbox 2131 740 3790 812">
    <p class='ocr_par' dir='ltr' id='par_1_21' title="bbox 2131 740 3790 812">
     <span class='ocr_line' id='line_1_21' title="bbox 2131 740 3790 812; baseline 0.003 -19"><span class='ocrx_word' id='word_1_147' title='bbox 2131 741 2367 810; x_wconf 85' lang='lat' dir='ltr'>plicium</span> <span class='ocrx_word' id='word_1_148' title='bbox 2389 748 2654 794; x_wconf 61' lang='lat' dir='ltr'>mter-num</span> <span class='ocrx_word' id='word_1_149' title='bbox 2685 740 2894 810; x_wconf 77' lang='lat' dir='ltr'>(Matth.</span> <span class='ocrx_word' id='word_1_150' title='bbox 2925 758 3056 805; x_wconf 86' lang='lat' dir='ltr'>xxv,</span> <span class='ocrx_word' id='word_1_151' title='bbox 3111 742 3220 812; x_wconf 80' lang='grc'>46).</span> <span class='ocrx_word' id='word_1_152' title='bbox 3285 741 3602 797; x_wconf 87' lang='lat' dir='ltr'>Sciendum</span> <span class='ocrx_word' id='word_1_153' title='bbox 3651 759 3790 798; x_wconf 88' lang='lat' dir='ltr'>vero</span> 
     </span>
    </p>
   </div>
   <div class='ocr_carea' id='block_1_22' title="bbox 2138 828 3789 902">
    <p class='ocr_par' dir='ltr' id='par_1_22' title="bbox 2138 828 3789 902">
     <span class='ocr_line' id='line_1_22' title="bbox 2138 828 3789 902; baseline 0.003 -20"><span class='ocrx_word' id='word_1_154' title='bbox 2138 828 2296 898; x_wconf 85' lang='lat' dir='ltr'>quia,</span> <span class='ocrx_word' id='word_1_155' title='bbox 2331 833 2396 882; x_wconf 88' lang='lat' dir='ltr'>ut</span> <span class='ocrx_word' id='word_1_156' title='bbox 2423 829 2564 883; x_wconf 86' lang='lat' dir='ltr'>dicit</span> <span class='ocrx_word' id='word_1_157' title='bbox 2583 829 2792 884; x_wconf 88' lang='lat' dir='ltr'>beatus</span> <span class='ocrx_word' id='word_1_158' title='bbox 2816 829 3197 900; x_wconf 79' lang='lat' dir='ltr'>Augustinus,</span> <span class='ocrx_word' id='word_1_159' title='bbox 3227 829 3326 884; x_wconf 90' lang='lat' dir='ltr'>ille</span> <span class='ocrx_word' id='word_1_160' title='bbox 3347 829 3454 885; x_wconf 90' lang='lat' dir='ltr'>hoc</span> <span class='ocrx_word' id='word_1_161' title='bbox 3475 830 3600 886; x_wconf 91' lang='lat' dir='ltr'>loco</span> <span class='ocrx_word' id='word_1_162' title='bbox 3633 831 3789 902; x_wconf 82' lang='lat' dir='ltr'>ignis</span> 
     </span>
    </p>
   </div>
   <div class='ocr_carea' id='block_1_23' title="bbox 2135 916 3787 988">
    <p class='ocr_par' dir='ltr' id='par_1_23' title="bbox 2135 916 3787 988">
     <span class='ocr_line' id='line_1_23' title="bbox 2135 916 3787 988; baseline 0.003 -17"><span class='ocrx_word' id='word_1_163' title='bbox 2135 916 2556 988; x_wconf 83' lang='lat' dir='ltr'>intelligendus</span> <span class='ocrx_word' id='word_1_164' title='bbox 2580 922 2686 980; x_wconf 88' lang='lat' dir='ltr'>est,</span> <span class='ocrx_word' id='word_1_165' title='bbox 2723 935 2824 988; x_wconf 90' lang='lat' dir='ltr'>per</span> <span class='ocrx_word' id='word_1_166' title='bbox 2845 935 3018 988; x_wconf 89' lang='lat' dir='ltr'>quem</span> <span class='ocrx_word' id='word_1_167' title='bbox 3049 919 3220 974; x_wconf 89' lang='lat' dir='ltr'>ambo</span> <span class='ocrx_word' id='word_1_168' title='bbox 3243 925 3567 984; x_wconf 77' lang='lat' dir='ltr'>transeant,</span> <span class='ocrx_word' id='word_1_169' title='bbox 3593 921 3651 974; x_wconf 90' lang='lat' dir='ltr'>id</span> <span class='ocrx_word' id='word_1_170' title='bbox 3677 925 3787 988; x_wconf 82' lang='lat' dir='ltr'>est,</span> 
     </span>
    </p>
   </div>
   <div class='ocr_carea' id='block_1_24' title="bbox 2136 1006 3793 1080">
    <p class='ocr_par' dir='ltr' id='par_1_24' title="bbox 2136 1006 3793 1080">
     <span class='ocr_line' id='line_1_24' title="bbox 2136 1006 3793 1080; baseline 0.002 -18"><span class='ocrx_word' id='word_1_171' title='bbox 2136 1006 2238 1076; x_wconf 89' lang='lat' dir='ltr'>qui</span> <span class='ocrx_word' id='word_1_172' title='bbox 2271 1006 2518 1062; x_wconf 70' lang='lat' dir='ltr'>aediﬁcat</span> <span class='ocrx_word' id='word_1_173' title='bbox 2549 1023 2784 1074; x_wconf 89' lang='lat' dir='ltr'>aurum,</span> <span class='ocrx_word' id='word_1_174' title='bbox 2809 1012 3140 1078; x_wconf 85' lang='lat' dir='ltr'>argentum,</span> <span class='ocrx_word' id='word_1_175' title='bbox 3173 1008 3394 1078; x_wconf 81' lang='lat' dir='ltr'>lapides</span> <span class='ocrx_word' id='word_1_176' title='bbox 3414 1009 3793 1080; x_wconf 87' lang='lat' dir='ltr'>pretiosos,et</span> 
     </span>
    </p>
   </div>
   <div class='ocr_carea' id='block_1_25' title="bbox 2137 1095 3792 1170">
    <p class='ocr_par' dir='ltr' id='par_1_25' title="bbox 2137 1095 3792 1170">
     <span class='ocr_line' id='line_1_25' title="bbox 2137 1095 3792 1170; baseline 0.004 -22"><span class='ocrx_word' id='word_1_177' title='bbox 2137 1095 2238 1166; x_wconf 91' lang='lat' dir='ltr'>qui</span> <span class='ocrx_word' id='word_1_178' title='bbox 2261 1095 2438 1166; x_wconf 89' lang='lat' dir='ltr'>ligna,</span> <span class='ocrx_word' id='word_1_179' title='bbox 2465 1096 2664 1150; x_wconf 80' lang='lat' dir='ltr'>fenum</span> <span class='ocrx_word' id='word_1_180' title='bbox 2691 1101 2748 1150; x_wconf 90' lang='lat' dir='ltr'>et</span> <span class='ocrx_word' id='word_1_181' title='bbox 2771 1096 3070 1166; x_wconf 85' lang='lat' dir='ltr'>stipulam.</span> <span class='ocrx_word' id='word_1_182' title='bbox 3096 1097 3188 1152; x_wconf 91' lang='lat' dir='ltr'>Sic</span> <span class='ocrx_word' id='word_1_183' title='bbox 3211 1095 3367 1152; x_wconf 89' lang='lat' dir='ltr'>enim</span> <span class='ocrx_word' id='word_1_184' title='bbox 3385 1097 3557 1153; x_wconf 89' lang='lat' dir='ltr'>dicit:</span> <span class='ocrx_word' id='word_1_185' title='bbox 3581 1101 3648 1153; x_wconf 89' lang='lat' dir='ltr'>Si</span> <span class='ocrx_word' id='word_1_186' title='bbox 3667 1101 3792 1170; x_wconf 83' lang='lat' dir='ltr'>quis</span> 
     </span>
    </p>
   </div>
   <div class='ocr_carea' id='block_1_26' title="bbox 2133 1185 3792 1258">
    <p class='ocr_par' dir='ltr' id='par_1_26' title="bbox 2133 1185 3792 1258">
     <span class='ocr_line' id='line_1_26' title="bbox 2133 1185 3792 1258; baseline 0.002 -18"><span class='ocrx_word' id='word_1_187' title='bbox 2133 1185 2506 1254; x_wconf 58' lang='lat' dir='ltr'>mdiﬁcaverit</span> <span class='ocrx_word' id='word_1_188' title='bbox 2529 1202 2702 1256; x_wconf 80' lang='lat' dir='ltr'>supra</span> <span class='ocrx_word' id='word_1_189' title='bbox 2727 1185 3148 1240; x_wconf 70' lang='lat' dir='ltr'>fundamentum</span> <span class='ocrx_word' id='word_1_190' title='bbox 3193 1187 3311 1255; x_wconf 87' lang='lat' dir='ltr'>hoc,</span> <span class='ocrx_word' id='word_1_191' title='bbox 3335 1203 3556 1250; x_wconf 84' lang='lat' dir='ltr'>aurum,</span> <span class='ocrx_word' id='word_1_192' title='bbox 3594 1205 3792 1258; x_wconf 83' lang='lat' dir='ltr'>argen-</span> 
     </span>
    </p>
   </div>
   <div class='ocr_carea' id='block_1_27' title="bbox 2137 1275 3790 1350">
    <p class='ocr_par' dir='ltr' id='par_1_27' title="bbox 2137 1275 3790 1350">
     <span class='ocr_line' id='line_1_27' title="bbox 2137 1275 3790 1350; baseline 0.002 -22"><span class='ocrx_word' id='word_1_193' title='bbox 2137 1278 2274 1339; x_wconf 88' lang='lat' dir='ltr'>tum,</span> <span class='ocrx_word' id='word_1_194' title='bbox 2307 1275 2518 1343; x_wconf 75' lang='lat' dir='ltr'>lapides</span> <span class='ocrx_word' id='word_1_195' title='bbox 2545 1276 2828 1344; x_wconf 86' lang='lat' dir='ltr'>pretiosos,</span> <span class='ocrx_word' id='word_1_196' title='bbox 2860 1278 3072 1346; x_wconf 78' lang='lat' dir='ltr'>fenum,</span> <span class='ocrx_word' id='word_1_197' title='bbox 3104 1276 3392 1346; x_wconf 85' lang='lat' dir='ltr'>stipulam.</span> <span class='ocrx_word' id='word_1_198' title='bbox 3441 1276 3598 1346; x_wconf 85' lang='lat' dir='ltr'>ignis</span> <span class='ocrx_word' id='word_1_199' title='bbox 3647 1293 3790 1350; x_wconf 87' lang='lat' dir='ltr'>ergo</span> 
     </span>
    </p>
   </div>
   <div class='ocr_carea' id='block_1_28' title="bbox 2135 1361 3792 1438">
    <p class='ocr_par' dir='ltr' id='par_1_28' title="bbox 2135 1361 3792 1438">
     <span class='ocr_line' id='line_1_28' title="bbox 2135 1361 3792 1438; baseline 0.003 -22"><span class='ocrx_word' id='word_1_200' title='bbox 2135 1361 2196 1417; x_wconf 91' lang='lat' dir='ltr'>in</span> <span class='ocrx_word' id='word_1_201' title='bbox 2219 1363 2328 1416; x_wconf 91' lang='lat' dir='ltr'>hoc</span> <span class='ocrx_word' id='word_1_202' title='bbox 2353 1363 2498 1426; x_wconf 87' lang='lat' dir='ltr'>loco,</span> <span class='ocrx_word' id='word_1_203' title='bbox 2521 1364 2761 1418; x_wconf 86' lang='lat' dir='ltr'>tentatio</span> <span class='ocrx_word' id='word_1_204' title='bbox 2786 1364 3182 1419; x_wconf 83' lang='lat' dir='ltr'>tribulationis</span> <span class='ocrx_word' id='word_1_205' title='bbox 3203 1363 3646 1436; x_wconf 83' lang='lat' dir='ltr'>intelligitur,de</span> <span class='ocrx_word' id='word_1_206' title='bbox 3669 1383 3792 1438; x_wconf 87' lang='lat' dir='ltr'>quo</span> 
     </span>
    </p>
   </div>
   <div class='ocr_carea' id='block_1_29' title="bbox 2135 1451 3792 1524">
    <p class='ocr_par' dir='ltr' id='par_1_29' title="bbox 2135 1451 3792 1524">
     <span class='ocr_line' id='line_1_29' title="bbox 2135 1451 3792 1524; baseline 0.001 -16"><span class='ocrx_word' id='word_1_207' title='bbox 2135 1451 2276 1508; x_wconf 85' lang='lat' dir='ltr'>alibi</span> <span class='ocrx_word' id='word_1_208' title='bbox 2309 1453 2721 1508; x_wconf 79' lang='lat' dir='ltr'>dicituerasa</span> <span class='ocrx_word' id='word_1_209' title='bbox 2741 1453 2902 1523; x_wconf 80' lang='lat' dir='ltr'>ﬁguli</span> <span class='ocrx_word' id='word_1_210' title='bbox 2922 1453 3126 1524; x_wconf 80' lang='lat' dir='ltr'>probat</span> <span class='ocrx_word' id='word_1_211' title='bbox 3142 1455 3369 1523; x_wconf 76' lang='lat' dir='ltr'>fornaa&#39;,</span> <span class='ocrx_word' id='word_1_212' title='bbox 3429 1457 3480 1509; x_wconf 86' lang='lat' dir='ltr'>et</span> <span class='ocrx_word' id='word_1_213' title='bbox 3533 1456 3792 1510; x_wconf 80' lang='lat' dir='ltr'>homines</span> 
     </span>
    </p>
   </div>
   <div class='ocr_carea' id='block_1_30' title="bbox 2126 1542 3790 1615">
    <p class='ocr_par' dir='ltr' id='par_1_30' title="bbox 2126 1542 3790 1615">
     <span class='ocr_line' id='line_1_30' title="bbox 2126 1542 3790 1615; baseline 0.001 -19"><span class='ocrx_word' id='word_1_214' title='bbox 2126 1542 2306 1612; x_wconf 79' lang='lat' dir='ltr'>justas</span> <span class='ocrx_word' id='word_1_215' title='bbox 2339 1545 2570 1598; x_wconf 82' lang='lat' dir='ltr'>lentatio</span> <span class='ocrx_word' id='word_1_216' title='bbox 2619 1543 2996 1598; x_wconf 77' lang='lat' dir='ltr'>tribulationis</span> <span class='ocrx_word' id='word_1_217' title='bbox 3055 1542 3243 1612; x_wconf 87' lang='lat' dir='ltr'>(Eccli.</span> <span class='ocrx_word' id='word_1_218' title='bbox 3302 1559 3478 1608; x_wconf 83' lang='lat' dir='ltr'>xxvn,</span> <span class='ocrx_word' id='word_1_219' title='bbox 3533 1543 3612 1615; x_wconf 82' lang='lat'>6).</span> <span class='ocrx_word' id='word_1_220' title='bbox 3673 1543 3790 1598; x_wconf 86' lang='lat' dir='ltr'>Iste</span> 
     </span>
    </p>
   </div>
   <div class='ocr_carea' id='block_1_31' title="bbox 2135 1630 3790 1704">
    <p class='ocr_par' dir='ltr' id='par_1_31' title="bbox 2135 1630 3790 1704">
     <span class='ocr_line' id='line_1_31' title="bbox 2135 1630 3790 1704; baseline 0.002 -20"><span class='ocrx_word' id='word_1_221' title='bbox 2135 1630 2367 1701; x_wconf 89' lang='lat' dir='ltr'>ignisin</span> <span class='ocrx_word' id='word_1_222' title='bbox 2399 1631 2510 1686; x_wconf 92' lang='lat' dir='ltr'>hac</span> <span class='ocrx_word' id='word_1_223' title='bbox 2533 1631 2767 1686; x_wconf 87' lang='lat' dir='ltr'>interim</span> <span class='ocrx_word' id='word_1_224' title='bbox 2797 1631 2918 1688; x_wconf 84' lang='lat' dir='ltr'>vita</span> <span class='ocrx_word' id='word_1_225' title='bbox 2947 1631 3106 1701; x_wconf 83' lang='lat' dir='ltr'>facit,</span> <span class='ocrx_word' id='word_1_226' title='bbox 3138 1632 3294 1702; x_wconf 90' lang='lat' dir='ltr'>quod</span> <span class='ocrx_word' id='word_1_227' title='bbox 3326 1631 3422 1687; x_wconf 91' lang='lat' dir='ltr'>hic</span> <span class='ocrx_word' id='word_1_228' title='bbox 3441 1632 3584 1686; x_wconf 90' lang='lat' dir='ltr'>dicit</span> <span class='ocrx_word' id='word_1_229' title='bbox 3633 1633 3790 1704; x_wconf 81' lang='lat' dir='ltr'>Apo-</span> 
     </span>
    </p>
   </div>
   <div class='ocr_carea' id='block_1_32' title="bbox 2135 1719 3790 1792">
    <p class='ocr_par' dir='ltr' id='par_1_32' title="bbox 2135 1719 3790 1792">
     <span class='ocr_line' id='line_1_32' title="bbox 2135 1719 3790 1792; baseline 0.002 -19"><span class='ocrx_word' id='word_1_230' title='bbox 2135 1719 2322 1774; x_wconf 87' lang='lat' dir='ltr'>stolus</span> <span class='ocrx_word' id='word_1_231' title='bbox 2349 1735 2362 1774; x_wconf 88' lang='lat'>:</span> <span class='ocrx_word' id='word_1_232' title='bbox 2395 1737 2512 1776; x_wconf 86' lang='lat' dir='ltr'>non</span> <span class='ocrx_word' id='word_1_233' title='bbox 2547 1725 2742 1776; x_wconf 88' lang='lat' dir='ltr'>tamen</span> <span class='ocrx_word' id='word_1_234' title='bbox 2775 1726 2865 1776; x_wconf 87' lang='lat' dir='ltr'>est</span> <span class='ocrx_word' id='word_1_235' title='bbox 2897 1720 3258 1788; x_wconf 87' lang='lat' dir='ltr'>incredibile,</span> <span class='ocrx_word' id='word_1_236' title='bbox 3289 1721 3446 1792; x_wconf 89' lang='lat' dir='ltr'>quod</span> <span class='ocrx_word' id='word_1_237' title='bbox 3469 1727 3604 1792; x_wconf 85' lang='lat' dir='ltr'>post</span> <span class='ocrx_word' id='word_1_238' title='bbox 3633 1721 3790 1777; x_wconf 84' lang='lat' dir='ltr'>hanc</span> 
     </span>
    </p>
   </div>
   <div class='ocr_carea' id='block_1_33' title="bbox 376 1807 2842 1902">
    <p class='ocr_par' dir='ltr' id='par_1_33' title="bbox 376 1807 2842 1902">
     <span class='ocr_line' id='line_1_33' title="bbox 376 1807 2842 1902; baseline -0.004 -27"><span class='ocrx_word' id='word_1_239' title='bbox 376 1819 677 1891; x_wconf 83' lang='lat' dir='ltr'>stipulam.</span> <span class='ocrx_word' id='word_1_240' title='bbox 711 1818 895 1888; x_wconf 91' lang='lat' dir='ltr'>Unde,</span> <span class='ocrx_word' id='word_1_241' title='bbox 927 1825 993 1875; x_wconf 87' lang='lat' dir='ltr'>ut</span> <span class='ocrx_word' id='word_1_242' title='bbox 1023 1821 1260 1892; x_wconf 90' lang='lat' dir='ltr'>quidam</span> <span class='ocrx_word' id='word_1_243' title='bbox 1291 1821 1512 1890; x_wconf 85' lang='lat' dir='ltr'>volunt,</span> <span class='ocrx_word' id='word_1_244' title='bbox 1539 1837 1640 1890; x_wconf 90' lang='lat' dir='ltr'>per</span> <span class='ocrx_word' id='word_1_245' title='bbox 1669 1834 1900 1882; x_wconf 91' lang='lat' dir='ltr'>aurum,</span> <span class='ocrx_word' id='word_1_246' title='bbox 1935 1833 2022 1870; x_wconf 91' lang='lat' dir='ltr'>ar-</span> <span class='ocrx_word' id='word_1_247' title='bbox 2050 1838 2098 1902; x_wconf 83' lang='lat' dir='ltr'><strong>B</strong></span> <span class='ocrx_word' id='word_1_248' title='bbox 2131 1807 2312 1902; x_wconf 65' lang='lat' dir='ltr'>Vitam</span> <span class='ocrx_word' id='word_1_249' title='bbox 2341 1807 2617 1902; x_wconf 72' lang='lat' dir='ltr'>id_ipsum</span> <span class='ocrx_word' id='word_1_250' title='bbox 2651 1809 2842 1864; x_wconf 85' lang='lat' dir='ltr'>faciat.</span> 
     </span>
    </p>
   </div>
   <div class='ocr_carea' id='block_1_34' title="bbox 373 1909 2018 1981">
    <p class='ocr_par' dir='ltr' id='par_1_34' title="bbox 373 1909 2018 1981">
     <span class='ocr_line' id='line_1_34' title="bbox 373 1909 2018 1981; baseline -0.002 -17"><span class='ocrx_word' id='word_1_251' title='bbox 373 1913 640 1981; x_wconf 85' lang='lat' dir='ltr'>gentum,</span> <span class='ocrx_word' id='word_1_252' title='bbox 662 1909 888 1980; x_wconf 83' lang='lat' dir='ltr'>lapides</span> <span class='ocrx_word' id='word_1_253' title='bbox 913 1909 1218 1980; x_wconf 87' lang='lat' dir='ltr'>pretiosos,</span> <span class='ocrx_word' id='word_1_254' title='bbox 1247 1909 1590 1980; x_wconf 83' lang='lat' dir='ltr'>designatur</span> <span class='ocrx_word' id='word_1_255' title='bbox 1609 1909 2018 1971; x_wconf 88' lang='lat' dir='ltr'>bona,sana,et</span> 
     </span>
    </p>
   </div>
   <div class='ocr_carea' id='block_1_35' title="bbox 369 1995 2015 2069">
    <p class='ocr_par' dir='ltr' id='par_1_35' title="bbox 369 1995 2015 2069">
     <span class='ocr_line' id='line_1_35' title="bbox 369 1995 2015 2069; baseline -0.002 -18"><span class='ocrx_word' id='word_1_256' title='bbox 369 1997 658 2052; x_wconf 86' lang='lat' dir='ltr'>catholica</span> <span class='ocrx_word' id='word_1_257' title='bbox 685 1997 952 2053; x_wconf 85' lang='lat' dir='ltr'>doctrina</span> <span class='ocrx_word' id='word_1_258' title='bbox 977 2015 989 2064; x_wconf 90' lang='lat'>;</span> <span class='ocrx_word' id='word_1_259' title='bbox 1027 2014 1130 2069; x_wconf 89' lang='lat' dir='ltr'>per</span> <span class='ocrx_word' id='word_1_260' title='bbox 1159 1998 1338 2069; x_wconf 89' lang='lat' dir='ltr'>ligna,</span> <span class='ocrx_word' id='word_1_261' title='bbox 1371 1998 1596 2062; x_wconf 82' lang='lat' dir='ltr'>fenum,</span> <span class='ocrx_word' id='word_1_262' title='bbox 1621 2001 1678 2050; x_wconf 90' lang='lat' dir='ltr'>et</span> <span class='ocrx_word' id='word_1_263' title='bbox 1708 1995 2015 2066; x_wconf 87' lang='lat' dir='ltr'>stipulam,</span> 
     </span>
    </p>
   </div>
   <div class='ocr_carea' id='block_1_36' title="bbox 369 2084 2016 2158">
    <p class='ocr_par' dir='ltr' id='par_1_36' title="bbox 369 2084 2016 2158">
     <span class='ocr_line' id='line_1_36' title="bbox 369 2084 2016 2158; baseline -0.002 -18"><span class='ocrx_word' id='word_1_264' title='bbox 369 2085 545 2156; x_wconf 87' lang='lat' dir='ltr'>mala,</span> <span class='ocrx_word' id='word_1_265' title='bbox 580 2102 874 2157; x_wconf 81' lang='lat' dir='ltr'>perversa,</span> <span class='ocrx_word' id='word_1_266' title='bbox 907 2091 964 2140; x_wconf 87' lang='lat' dir='ltr'>et</span> <span class='ocrx_word' id='word_1_267' title='bbox 987 2087 1272 2142; x_wconf 87' lang='lat' dir='ltr'>adultera.</span> <span class='ocrx_word' id='word_1_268' title='bbox 1305 2088 1456 2158; x_wconf 88' lang='lat' dir='ltr'>Ergo</span> <span class='ocrx_word' id='word_1_269' title='bbox 1477 2103 1658 2157; x_wconf 86' lang='lat' dir='ltr'>supra</span> <span class='ocrx_word' id='word_1_270' title='bbox 1713 2085 1847 2140; x_wconf 88' lang='lat' dir='ltr'>ﬁdei</span> <span class='ocrx_word' id='word_1_271' title='bbox 1885 2084 2016 2138; x_wconf 88' lang='lat' dir='ltr'>fun-</span> 
     </span>
    </p>
   </div>
   <div class='ocr_carea' id='block_1_37' title="bbox 371 2163 2018 2246">
    <p class='ocr_par' dir='ltr' id='par_1_37' title="bbox 371 2163 2018 2246">
     <span class='ocr_line' id='line_1_37' title="bbox 371 2163 2018 2246; baseline -0.002 -16"><span class='ocrx_word' id='word_1_272' title='bbox 371 2175 738 2240; x_wconf 87' lang='lat' dir='ltr'>damentum,</span> <span class='ocrx_word' id='word_1_273' title='bbox 763 2192 1000 2238; x_wconf 82' lang='lat' dir='ltr'>aurum.</span> <span class='ocrx_word' id='word_1_274' title='bbox 1028 2181 1360 2246; x_wconf 86' lang='lat' dir='ltr'>argentum,</span> <span class='ocrx_word' id='word_1_275' title='bbox 1392 2179 1448 2230; x_wconf 90' lang='lat' dir='ltr'>et</span> <span class='ocrx_word' id='word_1_276' title='bbox 1477 2173 1700 2246; x_wconf 88' lang='lat' dir='ltr'>lapides</span> <span class='ocrx_word' id='word_1_277' title='bbox 1732 2163 2018 2243; x_wconf 85' lang='lat' dir='ltr'>pretiosos</span> 
     </span>
    </p>
   </div>
   <div class='ocr_carea' id='block_1_38' title="bbox 370 2259 2014 2336">
    <p class='ocr_par' dir='ltr' id='par_1_38' title="bbox 370 2259 2014 2336">
     <span class='ocr_line' id='line_1_38' title="bbox 370 2259 2014 2336; baseline -0.002 -19"><span class='ocrx_word' id='word_1_278' title='bbox 370 2263 638 2322; x_wconf 81' lang='lat' dir='ltr'>aediﬁcat.</span> <span class='ocrx_word' id='word_1_279' title='bbox 662 2263 762 2334; x_wconf 90' lang='lat' dir='ltr'>qui</span> <span class='ocrx_word' id='word_1_280' title='bbox 795 2264 940 2319; x_wconf 87' lang='lat' dir='ltr'>bene</span> <span class='ocrx_word' id='word_1_281' title='bbox 971 2265 1176 2331; x_wconf 88' lang='lat' dir='ltr'>docet;</span> <span class='ocrx_word' id='word_1_282' title='bbox 1207 2263 1372 2336; x_wconf 90' lang='lat' dir='ltr'>ligna</span> <span class='ocrx_word' id='word_1_283' title='bbox 1403 2263 1628 2330; x_wconf 84' lang='lat' dir='ltr'>fenum,</span> <span class='ocrx_word' id='word_1_284' title='bbox 1654 2265 1712 2316; x_wconf 89' lang='lat' dir='ltr'>et</span> <span class='ocrx_word' id='word_1_285' title='bbox 1736 2259 2014 2332; x_wconf 86' lang='lat' dir='ltr'>stipulam</span> 
     </span>
    </p>
   </div>
   <div class='ocr_carea' id='block_1_39' title="bbox 371 2350 789 2422">
    <p class='ocr_par' dir='ltr' id='par_1_39' title="bbox 371 2350 789 2422">
     <span class='ocr_line' id='line_1_39' title="bbox 371 2350 789 2422; baseline 0.005 -17"><span class='ocrx_word' id='word_1_286' title='bbox 371 2350 472 2422; x_wconf 88' lang='lat' dir='ltr'>qui</span> <span class='ocrx_word' id='word_1_287' title='bbox 504 2367 789 2422; x_wconf 87' lang='lat' dir='ltr'>perverse.</span> 
     </span>
    </p>
   </div>
   <div class='ocr_carea' id='block_1_40' title="bbox 447 2437 2018 2512">
    <p class='ocr_par' dir='ltr' id='par_1_40' title="bbox 447 2437 2018 2512">
     <span class='ocr_line' id='line_1_40' title="bbox 447 2437 2018 2512; baseline -0.004 -14"><span class='ocrx_word' id='word_1_288' title='bbox 447 2441 886 2512; x_wconf 82' lang='lat' dir='ltr'>Uniuscujusque</span> <span class='ocrx_word' id='word_1_289' title='bbox 913 2457 1044 2512; x_wconf 86' lang='lat' dir='ltr'>opus</span> <span class='ocrx_word' id='word_1_290' title='bbox 1073 2443 1428 2512; x_wconf 83' lang='lat' dir='ltr'>manifestum</span> <span class='ocrx_word' id='word_1_291' title='bbox 1483 2441 1592 2495; x_wconf 87' lang='lat' dir='ltr'>erit</span> <span class='ocrx_word' id='word_1_292' title='bbox 1611 2457 1631 2502; x_wconf 86' lang='lat'><strong><em>;</em></strong></span> <span class='ocrx_word' id='word_1_293' title='bbox 1663 2440 1804 2511; x_wconf 87' lang='lat' dir='ltr'>quia</span> <span class='ocrx_word' id='word_1_294' title='bbox 1830 2440 1890 2494; x_wconf 87' lang='lat' dir='ltr'>in</span> <span class='ocrx_word' id='word_1_295' title='bbox 1923 2437 2018 2492; x_wconf 91' lang='lat' dir='ltr'>die</span> 
     </span>
    </p>
   </div>
   <div class='ocr_carea' id='block_1_41' title="bbox 363 2527 2017 2601">
    <p class='ocr_par' dir='ltr' id='par_1_41' title="bbox 363 2527 2017 2601">
     <span class='ocr_line' id='line_1_41' title="bbox 363 2527 2017 2601; baseline -0.001 -18"><span class='ocrx_word' id='word_1_296' title='bbox 363 2528 574 2601; x_wconf 88' lang='lat' dir='ltr'>judicii</span> <span class='ocrx_word' id='word_1_297' title='bbox 603 2534 661 2586; x_wconf 89' lang='lat' dir='ltr'>et</span> <span class='ocrx_word' id='word_1_298' title='bbox 681 2531 852 2594; x_wconf 88' lang='lat' dir='ltr'>bona,</span> <span class='ocrx_word' id='word_1_299' title='bbox 879 2535 936 2586; x_wconf 89' lang='lat' dir='ltr'>et</span> <span class='ocrx_word' id='word_1_300' title='bbox 961 2529 1226 2586; x_wconf 88' lang='lat' dir='ltr'>adultera</span> <span class='ocrx_word' id='word_1_301' title='bbox 1248 2529 1514 2586; x_wconf 80' lang='lat' dir='ltr'>doctrina</span> <span class='ocrx_word' id='word_1_302' title='bbox 1537 2530 1811 2586; x_wconf 88' lang='lat' dir='ltr'>omnibus</span> <span class='ocrx_word' id='word_1_303' title='bbox 1835 2527 2017 2583; x_wconf 88' lang='lat' dir='ltr'>mani-</span> 
     </span>
    </p>
   </div>
   <div class='ocr_carea' id='block_1_42' title="bbox 369 2616 2020 2690">
    <p class='ocr_par' dir='ltr' id='par_1_42' title="bbox 369 2616 2020 2690">
     <span class='ocr_line' id='line_1_42' title="bbox 369 2616 2020 2690; baseline -0.001 -18"><span class='ocrx_word' id='word_1_304' title='bbox 369 2616 700 2673; x_wconf 83' lang='lat' dir='ltr'>festabitur.</span> <span class='ocrx_word' id='word_1_305' title='bbox 733 2618 897 2674; x_wconf 91' lang='lat' dir='ltr'>Unde</span> <span class='ocrx_word' id='word_1_306' title='bbox 919 2623 977 2673; x_wconf 89' lang='lat' dir='ltr'>et</span> <span class='ocrx_word' id='word_1_307' title='bbox 997 2620 1298 2690; x_wconf 87' lang='lat' dir='ltr'>sequitur:</span> <span class='ocrx_word' id='word_1_308' title='bbox 1334 2622 1456 2674; x_wconf 84' lang='lat' dir='ltr'>Dies</span> <span class='ocrx_word' id='word_1_309' title='bbox 1475 2622 1626 2675; x_wconf 85' lang='lat' dir='ltr'>enim</span> <span class='ocrx_word' id='word_1_310' title='bbox 1653 2619 1874 2674; x_wconf 84' lang='lat' dir='ltr'>Domini</span> <span class='ocrx_word' id='word_1_311' title='bbox 1929 2619 2020 2672; x_wconf 85' lang='lat' dir='ltr'>de-</span> 
     </span>
    </p>
   </div>
   <div class='ocr_carea' id='block_1_43' title="bbox 368 2706 2018 2779">
    <p class='ocr_par' dir='ltr' id='par_1_43' title="bbox 368 2706 2018 2779">
     <span class='ocr_line' id='line_1_43' title="bbox 368 2706 2018 2779; baseline -0.001 -18"><span class='ocrx_word' id='word_1_312' title='bbox 368 2706 628 2772; x_wconf 75' lang='lat' dir='ltr'>clarabit,</span> <span class='ocrx_word' id='word_1_313' title='bbox 661 2709 793 2778; x_wconf 84' lang='lat' dir='ltr'>quia</span> <span class='ocrx_word' id='word_1_314' title='bbox 822 2711 884 2762; x_wconf 82' lang='lat' dir='ltr'>in</span> <span class='ocrx_word' id='word_1_315' title='bbox 911 2711 1038 2778; x_wconf 83' lang='lat' dir='ltr'>igne</span> <span class='ocrx_word' id='word_1_316' title='bbox 1063 2709 1434 2764; x_wconf 83' lang='lat' dir='ltr'>revelabitur:</span> <span class='ocrx_word' id='word_1_317' title='bbox 1495 2709 1552 2763; x_wconf 92' lang='lat' dir='ltr'>in</span> <span class='ocrx_word' id='word_1_318' title='bbox 1607 2709 1742 2779; x_wconf 87' lang='lat' dir='ltr'>igne</span> <span class='ocrx_word' id='word_1_319' title='bbox 1799 2706 2018 2777; x_wconf 89' lang='lat' dir='ltr'>quippe</span> 
     </span>
    </p>
   </div>
   <div class='ocr_carea' id='block_1_44' title="bbox 369 2796 2018 2868">
    <p class='ocr_par' dir='ltr' id='par_1_44' title="bbox 369 2796 2018 2868">
     <span class='ocr_line' id='line_1_44' title="bbox 369 2796 2018 2868; baseline 0.001 -19"><span class='ocrx_word' id='word_1_320' title='bbox 369 2798 510 2850; x_wconf 91' lang='lat' dir='ltr'>tunc</span> <span class='ocrx_word' id='word_1_321' title='bbox 531 2796 808 2850; x_wconf 86' lang='lat' dir='ltr'>omnibus</span> <span class='ocrx_word' id='word_1_322' title='bbox 839 2796 1191 2852; x_wconf 88' lang='lat' dir='ltr'>revelabitur</span> <span class='ocrx_word' id='word_1_323' title='bbox 1211 2815 1388 2868; x_wconf 86' lang='lat' dir='ltr'>prava</span> <span class='ocrx_word' id='word_1_324' title='bbox 1412 2797 1694 2867; x_wconf 86' lang='lat' dir='ltr'>doctrina,</span> <span class='ocrx_word' id='word_1_325' title='bbox 1710 2813 1838 2868; x_wconf 62' lang='lat' dir='ltr'>quas</span> <span class='ocrx_word' id='word_1_326' title='bbox 1861 2811 2018 2850; x_wconf 91' lang='lat' dir='ltr'>nunc</span> 
     </span>
    </p>
   </div>
   <div class='ocr_carea' id='block_1_45' title="bbox 374 2885 2016 2959">
    <p class='ocr_par' dir='ltr' id='par_1_45' title="bbox 374 2885 2016 2959">
     <span class='ocr_line' id='line_1_45' title="bbox 374 2885 2016 2959; baseline 0 -20"><span class='ocrx_word' id='word_1_327' title='bbox 374 2885 660 2954; x_wconf 88' lang='lat' dir='ltr'>quosdam</span> <span class='ocrx_word' id='word_1_328' title='bbox 683 2885 916 2957; x_wconf 89' lang='lat' dir='ltr'>decipit.</span> <span class='ocrx_word' id='word_1_329' title='bbox 943 2887 1006 2940; x_wconf 89' lang='lat' dir='ltr'>Et</span> <span class='ocrx_word' id='word_1_330' title='bbox 1053 2889 1482 2959; x_wconf 82' lang='lat' dir='ltr'>uniuscujusque</span> <span class='ocrx_word' id='word_1_331' title='bbox 1537 2903 1669 2957; x_wconf 87' lang='lat' dir='ltr'>opus</span> <span class='ocrx_word' id='word_1_332' title='bbox 1718 2885 1879 2958; x_wconf 85' lang='lat' dir='ltr'>quale</span> <span class='ocrx_word' id='word_1_333' title='bbox 1923 2887 2016 2954; x_wconf 82' lang='lat' dir='ltr'>sit,</span> 
     </span>
    </p>
   </div>
   <div class='ocr_carea' id='block_1_46' title="bbox 375 2973 2018 3048">
    <p class='ocr_par' dir='ltr' id='par_1_46' title="bbox 375 2973 2018 3048">
     <span class='ocr_line' id='line_1_46' title="bbox 375 2973 2018 3048; baseline 0.001 -21"><span class='ocrx_word' id='word_1_334' title='bbox 375 2975 523 3042; x_wconf 81' lang='lat' dir='ltr'>ignis</span> <span class='ocrx_word' id='word_1_335' title='bbox 546 2974 806 3045; x_wconf 83' lang='lat' dir='ltr'>probabit</span> <span class='ocrx_word' id='word_1_336' title='bbox 829 2992 842 3042; x_wconf 92' lang='lat'>;</span> <span class='ocrx_word' id='word_1_337' title='bbox 865 2975 1003 3045; x_wconf 89' lang='lat' dir='ltr'>quia</span> <span class='ocrx_word' id='word_1_338' title='bbox 1033 2991 1136 3046; x_wconf 90' lang='lat' dir='ltr'>per</span> <span class='ocrx_word' id='word_1_339' title='bbox 1163 2975 1358 3048; x_wconf 81' lang='lat' dir='ltr'>ignem</span> <span class='ocrx_word' id='word_1_340' title='bbox 1391 2976 1456 3030; x_wconf 85' lang='lat' dir='ltr'>ﬁt</span> <span class='ocrx_word' id='word_1_341' title='bbox 1475 2974 1825 3030; x_wconf 82' lang='lat' dir='ltr'>examinatio</span> <span class='ocrx_word' id='word_1_342' title='bbox 1849 2991 1864 3036; x_wconf 70' lang='grc' dir='ltr'>ς</span> <span class='ocrx_word' id='word_1_343' title='bbox 1887 2973 2018 3028; x_wconf 91' lang='lat' dir='ltr'>ideo</span> 
     </span>
    </p>
   </div>
   <div class='ocr_carea' id='block_1_47' title="bbox 376 3062 2016 3136">
    <p class='ocr_par' dir='ltr' id='par_1_47' title="bbox 376 3062 2016 3136">
     <span class='ocr_line' id='line_1_47' title="bbox 376 3062 2016 3136; baseline 0.001 -20"><span class='ocrx_word' id='word_1_344' title='bbox 376 3062 530 3134; x_wconf 85' lang='lat' dir='ltr'>ignis</span> <span class='ocrx_word' id='word_1_345' title='bbox 553 3062 822 3135; x_wconf 86' lang='lat' dir='ltr'>probabit</span> <span class='ocrx_word' id='word_1_346' title='bbox 844 3063 1314 3136; x_wconf 86' lang='lat' dir='ltr'>uniuscujusque</span> <span class='ocrx_word' id='word_1_347' title='bbox 1331 3065 1656 3120; x_wconf 88' lang='lat' dir='ltr'>doctrinam</span> <span class='ocrx_word' id='word_1_348' title='bbox 1681 3079 1693 3117; x_wconf 90' lang='lat'>:</span> <span class='ocrx_word' id='word_1_349' title='bbox 1716 3063 2016 3132; x_wconf 89' lang='lat' dir='ltr'>quoniam,</span> 
     </span>
    </p>
   </div>
   <div class='ocr_carea' id='block_1_48' title="bbox 375 3150 2016 3224">
    <p class='ocr_par' dir='ltr' id='par_1_48' title="bbox 375 3150 2016 3224">
     <span class='ocr_line' id='line_1_48' title="bbox 375 3150 2016 3224; baseline 0 -18"><span class='ocrx_word' id='word_1_350' title='bbox 375 3150 426 3206; x_wconf 90' lang='lat' dir='ltr'>si</span> <span class='ocrx_word' id='word_1_351' title='bbox 450 3150 596 3206; x_wconf 92' lang='lat' dir='ltr'>nihil</span> <span class='ocrx_word' id='word_1_352' title='bbox 629 3150 936 3219; x_wconf 84' lang='lat' dir='ltr'>invenerit,</span> <span class='ocrx_word' id='word_1_353' title='bbox 959 3153 1115 3224; x_wconf 89' lang='lat' dir='ltr'>quod</span> <span class='ocrx_word' id='word_1_354' title='bbox 1137 3157 1360 3222; x_wconf 84' lang='lat' dir='ltr'>exurat,</span> <span class='ocrx_word' id='word_1_355' title='bbox 1385 3153 1759 3210; x_wconf 83' lang='lat' dir='ltr'>manifestum</span> <span class='ocrx_word' id='word_1_356' title='bbox 1785 3152 1895 3206; x_wconf 88' lang='lat' dir='ltr'>erit</span> <span class='ocrx_word' id='word_1_357' title='bbox 1915 3151 2016 3206; x_wconf 91' lang='lat' dir='ltr'>bo-</span> 
     </span>
    </p>
   </div>
   <div class='ocr_carea' id='block_1_49' title="bbox 373 3239 2020 3312">
    <p class='ocr_par' dir='ltr' id='par_1_49' title="bbox 373 3239 2020 3312">
     <span class='ocr_line' id='line_1_49' title="bbox 373 3239 2020 3312; baseline 0.002 -19"><span class='ocrx_word' id='word_1_358' title='bbox 373 3255 518 3294; x_wconf 84' lang='lat' dir='ltr'>num</span> <span class='ocrx_word' id='word_1_359' title='bbox 551 3239 732 3296; x_wconf 87' lang='lat' dir='ltr'>fuisse</span> <span class='ocrx_word' id='word_1_360' title='bbox 761 3241 1096 3310; x_wconf 87' lang='lat' dir='ltr'>doctorem;</span> <span class='ocrx_word' id='word_1_361' title='bbox 1131 3259 1310 3312; x_wconf 85' lang='lat' dir='ltr'>prava</span> <span class='ocrx_word' id='word_1_362' title='bbox 1351 3247 1546 3298; x_wconf 86' lang='lat' dir='ltr'>autem</span> <span class='ocrx_word' id='word_1_363' title='bbox 1581 3241 1846 3298; x_wconf 86' lang='lat' dir='ltr'>doctrina</span> <span class='ocrx_word' id='word_1_364' title='bbox 1887 3257 2020 3296; x_wconf 87' lang='lat' dir='ltr'>esca</span> 
     </span>
    </p>
   </div>
   <div class='ocr_carea' id='block_1_50' title="bbox 373 3329 2022 3404">
    <p class='ocr_par' dir='ltr' id='par_1_50' title="bbox 373 3329 2022 3404">
     <span class='ocr_line' id='line_1_50' title="bbox 373 3329 2022 3404; baseline 0.001 -20"><span class='ocrx_word' id='word_1_365' title='bbox 373 3329 484 3384; x_wconf 72' lang='lat' dir='ltr'>erit</span> <span class='ocrx_word' id='word_1_366' title='bbox 509 3329 664 3400; x_wconf 88' lang='lat' dir='ltr'>ignis</span> <span class='ocrx_word' id='word_1_367' title='bbox 687 3348 700 3396; x_wconf 92' lang='lat'>;</span> <span class='ocrx_word' id='word_1_368' title='bbox 728 3331 884 3385; x_wconf 90' lang='lat' dir='ltr'>unde</span> <span class='ocrx_word' id='word_1_369' title='bbox 909 3336 1333 3402; x_wconf 83' lang='lat' dir='ltr'>consequenter</span> <span class='ocrx_word' id='word_1_370' title='bbox 1351 3330 1718 3404; x_wconf 86' lang='lat' dir='ltr'>signiﬁcatur</span> <span class='ocrx_word' id='word_1_371' title='bbox 1738 3347 1840 3402; x_wconf 89' lang='lat' dir='ltr'>per</span> <span class='ocrx_word' id='word_1_372' title='bbox 1859 3329 2022 3402; x_wconf 87' lang='lat' dir='ltr'>ligna</span> 
     </span>
    </p>
   </div>
   <div class='ocr_carea' id='block_1_51' title="bbox 375 3417 982 3488">
    <p class='ocr_par' dir='ltr' id='par_1_51' title="bbox 375 3417 982 3488">
     <span class='ocr_line' id='line_1_51' title="bbox 375 3417 982 3488; baseline 0 -16"><span class='ocrx_word' id='word_1_373' title='bbox 375 3417 576 3472; x_wconf 86' lang='lat' dir='ltr'>fenum</span> <span class='ocrx_word' id='word_1_374' title='bbox 593 3421 650 3472; x_wconf 88' lang='lat' dir='ltr'>et</span> <span class='ocrx_word' id='word_1_375' title='bbox 679 3417 982 3488; x_wconf 85' lang='lat' dir='ltr'>stipulam.</span> 
     </span>
    </p>
   </div>
   <div class='ocr_carea' id='block_1_52' title="bbox 449 3505 2018 3577">
    <p class='ocr_par' dir='ltr' id='par_1_52' title="bbox 449 3505 2018 3577">
     <span class='ocr_line' id='line_1_52' title="bbox 449 3505 2018 3577; baseline -0.001 -17"><span class='ocrx_word' id='word_1_376' title='bbox 449 3505 508 3560; x_wconf 89' lang='lat' dir='ltr'>Si</span> <span class='ocrx_word' id='word_1_377' title='bbox 535 3505 692 3574; x_wconf 87' lang='lat' dir='ltr'>cujus</span> <span class='ocrx_word' id='word_1_378' title='bbox 719 3521 850 3576; x_wconf 87' lang='lat' dir='ltr'>opus</span> <span class='ocrx_word' id='word_1_379' title='bbox 871 3507 1310 3576; x_wconf 84' lang='lat' dir='ltr'>manserit,quod</span> <span class='ocrx_word' id='word_1_380' title='bbox 1365 3506 1852 3577; x_wconf 64' lang='lat' dir='ltr'>supermdiﬁcavit,</span> <span class='ocrx_word' id='word_1_381' title='bbox 1875 3522 2018 3559; x_wconf 77' lang='lat' dir='ltr'>mer-</span> 
     </span>
    </p>
   </div>
   <div class='ocr_carea' id='block_1_53' title="bbox 377 3593 2022 3668">
    <p class='ocr_par' dir='ltr' id='par_1_53' title="bbox 377 3593 2022 3668">
     <span class='ocr_line' id='line_1_53' title="bbox 377 3593 2022 3668; baseline 0 -20"><span class='ocrx_word' id='word_1_382' title='bbox 377 3593 558 3648; x_wconf 84' lang='lat' dir='ltr'>cedem</span> <span class='ocrx_word' id='word_1_383' title='bbox 586 3593 916 3668; x_wconf 86' lang='lat' dir='ltr'>accipiet;_id</span> <span class='ocrx_word' id='word_1_384' title='bbox 952 3598 1058 3662; x_wconf 89' lang='lat' dir='ltr'>est,</span> <span class='ocrx_word' id='word_1_385' title='bbox 1093 3593 1140 3650; x_wconf 89' lang='lat' dir='ltr'>si</span> <span class='ocrx_word' id='word_1_386' title='bbox 1173 3594 1366 3650; x_wconf 89' lang='lat' dir='ltr'>nullas</span> <span class='ocrx_word' id='word_1_387' title='bbox 1395 3596 1453 3650; x_wconf 90' lang='lat' dir='ltr'>in</span> <span class='ocrx_word' id='word_1_388' title='bbox 1490 3611 1556 3650; x_wconf 90' lang='lat' dir='ltr'>eo</span> <span class='ocrx_word' id='word_1_389' title='bbox 1587 3597 1788 3650; x_wconf 90' lang='lat' dir='ltr'>sordes</span> <span class='ocrx_word' id='word_1_390' title='bbox 1835 3611 2022 3665; x_wconf 67' lang='lat' dir='ltr'>pravas</span> 
     </span>
    </p>
   </div>
   <div class='ocr_carea' id='block_1_54' title="bbox 380 3680 2026 3753">
    <p class='ocr_par' dir='ltr' id='par_1_54' title="bbox 380 3680 2026 3753">
     <span class='ocr_line' id='line_1_54' title="bbox 380 3680 2026 3753; baseline 0.001 -18"><span class='ocrx_word' id='word_1_391' title='bbox 380 3680 656 3736; x_wconf 77' lang='lat' dir='ltr'>doctrinae</span> <span class='ocrx_word' id='word_1_392' title='bbox 684 3681 840 3750; x_wconf 81' lang='lat' dir='ltr'>ignis</span> <span class='ocrx_word' id='word_1_393' title='bbox 862 3682 1167 3748; x_wconf 88' lang='lat' dir='ltr'>invenerit,</span> <span class='ocrx_word' id='word_1_394' title='bbox 1193 3699 1342 3753; x_wconf 89' lang='lat' dir='ltr'>quas</span> <span class='ocrx_word' id='word_1_395' title='bbox 1373 3687 1576 3738; x_wconf 84' lang='lat' dir='ltr'>exurat</span> <span class='ocrx_word' id='word_1_396' title='bbox 1603 3702 1616 3751; x_wconf 93' lang='lat'>;</span> <span class='ocrx_word' id='word_1_397' title='bbox 1650 3683 2026 3753; x_wconf 87' lang='lat' dir='ltr'>etipse,sicut</span> 
     </span>
    </p>
   </div>
   <div class='ocr_carea' id='block_1_55' title="bbox 379 3767 2024 3844">
    <p class='ocr_par' dir='ltr' id='par_1_55' title="bbox 379 3767 2024 3844">
     <span class='ocr_line' id='line_1_55' title="bbox 379 3767 2024 3844; baseline 0.001 -20"><span class='ocrx_word' id='word_1_398' title='bbox 379 3772 502 3824; x_wconf 86' lang='lat' dir='ltr'>tres</span> <span class='ocrx_word' id='word_1_399' title='bbox 533 3767 694 3840; x_wconf 88' lang='lat' dir='ltr'>pueri</span> <span class='ocrx_word' id='word_1_400' title='bbox 719 3771 878 3840; x_wconf 80' lang='lat' dir='ltr'>(Dan.</span> <span class='ocrx_word' id='word_1_401' title='bbox 911 3770 1017 3841; x_wconf 83' lang='lat' dir='ltr'>In),</span> <span class='ocrx_word' id='word_1_402' title='bbox 1050 3769 1270 3826; x_wconf 73' lang='lat' dir='ltr'>illaesus</span> <span class='ocrx_word' id='word_1_403' title='bbox 1291 3773 1362 3826; x_wconf 90' lang='lat' dir='ltr'>ab</span> <span class='ocrx_word' id='word_1_404' title='bbox 1389 3773 1541 3844; x_wconf 88' lang='lat' dir='ltr'>igne,</span> <span class='ocrx_word' id='word_1_405' title='bbox 1574 3772 1818 3842; x_wconf 86' lang='lat' dir='ltr'>accipiet</span> <span class='ocrx_word' id='word_1_406' title='bbox 1875 3789 2024 3826; x_wconf 88' lang='lat' dir='ltr'>mer-</span> 
     </span>
    </p>
   </div>
   <div class='ocr_carea' id='block_1_56' title="bbox 379 3859 2024 3933">
    <p class='ocr_par' dir='ltr' id='par_1_56' title="bbox 379 3859 2024 3933">
     <span class='ocr_line' id='line_1_56' title="bbox 379 3859 2024 3933; baseline 0.001 -19"><span class='ocrx_word' id='word_1_407' title='bbox 379 3859 616 3914; x_wconf 89' lang='lat' dir='ltr'>cedem:</span> <span class='ocrx_word' id='word_1_408' title='bbox 649 3859 829 3915; x_wconf 88' lang='lat' dir='ltr'>vitam</span> <span class='ocrx_word' id='word_1_409' title='bbox 861 3860 1065 3931; x_wconf 89' lang='lat' dir='ltr'>utique</span> <span class='ocrx_word' id='word_1_410' title='bbox 1094 3865 1392 3926; x_wconf 82' lang='lat' dir='ltr'>aeternam,</span> <span class='ocrx_word' id='word_1_411' title='bbox 1425 3877 1559 3916; x_wconf 92' lang='lat' dir='ltr'>cum</span> <span class='ocrx_word' id='word_1_412' title='bbox 1593 3861 1780 3933; x_wconf 86' lang='lat' dir='ltr'>gloria</span> <span class='ocrx_word' id='word_1_413' title='bbox 1823 3877 2024 3932; x_wconf 88' lang='lat' dir='ltr'>perpe-</span> 
     </span>
    </p>
   </div>
   <div class='ocr_carea' id='block_1_57' title="bbox 379 3940 1711 4004">
    <p class='ocr_par' dir='ltr' id='par_1_57' title="bbox 379 3940 1711 4004">
     <span class='ocr_line' id='line_1_57' title="bbox 379 3940 1711 4004; baseline 0.002 -2"><span class='ocrx_word' id='word_1_414' title='bbox 379 3950 494 4003; x_wconf 62' lang='lat' dir='ltr'>tuae</span> <span class='ocrx_word' id='word_1_415' title='bbox 526 3946 836 4004; x_wconf 84' lang='lat' dir='ltr'>felicitatis.</span> <span class='ocrx_word' id='word_1_416' title='bbox 897 3965 902 3972; x_wconf 84' lang='lat'>&#39;</span> <span class='ocrx_word' id='word_1_417' title='bbox 1701 3940 1711 3948; x_wconf 80' lang='grc'><em>’</em></span> 
     </span>
    </p>
   </div>
   <div class='ocr_carea' id='block_1_58' title="bbox 453 4034 2028 4109">
    <p class='ocr_par' dir='ltr' id='par_1_58' title="bbox 453 4034 2028 4109">
     <span class='ocr_line' id='line_1_58' title="bbox 453 4034 2028 4109; baseline 0.001 -19"><span class='ocrx_word' id='word_1_418' title='bbox 453 4036 522 4090; x_wconf 82' lang='lat' dir='ltr'>Si</span> <span class='ocrx_word' id='word_1_419' title='bbox 544 4034 700 4106; x_wconf 85' lang='lat' dir='ltr'>cujus</span> <span class='ocrx_word' id='word_1_420' title='bbox 725 4052 858 4106; x_wconf 87' lang='lat' dir='ltr'>opus</span> <span class='ocrx_word' id='word_1_421' title='bbox 885 4037 1106 4104; x_wconf 83' lang='lat' dir='ltr'>arserit,</span> <span class='ocrx_word' id='word_1_422' title='bbox 1126 4037 1519 4093; x_wconf 85' lang='lat' dir='ltr'>detrimentum</span> <span class='ocrx_word' id='word_1_423' title='bbox 1546 4040 1812 4106; x_wconf 83' lang='lat' dir='ltr'>patietur.</span> <span class='ocrx_word' id='word_1_424' title='bbox 1869 4037 2028 4109; x_wconf 88' lang='lat' dir='ltr'>Opus</span> 
     </span>
    </p>
   </div>
   <div class='ocr_carea' id='block_1_59' title="bbox 386 4121 2028 4198">
    <p class='ocr_par' dir='ltr' id='par_1_59' title="bbox 386 4121 2028 4198">
     <span class='ocr_line' id='line_1_59' title="bbox 386 4121 2028 4198; baseline 0.002 -21"><span class='ocrx_word' id='word_1_425' title='bbox 386 4121 525 4177; x_wconf 89' lang='lat' dir='ltr'>mali</span> <span class='ocrx_word' id='word_1_426' title='bbox 545 4124 802 4180; x_wconf 87' lang='lat' dir='ltr'>doctoris</span> <span class='ocrx_word' id='word_1_427' title='bbox 823 4126 1070 4194; x_wconf 88' lang='lat' dir='ltr'>ardebit,</span> <span class='ocrx_word' id='word_1_428' title='bbox 1104 4127 1242 4198; x_wconf 89' lang='lat' dir='ltr'>quia</span> <span class='ocrx_word' id='word_1_429' title='bbox 1268 4143 1538 4198; x_wconf 86' lang='lat' dir='ltr'>perversa</span> <span class='ocrx_word' id='word_1_430' title='bbox 1559 4127 1823 4182; x_wconf 87' lang='lat' dir='ltr'>doctrina</span> <span class='ocrx_word' id='word_1_431' title='bbox 1851 4126 2028 4182; x_wconf 89' lang='lat' dir='ltr'>inter-</span> 
     </span>
    </p>
   </div>
   <div class='ocr_carea' id='block_1_60' title="bbox 385 4211 2028 4282">
    <p class='ocr_par' dir='ltr' id='par_1_60' title="bbox 385 4211 2028 4282">
     <span class='ocr_line' id='line_1_60' title="bbox 385 4211 2028 4282; baseline 0.002 -17"><span class='ocrx_word' id='word_1_432' title='bbox 385 4211 526 4280; x_wconf 90' lang='lat' dir='ltr'>ibit;</span> <span class='ocrx_word' id='word_1_433' title='bbox 544 4214 818 4282; x_wconf 88' lang='lat' dir='ltr'>quoniam</span> <span class='ocrx_word' id='word_1_434' title='bbox 835 4231 950 4269; x_wconf 90' lang='lat' dir='ltr'>non</span> <span class='ocrx_word' id='word_1_435' title='bbox 971 4217 1060 4269; x_wconf 86' lang='lat' dir='ltr'>est</span> <span class='ocrx_word' id='word_1_436' title='bbox 1071 4215 1534 4282; x_wconf 88' lang='lat' dir='ltr'>substantia,sed</span> <span class='ocrx_word' id='word_1_437' title='bbox 1548 4215 2028 4271; x_wconf 88' lang='lat' dir='ltr'>accidenscausa.</span> 
     </span>
    </p>
   </div>
   <div class='ocr_carea' id='block_1_61' title="bbox 387 4299 2029 4374">
    <p class='ocr_par' dir='ltr' id='par_1_61' title="bbox 387 4299 2029 4374">
     <span class='ocr_line' id='line_1_61' title="bbox 387 4299 2029 4374; baseline 0.002 -18"><span class='ocrx_word' id='word_1_438' title='bbox 387 4299 600 4356; x_wconf 88' lang='lat' dir='ltr'>Omnia</span> <span class='ocrx_word' id='word_1_439' title='bbox 619 4301 834 4373; x_wconf 90' lang='lat' dir='ltr'>quippe</span> <span class='ocrx_word' id='word_1_440' title='bbox 854 4307 996 4358; x_wconf 91' lang='lat' dir='ltr'>tunc</span> <span class='ocrx_word' id='word_1_441' title='bbox 1018 4301 1172 4356; x_wconf 90' lang='lat' dir='ltr'>mala</span> <span class='ocrx_word' id='word_1_442' title='bbox 1193 4303 1482 4373; x_wconf 88' lang='lat' dir='ltr'>peribunt,</span> <span class='ocrx_word' id='word_1_443' title='bbox 1505 4303 1660 4358; x_wconf 89' lang='lat' dir='ltr'>sicut</span> <span class='ocrx_word' id='word_1_444' title='bbox 1681 4303 1789 4358; x_wconf 89' lang='lat' dir='ltr'>iter</span> <span class='ocrx_word' id='word_1_445' title='bbox 1821 4303 2029 4374; x_wconf 89' lang='lat' dir='ltr'>impio-</span> 
     </span>
    </p>
   </div>
   <div class='ocr_carea' id='block_1_62' title="bbox 387 4389 2030 4463">
    <p class='ocr_par' dir='ltr' id='par_1_62' title="bbox 387 4389 2030 4463">
     <span class='ocr_line' id='line_1_62' title="bbox 387 4389 2030 4463; baseline 0.004 -21"><span class='ocrx_word' id='word_1_446' title='bbox 387 4403 518 4442; x_wconf 89' lang='lat' dir='ltr'>rum</span> <span class='ocrx_word' id='word_1_447' title='bbox 549 4389 720 4458; x_wconf 87' lang='lat' dir='ltr'>(Psat.</span> <span class='ocrx_word' id='word_1_448' title='bbox 753 4391 903 4461; x_wconf 61' lang='lat'>1,56).</span> <span class='ocrx_word' id='word_1_449' title='bbox 943 4391 1366 4446; x_wconf 87' lang='lat' dir='ltr'>Detrimentum</span> <span class='ocrx_word' id='word_1_450' title='bbox 1393 4408 1526 4446; x_wconf 89' lang='lat' dir='ltr'>vero</span> <span class='ocrx_word' id='word_1_451' title='bbox 1549 4393 1678 4462; x_wconf 89' lang='lat' dir='ltr'>pati</span> <span class='ocrx_word' id='word_1_452' title='bbox 1721 4397 1806 4448; x_wconf 89' lang='lat' dir='ltr'>est</span> <span class='ocrx_word' id='word_1_453' title='bbox 1830 4409 2030 4463; x_wconf 65' lang='lat' dir='ltr'>prunas</span> 
     </span>
    </p>
   </div>
   <div class='ocr_carea' id='block_1_63' title="bbox 381 4473 2031 4552">
    <p class='ocr_par' dir='ltr' id='par_1_63' title="bbox 381 4473 2031 4552">
     <span class='ocr_line' id='line_1_63' title="bbox 381 4473 2031 4552; baseline 0.003 -22"><span class='ocrx_word' id='word_1_454' title='bbox 381 4473 561 4532; x_wconf 87' lang='lat' dir='ltr'>luere.</span> <span class='ocrx_word' id='word_1_455' title='bbox 595 4477 712 4547; x_wconf 82' lang='lat' dir='ltr'>Ipse</span> <span class='ocrx_word' id='word_1_456' title='bbox 739 4486 922 4532; x_wconf 86' lang='lat' dir='ltr'>autem</span> <span class='ocrx_word' id='word_1_457' title='bbox 949 4478 1134 4534; x_wconf 85' lang='lat' dir='ltr'>salvus</span> <span class='ocrx_word' id='word_1_458' title='bbox 1162 4481 1267 4534; x_wconf 87' lang='lat' dir='ltr'>erit</span> <span class='ocrx_word' id='word_1_459' title='bbox 1297 4498 1320 4542; x_wconf 88' lang='grc'>,·</span> <span class='ocrx_word' id='word_1_460' title='bbox 1349 4481 1428 4534; x_wconf 87' lang='lat' dir='ltr'>sic</span> <span class='ocrx_word' id='word_1_461' title='bbox 1485 4488 1667 4536; x_wconf 87' lang='lat' dir='ltr'>tamen</span> <span class='ocrx_word' id='word_1_462' title='bbox 1717 4485 1873 4551; x_wconf 83' lang='lat' dir='ltr'>quasi</span> <span class='ocrx_word' id='word_1_463' title='bbox 1929 4496 2031 4552; x_wconf 86' lang='lat' dir='ltr'>per</span> 
     </span>
    </p>
   </div>
   <div class='ocr_carea' id='block_1_64' title="bbox 2201 1897 3790 1970">
    <p class='ocr_par' dir='ltr' id='par_1_64' title="bbox 2201 1897 3790 1970">
     <span class='ocr_line' id='line_1_64' title="bbox 2201 1897 3790 1970; baseline 0.001 -19"><span class='ocrx_word' id='word_1_464' title='bbox 2201 1901 2276 1951; x_wconf 89' lang='lat' dir='ltr'>Su</span> <span class='ocrx_word' id='word_1_465' title='bbox 2287 1914 2389 1968; x_wconf 87' lang='lat' dir='ltr'>pra</span> <span class='ocrx_word' id='word_1_466' title='bbox 2399 1898 2846 1954; x_wconf 86' lang='lat' dir='ltr'>fundamentum</span> <span class='ocrx_word' id='word_1_467' title='bbox 2862 1897 3188 1970; x_wconf 87' lang='lat' dir='ltr'>igiturﬁdei</span> <span class='ocrx_word' id='word_1_468' title='bbox 3203 1897 3298 1954; x_wconf 89' lang='lat' dir='ltr'>ille</span> <span class='ocrx_word' id='word_1_469' title='bbox 3309 1897 3562 1954; x_wconf 81' lang='lat' dir='ltr'>aediﬁcat</span> <span class='ocrx_word' id='word_1_470' title='bbox 3571 1913 3790 1953; x_wconf 87' lang='lat' dir='ltr'>aurum</span> 
     </span>
    </p>
   </div>
   <div class='ocr_carea' id='block_1_65' title="bbox 2128 1985 3794 2058">
    <p class='ocr_par' dir='ltr' id='par_1_65' title="bbox 2128 1985 3794 2058">
     <span class='ocr_line' id='line_1_65' title="bbox 2128 1985 3794 2058; baseline 0.001 -18"><span class='ocrx_word' id='word_1_471' title='bbox 2128 1991 2460 2056; x_wconf 83' lang='lat' dir='ltr'>argentum,</span> <span class='ocrx_word' id='word_1_472' title='bbox 2487 1985 2711 2056; x_wconf 87' lang='lat' dir='ltr'>lapides</span> <span class='ocrx_word' id='word_1_473' title='bbox 2761 1987 3067 2058; x_wconf 87' lang='lat' dir='ltr'>pretiosos,</span> <span class='ocrx_word' id='word_1_474' title='bbox 3093 1987 3190 2056; x_wconf 92' lang='lat' dir='ltr'>qui</span> <span class='ocrx_word' id='word_1_475' title='bbox 3225 1986 3380 2058; x_wconf 86' lang='lat' dir='ltr'>cogit</span> <span class='ocrx_word' id='word_1_476' title='bbox 3407 2001 3476 2042; x_wconf 89' lang='lat' dir='ltr'>ea</span> <span class='ocrx_word' id='word_1_477' title='bbox 3495 2003 3626 2057; x_wconf 70' lang='lat' dir='ltr'>qua:</span> <span class='ocrx_word' id='word_1_478' title='bbox 3651 1990 3794 2042; x_wconf 88' lang='lat' dir='ltr'>sunt</span> 
     </span>
    </p>
   </div>
   <div class='ocr_carea' id='block_1_66' title="bbox 2127 2074 3790 2148">
    <p class='ocr_par' dir='ltr' id='par_1_66' title="bbox 2127 2074 3790 2148">
     <span class='ocr_line' id='line_1_66' title="bbox 2127 2074 3790 2148; baseline 0 -18"><span class='ocrx_word' id='word_1_479' title='bbox 2127 2074 2364 2144; x_wconf 89' lang='lat' dir='ltr'>Christi,</span> <span class='ocrx_word' id='word_1_480' title='bbox 2397 2077 2666 2145; x_wconf 87' lang='lat' dir='ltr'>quomodo</span> <span class='ocrx_word' id='word_1_481' title='bbox 2695 2077 2914 2146; x_wconf 68' lang='lat' dir='ltr'>placeat</span> <span class='ocrx_word' id='word_1_482' title='bbox 2945 2081 3060 2131; x_wconf 85' lang='lat' dir='ltr'>Deo</span> <span class='ocrx_word' id='word_1_483' title='bbox 3091 2077 3142 2146; x_wconf 87' lang='lat'>(1</span> <span class='ocrx_word' id='word_1_484' title='bbox 3171 2075 3293 2131; x_wconf 85' lang='lat' dir='ltr'>Cor.</span> <span class='ocrx_word' id='word_1_485' title='bbox 3327 2076 3559 2148; x_wconf 81' lang='lat' dir='ltr'>vn,32),</span> <span class='ocrx_word' id='word_1_486' title='bbox 3591 2077 3654 2130; x_wconf 88' lang='lat' dir='ltr'>id</span> <span class='ocrx_word' id='word_1_487' title='bbox 3678 2080 3790 2144; x_wconf 87' lang='lat' dir='ltr'>est,</span> 
     </span>
    </p>
   </div>
   <div class='ocr_carea' id='block_1_67' title="bbox 2128 2165 3786 2236">
    <p class='ocr_par' dir='ltr' id='par_1_67' title="bbox 2128 2165 3786 2236">
     <span class='ocr_line' id='line_1_67' title="bbox 2128 2165 3786 2236; baseline 0.002 -19"><span class='ocrx_word' id='word_1_488' title='bbox 2128 2165 2230 2234; x_wconf 89' lang='lat' dir='ltr'>qui</span> <span class='ocrx_word' id='word_1_489' title='bbox 2261 2181 2328 2219; x_wconf 89' lang='lat' dir='ltr'>ea</span> <span class='ocrx_word' id='word_1_490' title='bbox 2357 2169 2652 2236; x_wconf 89' lang='lat' dir='ltr'>operatur,</span> <span class='ocrx_word' id='word_1_491' title='bbox 2677 2165 2736 2220; x_wconf 89' lang='lat' dir='ltr'>in</span> <span class='ocrx_word' id='word_1_492' title='bbox 2761 2165 2978 2236; x_wconf 88' lang='lat' dir='ltr'>quibus</span> <span class='ocrx_word' id='word_1_493' title='bbox 2999 2165 3326 2222; x_wconf 87' lang='lat' dir='ltr'>delectatur</span> <span class='ocrx_word' id='word_1_494' title='bbox 3376 2165 3551 2222; x_wconf 87' lang='lat' dir='ltr'>Deus.</span> <span class='ocrx_word' id='word_1_495' title='bbox 3611 2165 3786 2234; x_wconf 89' lang='lat' dir='ltr'>Nam,</span> 
     </span>
    </p>
   </div>
   <div class='ocr_carea' id='block_1_68' title="bbox 2129 2253 3786 2326">
    <p class='ocr_par' dir='ltr' id='par_1_68' title="bbox 2129 2253 3786 2326">
     <span class='ocr_line' id='line_1_68' title="bbox 2129 2253 3786 2326; baseline 0.001 -18"><span class='ocrx_word' id='word_1_496' title='bbox 2129 2253 2230 2324; x_wconf 92' lang='lat' dir='ltr'>qui</span> <span class='ocrx_word' id='word_1_497' title='bbox 2262 2270 2406 2325; x_wconf 88' lang='lat' dir='ltr'>pure</span> <span class='ocrx_word' id='word_1_498' title='bbox 2443 2253 2736 2324; x_wconf 88' lang='lat' dir='ltr'>intelligit,</span> <span class='ocrx_word' id='word_1_499' title='bbox 2795 2259 3220 2326; x_wconf 87' lang='lat' dir='ltr'>consequenter</span> <span class='ocrx_word' id='word_1_500' title='bbox 3273 2255 3400 2325; x_wconf 79' lang='lat' dir='ltr'>eius</span> <span class='ocrx_word' id='word_1_501' title='bbox 3445 2254 3786 2310; x_wconf 85' lang='lat' dir='ltr'>intellectus</span> 
     </span>
    </p>
   </div>
   <div class='ocr_carea' id='block_1_69' title="bbox 2128 2343 3786 2414">
    <p class='ocr_par' dir='ltr' id='par_1_69' title="bbox 2128 2343 3786 2414">
     <span class='ocr_line' id='line_1_69' title="bbox 2128 2343 3786 2414; baseline 0 -16"><span class='ocrx_word' id='word_1_502' title='bbox 2128 2359 2231 2413; x_wconf 89' lang='lat' dir='ltr'>per</span> <span class='ocrx_word' id='word_1_503' title='bbox 2259 2359 2470 2398; x_wconf 90' lang='lat' dir='ltr'>aurum</span> <span class='ocrx_word' id='word_1_504' title='bbox 2503 2343 2865 2414; x_wconf 87' lang='lat' dir='ltr'>designatur,</span> <span class='ocrx_word' id='word_1_505' title='bbox 2901 2345 3227 2398; x_wconf 90' lang='lat' dir='ltr'>secundum</span> <span class='ocrx_word' id='word_1_506' title='bbox 3259 2343 3437 2400; x_wconf 92' lang='lat' dir='ltr'>illud:</span> <span class='ocrx_word' id='word_1_507' title='bbox 3477 2345 3786 2399; x_wconf 83' lang='lat' dir='ltr'>Thesaurus</span> 
     </span>
    </p>
   </div>
   <div class='ocr_carea' id='block_1_70' title="bbox 2130 2431 3785 2504">
    <p class='ocr_par' dir='ltr' id='par_1_70' title="bbox 2130 2431 3785 2504">
     <span class='ocr_line' id='line_1_70' title="bbox 2130 2431 3785 2504; baseline -0.001 -16"><span class='ocrx_word' id='word_1_508' title='bbox 2130 2431 2512 2488; x_wconf 84' lang='lat' dir='ltr'>desiderabilis</span> <span class='ocrx_word' id='word_1_509' title='bbox 2543 2431 2854 2503; x_wconf 86' lang='lat' dir='ltr'>requiescit</span> <span class='ocrx_word' id='word_1_510' title='bbox 2879 2433 2936 2486; x_wconf 91' lang='lat' dir='ltr'>in</span> <span class='ocrx_word' id='word_1_511' title='bbox 2961 2449 3060 2488; x_wconf 91' lang='lat' dir='ltr'>ore</span> <span class='ocrx_word' id='word_1_512' title='bbox 3085 2431 3368 2504; x_wconf 80' lang='lat' dir='ltr'>sapient-is</span> <span class='ocrx_word' id='word_1_513' title='bbox 3414 2433 3586 2502; x_wconf 89' lang='lat'>(519).</span> <span class='ocrx_word' id='word_1_514' title='bbox 3649 2431 3785 2488; x_wconf 88' lang='lat' dir='ltr'>Elo-</span> 
     </span>
    </p>
   </div>
   <div class='ocr_carea' id='block_1_71' title="bbox 2129 2520 3784 2594">
    <p class='ocr_par' dir='ltr' id='par_1_71' title="bbox 2129 2520 3784 2594">
     <span class='ocr_line' id='line_1_71' title="bbox 2129 2520 3784 2594; baseline 0.001 -20"><span class='ocrx_word' id='word_1_515' title='bbox 2129 2520 2368 2591; x_wconf 89' lang='lat' dir='ltr'>quentia</span> <span class='ocrx_word' id='word_1_516' title='bbox 2396 2537 2529 2576; x_wconf 88' lang='lat' dir='ltr'>vero</span> <span class='ocrx_word' id='word_1_517' title='bbox 2555 2520 2743 2592; x_wconf 90' lang='lat' dir='ltr'>ipsius</span> <span class='ocrx_word' id='word_1_518' title='bbox 2765 2537 2869 2592; x_wconf 90' lang='lat' dir='ltr'>per</span> <span class='ocrx_word' id='word_1_519' title='bbox 2888 2525 3194 2592; x_wconf 88' lang='lat' dir='ltr'>argentum</span> <span class='ocrx_word' id='word_1_520' title='bbox 3221 2521 3606 2594; x_wconf 81' lang='lat' dir='ltr'>exprimitur;</span> <span class='ocrx_word' id='word_1_521' title='bbox 3637 2520 3784 2592; x_wconf 84' lang='lat' dir='ltr'>quia</span> 
     </span>
    </p>
   </div>
   <div class='ocr_carea' id='block_1_72' title="bbox 2127 2609 3784 2682">
    <p class='ocr_par' dir='ltr' id='par_1_72' title="bbox 2127 2609 3784 2682">
     <span class='ocr_line' id='line_1_72' title="bbox 2127 2609 3784 2682; baseline 0.001 -18"><span class='ocrx_word' id='word_1_522' title='bbox 2127 2610 2462 2681; x_wconf 88' lang='lat' dir='ltr'>eloquentia</span> <span class='ocrx_word' id='word_1_523' title='bbox 2484 2609 2736 2680; x_wconf 90' lang='lat' dir='ltr'>Domini,</span> <span class='ocrx_word' id='word_1_524' title='bbox 2761 2609 3094 2682; x_wconf 89' lang='lat' dir='ltr'>eloquentia</span> <span class='ocrx_word' id='word_1_525' title='bbox 3115 2615 3293 2676; x_wconf 87' lang='lat' dir='ltr'>casta,</span> <span class='ocrx_word' id='word_1_526' title='bbox 3309 2615 3621 2682; x_wconf 87' lang='lat' dir='ltr'>argentum</span> <span class='ocrx_word' id='word_1_527' title='bbox 3645 2611 3784 2682; x_wconf 85' lang='lat' dir='ltr'>igne</span> 
     </span>
    </p>
   </div>
   <div class='ocr_carea' id='block_1_73' title="bbox 2127 2700 3786 2771">
    <p class='ocr_par' dir='ltr' id='par_1_73' title="bbox 2127 2700 3786 2771">
     <span class='ocr_line' id='line_1_73' title="bbox 2127 2700 3786 2771; baseline 0.001 -18"><span class='ocrx_word' id='word_1_528' title='bbox 2127 2700 2524 2754; x_wconf 81' lang='lat' dir='ltr'>examinatum</span> <span class='ocrx_word' id='word_1_529' title='bbox 2557 2700 2726 2770; x_wconf 87' lang='lat' dir='ltr'>(Psal.</span> <span class='ocrx_word' id='word_1_530' title='bbox 2761 2717 2839 2766; x_wconf 86' lang='lat' dir='ltr'>x1,</span> <span class='ocrx_word' id='word_1_531' title='bbox 2871 2702 2965 2768; x_wconf 84' lang='lat'>9):</span> <span class='ocrx_word' id='word_1_532' title='bbox 2999 2701 3265 2770; x_wconf 88' lang='lat' dir='ltr'>virtutes,</span> <span class='ocrx_word' id='word_1_533' title='bbox 3297 2705 3355 2755; x_wconf 88' lang='lat' dir='ltr'>et</span> <span class='ocrx_word' id='word_1_534' title='bbox 3383 2701 3540 2755; x_wconf 87' lang='lat' dir='ltr'>bona</span> <span class='ocrx_word' id='word_1_535' title='bbox 3581 2716 3786 2771; x_wconf 88' lang='lat' dir='ltr'>opera,</span> 
     </span>
    </p>
   </div>
   <div class='ocr_carea' id='block_1_74' title="bbox 2129 2787 3784 2861">
    <p class='ocr_par' dir='ltr' id='par_1_74' title="bbox 2129 2787 3784 2861">
     <span class='ocr_line' id='line_1_74' title="bbox 2129 2787 3784 2861; baseline 0 -19"><span class='ocrx_word' id='word_1_536' title='bbox 2129 2805 2231 2858; x_wconf 87' lang='lat' dir='ltr'>per</span> <span class='ocrx_word' id='word_1_537' title='bbox 2259 2787 2485 2860; x_wconf 88' lang='lat' dir='ltr'>lapides</span> <span class='ocrx_word' id='word_1_538' title='bbox 2519 2789 2808 2860; x_wconf 88' lang='lat' dir='ltr'>pretiosos</span> <span class='ocrx_word' id='word_1_539' title='bbox 2834 2805 2847 2856; x_wconf 94' lang='lat'>;</span> <span class='ocrx_word' id='word_1_540' title='bbox 2877 2789 3178 2861; x_wconf 90' lang='lat' dir='ltr'>quoniam,</span> <span class='ocrx_word' id='word_1_541' title='bbox 3213 2789 3365 2844; x_wconf 89' lang='lat' dir='ltr'>sicut</span> <span class='ocrx_word' id='word_1_542' title='bbox 3390 2788 3620 2860; x_wconf 85' lang='lat' dir='ltr'>lapides</span> <span class='ocrx_word' id='word_1_543' title='bbox 3649 2804 3784 2860; x_wconf 84' lang='lat' dir='ltr'>pre-</span> 
     </span>
    </p>
   </div>
   <div class='ocr_carea' id='block_1_75' title="bbox 2127 2876 3790 2949">
    <p class='ocr_par' dir='ltr' id='par_1_75' title="bbox 2127 2876 3790 2949">
     <span class='ocr_line' id='line_1_75' title="bbox 2127 2876 3790 2949; baseline 0.002 -19"><span class='ocrx_word' id='word_1_544' title='bbox 2127 2876 2310 2931; x_wconf 89' lang='lat' dir='ltr'>tiosos</span> <span class='ocrx_word' id='word_1_545' title='bbox 2344 2877 2498 2948; x_wconf 88' lang='lat' dir='ltr'>ignis</span> <span class='ocrx_word' id='word_1_546' title='bbox 2529 2894 2643 2932; x_wconf 92' lang='lat' dir='ltr'>non</span> <span class='ocrx_word' id='word_1_547' title='bbox 2677 2878 3018 2949; x_wconf 89' lang='lat' dir='ltr'>corrumpit,</span> <span class='ocrx_word' id='word_1_548' title='bbox 3074 2877 3157 2932; x_wconf 91' lang='lat' dir='ltr'>ita</span> <span class='ocrx_word' id='word_1_549' title='bbox 3209 2877 3452 2932; x_wconf 86' lang='lat' dir='ltr'>virtutes</span> <span class='ocrx_word' id='word_1_550' title='bbox 3513 2883 3572 2932; x_wconf 89' lang='lat' dir='ltr'>et</span> <span class='ocrx_word' id='word_1_551' title='bbox 3629 2879 3790 2934; x_wconf 89' lang='lat' dir='ltr'>bona</span> 
     </span>
    </p>
   </div>
   <div class='ocr_carea' id='block_1_76' title="bbox 2129 2965 3788 3039">
    <p class='ocr_par' dir='ltr' id='par_1_76' title="bbox 2129 2965 3788 3039">
     <span class='ocr_line' id='line_1_76' title="bbox 2129 2965 3788 3039; baseline 0.001 -19"><span class='ocrx_word' id='word_1_552' title='bbox 2129 2982 2305 3037; x_wconf 89' lang='lat' dir='ltr'>opera</span> <span class='ocrx_word' id='word_1_553' title='bbox 2335 2965 2490 3038; x_wconf 88' lang='lat' dir='ltr'>ignis</span> <span class='ocrx_word' id='word_1_554' title='bbox 2511 2966 2914 3022; x_wconf 87' lang='lat' dir='ltr'>tribulationis</span> <span class='ocrx_word' id='word_1_555' title='bbox 2937 2984 3051 3022; x_wconf 90' lang='lat' dir='ltr'>non</span> <span class='ocrx_word' id='word_1_556' title='bbox 3085 2967 3398 3022; x_wconf 87' lang='lat' dir='ltr'>consumit.</span> <span class='ocrx_word' id='word_1_557' title='bbox 3431 2967 3626 3037; x_wconf 89' lang='lat' dir='ltr'>Hujus</span> <span class='ocrx_word' id='word_1_558' title='bbox 3647 2983 3788 3039; x_wconf 85' lang='lat' dir='ltr'>ergo</span> 
     </span>
    </p>
   </div>
   <div class='ocr_carea' id='block_1_77' title="bbox 2129 3055 3792 3128">
    <p class='ocr_par' dir='ltr' id='par_1_77' title="bbox 2129 3055 3792 3128">
     <span class='ocr_line' id='line_1_77' title="bbox 2129 3055 3792 3128; baseline 0.001 -18"><span class='ocrx_word' id='word_1_559' title='bbox 2129 3071 2278 3126; x_wconf 87' lang='lat' dir='ltr'>opus</span> <span class='ocrx_word' id='word_1_560' title='bbox 2308 3056 2462 3127; x_wconf 87' lang='lat' dir='ltr'>ignis</span> <span class='ocrx_word' id='word_1_561' title='bbox 2493 3055 2785 3127; x_wconf 89' lang='lat' dir='ltr'>probabit,</span> <span class='ocrx_word' id='word_1_562' title='bbox 2811 3055 3092 3127; x_wconf 88' lang='lat' dir='ltr'>quoniam</span> <span class='ocrx_word' id='word_1_563' title='bbox 3115 3072 3230 3112; x_wconf 90' lang='lat' dir='ltr'>non</span> <span class='ocrx_word' id='word_1_564' title='bbox 3248 3060 3470 3126; x_wconf 77' lang='lat' dir='ltr'>exuret,</span> <span class='ocrx_word' id='word_1_565' title='bbox 3497 3057 3643 3128; x_wconf 88' lang='lat' dir='ltr'>quia</span> <span class='ocrx_word' id='word_1_566' title='bbox 3667 3073 3792 3112; x_wconf 87' lang='lat' dir='ltr'>non</span> 
     </span>
    </p>
   </div>
   <div class='ocr_carea' id='block_1_78' title="bbox 2131 3144 3792 3216">
    <p class='ocr_par' dir='ltr' id='par_1_78' title="bbox 2131 3144 3792 3216">
     <span class='ocr_line' id='line_1_78' title="bbox 2131 3144 3792 3216; baseline 0.002 -17"><span class='ocrx_word' id='word_1_567' title='bbox 2131 3160 2199 3200; x_wconf 87' lang='lat' dir='ltr'>ea</span> <span class='ocrx_word' id='word_1_568' title='bbox 2229 3144 2430 3199; x_wconf 81' lang='lat' dir='ltr'>dilexit</span> <span class='ocrx_word' id='word_1_569' title='bbox 2459 3144 2518 3198; x_wconf 91' lang='lat' dir='ltr'>in</span> <span class='ocrx_word' id='word_1_570' title='bbox 2553 3145 2794 3210; x_wconf 90' lang='lat' dir='ltr'>mundo,</span> <span class='ocrx_word' id='word_1_571' title='bbox 2831 3161 3082 3216; x_wconf 89' lang='lat' dir='ltr'>quorum</span> <span class='ocrx_word' id='word_1_572' title='bbox 3115 3145 3430 3202; x_wconf 86' lang='lat' dir='ltr'>amissione</span> <span class='ocrx_word' id='word_1_573' title='bbox 3465 3147 3792 3202; x_wconf 85' lang='lat' dir='ltr'>crucietur.</span> 
     </span>
    </p>
   </div>
   <div class='ocr_carea' id='block_1_79' title="bbox 2133 3234 3796 3307">
    <p class='ocr_par' dir='ltr' id='par_1_79' title="bbox 2133 3234 3796 3307">
     <span class='ocr_line' id='line_1_79' title="bbox 2133 3234 3796 3307; baseline 0.001 -18"><span class='ocrx_word' id='word_1_574' title='bbox 2133 3234 2262 3290; x_wconf 89' lang='lat' dir='ltr'>Dies</span> <span class='ocrx_word' id='word_1_575' title='bbox 2282 3234 2498 3307; x_wconf 89' lang='lat' dir='ltr'>quippe</span> <span class='ocrx_word' id='word_1_576' title='bbox 2515 3234 2768 3302; x_wconf 90' lang='lat' dir='ltr'>Domini,</span> <span class='ocrx_word' id='word_1_577' title='bbox 2785 3235 2842 3289; x_wconf 89' lang='lat' dir='ltr'>id</span> <span class='ocrx_word' id='word_1_578' title='bbox 2855 3239 2965 3303; x_wconf 88' lang='lat' dir='ltr'>est,</span> <span class='ocrx_word' id='word_1_579' title='bbox 2980 3235 3104 3291; x_wconf 88' lang='lat' dir='ltr'>dies</span> <span class='ocrx_word' id='word_1_580' title='bbox 3117 3234 3514 3290; x_wconf 89' lang='lat' dir='ltr'>tribulationis</span> <span class='ocrx_word' id='word_1_581' title='bbox 3529 3234 3796 3291; x_wconf 82' lang='lat' dir='ltr'>declara-</span> 
     </span>
    </p>
   </div>
   <div class='ocr_carea' id='block_1_80' title="bbox 2129 3323 3794 3396">
    <p class='ocr_par' dir='ltr' id='par_1_80' title="bbox 2129 3323 3794 3396">
     <span class='ocr_line' id='line_1_80' title="bbox 2129 3323 3794 3396; baseline 0.001 -18"><span class='ocrx_word' id='word_1_582' title='bbox 2129 3323 2218 3378; x_wconf 89' lang='lat' dir='ltr'>bit</span> <span class='ocrx_word' id='word_1_583' title='bbox 2247 3323 2620 3393; x_wconf 90' lang='lat' dir='ltr'>splendidum</span> <span class='ocrx_word' id='word_1_584' title='bbox 2645 3325 2773 3394; x_wconf 79' lang='lat' dir='ltr'>eius</span> <span class='ocrx_word' id='word_1_585' title='bbox 2803 3339 2972 3395; x_wconf 86' lang='lat' dir='ltr'>opus,</span> <span class='ocrx_word' id='word_1_586' title='bbox 2999 3328 3064 3378; x_wconf 90' lang='lat' dir='ltr'>ut</span> <span class='ocrx_word' id='word_1_587' title='bbox 3083 3329 3172 3380; x_wconf 89' lang='lat' dir='ltr'>est</span> <span class='ocrx_word' id='word_1_588' title='bbox 3199 3341 3434 3390; x_wconf 89' lang='lat' dir='ltr'>aurum,</span> <span class='ocrx_word' id='word_1_589' title='bbox 3467 3325 3624 3396; x_wconf 89' lang='lat' dir='ltr'>quod</span> <span class='ocrx_word' id='word_1_590' title='bbox 3683 3341 3794 3395; x_wconf 82' lang='lat' dir='ltr'>per</span> 
     </span>
    </p>
   </div>
   <div class='ocr_carea' id='block_1_81' title="bbox 2131 3412 3790 3484">
    <p class='ocr_par' dir='ltr' id='par_1_81' title="bbox 2131 3412 3790 3484">
     <span class='ocr_line' id='line_1_81' title="bbox 2131 3412 3790 3484; baseline 0.001 -18"><span class='ocrx_word' id='word_1_591' title='bbox 2131 3413 2328 3484; x_wconf 89' lang='lat' dir='ltr'>ignem</span> <span class='ocrx_word' id='word_1_592' title='bbox 2351 3412 2657 3468; x_wconf 87' lang='lat' dir='ltr'>transit.Et</span> <span class='ocrx_word' id='word_1_593' title='bbox 2684 3415 2822 3484; x_wconf 78' lang='lat' dir='ltr'>quia</span> <span class='ocrx_word' id='word_1_594' title='bbox 2845 3413 3216 3484; x_wconf 89' lang='lat' dir='ltr'>splendidum</span> <span class='ocrx_word' id='word_1_595' title='bbox 3243 3414 3670 3484; x_wconf 86' lang='lat' dir='ltr'>ostendetur,et</span> <span class='ocrx_word' id='word_1_596' title='bbox 3691 3415 3790 3468; x_wconf 83' lang='lat' dir='ltr'>in-</span> 
     </span>
    </p>
   </div>
   <div class='ocr_carea' id='block_1_82' title="bbox 2131 3500 3790 3573">
    <p class='ocr_par' dir='ltr' id='par_1_82' title="bbox 2131 3500 3790 3573">
     <span class='ocr_line' id='line_1_82' title="bbox 2131 3500 3790 3573; baseline 0.002 -18"><span class='ocrx_word' id='word_1_597' title='bbox 2131 3500 2402 3556; x_wconf 89' lang='lat' dir='ltr'>violabile</span> <span class='ocrx_word' id='word_1_598' title='bbox 2435 3501 2820 3571; x_wconf 87' lang='lat' dir='ltr'>permanebit,</span> <span class='ocrx_word' id='word_1_599' title='bbox 2847 3502 3066 3558; x_wconf 87' lang='lat' dir='ltr'>idcirco</span> <span class='ocrx_word' id='word_1_600' title='bbox 3087 3503 3242 3573; x_wconf 89' lang='lat' dir='ltr'>quod</span> <span class='ocrx_word' id='word_1_601' title='bbox 3271 3503 3790 3573; x_wconf 61' lang='lat' dir='ltr'>superadificavit,</span> 
     </span>
    </p>
   </div>
   <div class='ocr_carea' id='block_1_83' title="bbox 2135 3589 3792 3660">
    <p class='ocr_par' dir='ltr' id='par_1_83' title="bbox 2135 3589 3792 3660">
     <span class='ocr_line' id='line_1_83' title="bbox 2135 3589 3792 3660; baseline 0.002 -16"><span class='ocrx_word' id='word_1_602' title='bbox 2135 3591 2460 3644; x_wconf 85' lang='lat' dir='ltr'>mercedem</span> <span class='ocrx_word' id='word_1_603' title='bbox 2489 3589 2972 3660; x_wconf 66' lang='lat' dir='ltr'>accipietaaternae</span> <span class='ocrx_word' id='word_1_604' title='bbox 2995 3591 3307 3648; x_wconf 78' lang='lat' dir='ltr'>felicitatis.</span> <span class='ocrx_word' id='word_1_605' title='bbox 3325 3592 3472 3648; x_wconf 88' lang='lat' dir='ltr'>Illud</span> <span class='ocrx_word' id='word_1_606' title='bbox 3497 3592 3792 3648; x_wconf 86' lang='lat' dir='ltr'>nimirum</span> 
     </span>
    </p>
   </div>
   <div class='ocr_carea' id='block_1_84' title="bbox 2135 3679 3792 3752">
    <p class='ocr_par' dir='ltr' id='par_1_84' title="bbox 2135 3679 3792 3752">
     <span class='ocr_line' id='line_1_84' title="bbox 2135 3679 3792 3752; baseline 0.003 -20"><span class='ocrx_word' id='word_1_607' title='bbox 2135 3679 2510 3749; x_wconf 88' lang='lat' dir='ltr'>sumet,quod</span> <span class='ocrx_word' id='word_1_608' title='bbox 2537 3679 2829 3750; x_wconf 87' lang='lat' dir='ltr'>cogitavit.</span> <span class='ocrx_word' id='word_1_609' title='bbox 2848 3681 3187 3736; x_wconf 87' lang='lat' dir='ltr'>Econtrario</span> <span class='ocrx_word' id='word_1_610' title='bbox 3213 3681 3312 3736; x_wconf 90' lang='lat' dir='ltr'>ille</span> <span class='ocrx_word' id='word_1_611' title='bbox 3331 3681 3582 3736; x_wconf 59' lang='lat' dir='ltr'>aediﬁcat</span> <span class='ocrx_word' id='word_1_612' title='bbox 3601 3682 3792 3752; x_wconf 87' lang='lat' dir='ltr'>ligna,</span> 
     </span>
    </p>
   </div>
   <div class='ocr_carea' id='block_1_85' title="bbox 2137 3767 3796 3841">
    <p class='ocr_par' dir='ltr' id='par_1_85' title="bbox 2137 3767 3796 3841">
     <span class='ocr_line' id='line_1_85' title="bbox 2137 3767 3796 3841; baseline 0.002 -19"><span class='ocrx_word' id='word_1_613' title='bbox 2137 3767 2356 3834; x_wconf 87' lang='lat' dir='ltr'>fenum,</span> <span class='ocrx_word' id='word_1_614' title='bbox 2391 3767 2690 3838; x_wconf 89' lang='lat' dir='ltr'>stipulam,</span> <span class='ocrx_word' id='word_1_615' title='bbox 2724 3769 2824 3840; x_wconf 91' lang='lat' dir='ltr'>qui</span> <span class='ocrx_word' id='word_1_616' title='bbox 2855 3770 3070 3840; x_wconf 85' lang='lat' dir='ltr'>cogitat</span> <span class='ocrx_word' id='word_1_617' title='bbox 3099 3787 3166 3825; x_wconf 89' lang='lat' dir='ltr'>ea</span> <span class='ocrx_word' id='word_1_618' title='bbox 3195 3787 3322 3841; x_wconf 62' lang='lat' dir='ltr'>quae</span> <span class='ocrx_word' id='word_1_619' title='bbox 3359 3775 3499 3825; x_wconf 88' lang='lat' dir='ltr'>sunt</span> <span class='ocrx_word' id='word_1_620' title='bbox 3553 3773 3796 3838; x_wconf 87' lang='lat' dir='ltr'>mundi,</span> 
     </span>
    </p>
   </div>
   <div class='ocr_carea' id='block_1_86' title="bbox 2136 3856 3794 3930">
    <p class='ocr_par' dir='ltr' id='par_1_86' title="bbox 2136 3856 3794 3930">
     <span class='ocr_line' id='line_1_86' title="bbox 2136 3856 3794 3930; baseline 0.002 -20"><span class='ocrx_word' id='word_1_621' title='bbox 2136 3857 2430 3927; x_wconf 88' lang='lat' dir='ltr'>quomodo</span> <span class='ocrx_word' id='word_1_622' title='bbox 2467 3856 2687 3927; x_wconf 87' lang='lat' dir='ltr'>placeat</span> <span class='ocrx_word' id='word_1_623' title='bbox 2716 3857 2881 3912; x_wconf 85' lang='lat' dir='ltr'>uxori</span> <span class='ocrx_word' id='word_1_624' title='bbox 2913 3860 2960 3929; x_wconf 90' lang='grc' dir='ltr'>(ι</span> <span class='ocrx_word' id='word_1_625' title='bbox 2989 3858 3111 3914; x_wconf 81' lang='lat' dir='ltr'>Cor.</span> <span class='ocrx_word' id='word_1_626' title='bbox 3145 3877 3246 3924; x_wconf 75' lang='grc' dir='ltr'>νη,</span> <span class='ocrx_word' id='word_1_627' title='bbox 3277 3859 3389 3925; x_wconf 76' lang='grc'>34),</span> <span class='ocrx_word' id='word_1_628' title='bbox 3423 3859 3482 3913; x_wconf 91' lang='lat' dir='ltr'>id</span> <span class='ocrx_word' id='word_1_629' title='bbox 3513 3863 3623 3925; x_wconf 84' lang='lat' dir='ltr'>est,</span> <span class='ocrx_word' id='word_1_630' title='bbox 3683 3861 3794 3930; x_wconf 82' lang='lat' dir='ltr'>qui</span> 
     </span>
    </p>
   </div>
   <div class='ocr_carea' id='block_1_87' title="bbox 2137 3947 3800 4016">
    <p class='ocr_par' dir='ltr' id='par_1_87' title="bbox 2137 3947 3800 4016">
     <span class='ocr_line' id='line_1_87' title="bbox 2137 3947 3800 4016; baseline 0.002 -16"><span class='ocrx_word' id='word_1_631' title='bbox 2137 3961 2204 4000; x_wconf 90' lang='lat' dir='ltr'>ea</span> <span class='ocrx_word' id='word_1_632' title='bbox 2236 3951 2534 4016; x_wconf 86' lang='lat' dir='ltr'>operatur,</span> <span class='ocrx_word' id='word_1_633' title='bbox 2567 3963 2694 4016; x_wconf 81' lang='lat' dir='ltr'>quae</span> <span class='ocrx_word' id='word_1_634' title='bbox 2727 3947 3102 4002; x_wconf 88' lang='lat' dir='ltr'>abominatur</span> <span class='ocrx_word' id='word_1_635' title='bbox 3131 3953 3302 4002; x_wconf 90' lang='lat' dir='ltr'>Deus.</span> <span class='ocrx_word' id='word_1_636' title='bbox 3365 3947 3800 4004; x_wconf 83' lang='lat' dir='ltr'>Convenienter</span> 
     </span>
    </p>
   </div>
   <div class='ocr_carea' id='block_1_88' title="bbox 2139 4035 3804 4108">
    <p class='ocr_par' dir='ltr' id='par_1_88' title="bbox 2139 4035 3804 4108">
     <span class='ocr_line' id='line_1_88' title="bbox 2139 4035 3804 4108; baseline 0.002 -20"><span class='ocrx_word' id='word_1_637' title='bbox 2139 4049 2275 4106; x_wconf 87' lang='lat' dir='ltr'>ergo</span> <span class='ocrx_word' id='word_1_638' title='bbox 2299 4051 2400 4105; x_wconf 86' lang='lat' dir='ltr'>per</span> <span class='ocrx_word' id='word_1_639' title='bbox 2419 4035 2804 4106; x_wconf 80' lang='lat' dir='ltr'>ligna,fenum</span> <span class='ocrx_word' id='word_1_640' title='bbox 2827 4040 2885 4091; x_wconf 88' lang='lat' dir='ltr'>et</span> <span class='ocrx_word' id='word_1_641' title='bbox 2915 4036 3196 4108; x_wconf 87' lang='lat' dir='ltr'>stipulam</span> <span class='ocrx_word' id='word_1_642' title='bbox 3221 4036 3605 4107; x_wconf 79' lang='lat' dir='ltr'>designantur</span> <span class='ocrx_word' id='word_1_643' title='bbox 3623 4053 3804 4092; x_wconf 86' lang='lat' dir='ltr'>mun-</span> 
     </span>
    </p>
   </div>
   <div class='ocr_carea' id='block_1_89' title="bbox 2139 4123 3802 4197">
    <p class='ocr_par' dir='ltr' id='par_1_89' title="bbox 2139 4123 3802 4197">
     <span class='ocr_line' id='line_1_89' title="bbox 2139 4123 3802 4197; baseline 0.002 -21"><span class='ocrx_word' id='word_1_644' title='bbox 2139 4123 2301 4178; x_wconf 78' lang='lat' dir='ltr'>danae</span> <span class='ocrx_word' id='word_1_645' title='bbox 2329 4124 2732 4195; x_wconf 85' lang='lat' dir='ltr'>cogitationes,</span> <span class='ocrx_word' id='word_1_646' title='bbox 2761 4128 2818 4180; x_wconf 88' lang='lat' dir='ltr'>et</span> <span class='ocrx_word' id='word_1_647' title='bbox 2843 4123 2989 4180; x_wconf 87' lang='lat' dir='ltr'>tales</span> <span class='ocrx_word' id='word_1_648' title='bbox 3007 4141 3205 4180; x_wconf 89' lang='lat' dir='ltr'>rerum</span> <span class='ocrx_word' id='word_1_649' title='bbox 3225 4125 3596 4180; x_wconf 80' lang='lat' dir='ltr'>saecularium</span> <span class='ocrx_word' id='word_1_650' title='bbox 3627 4125 3802 4197; x_wconf 89' lang='lat' dir='ltr'>cupi-</span> 
     </span>
    </p>
   </div>
   <div class='ocr_carea' id='block_1_90' title="bbox 2140 4211 3802 4282">
    <p class='ocr_par' dir='ltr' id='par_1_90' title="bbox 2140 4211 3802 4282">
     <span class='ocr_line' id='line_1_90' title="bbox 2140 4211 3802 4282; baseline 0.002 -15"><span class='ocrx_word' id='word_1_651' title='bbox 2140 4211 2352 4268; x_wconf 86' lang='lat' dir='ltr'>ditates</span> <span class='ocrx_word' id='word_1_652' title='bbox 2377 4211 2666 4282; x_wconf 64' lang='lat' dir='ltr'>quae,licet</span> <span class='ocrx_word' id='word_1_653' title='bbox 2687 4213 2804 4268; x_wconf 88' lang='lat' dir='ltr'>sint</span> <span class='ocrx_word' id='word_1_654' title='bbox 2825 4211 3017 4282; x_wconf 70' lang='lat' dir='ltr'>licitae,</span> <span class='ocrx_word' id='word_1_655' title='bbox 3043 4213 3234 4270; x_wconf 90' lang='lat' dir='ltr'>amitti</span> <span class='ocrx_word' id='word_1_656' title='bbox 3255 4217 3452 4270; x_wconf 87' lang='lat' dir='ltr'>tamen</span> <span class='ocrx_word' id='word_1_657' title='bbox 3473 4213 3604 4270; x_wconf 86' lang='lat' dir='ltr'>sine</span> <span class='ocrx_word' id='word_1_658' title='bbox 3623 4229 3802 4270; x_wconf 88' lang='lat' dir='ltr'>men-</span> 
     </span>
    </p>
   </div>
   <div class='ocr_carea' id='block_1_91' title="bbox 2139 4300 3806 4375">
    <p class='ocr_par' dir='ltr' id='par_1_91' title="bbox 2139 4300 3806 4375">
     <span class='ocr_line' id='line_1_91' title="bbox 2139 4300 3806 4375; baseline 0.002 -19"><span class='ocrx_word' id='word_1_659' title='bbox 2139 4301 2216 4356; x_wconf 88' lang='lat' dir='ltr'>tis</span> <span class='ocrx_word' id='word_1_660' title='bbox 2247 4301 2443 4356; x_wconf 88' lang='lat' dir='ltr'>dolore</span> <span class='ocrx_word' id='word_1_661' title='bbox 2475 4317 2590 4356; x_wconf 88' lang='lat' dir='ltr'>non</span> <span class='ocrx_word' id='word_1_662' title='bbox 2623 4305 2892 4372; x_wconf 88' lang='lat' dir='ltr'>possunt.</span> <span class='ocrx_word' id='word_1_663' title='bbox 2929 4303 2996 4357; x_wconf 86' lang='lat' dir='ltr'>Et</span> <span class='ocrx_word' id='word_1_664' title='bbox 3035 4300 3215 4374; x_wconf 87' lang='lat' dir='ltr'>hujus</span> <span class='ocrx_word' id='word_1_665' title='bbox 3245 4319 3382 4375; x_wconf 84' lang='lat' dir='ltr'>ergo</span> <span class='ocrx_word' id='word_1_666' title='bbox 3441 4319 3590 4374; x_wconf 90' lang='lat' dir='ltr'>opus</span> <span class='ocrx_word' id='word_1_667' title='bbox 3633 4303 3806 4374; x_wconf 75' lang='lat' dir='ltr'>ignis</span> 
     </span>
    </p>
   </div>
   <div class='ocr_carea' id='block_1_92' title="bbox 2139 4389 3804 4461">
    <p class='ocr_par' dir='ltr' id='par_1_92' title="bbox 2139 4389 3804 4461">
     <span class='ocr_line' id='line_1_92' title="bbox 2139 4389 3804 4461; baseline 0.002 -17"><span class='ocrx_word' id='word_1_668' title='bbox 2139 4389 2430 4461; x_wconf 87' lang='lat' dir='ltr'>probabit,</span> <span class='ocrx_word' id='word_1_669' title='bbox 2464 4390 2604 4461; x_wconf 89' lang='lat' dir='ltr'>quia</span> <span class='ocrx_word' id='word_1_670' title='bbox 2627 4395 2828 4446; x_wconf 84' lang='lat' dir='ltr'>exuret</span> <span class='ocrx_word' id='word_1_671' title='bbox 2848 4407 2982 4446; x_wconf 90' lang='lat' dir='ltr'>eum</span> <span class='ocrx_word' id='word_1_672' title='bbox 3013 4391 3177 4448; x_wconf 89' lang='lat' dir='ltr'>dolor</span> <span class='ocrx_word' id='word_1_673' title='bbox 3200 4407 3396 4448; x_wconf 86' lang='lat' dir='ltr'>rerum</span> <span class='ocrx_word' id='word_1_674' title='bbox 3419 4391 3804 4448; x_wconf 67' lang='lat' dir='ltr'>saecularium</span> 
     </span>
    </p>
   </div>
   <div class='ocr_carea' id='block_1_93' title="bbox 2140 4479 3808 4552">
    <p class='ocr_par' dir='ltr' id='par_1_93' title="bbox 2140 4479 3808 4552">
     <span class='ocr_line' id='line_1_93' title="bbox 2140 4479 3808 4552; baseline 0.001 -18"><span class='ocrx_word' id='word_1_675' title='bbox 2140 4495 2290 4549; x_wconf 88' lang='lat' dir='ltr'>quas</span> <span class='ocrx_word' id='word_1_676' title='bbox 2321 4479 2542 4548; x_wconf 85' lang='lat' dir='ltr'>dilexit,</span> <span class='ocrx_word' id='word_1_677' title='bbox 2569 4481 2615 4534; x_wconf 89' lang='lat' dir='ltr'>si</span> <span class='ocrx_word' id='word_1_678' title='bbox 2647 4479 2959 4551; x_wconf 87' lang='lat' dir='ltr'>contigerit</span> <span class='ocrx_word' id='word_1_679' title='bbox 2983 4485 3048 4534; x_wconf 87' lang='lat' dir='ltr'>ut</span> <span class='ocrx_word' id='word_1_680' title='bbox 3067 4497 3166 4536; x_wconf 88' lang='lat' dir='ltr'>eas</span> <span class='ocrx_word' id='word_1_681' title='bbox 3184 4485 3444 4552; x_wconf 87' lang='lat' dir='ltr'>tempore</span> <span class='ocrx_word' id='word_1_682' title='bbox 3463 4480 3808 4538; x_wconf 80' lang='lat' dir='ltr'>tribulatio-</span> 
     </span>
    </p>
   </div>
   <div class='ocr_carea' id='block_1_94' title="bbox 381 4565 3804 4640">
    <p class='ocr_par' dir='ltr' id='par_1_94' title="bbox 381 4565 3804 4640">
     <span class='ocr_line' id='line_1_94' title="bbox 381 4565 3804 4640; baseline 0.002 -22"><span class='ocrx_word' id='word_1_683' title='bbox 381 4565 587 4632; x_wconf 84' lang='lat' dir='ltr'>ignem.</span> <span class='ocrx_word' id='word_1_684' title='bbox 619 4565 856 4622; x_wconf 87' lang='lat' dir='ltr'>Salvum</span> <span class='ocrx_word' id='word_1_685' title='bbox 887 4567 1056 4622; x_wconf 88' lang='lat' dir='ltr'>illum</span> <span class='ocrx_word' id='word_1_686' title='bbox 1088 4567 1230 4624; x_wconf 88' lang='lat' dir='ltr'>dicit</span> <span class='ocrx_word' id='word_1_687' title='bbox 1261 4569 1524 4623; x_wconf 84' lang='lat' dir='ltr'>futurum</span> <span class='ocrx_word' id='word_1_688' title='bbox 1551 4587 1563 4637; x_wconf 93' lang='lat'>;</span> <span class='ocrx_word' id='word_1_689' title='bbox 1602 4569 1740 4640; x_wconf 86' lang='lat' dir='ltr'>quia</span> <span class='ocrx_word' id='word_1_690' title='bbox 1769 4587 1884 4625; x_wconf 90' lang='lat' dir='ltr'>non</span> <span class='ocrx_word' id='word_1_691' title='bbox 1937 4569 2026 4624; x_wconf 90' lang='lat' dir='ltr'>in-</span> <span class='ocrx_word' id='word_1_692' title='bbox 2057 4573 2106 4638; x_wconf 85' lang='lat' dir='ltr'><strong>D</strong></span> <span class='ocrx_word' id='word_1_693' title='bbox 2139 4567 2230 4622; x_wconf 89' lang='lat' dir='ltr'>nis</span> <span class='ocrx_word' id='word_1_694' title='bbox 2255 4568 2506 4622; x_wconf 86' lang='lat' dir='ltr'>amittat.</span> <span class='ocrx_word' id='word_1_695' title='bbox 2532 4567 2754 4640; x_wconf 88' lang='lat' dir='ltr'>Quippe</span> <span class='ocrx_word' id='word_1_696' title='bbox 2778 4585 2892 4622; x_wconf 87' lang='lat' dir='ltr'>non</span> <span class='ocrx_word' id='word_1_697' title='bbox 2921 4573 3172 4640; x_wconf 89' lang='lat' dir='ltr'>possunt</span> <span class='ocrx_word' id='word_1_698' title='bbox 3193 4568 3320 4624; x_wconf 88' lang='lat' dir='ltr'>sine</span> <span class='ocrx_word' id='word_1_699' title='bbox 3341 4585 3552 4640; x_wconf 75' lang='lat' dir='ltr'>magno</span> <span class='ocrx_word' id='word_1_700' title='bbox 3598 4570 3804 4626; x_wconf 81' lang='lat' dir='ltr'>amitti</span> 
     </span>
    </p>
   </div>
   <div class='ocr_carea' id='block_1_95' title="bbox 381 4653 2028 4730">
    <p class='ocr_par' dir='ltr' id='par_1_95' title="bbox 381 4653 2028 4730">
     <span class='ocr_line' id='line_1_95' title="bbox 381 4653 2028 4730; baseline 0.004 -22"><span class='ocrx_word' id='word_1_701' title='bbox 381 4653 582 4710; x_wconf 88' lang='lat' dir='ltr'>teribit</span> <span class='ocrx_word' id='word_1_702' title='bbox 625 4657 978 4726; x_wconf 83' lang='lat' dir='ltr'>substantia,</span> <span class='ocrx_word' id='word_1_703' title='bbox 1041 4673 1156 4728; x_wconf 88' lang='lat' dir='ltr'>qua</span> <span class='ocrx_word' id='word_1_704' title='bbox 1202 4657 1492 4724; x_wconf 82' lang='lat' dir='ltr'>consistit,</span> <span class='ocrx_word' id='word_1_705' title='bbox 1553 4659 1656 4714; x_wconf 81' lang='lat' dir='ltr'>sed</span> <span class='ocrx_word' id='word_1_706' title='bbox 1709 4661 1837 4730; x_wconf 80' lang='lat' dir='ltr'>ejus</span> <span class='ocrx_word' id='word_1_707' title='bbox 1893 4659 2028 4714; x_wconf 85' lang='lat' dir='ltr'>doc-</span> 
     </span>
    </p>
   </div>
   <div class='ocr_carea' id='block_1_96' title="bbox 383 4743 2030 4818">
    <p class='ocr_par' dir='ltr' id='par_1_96' title="bbox 383 4743 2030 4818">
     <span class='ocr_line' id='line_1_96' title="bbox 383 4743 2030 4818; baseline 0.005 -22"><span class='ocrx_word' id='word_1_708' title='bbox 383 4743 558 4798; x_wconf 84' lang='lat' dir='ltr'>trina.</span> <span class='ocrx_word' id='word_1_709' title='bbox 619 4743 728 4798; x_wconf 90' lang='lat' dir='ltr'>Sed</span> <span class='ocrx_word' id='word_1_710' title='bbox 805 4745 1156 4816; x_wconf 89' lang='lat' dir='ltr'>notandum,</span> <span class='ocrx_word' id='word_1_711' title='bbox 1222 4747 1361 4818; x_wconf 88' lang='lat' dir='ltr'>quia</span> <span class='ocrx_word' id='word_1_712' title='bbox 1443 4763 1557 4802; x_wconf 89' lang='lat' dir='ltr'>non</span> <span class='ocrx_word' id='word_1_713' title='bbox 1643 4747 1768 4802; x_wconf 87' lang='lat' dir='ltr'>ait:</span> <span class='ocrx_word' id='word_1_714' title='bbox 1825 4747 2030 4804; x_wconf 89' lang='lat' dir='ltr'>Salvus</span> 
     </span>
    </p>
   </div>
   <div class='ocr_carea' id='block_1_97' title="bbox 387 4831 2031 4903">
    <p class='ocr_par' dir='ltr' id='par_1_97' title="bbox 387 4831 2031 4903">
     <span class='ocr_line' id='line_1_97' title="bbox 387 4831 2031 4903; baseline 0.005 -19"><span class='ocrx_word' id='word_1_715' title='bbox 387 4831 498 4885; x_wconf 90' lang='lat' dir='ltr'>erit</span> <span class='ocrx_word' id='word_1_716' title='bbox 527 4847 630 4902; x_wconf 90' lang='lat' dir='ltr'>per</span> <span class='ocrx_word' id='word_1_717' title='bbox 661 4831 878 4903; x_wconf 89' lang='lat' dir='ltr'>ignem,</span> <span class='ocrx_word' id='word_1_718' title='bbox 911 4835 1080 4903; x_wconf 87' lang='lat' dir='ltr'>quasi</span> <span class='ocrx_word' id='word_1_719' title='bbox 1123 4837 1492 4892; x_wconf 81' lang='lat' dir='ltr'>fundamenti</span> <span class='ocrx_word' id='word_1_720' title='bbox 1549 4837 1758 4892; x_wconf 88' lang='lat' dir='ltr'>merito</span> <span class='ocrx_word' id='word_1_721' title='bbox 1807 4836 2031 4892; x_wconf 87' lang='lat' dir='ltr'>incom-</span> 
     </span>
    </p>
   </div>
   <div class='ocr_carea' id='block_1_98' title="bbox 388 4919 2029 4998">
    <p class='ocr_par' dir='ltr' id='par_1_98' title="bbox 388 4919 2029 4998">
     <span class='ocr_line' id='line_1_98' title="bbox 388 4919 2029 4998; baseline 0.004 -24"><span class='ocrx_word' id='word_1_722' title='bbox 388 4919 601 4976; x_wconf 88' lang='lat' dir='ltr'>bustus</span> <span class='ocrx_word' id='word_1_723' title='bbox 631 4921 704 4976; x_wconf 89' lang='lat' dir='ltr'>ab</span> <span class='ocrx_word' id='word_1_724' title='bbox 735 4921 870 4992; x_wconf 87' lang='lat' dir='ltr'>igne</span> <span class='ocrx_word' id='word_1_725' title='bbox 899 4921 1198 4992; x_wconf 88' lang='lat' dir='ltr'>liberetur,</span> <span class='ocrx_word' id='word_1_726' title='bbox 1247 4925 1618 4982; x_wconf 80' lang='lat' dir='ltr'>examinatus</span> <span class='ocrx_word' id='word_1_727' title='bbox 1675 4943 1778 4997; x_wconf 90' lang='lat' dir='ltr'>per</span> <span class='ocrx_word' id='word_1_728' title='bbox 1833 4927 2029 4998; x_wconf 85' lang='lat' dir='ltr'>ignem</span> 
     </span>
    </p>
   </div>
   <div class='ocr_carea' id='block_1_99' title="bbox 385 5009 2032 5084">
    <p class='ocr_par' dir='ltr' id='par_1_99' title="bbox 385 5009 2032 5084">
     <span class='ocr_line' id='line_1_99' title="bbox 385 5009 2032 5084; baseline 0.005 -21"><span class='ocrx_word' id='word_1_729' title='bbox 385 5009 586 5066; x_wconf 87' lang='lat' dir='ltr'>volens</span> <span class='ocrx_word' id='word_1_730' title='bbox 627 5009 950 5078; x_wconf 81' lang='lat' dir='ltr'>ostendere,</span> <span class='ocrx_word' id='word_1_731' title='bbox 1013 5012 1154 5082; x_wconf 87' lang='lat' dir='ltr'>quia</span> <span class='ocrx_word' id='word_1_732' title='bbox 1204 5029 1406 5084; x_wconf 76' lang='lat' dir='ltr'>pmnas</span> <span class='ocrx_word' id='word_1_733' title='bbox 1459 5013 1600 5079; x_wconf 89' lang='lat' dir='ltr'>luet,</span> <span class='ocrx_word' id='word_1_734' title='bbox 1661 5032 1774 5071; x_wconf 92' lang='lat' dir='ltr'>non</span> <span class='ocrx_word' id='word_1_735' title='bbox 1835 5021 2032 5071; x_wconf 89' lang='lat' dir='ltr'>tamen</span> 
     </span>
    </p>
   </div>
   <div class='ocr_carea' id='block_1_100' title="bbox 388 5100 2030 5176">
    <p class='ocr_par' dir='ltr' id='par_1_100' title="bbox 388 5100 2030 5176">
     <span class='ocr_line' id='line_1_100' title="bbox 388 5100 2030 5176; baseline 0.005 -22"><span class='ocrx_word' id='word_1_736' title='bbox 388 5104 672 5156; x_wconf 71' lang='lat' dir='ltr'>internum</span> <span class='ocrx_word' id='word_1_737' title='bbox 703 5100 1089 5172; x_wconf 87' lang='lat' dir='ltr'>torquebitur,</span> <span class='ocrx_word' id='word_1_738' title='bbox 1123 5101 1276 5156; x_wconf 88' lang='lat' dir='ltr'>sicut</span> <span class='ocrx_word' id='word_1_739' title='bbox 1313 5103 1516 5173; x_wconf 83' lang='lat' dir='ltr'>perfidi</span> <span class='ocrx_word' id='word_1_740' title='bbox 1573 5108 1632 5160; x_wconf 88' lang='lat' dir='ltr'>et</span> <span class='ocrx_word' id='word_1_741' title='bbox 1687 5105 1872 5176; x_wconf 88' lang='lat' dir='ltr'>impii,</span> <span class='ocrx_word' id='word_1_742' title='bbox 1930 5105 2030 5162; x_wconf 89' lang='lat' dir='ltr'>sed</span> 
     </span>
    </p>
   </div>
   <div class='ocr_carea' id='block_1_101' title="bbox 385 5188 2030 5265">
    <p class='ocr_par' dir='ltr' id='par_1_101' title="bbox 385 5188 2030 5265">
     <span class='ocr_line' id='line_1_101' title="bbox 385 5188 2030 5265; baseline 0.003 -22"><span class='ocrx_word' id='word_1_743' title='bbox 385 5189 740 5260; x_wconf 85' lang='lat' dir='ltr'>quandoque</span> <span class='ocrx_word' id='word_1_744' title='bbox 761 5188 1108 5244; x_wconf 87' lang='lat' dir='ltr'>liberabitur</span> <span class='ocrx_word' id='word_1_745' title='bbox 1136 5191 1208 5246; x_wconf 88' lang='lat' dir='ltr'>ab</span> <span class='ocrx_word' id='word_1_746' title='bbox 1231 5191 1364 5261; x_wconf 86' lang='lat' dir='ltr'>igne</span> <span class='ocrx_word' id='word_1_747' title='bbox 1395 5192 1562 5261; x_wconf 86' lang='lat'>(518),</span> <span class='ocrx_word' id='word_1_748' title='bbox 1587 5197 1652 5246; x_wconf 89' lang='lat' dir='ltr'>ut</span> <span class='ocrx_word' id='word_1_749' title='bbox 1673 5193 1746 5248; x_wconf 89' lang='lat' dir='ltr'>sit</span> <span class='ocrx_word' id='word_1_750' title='bbox 1768 5193 1818 5247; x_wconf 89' lang='lat' dir='ltr'>ei</span> <span class='ocrx_word' id='word_1_751' title='bbox 1844 5209 2030 5265; x_wconf 77' lang='lat' dir='ltr'>Operae</span> 
     </span>
    </p>
   </div>
   <div class='ocr_carea' id='block_1_102' title="bbox 387 5278 2031 5350">
    <p class='ocr_par' dir='ltr' id='par_1_102' title="bbox 387 5278 2031 5350">
     <span class='ocr_line' id='line_1_102' title="bbox 387 5278 2031 5350; baseline 0.004 -20"><span class='ocrx_word' id='word_1_752' title='bbox 387 5278 663 5346; x_wconf 86' lang='lat' dir='ltr'>pretium,</span> <span class='ocrx_word' id='word_1_753' title='bbox 681 5279 838 5350; x_wconf 89' lang='lat' dir='ltr'>quod</span> <span class='ocrx_word' id='word_1_754' title='bbox 853 5278 1102 5334; x_wconf 86' lang='lat' dir='ltr'>credidit</span> <span class='ocrx_word' id='word_1_755' title='bbox 1121 5279 1438 5334; x_wconf 89' lang='lat' dir='ltr'>Christum.</span> <span class='ocrx_word' id='word_1_756' title='bbox 1455 5281 1560 5335; x_wconf 85' lang='lat' dir='ltr'>Hic</span> <span class='ocrx_word' id='word_1_757' title='bbox 1579 5285 1772 5336; x_wconf 87' lang='lat' dir='ltr'>tamen</span> <span class='ocrx_word' id='word_1_758' title='bbox 1797 5299 2031 5350; x_wconf 86' lang='lat' dir='ltr'>sensus,</span> 
     </span>
    </p>
   </div>
   <div class='ocr_carea' id='block_1_103' title="bbox 463 5402 2032 5477">
    <p class='ocr_par' dir='ltr' id='par_1_103' title="bbox 463 5402 2032 5477">
     <span class='ocr_line' id='line_1_103' title="bbox 463 5402 2032 5477; baseline 0.005 -23"><span class='ocrx_word' id='word_1_759' title='bbox 463 5402 608 5472; x_wconf 89' lang='lat'>(517)</span> <span class='ocrx_word' id='word_1_760' title='bbox 643 5407 720 5477; x_wconf 85' lang='lat' dir='ltr'>En</span> <span class='ocrx_word' id='word_1_761' title='bbox 753 5403 886 5477; x_wconf 80' lang='lat' dir='ltr'>luce</span> <span class='ocrx_word' id='word_1_762' title='bbox 910 5402 1124 5459; x_wconf 88' lang='lat' dir='ltr'>clarius</span> <span class='ocrx_word' id='word_1_763' title='bbox 1156 5404 1370 5477; x_wconf 84' lang='lat' dir='ltr'>dogma</span> <span class='ocrx_word' id='word_1_764' title='bbox 1399 5403 1552 5477; x_wconf 81' lang='lat' dir='ltr'>ignis</span> <span class='ocrx_word' id='word_1_765' title='bbox 1594 5405 1900 5477; x_wconf 83' lang='lat' dir='ltr'>purgantis</span> <span class='ocrx_word' id='word_1_766' title='bbox 1960 5407 2032 5462; x_wconf 88' lang='lat' dir='ltr'>ad</span> 
     </span>
    </p>
   </div>
   <div class='ocr_carea' id='block_1_104' title="bbox 393 5475 2035 5546">
    <p class='ocr_par' dir='ltr' id='par_1_104' title="bbox 393 5475 2035 5546">
     <span class='ocr_line' id='line_1_104' title="bbox 393 5475 2035 5546; baseline 0.004 -19"><span class='ocrx_word' id='word_1_767' title='bbox 393 5479 630 5546; x_wconf 81' lang='lat' dir='ltr'>tempus</span> <span class='ocrx_word' id='word_1_768' title='bbox 661 5475 732 5528; x_wconf 90' lang='lat' dir='ltr'>ab</span> <span class='ocrx_word' id='word_1_769' title='bbox 765 5475 1019 5531; x_wconf 77' lang='lat' dir='ltr'>Ecclesia</span> <span class='ocrx_word' id='word_1_770' title='bbox 1049 5475 1324 5531; x_wconf 88' lang='lat' dir='ltr'>continue</span> <span class='ocrx_word' id='word_1_771' title='bbox 1354 5475 1753 5546; x_wconf 79' lang='lat' dir='ltr'>praedicatum.</span> <span class='ocrx_word' id='word_1_772' title='bbox 1787 5477 2035 5533; x_wconf 89' lang='lat' dir='ltr'>Videant</span> 
     </span>
    </p>
   </div>
   <div class='ocr_carea' id='block_1_105' title="bbox 397 5543 2038 5620">
    <p class='ocr_par' dir='ltr' id='par_1_105' title="bbox 397 5543 2038 5620">
     <span class='ocr_line' id='line_1_105' title="bbox 397 5543 2038 5620; baseline 0.005 -24"><span class='ocrx_word' id='word_1_773' title='bbox 397 5543 870 5620; x_wconf 34' lang='lat' dir='ltr'>hsoc’novatores,</span> <span class='ocrx_word' id='word_1_774' title='bbox 902 5551 960 5620; x_wconf 82' lang='lat' dir='ltr'>et</span> <span class='ocrx_word' id='word_1_775' title='bbox 991 5552 1203 5620; x_wconf 80' lang='lat' dir='ltr'>negent</span> <span class='ocrx_word' id='word_1_776' title='bbox 1245 5543 1455 5616; x_wconf 46' lang='lat' dir='ltr'>adh—uc,</span> <span class='ocrx_word' id='word_1_777' title='bbox 1500 5548 1593 5620; x_wconf 2' lang='lat' dir='ltr'>(si,</span> <span class='ocrx_word' id='word_1_778' title='bbox 1623 5549 1863 5620; x_wconf 87' lang='lat' dir='ltr'>audent,</span> <span class='ocrx_word' id='word_1_779' title='bbox 1893 5551 2038 5605; x_wconf 87' lang='lat' dir='ltr'>anti-</span> 
     </span>
    </p>
   </div>
   <div class='ocr_carea' id='block_1_106' title="bbox 395 5615 2037 5692">
    <p class='ocr_par' dir='ltr' id='par_1_106' title="bbox 395 5615 2037 5692">
     <span class='ocr_line' id='line_1_106' title="bbox 395 5615 2037 5692; baseline 0.006 -24"><span class='ocrx_word' id='word_1_780' title='bbox 395 5615 743 5692; x_wconf 74' lang='lat' dir='ltr'>quissimam</span> <span class='ocrx_word' id='word_1_781' title='bbox 773 5615 899 5674; x_wconf 86' lang='lat' dir='ltr'>esse</span> <span class='ocrx_word' id='word_1_782' title='bbox 930 5619 1002 5673; x_wconf 88' lang='lat' dir='ltr'>de</span> <span class='ocrx_word' id='word_1_783' title='bbox 1031 5615 1140 5677; x_wconf 72' lang='lat' dir='ltr'>hoc</span> <span class='ocrx_word' id='word_1_784' title='bbox 1169 5615 1447 5692; x_wconf 89' lang='lat' dir='ltr'>dogmate</span> <span class='ocrx_word' id='word_1_785' title='bbox 1469 5618 1734 5676; x_wconf 80' lang='lat' dir='ltr'>Ecclesiae</span> <span class='ocrx_word' id='word_1_786' title='bbox 1773 5615 2037 5678; x_wconf 84' lang='lat' dir='ltr'>traditio-</span> 
     </span>
    </p>
   </div>
   <div class='ocr_carea' id='block_1_107' title="bbox 395 5685 840 5746">
    <p class='ocr_par' dir='ltr' id='par_1_107' title="bbox 395 5685 840 5746">
     <span class='ocr_line' id='line_1_107' title="bbox 395 5685 840 5746; baseline 0 0"><span class='ocrx_word' id='word_1_787' title='bbox 395 5685 530 5746; x_wconf 83' lang='lat' dir='ltr'>nem</span> <span class='ocrx_word' id='word_1_788' title='bbox 559 5690 618 5745; x_wconf 90' lang='lat' dir='ltr'>et</span> <span class='ocrx_word' id='word_1_789' title='bbox 643 5685 840 5746; x_wconf 86' lang='lat' dir='ltr'>ﬁdem.</span> 
     </span>
    </p>
   </div>
   <div class='ocr_carea' id='block_1_108' title="bbox 2140 4655 3808 4729">
    <p class='ocr_par' dir='ltr' id='par_1_108' title="bbox 2140 4655 3808 4729">
     <span class='ocr_line' id='line_1_108' title="bbox 2140 4655 3808 4729; baseline 0.003 -18"><span class='ocrx_word' id='word_1_790' title='bbox 2140 4655 2359 4722; x_wconf 87' lang='lat' dir='ltr'>dolore,</span> <span class='ocrx_word' id='word_1_791' title='bbox 2388 4673 2514 4726; x_wconf 72' lang='lat' dir='ltr'>qua:</span> <span class='ocrx_word' id='word_1_792' title='bbox 2537 4673 2671 4712; x_wconf 91' lang='lat' dir='ltr'>cum</span> <span class='ocrx_word' id='word_1_793' title='bbox 2695 4673 2906 4729; x_wconf 87' lang='lat' dir='ltr'>magno</span> <span class='ocrx_word' id='word_1_794' title='bbox 2933 4657 3385 4728; x_wconf 85' lang='lat' dir='ltr'>possidebantur</span> <span class='ocrx_word' id='word_1_795' title='bbox 3399 4660 3808 4716; x_wconf 85' lang='lat' dir='ltr'>amore.Unde</span> 
     </span>
    </p>
   </div>
   <div class='ocr_carea' id='block_1_109' title="bbox 2141 4745 3805 4820">
    <p class='ocr_par' dir='ltr' id='par_1_109' title="bbox 2141 4745 3805 4820">
     <span class='ocr_line' id='line_1_109' title="bbox 2141 4745 3805 4820; baseline 0.003 -20"><span class='ocrx_word' id='word_1_796' title='bbox 2141 4745 2314 4817; x_wconf 90' lang='lat' dir='ltr'>paulo</span> <span class='ocrx_word' id='word_1_797' title='bbox 2349 4750 2482 4817; x_wconf 90' lang='lat' dir='ltr'>post</span> <span class='ocrx_word' id='word_1_798' title='bbox 2504 4745 2754 4802; x_wconf 87' lang='lat' dir='ltr'>dicitur:</span> <span class='ocrx_word' id='word_1_799' title='bbox 2790 4746 2850 4802; x_wconf 87' lang='lat' dir='ltr'>Si</span> <span class='ocrx_word' id='word_1_800' title='bbox 2877 4748 3039 4818; x_wconf 85' lang='lat' dir='ltr'>cujus</span> <span class='ocrx_word' id='word_1_801' title='bbox 3069 4764 3200 4820; x_wconf 86' lang='lat' dir='ltr'>opus</span> <span class='ocrx_word' id='word_1_802' title='bbox 3229 4749 3450 4818; x_wconf 82' lang='lat' dir='ltr'>arserit,</span> <span class='ocrx_word' id='word_1_803' title='bbox 3489 4747 3805 4805; x_wconf 77' lang='lat' dir='ltr'>detrimen-</span> 
     </span>
    </p>
   </div>
   <div class='ocr_carea' id='block_1_110' title="bbox 2142 4836 3809 4907">
    <p class='ocr_par' dir='ltr' id='par_1_110' title="bbox 2142 4836 3809 4907">
     <span class='ocr_line' id='line_1_110' title="bbox 2142 4836 3809 4907; baseline 0.002 -17"><span class='ocrx_word' id='word_1_804' title='bbox 2142 4843 2256 4890; x_wconf 85' lang='lat' dir='ltr'>tum</span> <span class='ocrx_word' id='word_1_805' title='bbox 2283 4837 2546 4907; x_wconf 85' lang='lat' dir='ltr'>palietur.</span> <span class='ocrx_word' id='word_1_806' title='bbox 2575 4836 2733 4906; x_wconf 89' lang='lat' dir='ltr'>Opus</span> <span class='ocrx_word' id='word_1_807' title='bbox 2763 4836 3008 4904; x_wconf 88' lang='lat' dir='ltr'>ardebit,</span> <span class='ocrx_word' id='word_1_808' title='bbox 3039 4837 3176 4907; x_wconf 87' lang='lat' dir='ltr'>quia</span> <span class='ocrx_word' id='word_1_809' title='bbox 3205 4836 3542 4894; x_wconf 85' lang='lat' dir='ltr'>substantia</span> <span class='ocrx_word' id='word_1_810' title='bbox 3582 4838 3809 4894; x_wconf 84' lang='lat' dir='ltr'>mundi</span> 
     </span>
    </p>
   </div>
   <div class='ocr_carea' id='block_1_111' title="bbox 2142 4925 3810 4997">
    <p class='ocr_par' dir='ltr' id='par_1_111' title="bbox 2142 4925 3810 4997">
     <span class='ocr_line' id='line_1_111' title="bbox 2142 4925 3810 4997; baseline 0.003 -19"><span class='ocrx_word' id='word_1_811' title='bbox 2142 4925 2352 4996; x_wconf 87' lang='lat' dir='ltr'>peribit</span> <span class='ocrx_word' id='word_1_812' title='bbox 2369 4943 2382 4981; x_wconf 90' lang='lat'>:</span> <span class='ocrx_word' id='word_1_813' title='bbox 2405 4925 2454 4981; x_wconf 87' lang='lat' dir='ltr'>si</span> <span class='ocrx_word' id='word_1_814' title='bbox 2478 4941 2614 4997; x_wconf 90' lang='lat' dir='ltr'>ergo</span> <span class='ocrx_word' id='word_1_815' title='bbox 2633 4925 2913 4996; x_wconf 86' lang='lat' dir='ltr'>perierint</span> <span class='ocrx_word' id='word_1_816' title='bbox 2929 4942 3020 4982; x_wconf 81' lang='lat' dir='ltr'>res</span> <span class='ocrx_word' id='word_1_817' title='bbox 3033 4925 3810 4994; x_wconf 68' lang='lat' dir='ltr'>saaculares,detrimentum</span> 
     </span>
    </p>
   </div>
   <div class='ocr_carea' id='block_1_112' title="bbox 2145 5012 3816 5087">
    <p class='ocr_par' dir='ltr' id='par_1_112' title="bbox 2145 5012 3816 5087">
     <span class='ocr_line' id='line_1_112' title="bbox 2145 5012 3816 5087; baseline 0.002 -19"><span class='ocrx_word' id='word_1_818' title='bbox 2145 5012 2416 5084; x_wconf 88' lang='lat' dir='ltr'>patietur,</span> <span class='ocrx_word' id='word_1_819' title='bbox 2451 5014 2510 5069; x_wconf 92' lang='lat' dir='ltr'>id</span> <span class='ocrx_word' id='word_1_820' title='bbox 2543 5019 2654 5080; x_wconf 87' lang='lat' dir='ltr'>est,</span> <span class='ocrx_word' id='word_1_821' title='bbox 2683 5015 2964 5070; x_wconf 88' lang='lat' dir='ltr'>damnum</span> <span class='ocrx_word' id='word_1_822' title='bbox 3007 5015 3365 5087; x_wconf 87' lang='lat' dir='ltr'>temporale;</span> <span class='ocrx_word' id='word_1_823' title='bbox 3401 5014 3542 5087; x_wconf 86' lang='lat' dir='ltr'>quia</span> <span class='ocrx_word' id='word_1_824' title='bbox 3595 5017 3816 5072; x_wconf 83' lang='lat' dir='ltr'>amisit</span> 
     </span>
    </p>
   </div>
   <div class='ocr_carea' id='block_1_113' title="bbox 2144 5103 3812 5175">
    <p class='ocr_par' dir='ltr' id='par_1_113' title="bbox 2144 5103 3812 5175">
     <span class='ocr_line' id='line_1_113' title="bbox 2144 5103 3812 5175; baseline 0.003 -19"><span class='ocrx_word' id='word_1_825' title='bbox 2144 5104 2298 5173; x_wconf 91' lang='lat' dir='ltr'>quod</span> <span class='ocrx_word' id='word_1_826' title='bbox 2334 5103 2626 5175; x_wconf 87' lang='lat' dir='ltr'>cogitavit.</span> <span class='ocrx_word' id='word_1_827' title='bbox 2675 5103 3090 5160; x_wconf 86' lang='lat' dir='ltr'>Verumtamen</span> <span class='ocrx_word' id='word_1_828' title='bbox 3147 5103 3522 5160; x_wconf 83' lang='lat' dir='ltr'>fundamenti</span> <span class='ocrx_word' id='word_1_829' title='bbox 3579 5105 3812 5162; x_wconf 84' lang='lat' dir='ltr'>merito</span> 
     </span>
    </p>
   </div>
   <div class='ocr_carea' id='block_1_114' title="bbox 2143 5191 3816 5266">
    <p class='ocr_par' dir='ltr' id='par_1_114' title="bbox 2143 5191 3816 5266">
     <span class='ocr_line' id='line_1_114' title="bbox 2143 5191 3816 5266; baseline 0.003 -20"><span class='ocrx_word' id='word_1_830' title='bbox 2143 5191 2506 5263; x_wconf 88' lang='lat' dir='ltr'>liberabitur,</span> <span class='ocrx_word' id='word_1_831' title='bbox 2526 5192 2575 5248; x_wconf 88' lang='lat' dir='ltr'>si</span> <span class='ocrx_word' id='word_1_832' title='bbox 2599 5193 2788 5265; x_wconf 87' lang='lat' dir='ltr'>magis</span> <span class='ocrx_word' id='word_1_833' title='bbox 2814 5192 3052 5266; x_wconf 88' lang='lat' dir='ltr'>elegerit</span> <span class='ocrx_word' id='word_1_834' title='bbox 3071 5191 3188 5248; x_wconf 90' lang='lat' dir='ltr'>illis</span> <span class='ocrx_word' id='word_1_835' title='bbox 3209 5209 3616 5264; x_wconf 82' lang='lat' dir='ltr'>carere,quam</span> <span class='ocrx_word' id='word_1_836' title='bbox 3639 5193 3816 5252; x_wconf 86' lang='lat' dir='ltr'>Chri-</span> 
     </span>
    </p>
   </div>
   <div class='ocr_carea' id='block_1_115' title="bbox 2147 5281 3814 5350">
    <p class='ocr_par' dir='ltr' id='par_1_115' title="bbox 2147 5281 3814 5350">
     <span class='ocr_line' id='line_1_115' title="bbox 2147 5281 3814 5350; baseline 0.001 -14"><span class='ocrx_word' id='word_1_837' title='bbox 2147 5286 2255 5348; x_wconf 90' lang='lat' dir='ltr'>sto,</span> <span class='ocrx_word' id='word_1_838' title='bbox 2289 5282 2346 5336; x_wconf 91' lang='lat' dir='ltr'>id</span> <span class='ocrx_word' id='word_1_839' title='bbox 2381 5286 2488 5350; x_wconf 88' lang='lat' dir='ltr'>est,</span> <span class='ocrx_word' id='word_1_840' title='bbox 2523 5281 2570 5336; x_wconf 91' lang='lat' dir='ltr'>si</span> <span class='ocrx_word' id='word_1_841' title='bbox 2605 5281 2814 5338; x_wconf 87' lang='lat' dir='ltr'>timore</span> <span class='ocrx_word' id='word_1_842' title='bbox 2854 5282 3162 5338; x_wconf 85' lang='lat' dir='ltr'>amittendi</span> <span class='ocrx_word' id='word_1_843' title='bbox 3220 5298 3338 5346; x_wconf 84' lang='lat' dir='ltr'>eas,</span> <span class='ocrx_word' id='word_1_844' title='bbox 3399 5297 3514 5336; x_wconf 86' lang='lat' dir='ltr'>non</span> <span class='ocrx_word' id='word_1_845' title='bbox 3577 5281 3814 5338; x_wconf 87' lang='lat' dir='ltr'>deserit</span> 
     </span>
    </p>
   </div>
   <div class='ocr_carea' id='block_1_116' title="bbox 2217 5405 3808 5479">
    <p class='ocr_par' dir='ltr' id='par_1_116' title="bbox 2217 5405 3808 5479">
     <span class='ocr_line' id='line_1_116' title="bbox 2217 5405 3808 5479; baseline 0.001 -19"><span class='ocrx_word' id='word_1_846' title='bbox 2217 5407 2363 5478; x_wconf 87' lang='lat'>(518)</span> <span class='ocrx_word' id='word_1_847' title='bbox 2394 5405 2668 5476; x_wconf 84' lang='lat' dir='ltr'>Sequitur</span> <span class='ocrx_word' id='word_1_848' title='bbox 2688 5405 3128 5463; x_wconf 88' lang='lat' dir='ltr'>evidentissima</span> <span class='ocrx_word' id='word_1_849' title='bbox 3149 5405 3441 5479; x_wconf 90' lang='lat' dir='ltr'>dogmatis</span> <span class='ocrx_word' id='word_1_850' title='bbox 3463 5405 3808 5479; x_wconf 88' lang='lat' dir='ltr'>purgatorii</span> 
     </span>
    </p>
   </div>
   <div class='ocr_carea' id='block_1_117' title="bbox 2145 5478 2584 5533">
    <p class='ocr_par' dir='ltr' id='par_1_117' title="bbox 2145 5478 2584 5533">
     <span class='ocr_line' id='line_1_117' title="bbox 2145 5478 2584 5533; baseline 0.002 -2"><span class='ocrx_word' id='word_1_851' title='bbox 2145 5478 2584 5533; x_wconf 89' lang='lat' dir='ltr'>demonstratio.</span> 
     </span>
    </p>
   </div>
   <div class='ocr_carea' id='block_1_118' title="bbox 2217 5549 3812 5622">
    <p class='ocr_par' dir='ltr' id='par_1_118' title="bbox 2217 5549 3812 5622">
     <span class='ocr_line' id='line_1_118' title="bbox 2217 5549 3812 5622; baseline 0.001 -18"><span class='ocrx_word' id='word_1_852' title='bbox 2217 5551 2364 5622; x_wconf 86' lang='lat'>(519)</span> <span class='ocrx_word' id='word_1_853' title='bbox 2395 5549 2570 5622; x_wconf 73' lang='lat' dir='ltr'>Juxta</span> <span class='ocrx_word' id='word_1_854' title='bbox 2599 5549 2742 5606; x_wconf 90' lang='lat' dir='ltr'>illud</span> <span class='ocrx_word' id='word_1_855' title='bbox 2775 5550 3044 5606; x_wconf 86' lang='lat' dir='ltr'>Proverb.</span> <span class='ocrx_word' id='word_1_856' title='bbox 3077 5566 3204 5622; x_wconf 81' lang='lat' dir='ltr'>cap.</span> <span class='ocrx_word' id='word_1_857' title='bbox 3237 5565 3354 5622; x_wconf 74' lang='lat' dir='ltr'>xm,</span> <span class='ocrx_word' id='word_1_858' title='bbox 3395 5549 3488 5622; x_wconf 82' lang='lat'>20,</span> <span class='ocrx_word' id='word_1_859' title='bbox 3550 5549 3812 5608; x_wconf 75' lang='lat' dir='ltr'>Thesau-</span> 
     </span>
    </p>
   </div>
   <div class='ocr_carea' id='block_1_119' title="bbox 2145 5619 3573 5693">
    <p class='ocr_par' dir='ltr' id='par_1_119' title="bbox 2145 5619 3573 5693">
     <span class='ocr_line' id='line_1_119' title="bbox 2145 5619 3573 5693; baseline -0.001 -15"><span class='ocrx_word' id='word_1_860' title='bbox 2145 5619 2240 5678; x_wconf 86' lang='lat' dir='ltr'>rus</span> <span class='ocrx_word' id='word_1_861' title='bbox 2269 5621 2666 5693; x_wconf 79' lang='lat' dir='ltr'>desiderabilis,</span> <span class='ocrx_word' id='word_1_862' title='bbox 2698 5624 2748 5678; x_wconf 85' lang='lat' dir='ltr'>et</span> <span class='ocrx_word' id='word_1_863' title='bbox 2777 5622 2959 5680; x_wconf 81' lang='lat' dir='ltr'>oleum</span> <span class='ocrx_word' id='word_1_864' title='bbox 2989 5624 3050 5680; x_wconf 81' lang='lat' dir='ltr'>in</span> <span class='ocrx_word' id='word_1_865' title='bbox 3077 5619 3388 5680; x_wconf 77' lang='lat' dir='ltr'>habitacula</span> <span class='ocrx_word' id='word_1_866' title='bbox 3415 5621 3573 5691; x_wconf 64' lang='lat' dir='ltr'>iusti.</span> 
     </span>
    </p>
   </div>
  </div>
