4080 6174
212 216 293 274 329
728 206 1155 268 EXPOSITIO
1202 206 1279 264 ΙΝ
1327 206 1759 267 EPISTOLAS
1803 208 1846 266 P

1967 211 2064 269 Ll.
2107 244 2181 252 —
2218 212 2295 271 IN
2342 214 2593 275 EPIST.
2642 214 2665 271 Ι
2712 213 2817 273 AD
2862 213 3039 275 COR.

3490 223 3609 285 330

204 358 302 401 samo
324 338 460 411 quod
489 354 599 393 non
627 343 759 394 sunt
789 338 1074 409 condignae
1116 337 1409 408 passiones
1459 339 1622 410 hujus
1661 355 1831 393 mun-
1863 342 1914 405 Α
1948 340 2057 394 Sed
2094 342 2401 396 sciendum
2436 344 2574 415 quia
2596 361 2727 415 quae
2759 344 3007 415 probare
3036 345 3265 403 videtur
3293 351 3610 421 Apostolus

206 434 261 488 dit
284 431 440 501 (Rom.
473 445 596 491 vm,
632 428 740 494 18).
777 430 975 482 Potest
1006 426 1182 479 etiam
1215 424 1465 497 intelligi
1499 430 1565 482 ut
1595 428 1841 483 novissis
1950 434 2155 500 negat;
2193 436 2250 485 et
2281 448 2408 502 quae
2443 449 2655 505 negare
2695 432 2924 487 videtur
2956 436 3185 505 probat.
3236 437 3429 494 Verba
3457 442 3615 497 enim

209 537 301 577 mos
354 516 578 585 dixerit,
639 516 711 569 ad
769 513 1269 583 comparationem
1316 513 1636 584 priorum;

211 624 321 682 quos
350 605 569 677 primos
591 602 786 675 elegit,
812 603 1023 657 direxit
1039 602 1109 657 ad
1139 602 1377 657 Judaeos
1401 620 1413 669 ;
1454 620 1608 674 quos
1639 610 1838 659 autem

212 693 532 760 novissimos,
584 691 901 747 destinavit
950 691 1022 745 ad
1071 694 1325 762 gentes;
1386 690 1644 764 ideoque
1705 693 1836 748 ait:

211 793 476 855 Tamquam
504 782 675 835 morti
698 781 1022 846 destinatos,
1058 780 1114 833 id
1166 784 1277 844 est,
1328 779 1399 833 ad
1434 785 1721 846 mortem,
1768 781 1842 835 ad

213 873 469 947 supplicia,
503 872 573 927 ad
606 870 1044 943 persecutiones
1074 869 1358 924 diversas.

263 965 372 1031 Quia
425 961 789 1032 spectaculum
844 961 983 1030 facti
1038 975 1228 1013 sumus
1289 958 1521 1013 mundo.
1581 958 1740 1014 Elias
1791 960 1849 1011 et

215 1050 404 1109 Henoch
462 1052 602 1104 adeo
662 1047 1065 1119 spectaculum
1099 1051 1271 1101 erunt
1298 1046 1354 1099 in
1389 1048 1649 1113 mundo,
1682 1050 1755 1099 ut
1787 1046 1847 1099 in

209 1144 474 1213 conspectu
507 1137 688 1193 totius
723 1136 920 1208 populi
946 1134 1199 1190 inﬁdelis
1233 1135 1608 1203 occidantur,
1635 1138 1693 1189 et
1727 1149 1851 1187 cor-

210 1247 315 1304 pora
340 1243 533 1283 eorum
566 1224 952 1297 projiciantur
980 1224 1039 1278 in
1073 1223 1260 1294 platea
1291 1224 1360 1277 ad
1413 1223 1848 1278 confusionem

207 1318 445 1375 ﬁdelium.
497 1314 589 1370 Sic
646 1314 930 1368 nimirum
962 1311 1210 1383 apostoli
1256 1311 1669 1382 spectaculum
1709 1312 1852 1367 facti

208 1413 314 1464 sunt
331 1403 714 1471 mundo,dum
740 1403 799 1456 in
828 1406 1146 1473 conspectu
1170 1400 1598 1456 insultantium
1633 1402 1850 1454 contu-

207 1496 357 1553 meliis
384 1499 445 1550 et
475 1491 836 1548 cruciatibus
869 1495 1007 1546 sunt
1036 1490 1246 1544 ali‘ecti.
1304 1489 1516 1545 Mundo
1550 1488 1697 1543 dicit
1731 1504 1850 1542 non

207 1585 319 1642 coelo
347 1588 395 1639 et
431 1586 620 1647 terras,
655 1580 755 1636 sed
800 1578 1202 1635 habitantibus
1235 1578 1574 1643 mundum;
1608 1580 1853 1647 propter

1700 531 1837 571 nam
1948 522 2089 571 sunt
2166 518 2550 589 increpantis,
2628 521 2729 591 qui
2807 521 3118 577 conﬁtetur
3199 529 3487 598 negando,
3562 534 3621 587 et

1950 607 2286 661 conﬁtendo
2355 614 2551 678 negat,

2652 610 2869 681 quippe
2956 627 3055 682 per
3129 613 3379 672 ironiam
3464 619 3621 676 dicta

1953 698 2115 749 sunt.

2032 802 2207 871 Usque
2232 801 2289 855 in
2323 801 2467 855 hanc
2493 802 2685 856 horam
2707 820 2721 870 ;
2747 821 2935 875 usque
2965 807 3037 861 ad
3060 806 3169 863 hoc
3190 812 3509 882 tempus,id
3531 817 3623 869 est

1955 888 2132 943 etiam
2167 890 2324 960 apud
2358 906 2483 958 vos,
2514 895 2567 943 et
2598 894 2891 958 esurimus,
2921 898 2972 949 et
3017 897 3251 967 sitimus,
3283 907 3335 954 et
3358 901 3499 956 nudi
3526 918 3623 956 su-

1957 992 2097 1042 mus,
2131 984 2183 1031 et
2214 978 2469 1049 colaphis
2518 981 2818 1045 caedimur,
2863 985 2912 1034 et
2970 985 3253 1041 instabiles
3308 1004 3514 1059 sumus,
3570 993 3625 1043 et

1960 1064 2275 1121 laboramus
2306 1075 2593 1137 operantes
2624 1070 2886 1123 manibus
2915 1072 3132 1129 nostris.
3168 1076 3449 1145 Apostoli,
3482 1077 3627 1148 quia

1962 1153 2089 1208 sine
2149 1155 2495 1209 adulatione
2551 1160 2607 1210 et
2652 1158 2976 1212 secundum
3038 1161 3211 1216 ﬁdem
3271 1164 3623 1219 catholicam

1960 1241 2255 1323 Christum
2295 1244 2715 1315 praedicabant,
2739 1247 2979 1318 gratiosi
3013 1265 3128 1303 non
3160 1257 3344 1317 erant,
3378 1252 3629 1323 ideoque

1963 1320 2109 1385 nihil
2145 1334 2216 1387 ab
2251 1333 2624 1389 auditoribus
2642 1336 3007 1407 accipiebant
3041 1339 3195 1393 unde
3218 1320 3625 1396 sustentaren-

1963 1424 2097 1486 tur;
2132 1438 2195 1475 ac
2227 1437 2331 1492 per
2363 1421 2473 1476 hoc
2504 1425 3228 1493 esuriebant,sitiebant,et
3254 1429 3396 1482 nudi
3416 1432 3583 1484 erant
3609 1447 3623 1496 ;

1962 1507 2223 1580 colaphis
2239 1510 2418 1565 etiam
2431 1512 2971 1584 caedebantur,quia
2984 1515 3216 1585 publice
3228 1515 3628 1571 irridebantur

1962 1601 2018 1651 et
2036 1600 2564 1669 exprobrabantur.
2584 1601 2894 1657 Instabiles
2916 1603 3250 1674 erant,quia
3266 1603 3629 1675 fugabantur

208 1674 327 1746 quod
354 1687 669 1743 exponens,
704 1667 959 1739 subjecit
992 1685 1003 1721 :
1051 1671 1115 1722 Et
1143 1667 1378 1735 angelis,
1413 1670 1463 1721 et
1500 1664 1845 1719 hominibus.

1967 1686 2031 1739 ab
2063 1664 2405 1742 inﬁdelibus
2437 1688 2508 1743 de
2540 1688 2664 1743 loco
2696 1690 2751 1743 in
2786 1689 3004 1754 locum,
3040 1664 3111 1745 ne
3128 1664 3285 1746 .forte
3316 1664 3367 1747 si
3396 1691 3627 1748 diutius

204 1761 413 1834 Angelos
449 1764 647 1815 autem
681 1774 795 1812 non
830 1758 1013 1811 bonos
1042 1756 1255 1821 ait,sed
1291 1754 1590 1822 malos,de
1623 1752 1845 1824 quibus

215 1852 324 1906 dicit
371 1848 710 1920 Propheta:
772 1847 1145 1901 Immissiones
1214 1861 1311 1914 per
1368 1840 1603 1912 angelos
1670 1842 1848 1896 malos

204 1941 348 2010 (Psal.
373 1954 577 2004 χχχιιι,
631 1937 707 2003 8).
741 1932 1024 1989 Similiter
1053 1932 1342 2002 homines,
1381 1948 1498 1986 non
1550 1930 1844 1999 credulos,

207 2029 327 2098 (581)
375 2028 475 2083 sed
529 2022 816 2079 inﬁdeles.
877 2022 977 2076 His
1031 2023 1187 2076 enim
1244 2018 1658 2092 spectaculum
1704 2017 1846 2072 facti

200 2115 471 2187 sunt,quia
502 2112 875 2169 exsultabant
904 2115 960 2164 et
987 2106 1338 2165 laetabantur
1366 2108 1441 2162 de
1475 2121 1681 2161 eorum
1716 2122 1847 2175 pas-

202 2204 431 2259 sionibus
462 2208 522 2258 et
553 2201 864 2256 mortibus.
892 2200 1103 2254 Beatus
1122 2215 1255 2253 vero
1290 2194 1669 2267 Augustinus
1701 2193 1847 2249 dicit

196 2293 408 2365 angelos
460 2296 522 2347 et
552 2290 822 2346 homines
853 2292 973 2343 tam
1006 2288 1191 2342 bonos
1231 2302 1415 2357 quam
1448 2281 1640 2338 malos
1671 2298 1846 2353 posse

202 2381 444 2456 intelligi,
501 2386 567 2435 ut
615 2380 691 2435 sit
740 2394 951 2434 sensus
998 2395 1010 2431 :
1062 2374 1430 2448 spetaculum
1466 2372 1601 2426 facti
1638 2387 1847 2427 sumus

196 2472 416 2537 mundo,
452 2469 680 2542 angelis
716 2473 772 2522 et
797 2466 1177 2532 hominibus;
1212 2482 1330 2520 non
1362 2460 1843 2533 vituperantibus

195 2560 498 2628 solum,sed
522 2559 696 2614 etiam
717 2554 1261 2625 laudantibus,quia
1278 2553 1579 2608 habemus
1596 2548 1656 2603 in
1676 2549 1846 2604 nobis

190 2649 323 2719 quod
356 2649 528 2705 bonis
560 2645 787 2719 angelis
841 2643 1088 2717 placeat,
1118 2644 1412 2699 habemus
1467 2638 1627 2711 quod
1675 2637 1846 2693 malis

188 2737 504 2809 displiceat.
538 2736 632 2790 Sic
663 2739 720 2790 et
746 2734 865 2789 vita
888 2737 1090 2789 nostra
1111 2732 1386 2787 fidelibus
1422 2728 1633 2801 placet,
1670 2730 1727 2780 et
1756 2726 1843 2781 in-

186 2824 447 2881 ﬁdelibus
480 2824 769 2896 displicet.

238 2918 347 2970 Nos
378 2916 549 2970 stulti
575 2917 795 2985 propter
845 2913 1149 2977 Christum,
1201 2926 1291 2964 vos
1324 2911 1515 2962 autem
1560 2903 1848 2975 prudentes

178 3006 227 3057 in
242 3005 489 3059 Christo.
525 3000 813 3074 Apostoli,
837 3001 975 3071 quia
993 2999 1291 3054 Christum
1318 2995 1847 3065 diligentes,eaque

171 3065 729 3164 prmdicabantquae
754 3065 1118 3160 sapientibus
1142 3085 1349 3140 mundi
1372 3081 1555 3138 stulta
1574 3081 1847 3135 videban-
1878 3065 1920 3130 C

167 3185 608 3253 tur,propterea
640 3177 805 3232 stulti
834 3176 1194 3231 vocabantur
1220 3178 1461 3243 propter
1492 3169 1791 3223 Christum
1831 3194 1844 3233 ;

160 3270 364 3337 Ebion,
423 3273 490 3323 et
553 3265 889 3329 Cerintbus,
942 3263 1080 3334 quia
1135 3262 1320 3315 Deum
1385 3257 1599 3313 Filium
1634 3256 1847 3310 habere

162 3360 493 3431 negabant,
534 3358 636 3408 aut
698 3353 878 3407 Deum
915 3350 1212 3405 hominem
1244 3348 1394 3415 ﬁeri,
1436 3346 1522 3401 vel
1562 3345 1846 3417 virginem

158 3463 361 3516 parere
398 3442 721 3516 potuisse;
758 3438 966 3510 reliqui
1019 3454 1249 3509 quoque
1301 3435 1403 3508 qui
1454 3440 1655 3489 contra
1688 3433 1849 3487 Chri-

159 3542 307 3590 stum
349 3529 1083 3606 predicabant,sapientes
1115 3526 1172 3580 in
1205 3524 1435 3582 Christo
1468 3524 1844 3578 vocabantur.

160 3624 277 3679 Hec
302 3637 463 3694 ergo
504 3617 802 3673 sententia
833 3613 1356 3688 pseudoapostolos
1384 3610 1701 3683 redarguit,
1726 3611 1847 3682 qui,

162 3708 539 3784 eloquentiae
572 3707 841 3761 humanae
884 3705 1131 3759 nitorem
1165 3705 1492 3774 quzerentes
1546 3717 1610 3755 ea
1641 3699 1847 3770 praedi-

163 3803 375 3856 cabant
422 3812 570 3869 qua
610 3793 819 3848 mundi
860 3790 1225 3864 sapientibus
1274 3808 1389 3845 non
1430 3787 1846 3858 displicerent;

162 3889 416 3962 ideoque
452 3884 787 3957 prudentes
822 3882 879 3935 in
914 3880 1144 3935 Christo
1175 3882 1343 3933 vocat
1374 3894 1494 3931 eos.

224 3980 335 4034 Nos
394 3974 661 4046 inﬁrmi,
722 3987 809 4026 vos
871 3977 1056 4024 autem
1122 3974 1307 4039 feries.
1378 3963 1655 4036 Apostoli,
1715 3963 1853 4032 quia

158 4064 336 4122 libere
361 4072 427 4122 et
448 4065 808 4120 constanter
823 4057 1120 4113 Christum
1145 4051 1693 4129 praedicabantﬁdeo
1716 4069 1854 4123 pro-

160 4154 280 4221 bra,
344 4150 704 4216 molestias,
765 4147 1000 4217 vimque
1064 4146 1457 4216 patiebantur,
1520 4157 1582 4195 ac
1614 4158 1715 4211 per
1743 4140 1854 4195 hoc

156 4244 620 4314 judicabantur
642 4236 860 4292 infirmi
888 4252 901 4302 ;
935 4241 1173 4289 econtra
1194 4251 1228 4305 p

159 4332 236 4386 ita
297 4332 639 4388 Christum
701 4323 1117 4397 praedicabant,
1171 4327 1235 4376 ut
1291 4318 1558 4374 homines
1614 4334 1729 4372 non
1767 4317 1856 4371 of-

155 4421 507 4489 fenderent,
585 4414 774 4471 securi
836 4410 1210 4476 manebant;

154 4512 339 4579 fortes.

1959 1774 2016 1828 in
2048 1777 2253 1830 eodem
2286 1774 2415 1830 loco
2448 1781 2769 1844 manerent,
2814 1776 3011 1848 plures
3061 1779 3131 1832 ad
3182 1779 3355 1835 ﬁdem
3405 1780 3625 1837 Christi

1956 1869 2373 1919 converterent.
2413 1866 2784 1921 Laborabant
2814 1869 3122 1937 operantes
3155 1868 3428 1923 manibus
3472 1869 3626 1934 suis,

1918 2010 1919 2013 η
1958 1954 2111 2008 unde
2142 1954 2360 2007 victum
2395 1954 2768 2025 acquirerent
2799 1971 2915 2024 quo
2947 1958 3422 2011 sustentarentur
3453 1974 3466 2010 :
3503 1972 3625 2011 non

1959 2041 2148 2096 solum
2182 2042 2322 2112 quia
2370 2058 2502 2096 cum
2536 2041 2779 2114 gratiosi
2813 2058 2930 2096 non
2963 2043 3336 2110 essent,nihil
3367 2044 3628 2115 accipie-

1957 2129 2117 2197 bant,
2153 2130 2253 2184 sed
2290 2131 2428 2200 quia
2462 2130 2773 2200 indignum
2794 2130 3147 2199 judicabant
3175 2130 3399 2202 aliquid
3430 2133 3501 2186 ab
3528 2131 3626 2186 his

1956 2218 2214 2289 accipere
2263 2234 2412 2288 quos
2475 2218 2533 2270 in
2586 2217 2768 2271 tantis
2846 2217 3087 2288 ﬂagitiis
3138 2235 3266 2274 esse
3321 2220 3622 2287 videbant,

1957 2311 2192 2378 propter
2223 2305 2370 2360 illud
2396 2322 2409 2361 :
2435 2307 2629 2360 Oleum
2654 2309 2955 2376 peccatoris
2986 2322 3098 2361 non
3128 2309 3431 2379 impinguet
3460 2315 3626 2379 caput

1953 2411 2138 2450 meum
2167 2396 2339 2462 (Psal.
2375 2411 2501 2461 exn,
2559 2396 2638 2465 5).
2702 2395 2991 2449 Noverant
3020 2396 3177 2451 enim
3206 2398 3344 2468 quia
3373 2397 3627 2469 graviter

1957 2488 2177 2554 peccat,
2210 2489 2267 2538 et
2297 2483 2626 2537 libertatem
2689 2483 2974 2553 arguendi
3025 2484 3265 2550 amittit,
3299 2484 3398 2555 qui
3431 2485 3503 2539 ab
3553 2499 3623 2539 eo

1955 2572 2179 2642 aliquid
2232 2572 2462 2643 accipit,
2525 2571 2629 2641 qui
2688 2575 2994 2642 propterea
3051 2572 3281 2639 tribuit,
3321 2589 3392 2628 ne
3423 2573 3622 2628 redar-

1955 2665 2098 2731 guat
2145 2661 2317 2731 (532).

2026 2766 2303 2837 Sequitur
2337 2782 2350 2821 :
2382 2766 2799 2832 maledicimur,
2832 2768 2882 2819 et
2916 2764 3284 2820 benedicimus
3308 2782 3327 2825 ;
3358 2781 3625 2837 persecu-

1957 2856 2155 2910 tionem
2175 2856 2502 2924 patimur,et
2520 2854 2858 2908 sustinemus
2877 2873 2899 2917 ;
2922 2854 3448 2923 blasphemamur,et
3472 2855 3624 2911 obse-

1956 2959 2192 2997 cramus.
2225 2940 2743 3007 Maledicebantur,
2777 2946 2834 2994 et
2865 2940 3308 3005 benedicebant,
3342 2941 3482 3011 quia
3516 2959 3622 3013 pro

1961 3031 2130 3085 malis
2162 3030 2345 3085 vicem
2397 3045 2511 3083 non
2570 3029 2912 3095 reddebant,
2968 3034 3033 3083 ut
3073 3046 3171 3084 eos
3223 3029 3323 3099 qui
3356 3045 3417 3084 se
3469 3030 3622 3086 male

1960 3119 2289 3173 tractabant
2320 3134 2429 3171 sua
2462 3116 2743 3186 patientia
2773 3116 2845 3170 ad
2878 3116 3049 3171 ﬁdem
3083 3117 3297 3172 Christi
3330 3122 3623 3174 converte-

1964 3212 2108 3261 rent.
2145 3205 2611 3260 Persecutionem
2657 3204 3050 3275 patiebantur,
3111 3210 3167 3259 et
3225 3205 3619 3276 sustinebant,

1962 3296 2100 3366 quia
2131 3293 2617 3366 persequentibus
2650 3309 2765 3347 non
2798 3294 3170 3348 resistebant.
3232 3293 3620 3364 Blasphema-

1961 3384 2195 3449 bantur,
2225 3386 2280 3437 et
2312 3381 3137 3454 obsecrabant,quia,injuriis
3158 3389 3215 3437 et
3244 3384 3619 3441 contumeliis

1960 3472 2169 3540 affecti,
2203 3468 2545 3541 suppliciter
2574 3470 2980 3539 obsecrabant,
3016 3476 3081 3526 ut
3110 3487 3172 3526 se
3204 3471 3621 3542 permitterent

1960 3561 2200 3616 reddere
2231 3558 2541 3625 rationem,
2574 3558 2825 3623 scientes
2856 3560 2995 3631 quia
3026 3560 3075 3615 si
3108 3560 3164 3614 id
3199 3560 3620 3625 fieret,t‘acilius

1959 3666 2058 3705 eos
2080 3649 2152 3703 ad
2185 3648 2359 3702 ﬁdem
2391 3646 2602 3701 Christi
2631 3652 3055 3704 converterent.

2031 3763 2305 3833 Sequitur
2333 3779 2345 3815 :
2379 3772 2645 3831 tanquam
2673 3773 3038 3833 purgamenta
3069 3764 3230 3835 hujus
3262 3766 3460 3820 mundi
3485 3767 3622 3834 facti

1958 3852 2243 3907 sumus.Et
2272 3854 2359 3904 est
2387 3866 2595 3903 sensus
2634 3867 2645 3903 :
2672 3850 2817 3912 Quia
2848 3842 3240 3922 nosmetipsos
3272 3852 3620 3923 dejecimus,

1964 3940 2102 4011 quia
2158 3954 2274 3992 non
2330 3937 2816 4004 contradiximus,
2876 3938 3094 3994 idcirco
3146 3941 3621 4010 contemptibiles

1961 4026 2147 4082 habiti
2171 4030 2460 4092 sumus,et
2482 4023 2757 4079 vilissimi
2780 4026 3241 4081 omnium.Unde
3270 4042 3405 4080 mox
3426 4029 3623 4083 subdi-

1964 4122 2108 4170 tur:
2149 4113 2409 4168 Omnium
2460 4115 2765 4184 peripsima
2823 4114 2969 4185 (533)
3028 4131 3197 4186 usque
3247 4116 3449 4170 adhuc.
3483 4118 3624 4173 Per-

1235 4202 1686 4301 seudoa'posto‘li,
1720 4229 1857 4300 quia
1964 4204 2178 4276 ipsima
2206 4204 2363 4301 enim
2397 4208 2534 4257 sunt
2556 4202 2832 4301 quaslibet
2857 4203 3176 4301 vilia,velut
3204 4204 3628 4301 depilaturieﬁt

1966 4310 2201 4359 rasurae,
2235 4296 2292 4347 et
2323 4307 2683 4363 quascunque
2716 4292 2831 4348 alia
2862 4293 3209 4365 projectitia.
3247 4295 3417 4366 Usque
3440 4295 3626 4353 adhuc

1256 4409 1502 4478 ideoque
1571 4405 1709 4461 dicit
1763 4422 1861 4461 eos
1892 4417 1936 4480 Β
1971 4383 2130 4448 dicit,
2162 4382 2219 4436 id
2252 4384 2358 4448 est,
2394 4397 2581 4451 usque
2622 4383 2693 4436 ad
2727 4381 2835 4438 hoc
2867 4388 3124 4456 tempus.

2041 4497 2315 4568 Sequitur
2348 4514 2359 4551 :
2394 4499 2533 4554 Nam
2562 4501 2612 4553 si
2640 4499 2821 4554 decem
2850 4501 3014 4554 milia
3041 4499 3489 4572 paedagogorum,
3513 4506 3624 4558 etc.

224 4602 322 4655 Vos
381 4608 607 4654 autem
666 4592 898 4656 nobiles,
984 4605 1077 4643 nos
1126 4595 1312 4643 autem
1398 4585 1691 4657 ignobiles.
1753 4584 1860 4647 Qui
1970 4587 2303 4642 Notandum
2338 4587 2591 4658 quiaille
2619 4587 2998 4659 quiprimum
3021 4588 3470 4645 fundamentum
3493 4588 3627 4646 ﬁdei

149 4687 339 4743 Deum
377 4682 667 4742 Abrahae
696 4681 878 4735 fuisse
912 4676 1267 4750 promissum
1301 4679 1403 4731 aut
1429 4673 1729 4747 prophetis
1760 4690 1861 4727 an-
1967 4677 2130 4748 jacit,
2163 4675 2259 4731 ille
2300 4680 2463 4748 pater
2493 4676 2745 4742 dicitur;
2779 4676 2879 4747 qui
2909 4694 3042 4733 vero
3075 4677 3240 4733 illum
3275 4684 3629 4751 sequuntur,

147 4774 524 4834 nuntiatum
592 4770 912 4842 negabant,
962 4765 1185 4821 nobiles
1228 4764 1691 4829 aestimabantur,
1726 4762 1865 4832 quia
1978 4766 2298 4838 padagogi.
2328 4766 2681 4836 Paedagogus
2711 4765 2946 4821 Graecus
2977 4785 3169 4823 sermo
3202 4772 3312 4833 est,
3344 4773 3401 4824 et
3434 4770 3631 4824 Latine

149 4882 395 4922 omnem
438 4859 890 4931 antiquitatem
922 4853 1134 4910 Christi
1166 4852 1442 4925 promissi
1475 4869 1589 4906 non
1640 4851 1865 4905 Christo
1976 4855 2191 4909 dicitur
2236 4855 2609 4925 pedissequus,
2660 4858 2716 4908 et
2758 4856 3018 4911 eruditor
3070 4873 3423 4928 puerorum;
3459 4863 3631 4927 atque

142 4956 571 5011 ascribebant
610 4968 624 5016 ;
676 4944 1003 5003 econtrario
1036 4944 1133 5014 qui
1182 4942 1506 5006 Christum,
1540 4940 1864 4995 secundum
1980 4942 2252 4997 lascivum
2285 4946 2511 4996 aetatem
2544 4942 2864 4997 refrenans.
2892 4944 3003 4998 Iste
3035 4961 3310 5016 namque,
3344 4945 3482 5014 quia
3504 4944 3631 4995 fun-

144 5045 766 5114 promissionem,ex
792 5031 1033 5087 Abrahae
1065 5030 1286 5085 semine
1318 5039 1520 5084 natum
1555 5032 1611 5081 et
1641 5044 1868 5081 annun-
1979 5032 2321 5085 damentum
2356 5030 2486 5085 ﬁdei
2526 5030 2822 5100 injecerat,
2857 5037 3021 5103 pater
3050 5038 3193 5088 erat.
3227 5033 3295 5085 Et
3324 5032 3452 5085 ideo
3483 5028 3633 5083 dice-

143 5132 367 5190 tiatum
392 5150 431 5189 ει
457 5124 798 5204 prophetis
817 5117 1469 5189 asserebant,ignobiles
1491 5115 1868 5170 vocabantur.
1982 5120 2083 5174 bat
2113 5137 2125 5175 :
2158 5120 2275 5174 Non
2305 5122 2482 5175 tamen
2516 5134 2699 5174 omnes
2729 5120 2876 5191 (534)
2905 5125 3110 5191 patres.

209 5311 498 5384 (531)111
541 5307 762 5428 autog.
824 5301 945 5355 loco
987 5295 1238 5382 credulos
1291 5294 1595 5377 legebatur
1625 5293 1873 5377 crudeles
2056 5298 2200 5370 (532)
2284 5298 2367 5353 En
2436 5296 2600 5353 valde
2665 5302 2867 5354 notatu
2953 5297 3189 5368 dignam
3274 5292 3632 5353 observatio-

209 5387 303 5428 .nd
345 5378 700 5428 emenda!)
750 5388 845 5426 um
878 5387 1077 5427 censui
1134 5371 1325 5423 favore
1383 5366 1713 5428 antithems.
1764 5384 1875 5421 non
1984 5386 2141 5426 nem.

142 5366 845 5456 quod—emendandum
878 5370 1077 5456 censui
1108 5371 1325 5456 “favore
1358 5366 1723 5448 antithesis,
1764 5384 1875 5449 non
1984 5366 2201 5456 nemgn"
2236 5441 2281 5456 ῃ
2330 5439 2340 5456 1
2554 5442 2562 5451 _

136 5437 436 5521 gredulos,
470 5449 603 5507 sed
630 5442 911 5521 inﬁdeles,
972 5443 1043 5498 ad
1106 5438 1497 5495 imitationem
1529 5438 1871 5511 superioris,
2062 5443 2205 5521 (533)
2236 5439 2406 5521 Yulg.
2440 5442 2767 5521 peripscma,
2801 5441 2987 5498 Graece
3034 5437 3347 5510 Πεοιψημα.

136 5545 245 5587 non
286 5513 486 5585 bonos
525 5516 647 5577 sed
676 5513 866 5571 malos.
2060 5514 2208 5590 (534)
2241 5513 2409 5588 Vulg.
2442 5513 2660 5589 multos.

472 5651 777 5716 PA'riiOL.
827 5640 1141 5705 CXXXIV.
3280 5642 3351 5707 11
