4080 6174
439 302 564 362 ’331

1472 297 1810 358 ATTONIS
1858 293 2445 356 VERCELLENSIS
2492 291 2845 354 EPISCOPI

3744 287 3864 353 332

525 433 592 487 Et
622 445 802 503 quare
832 429 940 486 hoc
973 430 1197 486 dixerat
1249 429 1524 486 subditur
1555 447 1567 484 :
1603 436 1710 485 Per
1735 429 2098 500 Evangetium
2132 439 2186 503 Α
2214 426 2339 481 Non
2369 425 2525 481 enim
2557 423 2702 481 satis
2735 423 2844 478 fuit
2875 422 3184 496 epistolam
3243 422 3510 496 dirigere,
3544 437 3652 478 nec
3691 423 3870 479 etiam

453 537 556 594 ego
583 535 673 575 vos
701 520 875 590 genui
921 518 1089 590 (535).
1125 519 1184 573 In
1216 535 1281 574 eo
1321 518 1473 587 quod
1521 518 1661 573 dicit
1689 521 1877 588 genui,
1907 522 2102 573 osten-

454 609 613 664 ditur
641 624 769 664 esse
800 612 981 680 pater.
1017 607 1083 661 Et
1112 607 1241 662 ideo
1273 606 1432 674 dicit,
1468 611 1531 660 ut
1553 607 1693 661 dum
1725 607 1807 661 illi
1839 623 1974 661 eum
2007 622 2106 659 au-

454 696 648 752 dirent
676 702 922 768 patrem,
954 712 1016 752 se
1046 711 1173 752 esse
1216 699 1538 766 agnoscant
1583 694 1754 766 ﬁlios,
1787 700 1844 750 et
1885 693 2102 749 intelli-

458 791 601 858 gant
620 803 654 840 a
683 785 916 842 nemine
945 785 1025 839 ita
1053 783 1742 855 diligi,quemadmodum
1770 785 1842 839 ab
1873 783 1971 838 illo
2003 782 2104 853 qui

459 878 624 947 pater
651 879 759 942 est,
817 879 874 929 et
930 872 1208 928 libentius
1247 889 1380 928 eum
1437 873 1724 927 audirent.
1756 872 1964 927 Nullus
1995 872 2106 926 ita-

461 979 578 1036 que
616 970 1034 1019 extraneorum
1084 962 1340 1017 ﬁliorum
1372 978 1631 1017 amorem
1666 961 1793 1018 suis
1826 959 2110 1033 praeponit

464 1051 624 1106 filiis.

531 1142 674 1207 Rogo
702 1147 888 1194 autem
931 1153 1042 1203 vos,
1071 1140 1407 1208 fratres,etc.
1448 1136 1780 1192 Videndum
1813 1140 1902 1192 est
1930 1152 2111 1208 quare

457 1227 772 1300 Apostolus
801 1227 1012 1282 dixerit
1037 1226 1160 1282 suis
1191 1226 1576 1292 auditoribus,
1621 1225 1710 1280 vel
1741 1226 1895 1280 unde
1930 1243 1942 1280 :
1974 1226 2112 1280 Imi-

462 1325 658 1372 tatores
686 1317 796 1372 mei
823 1319 1006 1371 estote.
1031 1315 1361 1370 Notandum
1394 1315 1533 1386 quia
1563 1314 1821 1369 diversas
1849 1313 2112 1368 adversi-

461 1410 634 1475 tates,
667 1409 724 1458 et
751 1403 1281 1470 incommoditates,
1314 1407 1371 1456 et
1404 1403 1638 1467 famem,
1661 1406 1716 1455 et
1746 1401 1905 1457 sitim
1937 1417 2114 1456 causa

463 1493 676 1549 salutis
695 1492 927 1548 illorum
951 1491 1264 1557 sustinuit;
1290 1496 1347 1545 et
1367 1490 1496 1545 ideo
1519 1490 1782 1545 dicebat:
1808 1491 2114 1544 Imilatores

465 1585 576 1638 mei
624 1585 809 1647 estote,
852 1581 1019 1652 quasi
1069 1581 1320 1634 diceret:
1353 1579 1513 1633 Sicut
1569 1595 1673 1651 ego
1705 1595 1881 1634 causa
1911 1583 2112 1633 vestra:

467 1670 676 1727 salutis
709 1670 925 1725 multas
954 1669 1464 1725 incommoditates
1496 1667 1774 1732 sustinui,
1795 1668 1876 1722 ita
1905 1671 1961 1721 et
1989 1682 2112 1730 vos,

468 1760 682 1832 spretis
703 1756 1468 1831 pseudoapostolis,illorum
1488 1757 1906 1812 detractionem
1932 1756 2116 1827 parvi-

469 1848 737 1920 pendatis
769 1865 782 1903 :
815 1863 951 1902 nam
985 1862 1187 1901 corum
1219 1845 1641 1901 detractionem
1673 1845 1784 1916 ipsi
1832 1844 2117 1899 formida-

468 1938 648 2004 bant;
682 1936 849 2008 quasi
880 1936 1098 1991 diceret
1139 1951 1152 1989 :
1203 1935 1258 1988 Si
1304 1933 1409 1988 ﬁlii
1439 1935 1601 2004 estis,
1645 1934 1907 1989 debitum
1939 1933 2122 1988 hono-

468 2042 594 2082 rem
626 2025 850 2082 debetis
869 2025 1209 2096 impendere
1230 2024 1404 2094 patri,
1425 2028 1482 2078 et
1505 2024 1828 2078 imitatores
1851 2023 2120 2077 existere.

466 2115 661 2171 Variis
691 2114 849 2169 enim
879 2113 1023 2168 locis
1051 2112 1211 2167 varia
1240 2115 1328 2167 est
1356 2112 1598 2166 intentio
1637 2109 1897 2183 Apostoli
1926 2111 2122 2166 dicen—

466 2204 548 2258 tis
583 2219 596 2256 :
629 2203 931 2256 Imitatores
959 2202 1069 2255 mei
1096 2200 1388 2266 es!ote,sed
1423 2204 1617 2254 tamen
1653 2201 1710 2254 in
1743 2200 1852 2254 hoc
1882 2198 2007 2255 loco
2039 2205 2122 2254 ta-

467 2290 546 2344 lis
576 2294 668 2344 est
694 2288 962 2343 intentio.

541 2378 670 2434 Ideo
726 2376 912 2432 direxi
965 2376 1112 2447 (536)
1185 2375 1540 2440 Timotheum,
1607 2378 1715 2430 etc.
1775 2376 1916 2440 Quis
1968 2375 2124 2430 enim

470 2471 672 2524 mente
701 2465 1190 2537 comprehendere
1221 2469 1324 2520 aut
1367 2463 1559 2519 verbis
1596 2463 1883 2535 eXplicare
1915 2463 2127 2536 poterit

471 2557 745 2613 affectum
776 2554 936 2609 illius
966 2554 993 2608 ‘I
1022 2553 1146 2609 Non
1177 2553 1333 2608 enim
1365 2554 1512 2607 satis
1541 2552 1650 2607 fuit
1681 2552 1765 2607 eis
1814 2552 2123 2623 epistolam

471 2644 849 2717 dirigere,sed
876 2642 1052 2698 etiam
1069 2659 1245 2698 suum
1271 2641 1462 2697 filium
1488 2642 1865 2696 Timotheum
1894 2642 2125 2695 studuit

473 2735 764 2806 dirigere;
797 2737 998 2788 etnon
1049 2747 1432 2803 quaecunque,
1492 2730 1592 2786 sed
1637 2730 1810 2785 etiam
1867 2731 2125 2785 charissi-

472 2840 648 2880 mum.
680 2822 823 2878 Nam
846 2820 1062 2877 multos
1091 2818 1298 2874 habuit
1327 2819 1500 2874 ﬁlios.
1534 2817 1680 2874 alios
1709 2819 1940 2886 charos,
1981 2818 2126 2874 alios

475 2913 791 2982 chariores,
823 2909 968 2967 alios
995 2907 1375 2964 charissimos
1407 2923 1420 2962 :
1457 2907 1565 2963 iste
1583 2923 1718 2964 vero
1740 2906 2126 2963 charissimus

474 3005 621 3067 erat,
654 2999 793 3071 quia
849 3015 953 3070 pro
1011 2996 1255 3064 ﬁdelior,
1309 3012 1375 3051 eo
1423 2995 1670 3050 charior.
1713 2997 1784 3051 Et
1813 2996 1906 3051 his
1934 2996 2127 3051 verbis

473 3089 609 3146 illos
638 3087 846 3160 tangit,
881 3086 983 3158 qui
1013 3087 1085 3142 ab
1120 3087 1248 3156 ejus
1280 3085 1687 3157 prmdicatione
1717 3090 2078 3140 recesserant
2108 3100 2122 3139 ε

2217 514 2401 568 filium
2434 530 2609 568 suum
2632 511 3047 568 charissimam
3074 529 3087 580 ;
3123 511 3193 566 ad
3216 515 3541 567 extremum
3563 528 3696 567 vero
3719 529 3867 584 prae-

2216 604 2465 658 sentiam
2497 603 2586 657 sui
2621 601 2928 673 promittit,
2952 601 3197 656 dicendo
3232 619 3243 656 :
3281 601 3511 657 Veniam
3530 601 3602 656 ad
3625 617 3715 656 vos
3739 604 3868 656 cito.

2216 691 2327 746 Sed
2375 689 2503 745 vide
2534 706 2710 762 quam
2743 687 2990 746 discreta
3036 693 3092 744 et
3124 706 3301 761 quam
3353 695 3517 745 caute
3559 690 3873 762 loquatur;

2217 780 2372 834 dicet
2402 778 2556 834 enim
2592 797 2604 833 :
2637 778 2699 832 Si
2731 781 3000 833 Dominus
3055 779 3309 834 voluerit.
3370 779 3558 844 Quare
3587 777 3720 845 hoc,
3754 778 3876 833 nisi

2216 867 2357 938 quia
2388 871 2738 939 cognoverat
2790 868 2975 922 Deum
3007 867 3190 938 magis
3252 865 3401 922 scire
3432 867 3587 938 quod
3623 870 3783 922 esset
3815 863 3876 920 in

2217 955 2455 1010 homine
2513 971 2690 1026 quam
2724 953 3023 1010 hominem
3055 958 3076 1008 ξ’
3115 955 3248 1010 Ideo
3279 954 3388 1009 hoc
3420 955 3672 1019 dicebat,
3731 959 3800 1009 ut
3829 955 3878 1010 si

2217 1044 2369 1099 Deus
2401 1044 2792 1115 disposuisset
2818 1042 2985 1098 illum
3018 1042 3356 1109 venire,non
3387 1042 3589 1113 Paulo,
3622 1043 3726 1099 sed
3760 1044 3878 1098 Deo

2217 1131 2705 1204 ascriberent,qui
2729 1149 2864 1188 cum
2895 1133 3090 1186 venire
3111 1131 3422 1203 disposuit,
3447 1137 3504 1188 et
3525 1148 3716 1204 opera
3740 1148 3872 1204 pre-

2218 1222 2367 1275 tium
2390 1225 2546 1276 esset
2575 1220 2763 1292 gratia
2793 1220 2892 1275 Dei
2923 1220 3206 1275 adventus
3232 1239 3244 1287 ;
3289 1220 3337 1275 si
3367 1236 3499 1275 vero
3530 1237 3650 1276 non
3681 1219 3882 1276 venis-

2221 1314 2328 1374 set,
2363 1327 2478 1364 non
2518 1309 2655 1374 Deo,
2687 1309 2773 1364 vel
2796 1308 2995 1379 Paulo,
3030 1309 3132 1364 sed
3164 1309 3289 1364 suis
3321 1308 3543 1365 meritis
3574 1309 3882 1381 disputas-

2223 1403 2372 1463 sent,
2435 1398 2736 1469 quoniam,
2798 1397 3170 1468 exigentibus
3228 1397 3472 1464 meritis,
3515 1413 3651 1452 eum
3682 1397 3888 1453 venise

2226 1485 2474 1541 distulit.
2506 1485 2565 1540 Id
2599 1502 2714 1558 quo
2746 1486 2893 1541 facto
2917 1502 3226 1540 monemur
3250 1490 3313 1540 ut
3334 1503 3467 1541 cum
3489 1486 3718 1558 aliquid
3751 1503 3887 1558 pro-

2231 1575 2524 1630 mittimus
2555 1575 2730 1630 etiam
2756 1573 3313 1645 spiritale,dicamus
3348 1593 3360 1630 :
3395 1574 3442 1628 si
3466 1574 3757 1630 Dominus
3789 1592 3887 1630 vo-

2225 1662 2418 1729 luerit,
2453 1663 2509 1717 id
2543 1667 2631 1718 est
2662 1663 3014 1735 permiserit.

2149 1805 2195 1869 Β
2297 1796 2573 1867 Sequitur
2595 1812 2608 1849 :
2629 1797 2690 1850 Et
2709 1811 3026 1866 cognoscam
3054 1812 3161 1852 non
3196 1813 3505 1852 sermonem
3525 1813 3743 1862 eorum,
3776 1805 3886 1853 etc.

2234 1885 2566 1940 Notandum
2598 1885 2736 1956 quia
2763 1886 2963 1940 tandiu
2996 1886 3406 1942 manifestatur
3427 1885 3575 1942 falsa
3600 1887 3889 1952 doctrina,

2234 1989 2542 2044 quousque
2568 1989 2701 2028 vera
2720 1980 2996 2045 appareat
3019 1995 3033 2043 ;
3067 1991 3202 2030 cum
3222 1991 3356 2031 vero
3377 1991 3510 2030 vera
3529 1976 3891 2048 apparuerit,

2235 2062 2604 2118 obscuratur.
2633 2062 2719 2118 Ita
2749 2068 2806 2118 et
2835 2063 2950 2118 hic.
2975 2068 3038 2118 In
3071 2065 3322 2119 adventu
3349 2081 3603 2136 namque
3625 2065 3892 2136 Apostoli

2236 2150 2383 2206 falsa
2400 2151 2663 2207 doctrina
2680 2151 2996 2223 disparuit;
3022 2157 3079 2208 et
3100 2152 3231 2208 ideo
3253 2153 3423 2209 dicit:
3440 2156 3518 2208 Et
3543 2169 3888 2224 cognoscam,

2235 2244 2342 2295 etc.
2373 2241 2689 2296 Sermonem
2709 2240 2964 2313 appellat
2988 2241 3380 2312 eloquentiam
3406 2259 3419 2309 ;
3443 2244 3712 2298 virtutem
3733 2259 3888 2298 vero.

2235 2328 2538 2400 signorum
2569 2334 2628 2384 et
2655 2347 2919 2402 operum.
2952 2331 3018 2385 Et
3047 2347 3228 2402 quare
3268 2329 3476 2386 dixerit
3508 2347 3521 2384 :
3556 2330 3893 2402 Cognoscam

2233 2433 2320 2473 eos
2350 2420 2445 2488 qui
2473 2420 2813 2488 inﬂammati
2855 2419 3004 2492 (539)
3035 2430 3184 2492 sunt,
3219 2436 3332 2475 non
3349 2436 3632 2486 sermone,
3655 2421 3750 2476 sed
3778 2423 3891 2476 vir-

2233 2509 2368 2574 tute,
2393 2508 2748 2574 manifestat,
2776 2525 2910 2564 cum
2932 2509 3136 2564 subdit
3163 2526 3177 2565 :
3210 2510 3451 2581 Regnum
3477 2511 3578 2565 Dei
3594 2515 3808 2565 nonest
3833 2511 3895 2565 in

2233 2611 2497 2666 sermone,
2555 2597 2644 2651 sed
2673 2597 2732 2651 in
2761 2599 2960 2653 virtute
2979 2615 3000 2658 ,°
3053 2597 3110 2652 id
3143 2603 3249 2669 est,
3281 2599 3340 2652 in
3377 2598 3593 2654 virtute
3623 2593 3892 2671 operum,

2236 2684 2373 2756 quia
2394 2685 2546 2740 sicut
2566 2686 2832 2741 doctrina
2845 2686 3178 2759 evangelica
3195 2704 3308 2742 non
3327 2691 3416 2743 est
3433 2688 3490 2742 in
3515 2688 3896 2760 monte(540),

2236 2774 2336 2828 sed
2364 2772 2422 2827 in
2455 2773 2691 2839 virtute,
2724 2774 2805 2830 ita
2831 2780 2889 2830 et
2918 2791 3164 2847 regnum
3197 2777 3316 2831 Dei.

2308 2905 2584 2976 Sequitur
2617 2925 2630 2961 :
2664 2907 2803 2975 Quid
2832 2909 2995 2963 voltis
3016 2911 3041 2960 .9
3073 2910 3131 2963 In
3162 2911 3450 2980 virga,etc.
3487 2907 3719 2980 Duplex
3742 2910 3900 2965 enim

2238 2998 2362 3048 erat
2392 2994 2632 3049 affectus
2689 2995 3020 3066 apostolicae
3077 2997 3310 3063 mentis,
3358 2998 3416 3052 id
3447 3002 3537 3053 est
3579 2997 3818 3070 pietatis
3849 3002 3904 3054 et

2237 3081 2582 3138 severitatis.
2618 3083 2899 3154 Superius
2931 3084 3194 3152 dixerat;
3231 3087 3296 3141 Ut
3321 3086 3466 3156 ﬁlios
3497 3103 3653 3142 meos
3683 3087 3904 3142 charis-

476 3178 599 3252 qui,
633 3177 683 3233 si
713 3175 1094 3246 mansissent,
1127 3174 1271 3230 forte
1325 3178 1382 3229 et
1429 3173 1542 3244 ipsi
1574 3172 1905 3228 charissimi
1936 3174 2126 3229 effice-
2158 3163 2202 3230 C
2237 3171 2412 3226 simos
2437 3186 2631 3226 moneo
2659 3173 2706 3243 (Ι
2735 3171 2854 3228 Cor.
2885 3190 2960 3239 1v,
2995 3173 3118 3244 lli):
3160 3191 3315 3229 nunc
3345 3191 3480 3230 vero
3510 3175 3688 3248 virga
3720 3176 3905 3231 mina-

478 3271 702 3324 rentur.

547 3357 656 3412 Sed
687 3371 868 3427 quare
925 3355 1108 3410 istum
1166 3352 1432 3407 direxit?
1463 3353 1632 3408 Forte
1684 3352 1833 3420 ideo,
1875 3352 2015 3423 quia
2043 3351 2130 3406 illi

479 3443 756 3500 oblivioni
787 3441 1158 3496 tradiderunt
1200 3457 1325 3511 qua
1358 3441 1443 3495 eis
1486 3439 1731 3510 apostoli
1779 3441 2130 3511 praedicave-

480 3535 634 3588 rant.
669 3531 736 3585 Et
761 3530 892 3585 ideo
922 3529 1103 3584 istum
1134 3527 1468 3598 direxit,qui
1497 3531 1637 3582 nota
1667 3532 1790 3583 erat
1817 3528 1946 3597 ejus
1978 3545 2128 3599 prai—

483 3619 714 3690 dicatio,
748 3623 806 3674 et
826 3618 956 3688 ejus
987 3615 1262 3688 epistolas,
1297 3622 1361 3670 ut
1391 3633 1458 3672 ea
1488 3633 1617 3687 quae
1648 3615 1923 3671 oblivioni
1947 3618 2129 3673 tradi-

478 3710 688 3764 derant
718 3707 789 3761 ad
823 3703 1167 3761 memoriam
1197 3710 1510 3760 revocaret.
1561 3704 1622 3758 In
1655 3721 1768 3775 quo
1801 3705 1950 3760 facto
2006 3723 2129 3761 mo-

481 3801 694 3853 nentur
725 3794 1130 3867 praedicatores
1164 3797 1226 3848 ut
1257 3793 1526 3848 affectum
1569 3794 1800 3864 pietatis
1831 3797 1901 3849 ab
1942 3795 2058 3850 illis
2098 3812 2132 3850 a

479 3885 699 3958 quibus
729 3887 1164 3956 persequuntur
1192 3899 1308 3937 non
1340 3882 1903 3950 subtrahunt,sed,si
1931 3900 2130 3940 neces-

479 3975 622 4032 sitas
655 3973 849 4045 fuerit,
882 3989 985 4046 pro
1018 3970 1133 4027 illis
1156 3970 1303 4027 mori
1335 3972 1628 4026 studeant.

551 4063 618 4118 Et
646 4078 824 4134 quare
867 4061 1047 4116 istum
1079 4059 1353 4115 direxerit
1383 4060 1737 4127 manifestat,
1777 4062 2081 4116 subdendo
2115 4079 2128 4116 :

479 4153 589 4220 Qui
618 4168 706 4207 vos
735 4148 1193 4223 commonefaciat
1221 4149 1336 4203 vias
1368 4165 1515 4203 meas
1535 4165 1556 4211 ;
1588 4148 1644 4202 id
1677 4154 1767 4204 est
1805 4149 2132 4204 commoni-

477 4248 569 4297 tos
602 4257 706 4294 vos
737 4239 961 4293 reddat.
998 4237 1152 4291 Viam
1179 4253 1345 4292 suam
1378 4235 1629 4306 appellat
1659 4237 2130 4308 praedicationem

480 4333 538 4385 et
569 4327 965 4398 operationem
998 4341 1188 4380 suam.
1241 4326 1376 4392 Quae
1421 4333 1548 4379 sunt
1606 4327 1665 4380 in
1724 4324 1938 4380 Christo
1983 4328 2128 4382 Jesu.

477 4416 624 4472 Cum
655 4415 811 4470 enim
845 4413 1005 4481 dicit,
1032 4415 1089 4467 in
1118 4413 1336 4468 Christo
1366 4413 1514 4483 Iesu,
1540 4417 1593 4467 et
1621 4415 1762 4468 sicut
1793 4416 1853 4469 in
1885 4415 2132 4470 omnibus

480 4506 737 4562 Eeclesiis
765 4501 1208 4573 doceo,ostendit
1239 4518 1300 4557 se
1332 4499 1413 4554 nil
1439 4502 1734 4570 contrarii,
1760 4501 1840 4556 nil
1879 4503 2129 4574 perversi

480 4611 581 4651 eos
612 4593 881 4648 docuisse
915 4609 927 4656 ;
983 4596 1039 4646 et
1069 4590 1207 4644 dum
1269 4588 1353 4644 illi
1383 4590 1651 4644 audirent
1693 4591 2132 4661 generalitatem

478 4685 807 4751 observare,
845 4679 1090 4752 puderet
1115 4695 1213 4734 eos
1243 4695 1358 4734 non
1390 4695 1518 4734 esse
1548 4679 1964 4747 observatores,
1999 4681 2136 4751 quia

483 4787 598 4843 quo
619 4770 808 4842 magis
833 4767 1166 4840 specialitas
1187 4767 1343 4822 videt
1366 4767 1803 4839 generalitatem
1827 4768 2132 4824 observare

482 4859 726 4931 aliquid,
762 4857 950 4929 magis
995 4862 1339 4929 provocatur
1363 4856 1789 4912 observandum
1822 4857 1989 4927 (537).

554 4948 835 5019 Sequitur
871 4963 883 5000 :
921 4946 1139 5001 Veniam
1172 4945 1240 5000 ad
1272 4961 1360 5000 vos
1392 4946 1562 5015 (53,-),
1585 4950 1692 5000 etc.
1722 4947 2134 5002 Animadverte

478 5041 711 5111 quantas
734 5033 1151 5091 sollicitudinis
1174 5033 1345 5090 fuerit
1359 5034 1465 5089 iste
1482 5033 1752 5106 egregius
1769 5035 2130 5106 praedicator.

551 5252 699 5322 (535)
731 5247 902 5321 Vulg.
936 5267 1063 5306 nam
1094 5253 1153 5305 in
1216 5249 1426 5304 Christo
1474 5251 1599 5304 Iesu
1627 5265 1724 5320 per
1773 5251 2135 5321 Evangelium

479 5337 577 5392 ego
596 5338 695 5394 {vos
723 5325 910 5394 genui.

549 5393 695 5460 (5‘36)
728 5391 897 5466 Yulg.
930 5393 1056 5449 ideo
1083 5393 1214 5448 misi
1233 5391 1438 5466 adeas.

550 5459 792 5547 (53])"I,n
841 5459 1036 5547 autog.
1080 5479 1267 5535 marg.
1303 5462 1396 5516 hic
1428 5459 1643 5531 legitur
1672 5477 1797 5534 cap.
1833 5462 1928 5519 XX
1957 5483 1970 5534 ;
2004 5482 2130 5538 cap.

477 5549 613 5593 vero
645 5535 764 5589 XIX
791 5535 1018 5592 nullibi.

548 5606 697 5694 (538)
735 5606 993 5684 Vulgatas
1049 5611 1248 5665 autem
1319 5599 1642 5661 versiculus
1688 5603 1776 5675 18,
1839 5606 2063 5666 scilicet
2115 5625 2130 5667 :

2239 3262 2355 3313 tur.
2390 3260 2535 3325 Quid
2569 3262 2957 3331 mansuetius,
2995 3261 3133 3334 quid
3159 3263 3817 3335 misericordius,quam
3838 3267 3905 3320 ut

2240 3347 2391 3403 filios
2423 3365 2583 3404 meos
2615 3348 2996 3406 cbarissimos
3026 3352 3299 3407 monere?
3322 3353 3390 3407 Et
3421 3353 3566 3423 quid
3599 3351 3906 3410 crudelius

2240 3454 2417 3508 quam
2443 3437 2607 3510 virga
2637 3440 2896 3494 minari?
2928 3445 2992 3493 In
3023 3457 3138 3512 quo
3170 3442 3321 3496 facto
3346 3446 3666 3496 monentur
3695 3441 3908 3513 praedi-

2239 3531 2459 3581 catores
2495 3531 2556 3580 ut
2615 3532 2930 3599 utrumque
2963 3529 3233 3585 affectum
3264 3545 3400 3601 erga
3431 3546 3572 3585 suos
3613 3529 3903 3596 habeant,

2240 3613 2296 3666 id
2329 3620 2418 3668 est
2450 3615 2776 3670 severitatis
2835 3622 2891 3671 et
2922 3617 3156 3688 pietatis
3215 3635 3227 3673 :
3291 3619 3390 3672 sed
3422 3618 3524 3687 ita,
3561 3623 3626 3673 ut
3676 3636 3796 3674 non
3832 3617 3909 3674 sit

2239 3701 2492 3757 crudelis
2515 3719 2717 3758 eorum
2747 3705 3328 3777 severitas,quoniam
3350 3707 3398 3760 si
3431 3707 3673 3774 talis,ad
3697 3709 3910 3779 despe-

2242 3790 2522 3846 rationem
2551 3791 2731 3847 trahit
2755 3810 2768 3860 ;
2803 3793 2850 3848 si
2875 3810 3003 3848 vero
3032 3795 3281 3849 remissa
3303 3794 3508 3865 pietas,
3534 3794 3910 3867 negligentes

2242 3879 2398 3933 facit.
2457 3879 2526 3934 Et
2579 3880 2708 3934 ideo
2767 3881 2950 3953 pietas
2984 3899 3118 3936 cum
3153 3883 3482 3953 severitate,
3534 3887 3592 3938 et
3623 3885 3914 3939 severitas

2239 3984 2374 4022 cum
2418 3968 2630 4039 pietate
2662 3970 2833 4025 debet
2881 3987 3030 4026 esse.
3067 3971 3211 4026 Hinc
3270 3971 3548 4044 estquod
3601 3972 3716 4027 sub
3761 3967 3914 4027 mari

2241 4073 2397 4111 ameo
2428 4074 2543 4112 non
2605 4057 2794 4113 solum
2850 4059 3046 4127 boves,
3101 4061 3202 4116 sed
3254 4059 3430 4115 etiam
3486 4059 3688 4116 leones
3722 4061 3916 4117 fuisse

2239 4143 2517 4217 leguntur
2573 4147 2674 4216 (111
2729 4152 2858 4217 Reg.
2913 4164 3014 4213 vn,
3072 4148 3183 4218 29).
3243 4148 3391 4212 Quid
3445 4165 3548 4220 per
3579 4150 3762 4205 boves
3796 4148 3918 4204 nisi

2241 4232 2426 4303 pietas
2461 4234 2942 4304 praedicatorum;
2984 4236 3120 4308 quid
3153 4253 3255 4308 per
3286 4237 3506 4307 leones,
3550 4238 3666 4292 nisi
3722 4243 3917 4295 terror

2242 4320 2565 4376 severitatis
2598 4321 2865 4395 signatur
2894 4323 2922 4376 ?
2954 4324 3246 4380 Discimus
3278 4323 3433 4379 enim
3466 4324 3527 4379 in
3560 4326 3919 4396 praefatione

2241 4409 2493 4474 similem
2552 4427 2681 4466 esse
2734 4411 2981 4468 Paulum
3037 4413 3254 4486 Moysi:
3290 4415 3445 4485 quod
3479 4415 3661 4470 etiam
3693 4415 3761 4471 in
3804 4415 3920 4470 hoc

2162 4531 2209 4595 D
2243 4497 2366 4553 loco
2387 4500 2725 4555 manifestat
2748 4520 2761 4569 ;
2781 4517 2917 4556 nam
2941 4501 3094 4557 sicut
3115 4502 3328 4574 duplex
3354 4501 3601 4558 affectus
3624 4504 3925 4575 possede-

2245 4593 2332 4642 rat
2361 4588 2619 4642 animam
2656 4589 2936 4654 istius,ita
2967 4595 3024 4645 et
3052 4590 3259 4660 ipsius.
3289 4591 3529 4662 Legitur
3558 4590 3724 4647 enlm
3752 4593 3925 4666 quia,

2245 4691 2380 4730 cum
2413 4677 2772 4734 ascendisset
2828 4679 2887 4733 in
2920 4683 3175 4735 montem
3210 4680 3383 4748 (Exod.
3411 4681 3616 4752 χχχιι),
3660 4687 3732 4736 ut
3763 4683 3929 4737 acci-

2243 4770 2403 4835 peret
2443 4764 2652 4837 legem,
2694 4767 2839 4822 dixit
2878 4769 2929 4822 ei
2970 4768 3126 4824 Deus
3161 4787 3173 4824 :
3207 4769 3501 4825 Descende
3551 4769 3625 4825 de
3683 4776 3923 4840 monte,

2243 4853 2380 4923 quia
2420 4855 2675 4924 peccavit
2704 4855 2955 4927 populus
2985 4861 3210 4929 tuus,et
3236 4862 3508 4930 precante
3540 4858 3644 4914 illo
3675 4859 3931 4915 dimisit

2241 4941 2396 4996 Deus
2430 4959 2634 4998 noxam
2693 4945 2928 5016 populo,
2981 4951 3036 5001 et
3066 4947 3451 5002 descendente
3506 4946 3632 5013 illo,
3659 4949 3931 5021 triginta

2244 5029 2430 5086 millia
2460 5032 2607 5103 (541)
2638 5032 2961 5089 interficere
2986 5034 3341 5105 jussit.Vide
3375 5037 3513 5108 quia
3545 5034 3646 5091 ille
3671 5038 3792 5109 qui
3817 5038 3933 5093 mi-

2244 5260 2507 5317 tanquam
2537 5264 2642 5304 non
2674 5252 2942 5304 venturus
2994 5253 3101 5306 sim
3156 5251 3226 5305 ad
3281 5267 3396 5317 vos,
3441 5252 3615 5305 sicin

2242 5319 2722 5396 quidarn,_i_n_boc
2748 5327 2948 5396 nostro
2979 5329 3178 5394 autog.
3212 5322 3601 5378 desideratur.

2315 5393 2463 5464 (539)
2491 5391 2666 5464 Vulg.
2702 5392 2900 5463 inﬂati.

2315 5463 2462 5534 (540)
2492 5464 2698 5534 Autog.
2732 5465 2791 5518 in
2820 5472 3019 5520 monte.
3052 5465 3299 5521 fortasse
3328 5466 3384 5520 in
3415 5480 3693 5520 sermone.

2315 5534 2470 5662 φΗέ
2493 5535 2672 5616 Εαξοά.
2704 5537 2998 5618 νχχιιηὲβ,
3058 5536 3274 5620 legitur
3318 5535 3490 5618 quasi
3541 5535 3772 5610 viginti
3806 5537 3942 5596 tria

2315 5624 2324 5662 l
2351 5621 2405 5662 1a
2476 5622 2742 5662 ominum
2773 5607 3053 5662 cecidisse
3081 5625 3142 5662 1n
3172 5608 3272 5662 illa
3307 5608 3420 5662 die.

2243 5605 2405 5665 milia
2433 5605 2742 5664 hominum
2773 5606 3053 5667 cecidisse
3081 5605 3146 5666 i6
3172 5608 3272 5668 illa
3307 5605 3420 5668 die.

3617 5252 3762 5320 [lati
3792 5257 3934 5307 sunt
