4070 6168
264 298 374 357 333

818 300 1233 363 EXPOSITIO
1276 302 1353 362 IN
1402 301 1827 363 EPISTOLAS
1876 302 2129 363 PAULI.
2168 336 2243 347 —
2277 304 2353 364 ΙΝ
2403 302 2651 365 EPIST.
2700 304 2719 361 1
2769 304 2871 363 AD
2917 303 3092 364 COR.

3539 309 3658 367 334

266 430 634 487 sericorditer
664 436 966 502 optaverat
997 434 1066 489 de
1099 433 1246 489 libro
1287 434 1484 499 deleri,
1540 436 1898 492 descendens
1928 440 1981 505 Α
2013 435 2375 507 specialitate
2406 437 2599 501 fuerit,
2632 434 3654 508 abjiciendumest,quemadmodum

264 536 455 591 quam,
490 520 805 575 crudeliter
834 522 969 594 egit.

330 607 489 678 (CAP.
522 606 618 675 V.)
651 611 890 665 Omnino
919 610 1147 664 auditur
1174 613 1321 666 inter
1348 628 1436 667 vos
1459 614 1896 681 form‘catio,etc.

260 695 654 765 (542).Dicitur
684 713 697 751 :
732 698 971 751 Auditur
989 699 1287 769 fornicatio
1320 701 1485 761 talis;
1516 707 1571 753 et
1592 700 1779 770 qualis
1802 701 1897 767 sit,

262 784 559 840 subdendo
594 786 951 848 manifestat,
986 803 1119 841 cum
1153 787 1330 842 dicit:
1368 789 1560 855 Quatis
1599 805 1697 843 nec
1754 791 1903 843 inter

258 876 468 945 gentes;
524 873 579 927 id
638 878 744 941 est,
808 874 961 929 inter
996 874 1129 930 illos
1159 876 1257 947 qui
1292 893 1324 929 a
1371 876 1700 949 cognitione
1728 877 1898 932 alieni

260 961 550 1017 existunt:
586 962 740 1017 unde
771 963 949 1018 etiam
981 964 1231 1035 gentiles
1264 966 1559 1031 dicuntur,
1593 966 1761 1036 quasi
1812 982 1902 1037 ge-

259 1050 360 1106 niti
396 1049 561 1105 tales.
595 1051 663 1105 Et
690 1052 995 1107 sciendum
1021 1053 1159 1123 quia
1189 1056 1591 1125 exaggerando
1642 1054 1901 1126 loquitur

261 1138 597 1211 Apostolus,
631 1143 697 1193 ut
740 1139 825 1193 illi
877 1146 1259 1213 agnoscentes
1313 1158 1592 1214 magnum
1650 1142 1895 1208 facinus,

261 1227 604 1300 pceniterent
633 1231 690 1282 et
720 1227 1102 1283 salvarentur.
1139 1230 1201 1283 In
1244 1246 1357 1300 quo
1389 1230 1537 1285 facto
1588 1238 1900 1285 monentur

256 1316 663 1388 pradicatores
695 1320 760 1371 ut
790 1333 924 1371 cum
948 1317 1018 1372 de
1049 1317 1244 1388 aliquo
1277 1318 1531 1373 facinore
1552 1317 1895 1389 loquuntur,

257 1405 656 1477 exaggerando
686 1404 1023 1477 loquantur,
1057 1406 1195 1477 quia
1220 1411 1358 1461 sunt
1389 1406 1632 1461 nonnuli
1664 1406 1898 1477 mali,et

254 1491 525 1565 perversi,
552 1492 802 1548 maxime
834 1493 1150 1564 simplices,
1188 1494 1405 1565 quibus
1436 1495 1483 1550 si
1516 1494 1762 1550 remisso
1803 1512 1893 1549 or-

254 1581 382 1636 dine
412 1581 622 1636 vitium
651 1582 1014 1653 increpetur,
1060 1598 1302 1654 parvum
1336 1583 1709 1639 considerant
1767 1599 1894 1638 esse

255 1669 541 1741 ﬂagitium
569 1695 583 1739 ;
605 1687 740 1726 nam
760 1671 1086 1727 secundum
1111 1671 1351 1726 modum
1375 1671 1894 1742 locutionis,quan-

249 1758 476 1859 titatem
509 1758 847 1831 intelligunt
867 1775 994 1815 esse
1011 1760 1325 1831 peccati.Et
1344 1760 1473 1816 ideo
1491 1760 1893 1832 exaggerando
1922 1794 1970 1859 B

246 1845 403 1918 loqui
438 1847 669 1917 debent,
702 1852 767 1903 ut
796 1848 937 1903 dum
968 1849 1237 1914 audiunt,
1265 1852 1587 1920 agnoscant
1609 1864 1890 1920 magnum

244 1934 493 2001 facinus,
521 1940 576 1990 et
605 1937 884 2007 poeniteat
915 1952 1012 1992 eos
1044 1936 1177 1990 facti
1205 1936 1316 2001 sui,
1352 1943 1408 1991 et
1451 1936 1764 1992 salvantur.

312 2022 632 2094 Sequitur:
667 2026 756 2079 Ita
786 2033 844 2079 ut
874 2026 993 2094 quis
1014 2041 1241 2079 umorem
1273 2028 1451 2096 patris
1482 2026 1695 2080 habeat.
1731 2024 1893 2079 Dixe-

240 2118 327 2167 rat
356 2112 517 2168 enim
551 2113 824 2184 superius
846 2113 1067 2168 crimen
1089 2114 1490 2169 fornicationis
1512 2114 1889 2185 generaliter;

241 2217 376 2256 nam
395 2201 702 2256 fornicatio
735 2201 1136 2257 multashabet
1162 2202 1618 2272 signiﬁcationes
1649 2220 1662 2269 ;
1694 2202 1889 2257 etideo

230 2290 497 2358 speciem
531 2290 837 2359 subjunxit
862 2308 873 2345 :
900 2291 980 2345 Ita
1010 2296 1067 2345 ut
1097 2293 1195 2360 qui
1226 2306 1449 2346 uxorem
1462 2293 1645 2361 patris
1667 2290 1886 2347 habeat.

241 2378 353 2431 iste
372 2377 532 2432 enim
556 2378 785 2449 publice
810 2394 1112 2434 novercam
1137 2394 1305 2434 suam
1332 2384 1631 2450 acceperat
1656 2397 1667 2445 ;
1688 2380 1888 2435 etideo

237 2466 490 2521 dicebat.
525 2466 636 2522 Sed
669 2472 806 2521 nota
836 2467 972 2538 quia
1002 2468 1467 2538 unumquodque
1493 2467 1739 2534 facinus,
1773 2485 1888 2538 quo

236 2555 431 2609 rarius
464 2559 747 2625 patratur,
780 2571 845 2610 eo
878 2556 1133 2611 deterius
1170 2556 1658 2611 babetur.Rarius
1690 2561 1891 2627 peccat

237 2643 416 2699 homo
446 2643 506 2698 in
538 2644 989 2716 consanguineis
1015 2662 1026 2699 :
1062 2649 1119 2700 et
1150 2661 1265 2715 quo
1296 2645 1503 2713 rarius,
1540 2662 1606 2700 eo
1630 2646 1887 2701 deterius

238 2733 441 2804 ipsum
471 2732 676 2787 vitium
707 2732 972 2787 habetur.
1008 2738 1124 2789 Iste
1154 2734 1310 2788 enim
1340 2734 1398 2787 in
1452 2733 1889 2805 consanguinea

237 2826 602 2893 peccaverat,
638 2820 776 2893 quia
806 2838 1041 2877 uxorem
1074 2823 1258 2893 patris
1290 2829 1608 2894 acceperat.

307 2913 628 2984 Sequitur:
666 2916 729 2966 Et
760 2927 849 2966 vos
878 2913 1063 2980 inﬂati
1089 2913 1242 2977 estis,
1277 2916 1384 2967 etc.
1410 2915 1552 2966 Cum
1583 2912 1739 2967 enim
1797 2913 1887 2966 in-

234 3006 322 3056 ter
356 3001 507 3056 istos
526 3005 646 3055 tam
673 3016 952 3071 magnum
972 3000 1198 3053 facinus
1223 3000 1429 3054 fuisset
1448 3003 1887 3071 patratum,non

235 3089 432 3160 magis
469 3088 691 3143 luctum
724 3088 1076 3151 habuerunt,
1110 3087 1208 3140 sed
1242 3087 1637 3157 potiusinflati
1662 3087 1891 3142 exstite-

2011 523 2105 578 hic
2136 524 2277 578 dicit
2306 526 2642 596 Apostolus.

2081 613 2361 684 Sequitur
2389 630 2400 666 :
2431 615 2540 682 Ego
2569 613 2785 683 quidem
2803 613 2999 668 absens
3014 615 3523 687 corpore,etc.(543)
3546 617 3659 671 Ab-

2012 717 2146 756 sens
2177 706 2301 755 erat
2331 700 2483 755 enim
2514 700 2625 755 iste
2648 717 2841 771 carne,
2890 700 2990 755 sed
3018 705 3216 754 tamen
3248 717 3501 772 praesens
3532 708 3657 759 erat

2010 788 2110 844 illo
2142 789 2371 860 spiritu,
2405 789 2502 860 qui
2536 789 2718 858 replet
2746 790 2946 844 orbem
2978 794 3267 843 terrarum
3297 791 3653 859 virtute,non

2012 879 2183 933 mole.
2207 877 2335 932 Alio
2366 893 2499 932 vero
2534 893 2711 931 sensu
2742 877 2843 932 illo
2865 877 3073 947 spiritu
3107 893 3361 948 prasens
3382 882 3649 951 erat,quo

2009 964 2238 1020 Eliseus
2270 965 2445 1031 Giezi,
2479 981 2612 1019 cum
2647 965 2875 1019 dicebat
2901 983 2912 1019 :
2944 967 3084 1020 Num
3104 982 3212 1021 non
3243 981 3485 1037 prxsens
3506 969 3654 1039 (544)

2007 1069 2179 1120 eram,
2213 1053 2431 1124 quando
2453 1053 2689 1108 occurrit
2715 1053 2818 1107 tibi
2865 1053 3042 1118 homo,
3073 1063 3126 1109 et
3174 1055 3311 1110 talia
3332 1056 3574 1110 tribuit?
3592 1056 3657 1111 Et

2010 1158 2125 1213 quo
2141 1142 2353 1213 spiritu
2368 1141 2711 1196 benedictus
2727 1140 2917 1194 adfuit
2931 1141 3355 1213 suis,sequitur
3378 1159 3391 1199 :
3415 1146 3657 1214 Congre-

2007 1231 2153 1297 gatis
2181 1231 2627 1298 vobis,etc.Bene
2650 1228 2792 1282 dicit
2822 1228 2879 1280 in
2912 1228 3149 1283 nomine
3198 1232 3431 1286 Domini
3483 1233 3659 1289 Jesus

2006 1319 2145 1388 quia
2176 1317 2322 1372 nihil
2347 1318 2584 1388 prodest
2614 1319 2932 1372 conventus
2963 1315 3089 1370 sine
3109 1315 3353 1373 Domino
3376 1319 3535 1376 Jesu.
3562 1321 3660 1375 Se-

2006 1407 2245 1479 quitur:
2278 1407 2547 1471 Judicavi,
2589 1411 2698 1461 etc.
2728 1423 2741 1471 ;
2773 1405 2941 1474 quasi
2974 1403 3166 1459 dicat:
3198 1406 3326 1459 Jam
3378 1407 3658 1476 judicavi;

2005 1499 2071 1549 ut
2098 1494 2339 1550 tollatur
2367 1496 2437 1549 de
2460 1494 2653 1550 medio
2682 1498 2963 1559 vestrum,
2994 1497 3047 1546 et
3067 1492 3260 1561 judico
3290 1494 3643 1563 tradere,etc.

2002 1582 2174 1638 Varie
2199 1582 2355 1637 enim
2382 1582 2497 1637 iste
2526 1582 2689 1637 locus
2712 1598 2745 1635 a
2769 1580 3106 1635 doctoribus
3135 1578 3468 1649 exponitur.
3502 1582 3657 1637 Non-

2004 1670 2152 1725 nulli
2178 1671 2381 1725 dicunt
2402 1687 2537 1726 eum
2560 1672 2794 1726 Satanae
2812 1669 3098 1724 traditum
3123 1667 3391 1737 fuisse,id
3414 1669 3656 1736 est,dia-

2003 1759 2156 1825 bolo,
2194 1759 2265 1813 ad
2298 1759 2651 1826 vexandum,
2685 1763 2751 1813 ut
2781 1761 3025 1813 vexatus
3057 1762 3400 1827 agnosceret
3424 1755 3657 1828 culpam

2000 1864 2195 1912 suam,
2256 1853 2312 1902 et
2370 1847 2673 1919 paeniteret
2703 1861 2835 1902 eum
2899 1844 3033 1901 facti
3077 1845 3191 1911 sui,
3223 1849 3281 1899 et
3310 1844 3654 1901 salvaretur.

2001 1935 2253 1991 Nonnuli
2286 1938 2489 1990 dicunt
2534 1951 2669 1990 eum
2708 1952 2743 1989 a
2801 1932 3215 1989 communione
3245 1932 3560 2004 privatum,
3589 1938 3659 1989 ut

2000 2025 2526 2079 excommunicatio
2557 2022 2923 2093 intelligatur
2950 2037 3056 2092 per
3074 2020 3660 2075 Satanam.Nonnulli

1999 2112 2640 2183 intelliguntcarcerem
2672 2111 2847 2181 :quod
2869 2110 3119 2164 maxime
3164 2109 3522 2164 credendum
3547 2113 3658 2177 est,

2001 2201 2140 2273 quia
2168 2202 2415 2255 Satanas
2445 2200 2641 2270 aliqua
2671 2198 3054 2253 contrarietas
3071 2195 3157 2251 vel
3192 2196 3513 2251 adversitas
3535 2201 3647 2251 est.

1999 2291 2065 2344 Et
2096 2294 2253 2353 nota,
2288 2290 2427 2359 quia
2457 2288 2564 2342 hoc
2588 2286 2881 2357 judicium
2914 2301 3029 2340 non
3067 2300 3137 2338 ex
3156 2282 3518 2353 crudelitate,
3554 2284 3658 2339 sed

1998 2393 2067 2433 ex
2098 2379 2310 2448 pietate
2338 2377 2670 2443 descendit;
2731 2380 2788 2429 et
2847 2372 3049 2428 subdit
3084 2388 3096 2425 :
3134 2373 3199 2427 Ut
3258 2373 3488 2442 spiritus
3536 2372 3657 2427 sat-

1996 2483 2095 2521 vus
2126 2471 2201 2520 sit
2223 2483 2241 2525 ;
2272 2470 2328 2519 et
2357 2464 2495 2519 alibi
2522 2482 2534 2519 :
2568 2466 2682 2533 Qui
2700 2461 3017 2517 inobediens
3043 2460 3206 2515 verba
3237 2468 3425 2516 nostra
3464 2462 3657 2529 fuerit,

2001 2556 2145 2609 hunc
2174 2572 2273 2626 per
2300 2554 2591 2624 epistolam
2616 2555 2883 2621 notate,ut
2910 2565 3019 2604 non
3043 2550 3472 2623 conjungamini.
3490 2550 3561 2616 ei,
3583 2558 3656 2604 ut

2006 2643 2431 2715 confundatur;
2460 2650 2831 2697 verumtamen
2862 2654 2975 2694 non
3004 2643 3062 2692 ut
3114 2639 3404 2692 inimicum
3454 2638 3657 2692 existi-

2002 2738 2172 2787 mate.
2205 2732 2303 2787 sed
2332 2733 2600 2800 corrigite
2622 2733 2681 2785 ut
2711 2732 2949 2801 fratrem
2983 2728 3059 2800 (II
3088 2727 3266 2782 Thess.
3302 2742 3387 2794 Ill,
3421 2727 3529 2797 14).

2071 2822 2303 2876 Dixerat
2331 2819 2502 2891 paulo
2533 2819 2805 2890 superius
2837 2834 2938 2872 eos
2969 2815 3226 2881 inﬂatos,
3259 2831 3392 2870 cum
3465 2815 3655 2887 magis

1998 2910 2221 2964 luctum
2254 2909 2466 2962 habere
2499 2905 2936 2961 debuissent.Et
2966 2904 3074 2958 hoc
3107 2903 3239 2958 aliis
3269 2903 3464 2958 verbis
3495 2919 3657 2974 repe-

1999 2999 2089 3068 tit,
2123 3014 2255 3052 cum
2279 2997 2459 3051 dicit:
2494 2997 2612 3050 Non
2645 2996 2783 3049 bona
2811 2992 3071 3061 gloriatio
3109 2994 3310 3045 vestra.
3374 2992 3479 3045 Pro
3539 3006 3656 3061 quo

2000 3087 2249 3141 habetur
2267 3085 2322 3138 in
2359 3085 2554 3139 Graeco
2576 3102 2594 3137 :
2618 3084 2770 3137 bona
2795 3080 3061 3152 gloriatio
3082 3083 3276 3134 vestra
3300 3096 3313 3145 ;
3338 3079 3396 3132 id
3417 3084 3654 3144 est,non

231 3155 377 3232 runt
408 3194 421 3243 ;
460 3182 517 3232 et
548 3178 675 3232 ideo
706 3176 845 3231 dicit
877 3174 1195 3246 Apostolus
1222 3155 1321 3230 :‘Et
1350 3190 1438 3229 vos
1462 3176 1650 3243 inﬂati
1677 3176 1889 3243 eslzs,et
1920 3155 1962 3220 (ἶ
2002 3177 2155 3230 bona
2182 3192 2194 3241 ;
2228 3172 2412 3227 inﬂati
2443 3187 2697 3242 namque
2726 3174 2910 3237 erant,
2944 3184 3079 3221 cum
3120 3167 3311 3238 magis
3356 3170 3653 3236 oporteret

226 3281 342 3320 non
375 3270 564 3334 magis
596 3268 800 3320 luctum
831 3265 1117 3319 habuistis.
1155 3262 1374 3318 Accidit
1403 3262 1557 3317 enim
1583 3264 1734 3319 inter
1763 3263 1891 3317 illos

224 3355 374 3410 talis
409 3354 738 3422 fornicatio,
774 3354 967 3421 qualis
998 3369 1103 3407 nec
1132 3353 1282 3406 inter
1311 3357 1512 3422 gentes
1541 3369 1554 3409 :
1578 3356 1634 3405 et
1654 3352 1749 3406 isti
1775 3369 1890 3408 non

219 3443 543 3508 luxerunt,
578 3444 677 3498 sed
710 3442 895 3497 inﬂati
930 3441 1312 3508 exstiterunt;
1354 3445 1410 3495 et
1460 3440 1588 3495 ideo
1620 3442 1727 3495 hoc
1750 3442 1891 3495 dicit

220 3531 580 3604 Apostolus.
640 3532 783 3586 Nam
845 3536 1177 3586 sanctorum
1237 3536 1323 3585 est
1380 3528 1627 3584 aliorum
1657 3533 1891 3601 peccata

224 3623 474 3688 deﬂere,
514 3630 572 3675 ut
602 3620 884 3676 Jeremias
909 3636 921 3672 :
957 3620 1088 3686 Quis
1115 3619 1266 3673 dabit
1294 3620 1466 3689 capiti
1494 3634 1611 3673 meo
1638 3635 1846 3689 aquam
1862 3619 1890 3673 *Ι

227 3713 361 3782 (Jer.
402 3728 491 3778 1x,
526 3711 598 3778 1),
627 3713 770 3775 etc.;
800 3712 857 3762 et
883 3707 1112 3762 Samuel
1144 3706 1355 3779 legitur
1381 3707 1608 3761 ﬂevisse
1653 3707 1888 3762 Saulem

226 3802 272 3871 (Ι
301 3804 446 3873 Reg.
486 3816 579 3865 xv,
610 3796 1197 3868 35).Dominusetiam
1216 3796 1374 3851 ﬂevit
1394 3796 1625 3849 ruinam
1656 3797 1887 3866 perﬁdae

230 3889 517 3956 civitatis,
565 3887 848 3941 dicendo:
912 3885 970 3939 Si
1024 3886 1360 3954 cognovisses
1387 3888 1436 3938 et
1466 3888 1527 3937 tu
1581 3884 1715 3954 (Luc
1770 3900 1886 3937 xxx.

234 3980 323 4050 42)
357 3975 767 4049 (subauditur.
801 3974 1015 4043 ﬂeres).
1048 3972 1211 4027 Unde
1270 3971 1411 4026 dicit
1439 3971 1645 4026 beatus
1677 3973 1889 4042 Grego-

232 4069 393 4135 rius;
431 4067 586 4123 Cum
635 4064 791 4120 enim
842 4062 1071 4134 perfidae
1125 4061 1375 4115 civitatis
1435 4059 1664 4114 ruinam
1715 4060 1887 4125 ﬂevit,

229 4154 583 4209 ostenditur
612 4150 871 4222 quotidie
886 4150 1021 4204 ﬁere
1040 4152 1274 4220 peccata
1295 4147 1385 4202 sui
1408 4146 1608 4219 populi
1632 4162 1732 4218 per
1752 4163 1891 4201 suos

228 4243 681 4314 praedicatores,
713 4239 823 4293 Sed
856 4237 953 4293 isti
984 4253 1099 4291 non
1135 4241 1300 4292 erant
1331 4236 1499 4304 tales,
1532 4240 1588 4290 et
1617 4236 1745 4291 ideo
1802 4237 1889 4291 in-

227 4332 560 4387 flabantur.

296 4420 635 4494 Sequitur:
702 4418 762 4473 Ut
814 4415 1043 4471 tollatur
1092 4414 1155 4469 de
1181 4413 1358 4468 medio
1400 4420 1658 4467 vestrum.
1692 4417 1800 4469 etc.
1833 4413 1893 4468 Si

2002 3281 2100 3319 eos
2130 3262 2355 3317 luctum
2384 3261 2617 3325 habere,
2651 3258 2807 3330 quod
2837 3261 3068 3311 tantum
3100 3255 3257 3309 inter
3283 3270 3381 3309 eos
3438 3254 3652 3309 accidit

2002 3353 2242 3407 crimen.
2279 3352 2535 3415 Quorum
2568 3347 2737 3402 multi
2768 3344 3148 3401 inveniuntur
3176 3343 3521 3409 imitatores,
3551 3342 3653 3412 qui

2003 3458 2105 3495 nec
2129 3454 2431 3507 suam,nec
2453 3437 2697 3492 aliorum
2722 3440 2970 3491 mortem
2987 3432 3359 3505 lugent.Nam
3376 3430 3647 3486 nonnulli

2000 3530 2141 3583 adeo
2174 3527 2397 3598 decepti
2430 3531 2571 3581 sunt
2600 3523 2852 3591 diabolo,
2885 3527 2950 3577 ut
2980 3539 3095 3577 non
3128 3521 3319 3577 solum
3381 3536 3494 3575 non
3554 3519 3644 3574 lu-

1999 3622 2173 3689 geant
2202 3616 2287 3671 vel
2320 3633 2446 3685 sua,
2478 3614 2564 3669 vel
2597 3614 2844 3669 aliorum
2868 3616 3126 3684 peccata,
3161 3610 3259 3665 sed
3283 3626 3398 3681 quo
3418 3610 3643 3680 majora

1998 3705 2087 3761 vel
2117 3705 2229 3774 ipsi
2258 3702 2651 3769 commitiunt,
2679 3701 2767 3756 vel
2795 3700 2941 3755 alios
2969 3699 3222 3754 videant.
3277 3715 3343 3754 eo
3396 3697 3646 3753 laetiores

2000 3794 2269 3862 existant,
2305 3794 2374 3847 de
2402 3792 2618 3862 quibus
2638 3790 2913 3845 Salomon
2937 3804 2949 3841 :
2976 3791 3259 3843 Laetamur
3287 3786 3500 3858 inquit,
3522 3801 3649 3840 cum

2000 3884 2143 3937 male
2172 3882 2403 3952 fecerint
2434 3881 2612 3949 (Prov.
2646 3895 2707 3945 ιι,
2744 3879 2854 3945 14),
2887 3881 2962 3931 et.
2994 3875 3272 3946 Sequitur
3299 3891 3312 3929 :
3358 3875 3507 3944 (445)
3539 3875 3649 3929 Ne—

1999 3971 2157 4024 scitis
2218 3970 2359 4038 quia
2390 3967 2663 4022 modieum
2688 3962 3364 4034 fermentum,etc.0uasi
3387 3961 3645 4015 diceret:

1999 4057 2170 4112 Scitis
2200 4056 2357 4126 quia,
2392 4071 2504 4108 non
2541 4051 2731 4106 solum
2762 4050 2811 4104 si
2846 4066 3059 4118 magna
3090 4064 3225 4119 pars
3245 4048 3515 4101 fermenti
3538 4047 3643 4101 ad-

1995 4148 2201 4216 juncta
2222 4158 2429 4197 massae
2452 4137 2775 4209 corrumpit
2804 4135 3060 4204 eam,sed
3090 4135 3266 4190 etiam
3298 4134 3345 4188 si
3366 4135 3418 4189 ei
3446 4133 3647 4205 aliqua

2000 4226 2667 4305 particula,velscintilla
2687 4226 3165 4291 admisceatur;et
3190 4239 3323 4278 eum
3348 4223 3458 4279 hoc
3489 4224 3650 4279 scia-

2002 4323 2099 4390 tis,
2133 4338 2236 4376 cur
2264 4324 2492 4375 tantum
2526 4316 2769 4382 crimen,
2801 4314 2957 4386 quod
2995 4319 3248 4368 vestram
3310 4312 3648 4369 societatem

2002 4411 2266 4467 scindere
2279 4413 2614 4480 potest,non
2629 4422 2663 4459 a
2677 4405 2842 4459 vobis
2858 4401 3141 4474 repellitis
3161 4402 3189 4456 ?
3223 4401 3381 4458 Solet
3412 4402 3651 4457 nomine

227 4488 546 4566 enim-non
586 4507 767 4561 habes
799 4509 1144 4577 potestatem
1171 4502 1495 4575 corrigendi
1519 4501 1685 4557 illum
1718 4518 1890 4574 quem
1926 4516 1972 4581 D
2002 4498 2270 4555 fermenti
2302 4513 2477 4568 prava
2505 4493 2798 4566 designari
2830 4491 3114 4581 doctrina,
3148 4495 3215 4545 ut
3244 4489 3423 4581 illud:
3460 4488 3653 4581 Cavete

226 4600 283 4653 in
344 4598 589 4671 ﬂagitio
622 4593 943 4667 cognoscis,
978 4591 1204 4647 alienus
1235 4590 1435 4647 existis
1467 4608 1500 4645 a
1530 4595 1761 4661 peccato
1798 4608 1810 4645 :
1845 4590 1895 4645 si

229 4706 359 4745 vero
391 4689 596 4744 habes
622 4686 1054 4752 potestatem,et
1082 4696 1198 4735 non
1223 4679 1486 4751 corrigis,
1515 4679 1804 4750 particeps
1835 4695 1898 4736 es

234 4777 414 4834 illius.
446 4777 512 4833 Si
548 4778 753 4831 autem
776 4772 957 4826 habes
978 4774 1321 4842 potestatem
1356 4769 1779 4839 corrigendi,et
1799 4768 1895 4823 de-

236 4867 513 4939 sunt,qui
531 4878 673 4921 eum
691 4859 1353 4926 eondemnent,tolerare
1367 4874 1497 4912 eum
1519 4848 1897 4928 debes,quem

235 4958 565 5011 admodum
593 4950 879 5007 Dominus
901 4947 1128 5002 facinus
1141 4948 1508 5017 Judee,quem
1544 4946 1897 5017 proditorem

237 5060 362 5100 esse
395 5044 655 5099 sciebat.
688 5039 760 5093 Et
790 5035 1114 5091 notandum
1146 5035 1300 5106 quod
1335 5035 1383 5088 si
1416 5035 1621 5087 vitium
1653 5035 1711 5087 in
1734 5050 1905 5105 gene-

237 5132 468 5188 ralitate
501 5128 710 5193 fuerit,
743 5122 1074 5180 exeundum
1106 5128 1232 5189 est;
1262 5122 1414 5193 quod
1450 5121 1631 5176 Isaias
1662 5121 1903 5176 manife-

237 5224 373 5289 stat,
409 5238 555 5276 cum
592 5215 736 5271 dicit
761 5230 773 5268 :
809 5215 1039 5283 Propter
1067 5212 1212 5281 quod
1242 5213 1387 5264 exite
1407 5210 1474 5265 de
1496 5208 1899 5279 medioeorum,

234 5314 285 5365 et
315 5309 692 5365 immundum
745 5320 814 5359 ne
868 5301 1157 5370 tetigeritis
1186 5300 1311 5371 (Isa.
1338 5316 1431 5367 LII,
1466 5300 1575 5367 11);
1597 5299 1645 5355 si
1678 5313 1810 5354 vero
1841 5297 1901 5353 in

310 5549 464 5621 (542)
503 5546 577 5621 In,
608 5546 804 5621 autog.
841 5556 1022 5621 marg.
1058 5534 1153 5621 bic
1185 5530 1396 5606 legitur
1426 5532 1724 5621 cap.

315 5608 469 5698 (543)
505 5619 619 5675 Hic
648 5608 861 5689 legitur
888 5612 948 5668 in
975 5608 1174 5684 autog,
1208 5624 1393 5682 marg.
1428 5625 1553 5681 cap.
1576 5608 1742 5665 XXII.

2006 4606 2037 4644 a
2066 4590 2329 4659 fermento
2360 4585 2683 4640 Scribarum
2723 4588 2776 4636 et
2806 4580 3219 4636 Pharisaeorum
3255 4580 3407 4645 (Luc.
3449 4593 3550 4643 xu,
3584 4579 3608 4631 1
3635 4594 3649 4645 ;

2006 4678 2140 4731 Mar.
2172 4692 2295 4744 vm,
2332 4675 2428 4743 [5).
2464 4674 2532 4728 Et
2562 4669 2803 4742 pulchre
2833 4668 3093 4739 quidem,
3147 4666 3285 4737 quia
3334 4666 3484 4721 sicut
3532 4667 3652 4721 fer-

2009 4770 2270 4821 mentum
2303 4776 2576 4832 magnam
2612 4772 2869 4813 massam
2902 4755 3224 4827 corrumpit
3249 4755 3467 4826 farinae,
3483 4755 3565 4810 sic
3596 4760 3654 4811 et

2009 4870 2185 4925 prava
2214 4849 2481 4905 doctrina
2513 4862 2787 4917 magnam
2820 4860 3078 4899 massam
3102 4843 3257 4910 fidei,
3281 4848 3652 4899 ceterarum-

2011 4957 2123 5013 que
2151 4932 2953 5007 corrumpitvirtutum.Solet
2973 4934 3149 4989 etiam
3165 4933 3459 5004 designari
3476 4948 3654 5003 prava

2010 5029 2180 5085 actio.
2214 5026 2377 5090 Quod
2398 5030 2456 5080 et
2480 5023 2574 5078 hic
2588 5024 2757 5093 juxta
2776 5022 3167 5094 inceptionem
3198 5039 3232 5077 a
3252 5021 3465 5092 populo
3482 5017 3653 5073 intel-

2010 5118 2142 5188 lige.
2179 5116 2250 5169 Et
2278 5114 2444 5177 bene,
2480 5111 2619 5183 quia
2648 5116 2704 5167 et
2733 5112 2953 5166 crimen
2994 5127 3145 5182 saepe
3202 5123 3475 5179 magnam
3507 5104 3655 5160 solet

2012 5207 2227 5261 sanctae
2259 5201 2713 5257 conversationis
2732 5206 2789 5255 et
2807 5200 3099 5255 societatis
3115 5211 3373 5251 massam
3391 5208 3653 5248 corrum-

2012 5309 2168 5366 pere.
2205 5291 2367 5356 Quod
2400 5290 2614 5362 saapius
2644 5289 2703 5345 in
2732 5288 2948 5361 populo
2992 5287 3329 5343 Judaeorum
3390 5282 3654 5340 evenisse

2115 5530 2240 5602 544)
2273 5527 2339 5587 IV
2367 5526 2505 5603 Reg.
2533 5544 2588 5596 v,
2616 5529 2713 5596 26,
2740 5520 3182 5603 Vulg:,pfagsens
3211 5521 3330 5577 erat
3356 5534 3448 5577 cor
3475 5530 3661 5577 meum

2115 5530 2240 5602 544)
2273 5529 2339 5587 IV
2367 5529 2505 5603 Reg.
2533 5544 2588 5596 v,
2616 5529 2713 5596 26,
2740 5529 2911 5594 Vulg.
2941 5534 3078 5592 praes

2089 5529 2237 5684 £545)
2268 5603 2329 5660 In
2361 5608 2557 5674 autog.
2592 5613 2777 5670 marg.
2806 5611 2855 5650 c.
2890 5591 3078 5657 XXIII.
