4070 6168
278 347 390 409 345

840 350 1250 415 EXPOSITIO
1294 353 1370 413 IN
1416 352 1845 413 EPlS'l‘OLAS
1890 353 2143 417 PAULI.
2182 368 2258 399 -‘
2297 357 2374 416 ΙΝ
2416 356 2665 418 EPIST.
2702 346 2736 416 ⁸Ῑ
2782 355 2885 416 AD
2930 353 3104 417 COR.

3550 351 3668 415 346

276 497 640 549 concessum,
666 488 722 540 et
746 502 859 540 non
888 484 1215 541 considerat
1242 486 1452 557 qualis,
1476 492 1530 541 et
1562 491 1819 557 quantus
1841 488 1917 542 sit
1946 490 2000 555 Α
2031 488 2204 542 modo
2225 493 2279 543 te
2298 494 2488 560 putas,
2505 490 2733 561 impure
2748 486 3225 553 vivendo,cmlum
3248 486 3443 543 subire
3462 487 3672 559 posse?

276 572 403 641 iste,
430 571 528 643 qui
563 588 759 627 servos
791 591 903 628 non
929 574 1118 629 solum
1146 576 1366 645 fratres,
1392 576 1493 630 sed
1525 578 1698 630 etiam
1732 593 1912 630 mem-

275 662 379 716 bra
409 662 652 715 vocavit.
687 662 803 717 Hoc
834 663 1044 717 elenim
1079 665 1319 730 donum,
1350 665 1397 719 si
1433 682 1545 718 non
1581 665 1914 731 haberetur,

278 748 705 803 desideraretur
726 793 738 817 ,
768 751 867 804 sed
902 750 1039 822 quia
1064 752 1330 819 habetur,
1356 753 1435 807 ita
1466 753 1777 808 vivendum
1806 758 1913 820 est,

278 842 337 892 ut
368 854 483 892 non
516 837 820 893 amittatur
848 844 903 893 et
930 846 1122 910 grates
1156 842 1205 897 ei
1250 843 1593 897 referantur.

345 927 459 995 Sed
491 926 727 981 fuerunt
758 929 1043 995 nonnulli,
1078 932 1175 1001 qui
1209 932 1481 987 dixerunt
1522 932 1759 1002 majoris
1808 932 1916 987 cri-

278 1015 453 1070 minis
476 1032 602 1071 esse
634 1016 939 1073 mulierem
963 1019 1085 1074 viro
1116 1038 1128 1085 ;
1163 1021 1261 1073 sed
1297 1038 1368 1076 ne
1392 1022 1631 1091 majoris
1654 1021 1917 1076 criminis

273 1105 584 1173 videretur,
619 1106 743 1160 ideo
776 1105 915 1160 dicit
946 1108 1257 1178 Apostolus
1292 1128 1303 1164 :
1356 1112 1577 1164 Faciens
1614 1111 1917 1164 membrum

274 1196 590 1250 meretricis.
625 1196 898 1265 Sequitur
932 1213 944 1250 :
1003 1199 1081 1251 An
1114 1201 1333 1253 nescitis
1365 1202 1497 1270 quia
1525 1202 1621 1271 qui
1665 1199 1916 1255 adhaeret

277 1284 568 1350 meretrici,
602 1289 708 1338 etc.
735 1284 907 1348 Quasi
936 1286 1188 1341 diceret:
1224 1288 1347 1342 Non
1376 1288 1652 1355 nescitis;
1688 1290 1785 1343 sed
1812 1288 1919 1343 sci-

276 1373 366 1441 tis,
406 1374 558 1427 Bene
588 1373 728 1427 dicit
760 1392 772 1428 :
826 1375 1001 1431 Unum
1030 1392 1264 1447 corpus;
1308 1378 1464 1448 quia,
1500 1377 1651 1432 sicut
1683 1394 1798 1432 una
1830 1382 1917 1432 est

275 1468 505 1527 natura,
536 1463 618 1517 ita
647 1480 763 1517 una
794 1468 883 1519 est
909 1463 1113 1536 culpa;
1151 1468 1205 1519 et
1237 1466 1390 1521 sicut
1420 1484 1537 1521 una
1566 1473 1653 1522 est
1682 1468 1830 1522 actio
1862 1473 1920 1523 et

274 1551 599 1621 delectatio,
627 1551 707 1606 ita
739 1569 905 1623 aequa
934 1559 1021 1608 est
1053 1555 1313 1609 offensio.
1364 1556 1641 1627 Sequitur
1672 1573 1685 1611 :
1740 1558 1916 1611 Erunt

271 1640 372 1696 duo
411 1642 467 1695 in
497 1656 665 1695 carne
685 1658 816 1696 una.
842 1642 959 1696 Hoc
990 1642 1200 1698 etenim
1238 1643 1424 1715 primo
1448 1644 1672 1699 homini
1696 1644 1916 1699 dictum

271 1734 355 1785 est
390 1746 405 1783 :
459 1731 689 1799 Propter
719 1730 818 1785 hoc
847 1732 1119 1803 relinquet
1163 1733 1318 1787 homo
1359 1738 1575 1804 patrem
1606 1738 1657 1788 et
1687 1742 1916 1788 matrem

2026 576 2079 630 Si
2100 577 2377 632 enimNoe
2396 579 2874 646 solus,malorum
2895 576 3275 648 relinquendo
3289 577 3668 648 consortium,

2026 672 2082 722 et
2112 684 2305 721 arcam
2337 668 2724 734 ascendendo,
2760 682 3071 721 commune
3106 665 3432 737 periculum
3469 665 3669 722 diluvii

2026 757 2208 811 evasit
2230 758 2377 827 (Gen.
2402 773 2478 821 vr,
2506 756 2560 825 7,
2586 756 2676 825 8);
2705 757 2995 827 quomodo
3022 760 3075 809 te
3101 759 3272 826 putas
3295 771 3669 810 communem

2028 845 2353 909 interitum,
2409 843 2717 899 consortiis
2777 844 3065 900 malorum
3123 844 3384 906 fruendo,
3418 844 3671 899 transire

2028 934 2246 1005 posse?
2275 933 2333 988 Si
2383 933 2539 987 enim
2594 932 2889 987 Abraham
2925 932 3108 999 solus,
3141 932 3219 989 Ur
3264 931 3668 987 Chaldaeorum

2028 1022 2177 1093 (Gen.
2222 1040 2300 1087 x1,
2352 1023 2463 1089 31),
2496 1022 2551 1075 id
2604 1025 2709 1087 est,
2746 1022 2941 1092 ignem
2974 1021 3373 1094 relinquendo,
3409 1020 3670 1076 benedici

2028 1111 2670 1183 promeruit,quomodo
2690 1115 2749 1164 tu
2770 1110 2826 1163 in
2848 1110 2977 1181 igne
2996 1111 3245 1165 carnalis
3270 1110 3670 1165 delectationis

2028 1201 2422 1270 consistendo,
2438 1198 2703 1255 benedici
2723 1200 2933 1271 putas?
2953 1200 3007 1253 Si
3026 1200 3183 1254 Isaac
3202 1202 3271 1255 de
3294 1201 3467 1255 domo
3484 1216 3673 1273 egres-

2028 1307 2129 1345 sus
2161 1290 2217 1343 in
2243 1306 2446 1361 agrum
2481 1290 2549 1343 ad
2586 1287 2987 1343 meditandum
3019 1288 3174 1343 venit
3196 1290 3349 1355 (Gen.
3378 1307 3529 1356 xxxv,
3553 1289 3667 1357 63),

2028 1379 2318 1450 quomodo
2341 1377 2473 1432 tuin
2492 1379 2663 1432 domo
2693 1375 2944 1432 carnalis
2974 1375 3376 1431 delectationis
3412 1377 3671 1433 cmlestia

2028 1467 2262 1522 rimaris
2283 1467 2310 1521 ?
2340 1467 2394 1520 Si
2428 1467 2584 1521 enim
2616 1467 2794 1522 Jacob
2827 1470 2884 1521 et
2926 1464 3027 1520 filii
3074 1466 3198 1534 ejus
3233 1481 3381 1537 aegre
3410 1465 3674 1520 tulerunt

2027 1561 2299 1627 stuprum
2334 1556 2487 1610 Dinze
2519 1556 2670 1627 (Gen.
2703 1572 2893 1623 xxxiv,
2924 1554 3002 1625 7),
3036 1554 3328 1626 quomodo
3358 1558 3420 1607 tu
3453 1554 3512 1608 in
3545 1558 3671 1607 stu-

2025 1646 2289 1718 pratione
2314 1645 2533 1717 pr0prii
2558 1645 2818 1717 corporis
2843 1643 3053 1699 laetaris
3074 1644 3101 1697 ?
3132 1643 3191 1699 Si
3222 1642 3439 1715 Joseph
3468 1641 3669 1697 lauda-

2026 1734 2162 1790 bilis
2183 1734 2332 1789 inter
2355 1736 2559 1789 fratres
2586 1733 2877 1799 inventus,
2902 1738 2958 1787 et
2980 1734 3228 1804 figuram
3252 1731 3463 1787 Christi
3488 1734 3675 1803 gesta-

270 1817 425 1887 (Gen.
451 1833 514 1883 II,
536 1819 648 1889 24),
671 1824 780 1873 etc.
806 1820 952 1883 Quia
979 1820 1131 1875 sicut
1162 1838 1263 1892 per
1294 1820 1516 1876 licitum
1541 1822 1916 1877 concubitum
1950 1857 1997 1921 B
2024 1823 2107 1878 vit
2150 1824 2220 1877 ob
2272 1823 2401 1893 hoc,
2436 1825 2575 1895 quia
2614 1823 2833 1877 crimen
2866 1820 3265 1877 fornicationis
3296 1820 3496 1889 evasit,
3532 1819 3670 1891 quid

270 1908 381 1962 duo
420 1924 603 1962 unum
637 1913 775 1963 sunt
805 1926 1039 1981 corpus;
1074 1912 1154 1964 ita
1205 1928 1306 1982 per
1359 1910 1625 1966 illicitum
1659 1928 1915 1966 amorem

272 1996 384 2051 duo
424 1996 516 2051 isti
566 2014 747 2051 unum
784 1998 1135 2054 efficiuntur.

339 2084 661 2156 Sequitur:
698 2087 802 2153 Qui
830 2086 1076 2143 adhaeret
1109 2088 1357 2158 Domino,
1391 2105 1532 2142 unus
1561 2090 1788 2158 spiritus
1822 2092 1917 2144 est.

272 2172 487 2244 Supra,
512 2173 583 2227 de
617 2174 848 2229 duobus
870 2174 1209 2230 hominibus
1233 2174 1498 2247 loquens,
1524 2177 1706 2232 dixit:
1746 2179 1921 2233 Unum

266 2276 510 2331 corpus;
562 2279 716 2317 nunc
746 2278 879 2317 vero
923 2263 993 2318 de
1038 2264 1285 2319 diversis
1316 2264 1622 2335 spiritibus
1655 2266 1918 2337 loquens,

267 2348 326 2403 id
384 2353 478 2404 est
524 2349 647 2416 Dei,
679 2355 736 2405 et
782 2350 1059 2418 hominis,
1094 2370 1207 2407 non
1259 2353 1425 2421 dixit,
1460 2371 1637 2409 unum
1669 2359 1825 2425 sunt,
1860 2359 1923 2409 ut

268 2454 473 2509 supra.
508 2438 617 2492 Sed
652 2455 865 2510 magna
897 2440 1173 2494 distantia
1204 2447 1292 2495 est
1328 2441 1477 2496 inter
1506 2442 1787 2514 Spiritum
1825 2443 1920 2498 Dei

268 2530 325 2581 et
355 2526 617 2581 hominis
653 2543 666 2580 :
722 2527 973 2598 Spiritus
1007 2546 1260 2601 namque
1290 2530 1391 2585 Dei
1427 2531 1653 2599 beatus,
1686 2538 1745 2588 et
1786 2549 1921 2604 per-

268 2614 461 2670 fectus
492 2615 713 2688 absque
745 2616 953 2688 spiritu
989 2616 1246 2674 hominis
1279 2624 1368 2674 est
1398 2638 1409 2686 ;
1463 2620 1719 2676 hominis
1762 2638 1917 2692 vero,

268 2704 499 2775 absque
517 2704 611 2759 Dei
634 2721 761 2760 esse
784 2723 896 2760 non
921 2708 1305 2778 potest.0uod
1330 2724 1462 2763 vero
1479 2713 1732 2765 Joannes
1757 2711 1918 2779 dicit,

266 2791 521 2863 loquens
561 2794 630 2848 de
673 2793 895 2850 unitate
926 2797 1184 2867 corporis
1216 2798 1363 2867 (570)
1399 2812 1411 2851 :
1473 2800 1614 2863 Volo,
1646 2802 1829 2869 Pater,
1864 2803 1922 2853 ut

266 2883 411 2936 sicut
432 2897 547 2953 ego,
565 2892 617 2937 et
639 2887 701 2937 tu
722 2900 895 2938 unum
914 2900 1126 2952 sumus,
1143 2886 1221 2938 ita
1242 2890 1293 2939 et
1314 2887 1414 2940 isti
1432 2903 1603 2940 unum
1626 2888 1919 2957 sint(571),

268 2987 389 3026 non
452 2976 540 3026 est
588 2972 943 3027 contrarium
993 2972 1129 3027 huic
1181 2973 1354 3028 loco:
1411 2991 1546 3028 nam
1580 2976 1658 3029 ibi
1690 2980 1926 3047 propter

265 3059 563 3131 imparem
598 3065 871 3115 naturam
906 3061 1047 3116 dicit
1083 3079 1095 3116 :
1154 3063 1328 3118 Unum
1360 3064 1472 3117 sint
1501 3065 1645 3117 sicut
1690 3073 1741 3119 et
1778 3080 1874 3119 nos
1901 3082 1922 3128 ;

2027 1912 2135 1968 tibi
2158 1912 2487 1968 faciendum
2510 1917 2597 1967 est
2616 1912 2644 1967 ?
2676 1912 2911 1984 Legitur
2932 1911 3087 1966 enim
3111 1911 3251 1982 quia
3274 1910 3458 1966 relicto
3476 1911 3670 1982 pallio,

2027 2004 2177 2072 foras
2207 2003 2352 2071 fugit
2391 2003 2459 2056 ab
2510 2017 2573 2055 ea
2605 2002 2756 2072 (Gen.
2789 2018 2976 2068 xxxix,
3012 2000 3117 2067 12).
3149 1999 3274 2055 Non
3308 1998 3491 2053 aliter.
3525 1998 3673 2053 Nam

2032 2088 2080 2141 si
2105 2088 2212 2141 hoc
2231 2088 2366 2142 vitio
2390 2088 2819 2149 succubuisset.
2836 2090 3178 2141 moreretur.
3195 2086 3407 2141 Anima
3429 2103 3676 2141 morere-

2030 2180 2146 2242 tur,
2181 2180 2245 2230 ut
2290 2176 2433 2231 illud
2470 2194 2483 2232 :
2538 2178 2735 2231 Anima
2784 2193 2902 2248 qua:
2948 2176 3254 2248 peccaverit
3291 2176 3481 2247 (Leuit.
3515 2192 3672 2247 xvm,

2029 2267 2141 2332 29),
2174 2271 2281 2320 etc.
2314 2265 2427 2320 Nec
2472 2266 2577 2320 rite
2611 2265 2901 2319 diceretur
2931 2264 3079 2337 patri
3116 2281 3126 2319 :
3180 2264 3356 2319 Filius
3388 2268 3513 2318 tuus
3544 2266 3677 2319 vivit

2030 2354 2180 2426 (Gen.
2232 2372 2359 2423 XLV,
2408 2356 2503 2422 6);
2558 2370 2659 2409 nec
2708 2354 2879 2409 etiam
2932 2352 3222 2408 diceretur
3271 2353 3559 2409 dominari
3613 2353 3674 2409 in

2028 2447 2149 2498 tota
2178 2448 2333 2498 terra
2362 2443 2587 2516 Egypti
2621 2442 2824 2513 (Ibid),
2857 2443 2957 2498 sed
2992 2442 3049 2496 in
3084 2443 3337 2514 quadam
3368 2447 3551 2514 parte.
3585 2441 3672 2498 Illi

2031 2532 2267 2601 etenim,
2314 2532 2411 2603 qui
2464 2532 2662 2587 omnia
2712 2531 2849 2587 vitia
2910 2532 3313 2602 supplantant,
3361 2530 3443 2586 illi
3494 2531 3675 2587 totius

2028 2622 2254 2694 Egypti
2280 2621 2677 2676 dominantur.
2704 2624 2769 2674 Et
2799 2621 2952 2692 quod
2986 2620 3091 2686 illi,
3117 2620 3215 2691 qui
3248 2621 3357 2676 hoc
3380 2620 3517 2675 vitio
3550 2636 3677 2675 suc-

2029 2712 2335 2777 cumbunt,
2370 2711 2715 2778 moriantur,
2748 2711 2915 2766 testis
2945 2715 3033 2765 est
3061 2710 3351 2776 Susanna,
3385 2726 3511 2782 quas
3543 2724 3671 2780 pre-

2030 2800 2281 2872 sbyteris
2304 2799 2532 2855 dicebat
2558 2817 2569 2853 :
2603 2802 2668 2855 Si
2697 2804 2844 2855 enim
2875 2800 2972 2854 hoc
2998 2815 3151 2871 egero
3174 2799 3338 2870 (573),
3367 2803 3475 2853 etc.
3498 2796 3673 2853 Vide-

2032 2894 2122 2944 rat
2152 2893 2397 2943 mortem
2423 2889 2629 2942 animm
2662 2892 2719 2942 et
2749 2888 3029 2960 corporis,
3055 2888 3154 2942 sed
3188 2886 3361 2958 elegit
3389 2886 3488 2941 illa
3518 2903 3671 2942 mor-

2032 2981 2149 3031 tem
2173 2976 2380 3030 animae
2401 2976 2603 3042 vitare,
2627 2981 2685 3031 et
2707 2979 2878 3032 morti
2898 2975 3157 3051 corporis
3184 2974 3584 3030 succumbere.
3605 2975 3674 3030 Et

2034 3063 2369 3136 quicunque
2383 3064 2453 3119 ad
2473 3064 2804 3135 exemplum
2822 3063 3009 3135 ipsius
3030 3068 3272 3118 mortem
3290 3060 3496 3116 animae
3512 3062 3675 3126 vitat,

262 3163 383 3203 non
422 3148 589 3213 dicit,
625 3164 828 3204 omnes
862 3166 1044 3205 unum
1078 3166 1287 3205 sumus
1320 3167 1331 3204 :
1391 3151 1482 3204 hic
1526 3168 1656 3206 vero
1690 3158 1927 3224 propter
1967 3220 1994 3224 AA
2037 3170 2153 3207 non
2184 3153 2496 3207 immemor
2523 3157 2612 3208 est
2640 3152 2818 3207 David
2853 3151 3089 3207 Saulem
3123 3150 3401 3223 fugientis
3431 3154 3487 3205 et
3517 3166 3678 3205 mor-

256 3235 549 3307 gratiam,
574 3252 750 3306 quam
777 3237 999 3307 accepit
1024 3237 1267 3308 spiritus
1291 3237 1567 3305 hominis,
1592 3244 1655 3293 ut
1678 3220 1925 3309 junctus
1955 3220 1997 3286 (ἶ
2036 3246 2153 3297 tem
2212 3240 2559 3296 declinantis
2608 3242 2655 3311 (I
2703 3242 2825 3312 Reg.
2877 3242 3061 3311 xxm).
3102 3220 3248 3294 Nam
3300 3254 3403 3310 per
3445 3237 3677 3293 Saulem

249 3325 517 3397 Spiritui
535 3324 636 3379 Dei
661 3324 767 3379 hoc
796 3325 954 3390 velit,
970 3327 1123 3396 quod
1149 3326 1273 3397 ipse
1296 3326 1468 3382 dicit:
1494 3330 1642 3384 Unus
1662 3337 1738 3383 est
1756 3329 1927 3399 Spiri-

250 3417 385 3474 tus;
412 3412 561 3483 quia
583 3412 825 3484 spiritus
852 3413 1109 3468 hominis
1139 3414 1233 3469 Dei
1258 3416 1499 3487 Spiritui
1528 3419 1925 3489 conjungitur,

256 3518 383 3556 non
421 3504 492 3554 ut
524 3499 682 3554 aliud
715 3500 871 3570 velit,
904 3518 1081 3571 quam
1114 3502 1256 3574 ipse.

333 3589 495 3661 (572)
526 3589 834 3659 Sequitur:
866 3591 1053 3661 Fugite
1075 3592 1512 3661 fornicationem,
1534 3594 1726 3650 Monet
1750 3596 1924 3651 etiam

260 3676 596 3751 Apostolus
621 3676 956 3747 fugiendam
987 3694 1115 3733 esse
1141 3680 1580 3737 fornicationem
1608 3700 1620 3750 ;
1656 3684 1786 3755 quis
1819 3684 1927 3740 hoc

260 3768 480 3823 vitium
514 3765 631 3821 tale
676 3770 785 3836 est,
819 3770 883 3820 ut
936 3765 1086 3822 ﬁlios
1133 3768 1231 3823 Dei
1266 3770 1480 3825 diaboli
1516 3772 1705 3826 faciat.
1742 3774 1806 3827 Et
1837 3775 1927 3829 bis

264 3855 406 3910 dicit
441 3852 795 3926 Apostolus:
828 3857 1067 3923 Fugite;
1097 3857 1236 3926 quia
1267 3858 1337 3911 ad
1370 3864 1575 3913 caetera
1606 3862 1746 3915 vitia
1776 3863 1927 3918 bella

264 3949 408 4000 sunt
432 3943 812 4009 adhibenda;
847 3943 1003 3998 istud
1028 3961 1159 3998 vero
1187 3946 1432 4015 pedibus
1456 3947 1801 4017 fugiendum
1830 3967 1842 4004 :
1874 3956 1931 4005 et

266 4039 475 4088 contra
509 4031 624 4086 alia
648 4030 886 4101 quidem
919 4032 1176 4087 brachiis
1199 4036 1580 4105 pugnandum
1608 4054 1619 4103 ;
1655 4036 1764 4091 hoc
1795 4055 1929 4093 vero

262 4122 525 4193 pedibus
576 4120 898 4176 vitandum.
934 4120 1083 4175 Dicit
1136 4121 1523 4195 Hieronymus
1559 4142 1569 4180 :
1622 4128 1795 4194 Mors,
1830 4132 1931 4182 aut

262 4215 456 4275 scuto,
488 4212 598 4264 aut
627 4209 876 4279 pedibus
905 4210 1139 4265 vitatur.
1165 4211 1379 4267 Contra
1405 4217 1612 4268 caatera
1630 4213 1771 4269 vitia
1802 4233 1929 4271 scu-

258 4302 387 4353 tum
421 4302 516 4353 est
549 4297 893 4369 erigendum
926 4314 938 4351 :
972 4298 1081 4352 hoc
1111 4315 1245 4353 vero
1277 4301 1525 4371 pedibus
1558 4302 1927 4375 fugiendum.

258 4388 595 4443 Sciendum
619 4386 759 4458 quia
779 4387 1181 4458 exaggerando
1203 4388 1346 4443 dicit
1366 4390 1677 4461 Apostolus
1700 4408 1711 4446 :
1737 4396 1929 4463 Fugite

254 4477 702 4548 fornicationem
714 4491 732 4528 :
746 4478 801 4529 et
813 4473 921 4528 boc
933 4474 1211 4530 adversus
1224 4474 1355 4532 illos
1370 4477 1467 4548 qui
1483 4479 1580 4533 diu
1600 4480 1656 4533 in
1672 4479 1779 4535 hoc
1793 4481 1928 4537 vitio

2038 3330 2327 3395 diabolus,
2362 3334 2419 3385 et
2464 3331 2646 3398 vitia;
2692 3346 2795 3402 per
2843 3330 3043 3397 David,
3078 3328 3275 3384 anima
3319 3327 3520 3396 electa,
3552 3344 3679 3399 quas

2035 3420 2328 3488 certando,
2363 3418 2669 3474 suasiones
2709 3418 3026 3474 diabolicae
3076 3417 3353 3489 fugiendo
3405 3415 3677 3472 declinat.

2106 3508 2434 3579 Sequitur:
2498 3507 2666 3564 Omne
2713 3512 3023 3579 peceatum,
3079 3506 3433 3578 quodcunque
3487 3509 3683 3577 fecerit

2036 3595 2212 3662 homo,
2245 3600 2403 3651 extra
2450 3612 2641 3668 corpus
2692 3600 2809 3658 est;
2862 3598 2956 3667 qui
3006 3605 3186 3651 autem
3232 3595 3567 3669 fornicatur,
3622 3598 3683 3650 in

2033 3700 2228 3756 corpus
2275 3701 2438 3740 suum
2484 3692 2683 3757 peccat.
2719 3684 2821 3740 Hic
2861 3684 3024 3739 locus
3056 3684 3212 3740 varie
3262 3683 3610 3757 intelligitur
3653 3700 3687 3739 a

2036 3773 2552 3843 doctoribus(574).
2568 3774 2824 3828 Novatus
2844 3788 3075 3844 quoque
3100 3774 3208 3828 sub
3232 3773 3686 3845 interrogatione

2036 3863 2294 3933 proferre
2313 3861 2514 3916 voluit.
2537 3861 2811 3916 Nonnulli
2846 3861 2955 3916 hoc
2988 3862 3160 3915 modo
3185 3860 3561 3931 intelligunt:
3596 3860 3683 3913 di-

2038 3955 2178 4005 cunt
2199 3950 2353 4003 enim
2380 3950 2530 4019 quod
2559 3949 2863 4004 fornicatio
2888 3966 3000 4004 non
3026 3948 3138 4003 nisi
3171 3965 3204 4001 a
3233 3949 3466 4003 duobus
3486 3948 3684 4018 peragi

2038 4037 2265 4109 possit;
2316 4040 2521 4090 caetera
2550 4053 2682 4090 vero
2714 4040 2950 4105 peccata
2980 4035 3156 4089 etiam
3190 4036 3260 4088 ab
3295 4050 3431 4087 uno.
3466 4033 3682 4099 Unum,

2038 4124 2150 4180 dici
2175 4140 2387 4196 corpus
2411 4140 2524 4178 non
2550 4128 2766 4195 potest;
2791 4123 2906 4179 duo
2928 4122 3319 4194 quoque,jam
3343 4109 3684 4193 corpus'dici

2037 4218 2307 4286 possunt,
2332 4217 2387 4267 et
2419 4212 2547 4267 ideo
2579 4212 2679 4284 qui
2714 4211 3053 4276 fornicatur,
3088 4210 3146 4265 in
3179 4226 3391 4279 corpus
3414 4207 3683 4264 Ecclesia;

2037 4306 2259 4375 peccat.
2290 4300 2399 4357 Alii
2432 4300 2667 4373 quidem
2719 4300 2826 4357 hoc
2870 4298 3206 4372 intelligunt
3254 4299 3311 4354 in
3365 4298 3596 4364 marito,
3630 4302 3687 4353 et

2038 4407 2235 4460 uxore,
2268 4391 2367 4463 qui
2403 4407 2584 4446 unum
2617 4408 2828 4463 corpus
2860 4394 3035 4457 sunt;
3070 4390 3224 4445 unde
3256 4405 3435 4460 supra
3463 4404 3475 4441 :
3508 4389 3687 4443 Erunt

2037 4480 2143 4535 duo
2190 4482 2250 4535 in
2297 4496 2463 4535 carne
2508 4498 2641 4536 una.
2679 4480 2824 4552 Ergo
2871 4479 2971 4550 qui
3005 4479 3346 4546 fornicatur,
3379 4477 3439 4532 in
3472 4492 3685 4547 corpus

259 4570 587 4621 morantur
612 4582 623 4633 ;
645 4567 700 4619 et
731 4562 866 4634 quia
898 4562 1125 4619 diutius
1159 4582 1401 4636 parvum
1435 4572 1664 4638 putant,
1699 4570 1929 4625 etiamsi
1960 4586 2006 4650 Ι)
2040 4585 2213 4624 suum
2238 4574 2455 4640 peccat,
2479 4570 2535 4623 id
2571 4574 2677 4636 est,
2707 4574 2808 4623 aut
2837 4568 2924 4622 vir
2954 4567 3012 4621 in
3040 4582 3298 4630 uxorem,
3322 4569 3423 4619 aut
3454 4580 3596 4619 uxor
3625 4563 3685 4617 in

257 4655 328 4709 ab
349 4654 569 4726 aliquo
591 4653 825 4708 doctore
848 4651 1369 4725 reprehendantur,
1392 4672 1506 4709 non
1530 4656 1925 4729 corriguntur.

330 4744 393 4797 Ei
417 4742 573 4814 quia
596 4741 708 4795 hoc
734 4740 937 4795 vitium
966 4743 1290 4797 cavendum
1315 4743 1409 4811 sit,
1440 4744 1720 4816 exemplis
1743 4751 1930 4801 osten-

264 4829 443 4887 ditur.
479 4832 546 4887 Si
594 4830 751 4885 enim
784 4830 945 4896 Cain,
982 4832 1232 4885 fraterno
1264 4833 1549 4903 sanguine
1578 4839 1794 4890 terram
1828 4835 1926 4889 fos-

265 4919 459 4976 dando
483 4920 647 4991 (Gen.
674 4935 750 4986 1v,
772 4920 847 4987 8),
876 4935 908 4973 a
931 4918 1177 4973 Domino
1202 4921 1568 4991 reprobatus,
1595 4928 1652 4977 et
1686 4925 1742 4978 in
1766 4924 1926 4979 omni

264 5024 429 5065 sacra
444 5009 757 5079 Scriptura
775 5006 1070 5061 fratricida
1091 5011 1177 5061 est
1199 5014 1595 5080 nuncupatus,
1614 5028 1729 5081 qua
1750 5016 1927 5067 teme-

265 5099 455 5169 ritate,
482 5097 826 5153 membrum
850 5095 1060 5150 Christi
1092 5096 1382 5163 fmdando,
1409 5102 1580 5169 putas
1607 5104 1660 5153 te
1694 5101 1928 5156 societa-

262 5188 379 5242 tem
409 5187 579 5243 illius
602 5187 843 5241 evadere
869 5200 1039 5256 posse
1056 5183 1083 5237 ?
1106 5184 1162 5238 Si
1188 5185 1340 5239 enim
1363 5186 1619 5253 Henoch,
1639 5190 1854 5244 munde
1873 5195 1929 5245 et

264 5290 411 5346 pure
442 5275 871 5342 conversando,
896 5272 1217 5328 translatus
1248 5279 1335 5329 est
1367 5276 1521 5346 (Gen.
1556 5294 1610 5343 v,
1643 5278 1755 5349 24),
1790 5296 1926 5349 quo-

335 5455 500 5527 (570),
521 5458 836 5527 Joan__xv11,
868 5453 954 5521 11,
982 5452 1046 5506 21
1080 5455 1136 5507 et
1164 5452 1253 5523 24,
1285 5452 1355 5507 de
1388 5454 1612 5510 unitate
1643 5456 1921 5527 corporis,

266 5523 503 5598 mystici
529 5523 829 5598 videlicet.

338 5593 492 5677 (571)
528 5594 694 5650 Fidei
716 5593 955 5661 scilicet,
972 5597 1030 5649 et
1049 5593 1605 5677 oharitati‘svinculo
1629 5598 1921 5670 conjuncti

267 5666 719 5722 addivinarum
750 5681 1133 5738 personarum
1167 5666 1637 5725 similitudinem.

2035 4659 2249 4713 virum.
2287 4660 2499 4714 Beatus
2545 4675 2676 4712 vero
2726 4656 3098 4728 Augustinus
3138 4654 3487 4726 profundius
3535 4652 3687 4708 hanc

2038 4748 2417 4818 quaestionem
2450 4746 2722 4818 inspexit,
2758 4744 2899 4800 adeo
2932 4750 2999 4800 ut
3028 4745 3265 4812 diceret,
3299 4743 3492 4798 nescio
3527 4743 3573 4797 si
3614 4743 3685 4797 ad

2038 4835 2353 4908 liquidum,
2406 4853 2532 4907 quin
2580 4834 2663 4889 ait
2705 4850 2717 4888 :
2770 4839 3194 4900 verumtamen,
3248 4834 3501 4889 donante
3547 4833 3683 4901 Deo,

2038 4914 2227 4979 multa
2255 4925 2326 4978 de
2373 4940 2439 4978 ea
2469 4922 2855 4994 probabiliter
2885 4928 3133 4995 possunt
3162 4923 3298 4978 dici.
3330 4921 3683 4987 Videndum,

2036 5012 2250 5084 inquit,
2299 5013 2449 5067 unde
2500 5012 2743 5067 intentio
2793 5012 3053 5085 Apostoli
3105 5010 3489 5069 descenderit.
3542 5004 3689 5059 Dicit

2036 5101 2208 5172 paulo
2259 5101 2576 5171 superius:
2633 5101 2865 5157 Nescitis
2917 5103 3180 5172 quoniam
3227 5112 3454 5169 corpora
3510 5095 3687 5148 vestra

2033 5192 2279 5245 membra
2315 5191 2527 5246 Christi
2553 5194 2732 5245 sunt?
2762 5196 2897 5255 etc.,
2933 5206 3122 5262 usque
3166 5190 3237 5243 ad
3270 5186 3436 5241 illum
3468 5183 3685 5246 locum,

2037 5279 2136 5334 ubi
2170 5280 2286 5335 ait:
2321 5279 2628 5348 Gloriﬁcate
2656 5288 2707 5335 et
2730 5283 2944 5351 portate
2966 5280 3136 5333 Deum
3158 5279 3218 5330 in
3248 5287 3470 5344 corpore
3492 5273 3683 5328 vestro.

2109 5458 2255 5531 (572)
2289 5457 2351 5513 In
2383 5461 2578 5531 autog.
2612 5474 2797 5531 marg.
2833 5454 2926 5531 hic
2959 5453 3175 5531 legitur
3214 5470 3339 5527 cap.
3375 5453 3537 5511 XXX.

2100 5525 2253 5614 (.573)
2292 5535 2429 5584 Dan.
2485 5525 2606 5596 xiii,
2655 5530 2725 5582 22
2745 5525 2779 5583 ἐ
2842 5528 2894 5581 si
2946 5527 3102 5579 enim
3153 5525 3248 5581 hoc
3285 5525 3482 5597 'egero,
3535 5541 3683 5583 mors

2032 5602 2361 5742 mlh5'723tbe
2394 5686 2510 5742 quo
2538 5669 2667 5728 vide
2696 5667 2813 5725 divi
2845 5668 3113 5741 Cypriani
3144 5686 3235 5743 ep.
3268 5669 3356 5726 49.
