4034 6166
344 227 462 310 an

1368 243 1705 310 ATTON-IS
1749 247 2337 314 VERCELLENSIS
2380 245 2728 314 EPISCOPI

3629 248 3750 313 3&8,

349 370 473 436 Quo
504 370 562 427 in
595 371 719 430 loco
746 380 1012 440 versatur
1038 380 1348 454 Apostolus
1378 398 1516 454 erga
1544 384 1802 456 corporis
1829 385 1989 457 puri-
2017 388 2075 453 Α
2103 381 2365 452 corporis
2389 397 2606 446 amore,
2632 380 2849 436 recedit
2877 397 2911 436 a
2935 383 3066 436 Deo.
3087 378 3144 436 Si
3168 383 3360 437 autem
3385 397 3501 436 non
3526 383 3768 462 mundo,

349 463 550 528 tatem,
581 466 637 518 et
682 463 808 523 vult
849 466 1120 526 timorem
1151 470 1409 527 incutere
1440 473 1712 530 cordibus
1743 491 1984 532 suorum

349 549 703 623 auditorum,
737 558 802 608 ut
833 555 1079 614 timeant
1124 575 1225 630 per
1255 560 1688 618 immunditiam
1724 565 1989 622 membra

345 636 560 694 Christi
591 641 779 710 facere
811 647 1075 702 membra
1097 649 1438 706 meretricis.
1461 653 1569 706 Sed
1603 654 1982 724 quaerendum

345 728 431 782 est
454 743 635 798 quare
655 730 863 788 dixerit
887 750 900 787 :
935 733 1104 790 Omne
1117 747 1401 807 peccatum
1420 739 1770 812 quodcunque
1790 743 1986 812 fecerit

347 813 528 886 homo,
577 827 739 875 extra
777 838 970 893 corpus
1017 828 1114 879 est.
1162 825 1436 898 Nunquid
1487 828 1587 882 illa
1635 846 1761 900 qua;
1813 829 1984 901 paulo

342 907 615 977 superius
675 909 871 978 posuit
926 911 1150 986 absque
1205 915 1395 971 ofﬁcio
1462 918 1719 989 corporis
1788 920 1984 991 peragi

337 995 628 1064 possunt?
647 996 793 1052 Non.
818 999 888 1054 Et
917 1002 1140 1074 cogitas
1163 1004 1295 1075 quis
1322 1005 1541 1078 aliquid
1576 1005 1808 1063 carnale
1835 1026 1846 1074 ;
1882 1009 1982 1064 sed

335 1083 599 1154 nunquid
633 1085 761 1142 sine
791 1103 964 1144 carne
993 1091 1247 1162 cogitare
1279 1095 1520 1165 posset?
1557 1098 1670 1150 Aut
1717 1097 1975 1168 nunquid

335 1175 529 1244 potest
549 1172 675 1246 ipse
697 1192 970 1250 separare
991 1179 1122 1247 hoc,
1137 1184 1292 1253 quod
1314 1184 1779 1260 dicitPsalmista
1799 1202 1810 1239 :
1832 1188 1984 1241 Dixit

334 1261 598 1332 insipiens
629 1265 688 1317 in
718 1266 878 1322 corde
904 1285 1003 1324 suo
1033 1288 1052 1322 :
1101 1272 1214 1326 Non
1254 1280 1333 1328 est
1374 1274 1512 1328 Deus
1545 1273 1712 1344 (Psal.
1745 1292 1869 1340 xm,
1904 1275 1980 1342 1),

334 1348 410 1406 ab
440 1349 562 1410 illis
578 1353 874 1424 operibus,
899 1356 969 1412 de
1004 1357 1220 1428 quibus
1251 1360 1374 1431 ipse
1407 1361 1581 1417 dicit:
1619 1362 1814 1418 Omnes
1835 1368 1979 1419 asta-

336 1438 515 1494 bimus
538 1443 938 1503 antetribunal
962 1445 1204 1502 Christi?
1225 1450 1401 1514 (Rom.
1425 1467 1540 1515 xxv,
1567 1450 1674 1521 10.)
1697 1456 1804 1507 etc.
1830 1452 1976 1518 Non,

333 1527 598 1598 inquam,
623 1535 852 1601 potest;
889 1534 1046 1606 quia,
1071 1536 1251 1598 donec
1284 1538 1341 1592 in
1365 1555 1602 1610 corpore
1634 1544 1850 1610 manet,
1876 1557 1975 1612 po-

331 1618 448 1691 test
477 1617 668 1676 dicere
699 1637 711 1676 :
746 1621 872 1686 Non
905 1627 994 1679 est
1025 1624 1197 1680 Deus.
1231 1626 1390 1682 Idem
1423 1628 1598 1684 etiam
1631 1627 1768 1684 alibi
1799 1627 1972 1684 dicit:

331 1708 626 1778 Manifesta
671 1718 821 1784 sunt.
857 1727 1018 1783 opera
1075 1717 1280 1783 carnis,
1333 1732 1450 1786 quae
1500 1725 1628 1772 sunt
1681 1719 1977 1788 [ornicatio

331 1793 472 1864 (Gal.
506 1814 560 1865 v,
599 1798 707 1868 19),
740 1802 872 1868 etc.,
905 1801 1057 1858 inter
1085 1820 1213 1875 quae
1246 1821 1423 1876 opera
1454 1805 1668 1875 carnis,
1689 1807 1976 1879 spiritalia

328 1882 469 1940 vitia
498 1894 938 1946 commemorat.
973 1891 1031 1947 Si
1063 1908 1198 1964 ergo
1230 1893 1355 1966 ipse
1385 1894 1444 1949 in
1489 1895 1622 1965 ﬁde,
1657 1900 1714 1951 et
1741 1896 1977 1952 veritate

332 1974 602 2046 egregius
634 1978 978 2048 praedicator
1008 1981 1296 2053 spiritalia
1336 1982 1479 2039 vitia
1525 1985 1682 2039 carni
1715 1984 1972 2053 ascribit,

335 2078 516 2148 quare
546 2063 687 2121 dicit
720 2084 733 2122 :
785 2068 952 2125 Omne
988 2070 1264 2140 reliquum
1291 2076 1571 2142 peccatum
1595 2080 1754 2129 extra
1783 2089 1975 2144 corpus

333 2159 414 2206 est
433 2169 456 2214 ;
500 2153 601 2221 qui.
643 2159 832 2220 autem
878 2159 1210 2227 fornicatur,
1245 2160 1305 2214 in
1331 2176 1530 2232 corpus
1551 2179 1714 2217 suum
1750 2167 1976 2232 peccat?

331 2238 493 2320 Quod
544 2244 610 2295 ut
652 2245 1009 2300 contrarium
1044 2263 1158 2302 non
1191 2254 1488 2320 appareat,
1524 2250 1829 2314 sciendum
1861 2255 1970 2318 est,

329 2326 466 2413 quia
489 2328 616 2384 dum
648 2336 788 2388 sunt
813 2332 1248 2407 fornicationes,
1273 2337 1543 2408 specialis
1564 2339 1822 2410 quidem,
1847 2356 1973 2411 quae

327 2415 387 2471 in
418 2433 659 2491 corpore
689 2426 974 2492 patratur,
1001 2429 1059 2481 et
1089 2428 1178 2480 est
1205 2427 1514 2497 generalis,
1546 2430 1603 2482 et
1631 2431 1825 2484 tamen
1859 2428 1975 2500 spi-

325 2504 537 2576 ritalis.
553 2507 612 2564 Si
638 2525 775 2582 ergo
797 2511 1109 2582 specialem
1133 2515 1576 2574 fornicationem
1597 2515 1781 2573 voluit
1799 2515 1972 2572 intel-

328 2593 452 2668 ligi,
482 2596 553 2652 ad
585 2602 1055 2674 exaggerandum
1079 2603 1282 2673 utique
1304 2603 1482 2660 dixit:
1517 2607 1578 2660 in
1597 2621 1791 2677 corpus
1810 2622 1974 2662 suum

325 2687 550 2757 peccat;
582 2685 722 2756 quia
751 2686 860 2744 hoc
891 2689 1288 2756 fornicationis
1318 2693 1561 2764 malum,
1597 2694 1712 2750 tale
1741 2711 1806 2750 ac
1837 2699 1970 2750 tan-

335 2772 463 2843 tum
494 2776 601 2844 est,
627 2777 691 2829 ut
721 2789 878 2843 eum,
903 2777 1000 2849 qui
1032 2779 1140 2835 hoc
1172 2779 1325 2835 malo
1358 2781 1667 2851 detinetur,
1691 2783 1970 2854 vinctum,

332 2857 700 2934 ligatumque
753 2867 966 2937 teneat,
997 2871 1173 2940 atque
1219 2886 1450 2926 servum
1496 2871 1721 2943 corpori
1779 2871 1970 2940 faciat,

327 2945 469 3006 adeo
501 2953 565 3004 ut
593 2949 720 3022 ipso
743 2955 1005 3025 tempore
1025 2956 1388 3028 expletionis,
1412 2976 1527 3015 non
1553 2959 1712 3016 aliud
1735 2960 1784 3016 ei
1817 2961 1970 3033 cogi-

325 3038 448 3104 tare
479 3035 666 3103 liceat,
703 3057 820 3097 non
851 3041 988 3099 alibi
1036 3044 1356 3116 intendere,
1390 3064 1495 3104 nec
1543 3047 1682 3104 alibi
1729 3066 1969 3106 sensum

326 3125 542 3193 mentis
582 3127 870 3203 dirigere;
922 3136 979 3188 et
1025 3133 1243 3192 idcirco
1291 3137 1415 3193 ait:
1466 3139 1526 3194 In
1572 3154 1763 3210 corpus
1806 3155 1974 3194 suum

322 3219 549 3286 peccat;
581 3218 735 3289 quod
783 3220 854 3278 de
900 3220 1032 3279 aliis
1063 3227 1238 3296 atque
1268 3225 1399 3282 aliis
1429 3227 1682 3299 peccatis
1713 3226 1822 3283 dici
1856 3245 1971 3285 non
2003 3291 2008 3302 _

329 3303 562 3391 potuit;
595 3307 752 3382 quia,
775 3310 884 3366 etsi
914 3310 1028 3368 alia
1059 3313 1331 3387 quaelibet
1356 3321 1590 3388 peccata
1619 3317 1794 3374 homo
1816 3335 1973 3374 com-

332 3395 548 3464 mittat,
581 3404 772 3470 potest
800 3405 857 3456 et
891 3402 1045 3458 aliud
1080 3403 1355 3476 cogitare,
1386 3410 1560 3476 atque
1590 3405 1748 3462 aliud
1781 3422 1971 3478 agere,

331 3501 438 3543 nec
467 3485 809 3560 ihirsemper
837 3492 1051 3547 versari
1077 3509 1092 3560 ;
1123 3497 1180 3548 et
1215 3493 1344 3549 ideo
1377 3495 1448 3550 ad
1479 3495 1974 3566 comparationem

2005 1761 2056 1827 B

330 3571 489 3636 illius
521 3580 683 3634 extra
712 3592 924 3650 corpus
955 3579 1079 3636 ﬁeri
1125 3581 1425 3638 dicuntur.
1458 3586 1657 3646 Potest
1702 3588 1760 3638 et
1810 3582 1978 3640 aliter

327 3661 600 3738 intelligi.
633 3665 731 3730 Est
760 3666 918 3726 enim
949 3669 1242 3742 generalis
1276 3670 1602 3740 fornicatio,
1635 3688 1761 3744 quas
1791 3677 1881 3728 est
1921 3676 1978 3728 et

328 3752 631 3824 spiritalis,
665 3756 737 3814 de
767 3773 884 3829 qua
913 3757 1225 3816 Psalmista
1256 3778 1270 3817 :
1318 3760 1622 3818 Perdidisti
1648 3777 1832 3816 omnes
1861 3762 1976 3832 for-

330 3841 580 3902 nicantcs
625 3845 722 3900 abs
769 3851 826 3900 te
876 3848 1048 3914 (Psal.
1082 3865 1256 3921 Lxxu,
1289 3850 1401 3921 26).
1435 3851 1524 3917 Et,
1557 3853 1622 3904 ut
1651 3849 1981 3906 ostenderet

334 3946 460 4002 quae
504 3935 659 3990 esset
705 3932 836 4004 ipsa
886 3935 1211 4008 fornicatio,
1246 3954 1381 3993 mox
1431 3937 1781 4009 subjunxit:
1832 3937 1982 3995 Mihi

331 4022 517 4080 autem
545 4020 835 4079 adhaerere
858 4023 963 4080 Deo
989 4024 1191 4082 bonum
1217 4033 1336 4094 est;
1366 4027 1435 4081 de
1465 4042 1583 4097 qua
1610 4029 1666 4082 et
1685 4025 1976 4083 Jacobus:

332 4107 582 4174 Adulteri
610 4110 778 4180 (375),
811 4113 1062 4180 nescitis,
1095 4113 1309 4186 inquit,
1343 4117 1475 4186 quia
1510 4115 1763 4170 amicitia
1789 4114 1984 4170 saeculi

333 4194 499 4264 hujus
529 4196 760 4252 inimica
788 4203 870 4254 est
898 4201 1002 4256 Deo
1020 4203 1047 4254 γ
1076 4202 1300 4268 Quibus
1330 4202 1520 4258 verbis
1551 4203 1805 4259 ostendit
1834 4201 1979 4258 ami-

334 4297 470 4338 cum
500 4297 630 4340 esse
659 4285 880 4351 saeculi,
904 4287 1174 4352 fornicari
1206 4305 1336 4346 esse
1365 4291 1501 4347 Deo.
1528 4290 1674 4347 Hinc
1704 4297 1760 4346 et
1791 4289 1982 4346 Domi-

336 4385 451 4425 nus
485 4388 498 4427 :
548 4373 738 4441 Nemo,
773 4375 987 4448 inquit,
1016 4383 1183 4449 potest
1235 4378 1445 4436 duobus
1491 4380 1732 4436 dominis
1768 4381 1983 4435 servire

339 4457 490 4558 (tuo.
513 4477 629 4558 xvi,
664 4463 752 4558 13)
777 4482 790 4558 ξ
825 4470 882 4521 et
910 4467 1010 4558 qui
1042 4471 1240 4524 essent
1268 4469 1386 4524 duo
1416 4469 1662 4538 domini,
1687 4468 1978 4558 ostendit:
2013 4490 2062 4558 Β

337 4548 456 4604 Non
502 4554 743 4623 potestis,
774 4553 988 4628 inquit,
1019 4559 1124 4615 Deo
1169 4560 1400 4626 servire,
1434 4563 1485 4615 et
1529 4574 1894 4620 mammonae;
1923 4557 1981 4612 id

339 4640 452 4712 est,
469 4638 618 4696 mihi
639 4647 696 4697 et
715 4643 928 4702 seculo
949 4647 1248 4720 conjungi.
1277 4647 1423 4704 Hinc
1448 4645 1624 4704 etiam
1656 4651 1714 4702 et
1731 4648 1983 4703 Joannes

341 4730 468 4793 ait:
511 4736 679 4793 Omne
707 4735 847 4808 quod
877 4737 936 4794 in
965 4737 1124 4794 modo
1152 4744 1256 4804 est,
1287 4739 1724 4810 concupiscentia
1753 4744 1831 4792 est
1856 4752 1983 4791 car-

339 4825 430 4882 nis
475 4833 532 4884 et
571 4827 858 4884 oculorum
885 4827 1114 4901 (I.Joan.
1149 4845 1212 4896 ιι,
1248 4826 1356 4901 16),
1389 4831 1523 4897 etc.,
1560 4841 1748 4896 usque
1779 4825 1850 4881 ad
1900 4824 1982 4892 id,

336 4918 492 4989 quod
524 4917 607 4974 ait
635 4935 648 4974 :
687 4919 793 4988 Qui
819 4927 1000 4975 autem
1028 4920 1166 4989 facit
1194 4918 1530 4974 voluntatem
1558 4915 1674 4982 Dei,
1704 4919 1892 4972 manet
1923 4914 1985 4968 in

333 5011 608 5065 esternum
627 5007 813 5079 (ιω,
841 5010 949 5080 17).
974 5009 1338 5080 QuaprOpter
1360 5005 1701 5078 quicunque
1731 5020 1834 5076 pro
1865 5019 1984 5066 suae

336 5096 589 5155 carnalis
603 5095 1006 5156 delectationis
1017 5095 1451 5163 amore,mundi
1467 5095 1647 5166 hujus
1661 5091 1982 5166 sequendo,

337 5201 402 5241 ac
415 5186 791 5259 suscipiendo
809 5185 1335 5258 concupiscentiae,
1352 5189 1510 5240 aDeo
1527 5182 1764 5252 recedit,
1780 5180 1986 5252 utique

340 5274 678 5351 fornicatur,
709 5280 767 5332 et
814 5276 874 5332 in
923 5291 1136 5349 corpus
1187 5291 1362 5330 suum
1408 5275 1628 5345 peccat,
1661 5270 1718 5326 id
1748 5273 1860 5336 est,
1891 5267 1985 5325 sui

415 5439 566 5511 (575)
593 5441 708 5495 Jac.
735 5456 810 5504 ιν,
843 5440 896 5507 4,
923 5441 1118 5510 autog.
1146 5435 1328 5511 avari.
1351 5431 1494 5489 Mihi
1511 5433 1719 5511 autem
1750 5428 1988 5511 lectioni

341 5501 647 5590 et'sen'sui
697 5501 918 5590 morem
964 5501 1163 5590 ger‘ére
1198 5507 1390 5564 visum
1437 5506 1566 5571 est;
1601 5501 1866 5574 ideoque,
1900 5501 1988 5557 uti

343 5582 642 5649 mendam,
675 5581 996 5642 emendavi.

2097 469 2456 534 inhaerendo,
2483 471 2583 525 sed
2604 469 2740 536 Deo,
2767 470 3091 542 mundique
3113 469 3286 524 etiam
3312 469 3746 542 delectationes,

2096 575 2160 614 ac
2182 559 2685 632 concupiscentiae
2702 559 3149 628 contemnendo,
3165 563 3337 632 atque
3361 559 3740 628 devincendo,

2096 653 2198 702 aut
2229 648 2575 719 ignorantia,
2609 652 2710 702 aut
2758 647 3070 718 oblivione,
3103 653 3206 702 aut
3253 648 3611 719 abreptione,
3646 654 3747 704 aut

2093 735 2196 791 tali
2230 737 2488 806 quolibet
2528 736 2699 791 modo
2750 735 3076 807 delinquat,
3108 737 3276 807 quasi
3323 743 3482 791 extra
3529 754 3741 809 corpus

2094 829 2330 896 peccat;
2363 825 2473 880 hoc
2503 830 2613 891 est,
2649 825 2788 896 quia
2818 841 2930 880 non
2967 813 3076 897 pro
3109 825 3200 880 sui
3232 826 3490 896 corporis
3523 843 3739 893 amore,

2095 914 2313 968 recedit
2342 931 2375 969 a
2409 916 2539 970 Deo.
2572 917 2684 969 Aut
2717 914 2937 986 aliquid
2970 915 3181 969 horum
3213 913 3396 969 voluit
3423 915 3739 985 Apostolus

2092 1001 2362 1076 intelligi,
2395 1008 2495 1058 aut
2527 1004 2673 1059 forte
2705 1009 3060 1076 utrumque;
3093 1004 3233 1074 quia
3261 1005 3622 1060 consuetudo
3652 1009 3744 1060 est

2093 1096 2434 1148 sanctarum
2474 1092 2932 1164 Scripturarum,
2967 1097 3031 1148 ut
3085 1093 3196 1164 sub
3246 1110 3357 1148 uno
3408 1094 3586 1149 verbo
3641 1097 3745 1148 aut

2093 1181 2402 1246 sententia,
2436 1181 2623 1236 multa
2654 1181 2900 1254 intelligi
2933 1182 3180 1254 possint.

2162 1270 2484 1340 Sequitur:
2539 1273 2622 1325 An
2668 1273 2888 1326 nescitis
2936 1273 3212 1342 quoniam.
3254 1272 3500 1326 membra
3559 1275 3745 1326 vestra

2089 1359 2358 1430 templum
2387 1366 2464 1413 est
2491 1358 2640 1430 (576)
2683 1360 2924 1430 Spiritus
2953 1361 3174 1415 sancti?
3202 1363 3265 1413 In
3297 1375 3362 1413 eo
3395 1359 3549 1414 enim
3582 1358 3739 1430 quod

2087 1464 2329 1519 corpora
2359 1453 2560 1502 nostra
2591 1449 2856 1503 membra
2885 1447 3119 1519 Christi,
3154 1452 3211 1503 et
3241 1448 3506 1503 membra
3539 1451 3744 1502 nostra

2086 1535 2376 1610 templum
2420 1551 2548 1592 esse
2578 1537 2828 1609 Spiritus
2859 1537 3046 1592 sancti
3079 1538 3377 1605 dicuntur,
3410 1536 3745 1592 ostenditur

2087 1625 2213 1696 ipse
2243 1641 2372 1680 esse
2393 1625 2645 1692 Creator,
2672 1630 2730 1681 et
2761 1642 2875 1684 non
2902 1630 3186 1698 creatura,
3211 1643 3314 1684 nec
3340 1625 3532 1699 impar
3561 1625 3742 1680 etiam

2085 1714 2243 1769 Patri
2275 1719 2331 1770 et
2359 1713 2520 1770 Filio.
2548 1715 2718 1784 Quem
2746 1714 2960 1771 habetis
2990 1733 3022 1770 a
3046 1717 3152 1771 Deo
3183 1715 3347 1783 dicit,
3370 1719 3435 1772 ut
3464 1713 3742 1771 ostendat

2086 1802 2228 1875 quia
2273 1822 2308 1860 a
2356 1821 2418 1860 se
2450 1821 2566 1860 non
2598 1808 2962 1878 acceperant.
2997 1804 3274 1876 Sequitur
3307 1821 3320 1860 :
3373 1806 3438 1859 Et
3469 1820 3579 1859 non
3609 1806 3743 1859 estis

2086 1896 2293 1954 vestri;
2327 1911 2392 1949 ac
2422 1893 2472 1949 si
2505 1894 2720 1949 diceret
2748 1909 2760 1947 :
2816 1893 2963 1960 Quia
3008 1893 3066 1948 in
3116 1893 3468 1965 baptismate
3501 1891 3605 1947 filii
3643 1892 3742 1947 Dei

2087 1981 2274 2038 effecti
2296 1981 2456 2054 estis,
2482 1997 2596 2038 non
2623 1983 2949 2038 secundum
2972 1986 3248 2054 vestram,
3271 1981 3372 2040 sed
3407 1981 3741 2056 secundum

2085 2068 2244 2124 illius
2303 2069 2474 2125 vivite
2528 2069 2914 2126 voluntatem.
2968 2071 3156 2136 Quare
3204 2087 3320 2127 non
3369 2075 3571 2126 essent
3628 2069 3755 2138 sui,

2086 2158 2342 2213 ostendit
2370 2174 2382 2212 :
2411 2160 2597 2231 Empti
2615 2162 2764 2214 enim
2788 2161 2913 2214 estis
2931 2161 3113 2231 pretio
3133 2176 3331 2231 magno
3349 2176 3370 2221 ,ο
3401 2158 3573 2232 quasi
3597 2157 3753 2213 dice—

2087 2251 2176 2302 ret
2206 2263 2218 2300 :
2247 2246 2303 2300 Si
2336 2247 2512 2303 homo
2535 2265 2712 2320 parvo
2740 2247 2922 2320 pretio
2944 2264 3146 2304 emens
3178 2263 3436 2313 servum,
3460 2247 3643 2319 exigit
3671 2247 3743 2302 ab

2085 2351 2151 2391 eo
2193 2337 2334 2409 juge
2384 2353 2450 2392 ac
2508 2341 2857 2410 perpetuum
2907 2337 3249 2405 servitium;
3300 2341 3524 2409 quanto
3555 2337 3747 2408 magis

2087 2428 2258 2492 Deus,
2294 2425 2392 2495 qui
2423 2441 2524 2480 vos
2556 2431 2674 2481 tam
2708 2442 2920 2498 magno
2951 2426 3136 2498 pretio
3167 2425 3434 2498 redemit,
3467 2425 3581 2481 hoc
3623 2429 3736 2491 est,

2083 2530 2193 2570 non
2214 2515 2562 2587 corruptibili
2581 2531 2737 2584 auro,
2759 2514 2844 2570 vel
2877 2523 3135 2588 argento,
3156 2514 3308 2570 sicut
3337 2515 3541 2570 Petrus
3572 2514 3736 2588 dicit,

2081 2603 2174 2659 sed
2188 2605 2584 2675 pretiosissima
2605 2605 2875 2674 sanguine
2895 2605 3038 2674 Agni
3067 2603 3418 2659 immaculati
3438 2604 3486 2676 (ι
3513 2605 3658 2659 Petr.
3695 2619 3737 2670 ι,

2085 2693 2196 2763 18),
2219 2691 2276 2747 id
2301 2695 2407 2760 est,
2428 2691 2658 2748 Domini
2683 2692 2867 2749 nostri
2888 2692 3029 2748 Jesu
3050 2691 3288 2764 Christi,
3307 2691 3738 2764 sempiternum

2084 2797 2149 2836 ac
2170 2782 2314 2853 juge
2346 2797 2380 2835 a
2410 2780 2577 2836 nobis
2608 2780 2732 2836 vult
2761 2781 2986 2854 exigere
3019 2781 3342 2836 servitium.
3376 2783 3442 2837 Et
3470 2781 3588 2837 ideo
3620 2783 3741 2851 glo-

2082 2869 2316 2941 riﬁcate,
2345 2874 2400 2925 et
2417 2873 2632 2942 portate
2653 2872 2826 2926 Deum
2847 2870 2908 2924 in
2925 2886 3150 2942 corpore
3173 2880 3376 2925 vestro.
3401 2869 3743 2926 Glorificare

2082 2959 2267 3024 Deum
2302 2963 2392 3015 est
2424 2960 2746 3015 secundum
2770 2960 2897 3031 ejus
2927 2958 3118 3016 vivere
3148 2962 3525 3031 praeceptum.
3553 2963 3737 3014 Deum

2082 3047 2140 3101 in
2176 3063 2415 3120 corpore
2444 3051 2770 3118 portamus,
2803 3064 2935 3103 cum
2978 3048 3108 3120 ejus
3137 3045 3455 3120 imaginem
3489 3047 3740 3104 illaasam

2085 3152 2408 3192 servamus.
2439 3136 2670 3192 Dictum
2702 3141 2790 3192 est
2818 3137 2888 3192 de
2921 3136 3111 3209 primo
3146 3162 3160 3195 :
3200 3138 3347 3192 Fecit
3378 3141 3525 3192 Deus
3559 3138 3742 3193 hemi-

2081 3241 2209 3281 nem
2237 3226 2307 3284 ad
2337 3227 2646 3296 imaginem
2668 3234 2719 3282 et
2745 3226 3168 3284 similitudinem
3187 3243 3342 3281 suam
3367 3224 3520 3294 (Gen.
3557 3244 3596 3296 ι,
3623 3227 3743 3298 27),

2083 3315 2201 3370 Nos
2217 3317 2523 3390 ergo,dum
2543 3333 2644 3387 per
2661 3314 3103 3371 immunditiam
3125 3313 3462 3385 polluimur,
3483 3315 3582 3370 Dei
3600 3315 3748 3370 ima-

2083 3404 2277 3477 ginem
2311 3403 2621 3470 violamus,
2653 3404 2755 3459 sed
2788 3405 3053 3460 eamdem
3089 3420 3191 3476 per
3221 3403 3651 3474 paenitudinem
3686 3408 3748 3461 et

2083 3493 2311 3565 fructus
2329 3492 2535 3566 dignos
2553 3491 2988 3565 poenitentimﬁn
3007 3493 3176 3548 nobis
3195 3493 3513 3548 reformare
3533 3509 3746 3564 posau-

2085 3597 2240 3650 mus.
2274 3583 2420 3652 (577)
2453 3580 2610 3653 (CAP.
2643 3580 2789 3653 VII.)
2824 3582 3102 3653 Sequitur
3130 3599 3142 3636 :
3192 3583 3266 3637 De
3306 3582 3506 3652 quibus
3552 3588 3753 3648 autem

2083 3671 2380 3740 scripsistis
2427 3669 2592 3737 mihi,
2645 3673 2756 3725 etc.
2799 3669 2995 3725 Altera
3042 3674 3130 3725 est
3174 3669 3434 3741 Apostoli
3467 3669 3751 3725 intentio.

2087 3758 2370 3830 Superius
2401 3757 2631 3814 locutus
2664 3759 2853 3814 fuerat
2883 3759 2953 3814 de
2984 3757 3243 3826 illicitis;
3280 3775 3437 3814 nunc
3466 3775 3600 3814 vero
3652 3757 3752 3814 lo-

2088 3849 2291 3920 quitur
2321 3847 2390 3902 de
2420 3846 2920 3920 licitis.,Congruo
2952 3846 3170 3919 quippe
3200 3847 3404 3902 ordine
3435 3847 3602 3918 prius
3632 3845 3759 3901 illi-

2088 3936 2224 4004 cita,
2259 3937 2316 3991 id
2367 3940 2476 4006 est,
2510 3935 2732 4006 malum
2778 3934 3178 3994 fornicationis
3228 3935 3548 4008 prohibuit,
3585 3952 3758 3990 nunc

2087 4041 2221 4080 vero
2247 4024 2426 4094 licita,
2449 4025 2508 4079 id
2540 4028 2650 4090 est,
2674 4023 2931 4097 conjugii
2956 4025 3176 4080 bonum
3200 4023 3574 4079 commendat
3599 4041 3610 4079 :
3641 4024 3762 4097 qui

2091 4111 2267 4168 etiam
2299 4112 2358 4166 in
2391 4110 2596 4168 multis
2617 4110 2748 4167 aliis
2770 4105 3108 4184 sanctarum
3129 4111 3560 4184 Scripturarum
3597 4110 3765 4184 locis

2092 4203 2359 4255 servatus
2390 4203 2775 4255 monstratur.

2163 4288 2326 4354 Quod
2359 4303 2492 4343 vero
2524 4288 2602 4343 ait
2632 4304 2644 4342 :
2679 4289 2754 4343 De
2782 4289 2980 4359 quibus
3008 4288 3332 4360 scripsistis,
3357 4291 3490 4354 etc.,
3509 4286 3775 4343 duobus

2093 4375 2285 4444 modis
2307 4375 2553 4449 intelligi
2583 4380 2776 4448 petest
2801 4401 2815 4444 ;
2847 4377 2990 4448 quia
3020 4382 3076 4433 et
3097 4377 3223 4432 duae
3253 4379 3479 4448 queunt
3499 4390 3633 4431 esse
3669 4375 3777 4431 in-

2092 4466 2419 4532 tentiones;
2449 4482 2583 4521 nam
2607 4466 2932 4536 secundum
2959 4466 3268 4538 quosdam,
3290 4462 3606 4536 Apostolus
3633 4481 3778 4520 mo-

2094 4559 2258 4610 ratus
2292 4555 2444 4625 apud
2475 4570 2574 4609 eos
2623 4570 2725 4626 per
2769 4572 2990 4610 annum
3029 4559 3085 4610 et
3125 4570 3360 4610 menses
3391 4569 3511 4624 sex,
3548 4552 3779 4632 docuit

2092 4643 2316 4698 bonum
2347 4641 2718 4698 continentiae
2751 4645 3122 4716 servandum.
3149 4643 3283 4712 Sed,
3308 4642 3446 4714 quia
3475 4641 3778 4698 nonnulli

2094 4747 2295 4788 eorum
2310 4747 2413 4802 per
2428 4730 2638 4786 illicita
2651 4731 3085 4796 errabant,illos
3100 4729 3307 4786 litteris
3321 4729 3781 4806 signiﬁcantes,

2094 4819 2433 4876 direxerunt
2453 4819 2761 4892 epistolam
2784 4838 2890 4877 suo
2908 4820 3128 4877 doctori
3150 4825 3208 4876 et
3229 4820 3535 4894 magistro,
3551 4820 3783 4876 studio

2094 4908 2437 4965 consulendi
2456 4909 2597 4981 quid
2617 4914 2773 4965 esset
2793 4911 3104 4983 agendum.
3119 4908 3333 4972 Etideo
3351 4907 3494 4964 dicit
3509 4924 3524 4963 :
3539 4907 3617 4963 De
3634 4911 3786 4981 qui-

2097 4999 2193 5055 bus
2213 4999 2531 5070 scripsistis,
2555 5005 2662 5054 etc.
2682 5017 2696 5068 ;
2726 4999 2894 5070 quasi
2918 4999 3163 5056 diceret:
3189 4999 3414 5053 Bonum
3435 5005 3580 5062 erat,
3595 4996 3789 5054 sicut

2097 5087 2300 5156 docui;
2325 5088 2449 5154 sed,
2466 5087 2605 5159 quia
2625 5086 3002 5162 signiﬁcastis
3023 5085 3624 5154 nonnullosvestrum
3654 5103 3792 5159 per

2096 5175 2299 5232 illicita
2329 5191 2542 5242 errare,
2571 5178 2887 5234 auctoritas
2916 5175 3034 5234 illis
3065 5177 3372 5233 subveniat
3400 5175 3791 5254 apostolica.

2097 5265 2296 5337 Neque
2313 5264 2468 5321 enim
2485 5264 2567 5320 ita
2580 5265 2707 5322 volo
2726 5266 3032 5339 prohibere
3046 5265 3226 5333 licita,
3241 5269 3306 5321 ut
3321 5281 3424 5338 per
3436 5261 3657 5319 illicita
3678 5281 3794 5321 er-

2192 5423 2319 5498 §7§)
2350 5423 2520 5498 Yulg.
2555 5426 2817 5498 templum
2844 5434 2995 5498 sunt.

2192 5493 2320 5564 577)
2354 5494 2416 5550 In
2470 5493 2920 5581 autogI.marg.
2960 5496 3176 5628 lefitur
3222 5494 3317 5552 hic
3370 5510 3499 5569 cap.
3554 5493 3797 5560 XXXI.

2192 5564 2276 5628 llz.
2307 5570 2501 5627 autem
2531 5573 2738 5628 incinit
2765 5586 2894 5628 can.
2921 5568 3000 5626 VI
3032 5611 3045 5624 .

2100 5564 2276 5639 vulg.
2307 5570 2501 5644 autem
2531 5564 2738 5650 incipit
2765 5564 2901 5646 cap'.
2918 5564 3045 5644 VIII
