4060 6164
392 301 510 358 355

1403 296 1740 359 ATTONlS
1785 296 2378 359 VEBCELLENSIS
2424 293 2774 358 EPISCOPI
2847 330 2854 335 -

3675 296 3791 359 356

392 430 690 494 Quomodo
720 430 840 485 fore
870 445 1020 501 queo
1051 445 1254 486 servus
1311 429 1562 496 Domini,
1597 445 1731 485 cum
1779 430 1892 484 sim
1923 431 2032 485 ho-
2062 434 2116 498 Α
2147 428 2318 496 tium,
2350 428 2408 484 id
2435 433 2542 498 est,
2579 445 2813 484 uxorem
2841 446 2853 484 :
2888 429 2948 484 in
2980 427 3259 500 przeputio
3281 427 3494 500 aliquis
3521 434 3790 486 vocatus:

392 517 569 573 minis
597 517 625 572 ?
655 517 786 572 Ideo
817 519 992 574 verba
1051 518 1465 574 consolationis
1514 535 1580 574 ac
1620 518 2036 574 sublevationis

391 604 1053 677 adhibuit,subjungens
1081 621 1092 659 :
1120 607 1224 674 Qui
1238 608 1384 661 enim
1405 608 1466 661 in
1487 607 1946 662 Dominovocatus
1960 613 2037 661 est

388 709 595 759 servus,
627 698 736 749 etc.
773 693 1030 750 Servitus
1087 695 1302 750 etenim
1361 701 1753 766 peccatorum,
1787 693 2037 750 deterior

387 782 665 838 servitute
697 783 963 838 humanae
994 783 1528 838 conditionis.Nam
1552 788 1789 855 peccata
1815 783 2036 838 faciunt

389 872 1151 944 servum,quemadmodum
1173 871 1350 927 Cbam
1381 871 1692 944 iniquitate
1722 873 1909 927 factus
1949 875 2037 926 est

391 977 595 1017 servus
621 979 633 1016 :
654 965 1006 1031 quapropter
1026 959 1288 1016 dimissis
1306 961 1846 1033 peccatis,redditur
1860 961 2035 1016 homo

386 1049 555 1105 liber.
576 1048 757 1104 Aliter
779 1065 791 1102 :
818 1049 928 1104 iste
950 1049 1124 1103 etiam
1149 1049 1249 1120 qui
1272 1050 1507 1105 domino
1529 1049 1746 1105 carnali
1765 1048 2032 1116 deservit,

386 1137 527 1208 quia
547 1153 668 1192 rem
700 1137 1048 1208 prudentem
1082 1137 1220 1209 agit,
1255 1137 1366 1192 hoc
1397 1137 1577 1206 est,in
1593 1137 1886 1193 Christum
1911 1151 2032 1192 ere-

387 1225 647 1291 dit,liber
669 1225 948 1281 redditur.
978 1225 1140 1280 Unde
1172 1227 1446 1297 antiquos
1479 1243 1591 1281 non
1625 1225 1811 1298 piguit
1832 1241 2034 1280 omnes

374 1314 679 1385 sapientes
733 1313 853 1368 fore
882 1313 1097 1369 liberos
1128 1314 1389 1370 definire.
1423 1314 1570 1369 Hinc
1619 1319 1675 1368 et
1719 1313 1991 1369 Salomon
2020 1329 2032 1366 :

387 1402 554 1458 Servo
581 1404 824 1474 sapienti
852 1402 1018 1458 liberi
1043 1404 1287 1458 serviant
1319 1402 1502 1473 (Prov.
1535 1420 1675 1468 xvn,
1697 1403 1773 1469 2).
1799 1402 1868 1456 Et
1897 1401 2036 1472 quia

385 1491 458 1545 de
498 1490 728 1546 duabus
758 1491 1022 1562 personis
1051 1490 1418 1562 loquebatur,
1451 1495 1690 1546 secutus
1730 1490 2031 1560 adjunxit;

388 1579 668 1634 Similiter
693 1585 746 1634 et
773 1581 870 1650 qui
893 1579 1031 1634 liber
1057 1583 1275 1634 vocatus
1325 1583 1422 1646 est,
1481 1584 1592 1635 etc.
1639 1578 1820 1634 Noxia
1861 1582 1951 1633 est
1979 1581 2037 1633 et

385 1684 587 1722 amara
616 1667 1394 1738 quidemlibertas,alienum
1426 1684 1553 1724 esse
1578 1685 1611 1723 a
1632 1667 1818 1740 gratia
1843 1692 1856 1727 :
1881 1665 2035 1722 unde

383 1755 781 1812 alibizLiberi
804 1756 993 1827 fuistis
1037 1757 1275 1828 justitia?
1328 1758 1506 1826 (Rom.
1568 1774 1645 1826 v1,
1703 1757 1815 1827 20).
1847 1759 2033 1810 Homo

383 1844 706 1916 enim,quia
724 1845 874 1899 hanc
889 1844 1218 1901 libertatem
1241 1846 1472 1900 noxiam
1502 1849 1556 1900 et
1577 1861 1838 1900 amaram
1860 1842 2029 1898 intel~

385 1931 543 2002 lexit,
567 1934 638 1989 ad
662 1932 1018 1989 laudabilem
1041 1933 1255 1989 Christi
1282 1933 1620 1990 servitutem
1648 1931 2029 1999 transivit,di-

379 2023 565 2078 centis
586 2041 599 2078 :
619 2021 829 2078 Tollite
849 2024 1048 2094 jugum
1069 2039 1255 2078 meum
1278 2039 1442 2095 super
1459 2023 1710 2093 vos,quia
1739 2037 1904 2076 suave
1931 2028 2030 2085 est,

381 2116 434 2165 et
460 2127 601 2167 onus
626 2127 808 2167 meum
838 2113 950 2167 leve
981 2111 1190 2182 (Matth.
1211 2129 1287 2178 x1,
1315 2113 1426 2181 29).
1453 2110 1889 2166 Attendendum
1922 2112 2031 2176 est,

385 2205 581 2254 autem
613 2200 752 2270 quid
783 2201 959 2255 verba
988 2200 1305 2271 apostolica
1339 2201 1572 2266 faciant,
1605 2215 1802 2270 quaeve
1835 2199 1913 2253 sit
1942 2198 2029 2252 in-

383 2287 566 2342 tentio
596 2288 761 2357 ejus:
797 2287 1082 2342 unitatem
1113 2287 1382 2342 videlicet
1411 2288 1595 2342 facere
1627 2293 1802 2357 atque
1834 2301 2031 2340 mons-

381 2374 764 2446 trare;quasi
782 2374 939 2430 dicat
961 2392 973 2429 :
994 2374 1038 2429 Ο
1070 2375 1435 2442 domini,non
1465 2393 1564 2431 vos
1598 2390 1775 2447 super
1821 2391 1922 2429 vos
1944 2391 2034 2429 ex-

304 2492 310 2501 ι
379 2463 735 2530 tollatis,nec
766 2461 1006 2532 vosmet,
1040 2480 1072 2519 o
1092 2464 1263 2529 servi,
1296 2463 1605 2534 dejiciatis,
1630 2464 1760 2534 quia
1789 2464 1889 2534 qui
1918 2479 2030 2518 ser-

375 2569 474 2608 vus
503 2562 583 2608 est
614 2554 675 2609 in
706 2553 933 2608 Domino
990 2561 1228 2619 vocatus,
1291 2552 1524 2607 libertus
1578 2555 1655 2607 est
1696 2553 1956 2615 Domini;
1984 2559 2034 2606 et

381 2643 481 2713 qui
509 2642 666 2710 liber,
697 2658 882 2697 servus
911 2646 989 2696 est
1016 2641 1247 2699 Christi.
1277 2641 1441 2696 Unde
1480 2645 1536 2696 et
1564 2657 1698 2695 mox
1729 2639 2028 2710 adjunxit:

381 2731 565 2785 Pretio
593 2731 767 2801 empti
796 2731 968 2796 estis;
997 2729 1165 2800 quasi
1217 2728 1462 2784 diceret:
1506 2727 1630 2783 Non
1662 2728 1901 2799 dispari,
1931 2728 2030 2783 sed

384 2834 540 2885 uno;
571 2822 630 2873 et
659 2818 787 2874 ideo
840 2835 954 2873 non
1001 2817 1380 2886 extollamini,
1415 2833 1602 2889 neque
1651 2815 2028 2886 dejiciamini,

384 2905 524 2979 quia
555 2906 763 2962 fratres
793 2906 956 2962 estis.

451 2995 761 3067 Sequitur:
796 2996 978 3052 Nolite
1005 2996 1132 3066 ﬁeri
1157 2997 1304 3050 servi
1333 2994 1636 3050 hominum.
1686 2995 1833 3049 Sane
1877 3010 2030 3065 quae-

375 3084 623 3139 rendum
647 3099 988 3156 quare,cum
1013 3084 1286 3157 superius
1310 3083 1578 3139 hortatus
1601 3083 1677 3139 sit
1697 3098 1892 3138 servos
1913 3098 2033 3137 car-

2061 1799 2110 1864 B

2147 518 2202 571 id
2236 524 2342 584 est,
2378 534 2514 572 cum
2550 534 2745 584 uxore,
2771 534 2886 572 non
2918 519 3171 572 adducat
3201 518 3794 585 circumcisionem,id

2145 611 2254 672 est,
2291 623 2405 661 non
2441 606 2700 660 dimittat
2729 623 2999 663 uxorem:
3027 607 3181 660 unde
3202 623 3380 678 supra
3403 623 3415 661 :
3437 607 3496 662 Si
3526 609 3648 678 quis
3677 610 3794 679 fra-

2147 697 2253 759 ter,
2285 699 2418 761 etc.,
2442 693 2552 748 hoc
2581 694 2756 749 etiam
2788 694 3035 750 voluerit
3085 694 3332 768 intelligi
3389 695 3499 751 sub
3560 697 3796 752 nomine

2146 781 2293 837 servi
2327 799 2392 836 ac
2421 780 2607 836 liberi.
2641 781 2737 836 Ait
2768 783 2920 837 enim
2951 800 2963 836 ε
3000 781 3197 838 Servus
3227 787 3447 838 vocatus
3471 801 3526 839 es
3545 803 3568 848 ,ε
3587 784 3644 838 id
3681 789 3795 852 est,

2145 885 2280 925 cum
2303 886 2516 925 uxore:
2551 887 2660 925 non
2689 871 2757 926 sit
2785 871 2890 926 tibi
2917 887 3095 940 curse;
3133 871 3191 926 id
3225 876 3332 938 est,
3371 889 3485 928 non
3527 873 3794 928 dimittas

2146 973 2273 1014 eam
2306 977 2319 1026 ;
2354 959 2493 1029 quia
2523 976 2639 1013 non
2669 963 2725 1014 te
2756 959 3020 1030 impedit.
3054 959 3156 1014 Sed
3186 962 3235 1014 si
3283 969 3434 1032 potes
3477 961 3606 1031 ﬁeri
3634 961 3793 1025 liber.

2132 1049 2320 1117 magis
2350 1055 2518 1103 utere.
2552 1048 2655 1102 His
2686 1064 2917 1119 quoque
2946 1048 3135 1103 verbis
3166 1048 3420 1104 ostendit
3463 1050 3652 1123 magis
3685 1051 3798 1106 sibi

2145 1135 2374 1207 placere
2402 1137 2785 1204 continentes,
2821 1153 2997 1208 quam
3025 1137 3408 1210 conjugatos:
3452 1139 3630 1194 etiam
3681 1156 3798 1211 quo

2145 1240 2254 1279 sua
2275 1225 2478 1279 tendat
2506 1225 2770 1292 intentio,
2804 1241 3043 1281 causam
3078 1242 3308 1297 nempe,
3343 1227 3412 1282 de
3469 1244 3586 1299 qua
3634 1226 3796 1283 locu-

2143 1316 2313 1394 turus
2343 1317 2466 1368 erat
2495 1314 2740 1381 diutius,
2771 1313 2939 1369 solito
2973 1331 3131 1370 more
3173 1314 3549 1386 praelibando,
3579 1317 3800 1390 tetigit.

2215 1401 2527 1472 Sequitur:
2560 1403 2662 1470 Qui
2687 1404 2840 1458 enim
2872 1404 2930 1457 in
2962 1404 3194 1458 Domino
3221 1419 3410 1459 servus
3448 1409 3663 1460 vocatus
3693 1415 3799 1476 est,

2147 1490 2373 1546 libertus
2404 1494 2479 1544 est
2512 1491 2749 1546 Domini.
2787 1491 3053 1547 Libertus
3085 1491 3317 1560 dicitur,
3351 1493 3451 1564 qui
3485 1493 3698 1565 partim
3729 1493 3799 1547 li-

2145 1579 2269 1646 ber,
2295 1578 2442 1650 parti
2453 1581 2628 1651 mZest
2649 1595 2869 1635 servus.
2895 1581 3044 1652 Ergo
3066 1581 3211 1637 bene
3247 1581 3598 1653 conjugatus
3619 1580 3796 1638 liber-

2144 1672 2239 1722 tus
2266 1667 2645 1739 dicitur,quia
2675 1685 2877 1724 servus
2906 1674 3086 1735 est,eo
3117 1670 3272 1740 quod
3313 1686 3430 1725 non
3460 1670 3672 1726 habeat
3693 1687 3796 1743 po-

2140 1759 2411 1812 testatem
2444 1757 2536 1811 sui
2567 1755 2855 1828 cdrporis;
2893 1756 3040 1812 liber
3088 1761 3302 1828 autem,
3337 1761 3572 1830 propter
3618 1774 3796 1830 opera

2142 1844 2396 1915 pietatis,
2418 1848 2474 1899 et
2504 1848 2841 1900 caaterarum
2873 1846 3158 1902 virtutum
3182 1864 3194 1901 :
3221 1862 3443 1914 servus,
3469 1844 3618 1918 quia
3637 1846 3799 1902 debi-

2142 1938 2265 1987 tum
2300 1932 2488 1988 reddit
2521 1934 2682 1988 uxori
2713 1959 2726 1999 ;
2760 1933 2908 1988 liber
2964 1934 3258 2004 equidem,
3309 1934 3449 2005 quia
3489 1937 3547 1990 et
3575 1935 3797 1991 collum

2144 2020 2356 2076 mentis
2378 2021 2567 2092 ajugo
2590 2020 2861 2076 vitiorum
2885 2023 3161 2091 excussit,
3195 2027 3254 2077 et
3279 2022 3334 2076 in
3357 2022 3641 2077 virtutum
3665 2039 3797 2095 gra-

2140 2110 2299 2164 ditur
2328 2108 2612 2164 libertate.
2639 2109 2950 2181 Sequitur:
2992 2111 3096 2178 Qui
3126 2111 3266 2165 tiber
3293 2115 3519 2166 vocatus
3555 2116 3656 2178 est,
3689 2112 3796 2167 hoc

2141 2206 2247 2267 est,
2283 2198 2408 2253 sine
2440 2215 2656 2264 uxore;
2692 2200 2829 2269 quia
2859 2198 3084 2255 Christo
3116 2199 3414 2266 subditur,
3467 2216 3673 2256 servus
3705 2206 3794 2256 est

2140 2287 2288 2357 ejus.
2314 2287 2442 2342 Haec
2459 2289 2719 2358 namque
2750 2287 2995 2343 servitus
3029 2287 3279 2343 nobilior
3299 2293 3387 2343 est
3408 2289 3569 2344 omni
3616 2287 3791 2345 liber-

2135 2374 2514 2447 tate.Repetit
2534 2381 2590 2430 et
2619 2375 2786 2431 tertio
2820 2375 2972 2447 quod
2996 2393 3175 2448 supra
3199 2376 3421 2433 dixerat
3445 2392 3460 2432 :
3494 2379 3793 2451 Unusquis-

2140 2479 2242 2533 que
2268 2465 2327 2518 in
2359 2479 2460 2534 quo
2493 2469 2712 2520 vocatus
2767 2469 2867 2531 est,
2925 2467 3146 2536 fratres,
3203 2469 3262 2520 in
3320 2467 3418 2522 hoc
3469 2476 3796 2538 permaneat

2139 2553 2288 2624 apud
2332 2557 2525 2608 Deum.

2211 2642 2358 2714 (590)
2391 2643 2706 2714 Sequitur:
2745 2643 2818 2698 De
2849 2643 3163 2713 virginibus
3189 2653 3528 2716 praeceptum
3563 2647 3795 2701 Domini

2139 2747 2250 2786 non
2283 2729 2978 2794 habeo,etc.Prohibuerat
2999 2733 3270 2803 superius
3292 2731 3513 2789 malum
3539 2733 3798 2790 fornica-

2139 2818 2564 2874 tionis.Deinde
2586 2819 2816 2874 locutus
2840 2821 2911 2874 de
2941 2820 3474 2894 conjugatis,atque
3498 2823 3804 2879 continen-

2136 2908 2317 2977 tibus,
2352 2912 2484 2979 post
2515 2907 2633 2962 haec
2662 2908 2927 2975 inseruit,
2959 2909 3029 2964 de
3078 2909 3425 2967 circumciso
3472 2916 3532 2967 et
3562 2929 3800 2984 przepu-

2139 2997 2300 3052 tiato.
2335 2997 2416 3052 De
2445 3014 2629 3064 servo,
2665 3014 2730 3052 ac
2763 2997 2966 3068 libero,
3002 2999 3325 3054 secundum
3361 3003 3679 3072 quosdam,
3717 3002 3799 3057 al-

2139 3089 2262 3140 tera
2294 3085 2540 3141 intentio
2571 3087 2893 3156 ejus.Nunc
2921 3103 3053 3141 vero
3073 3085 3338 3158 loquitur
3355 3089 3428 3144 de
3447 3088 3798 3162 virginibus,

375 3171 608 3228 nalibus
658 3173 916 3228 dominis
974 3174 1210 3240 servire,
1271 3189 1427 3228 nunc
1459 3172 1647 3227 dicat:
1682 3173 1856 3227 Nolite
1903 3170 2030 3241 ﬁeri
2057 3160 2101 3226 C
2140 3174 2211 3229 de
2243 3175 2458 3245 quibus
2479 3174 2654 3230 etiam
2690 3175 2878 3230 fuerat
2915 3175 3330 3248 interrogatus.
3384 3160 3562 3233 Unde'
3593 3195 3798 3252 supra,

373 3262 536 3316 servi.
573 3261 700 3317 Non
731 3265 838 3332 est,
870 3261 1136 3334 inquam,
1158 3261 1536 3329 contrarium,
1563 3261 1700 3333 quia
1721 3259 1880 3315 illam
1899 3266 2028 3315 tan-

377 3349 461 3423 git
491 3351 841 3406 sententiam
874 3366 991 3421 qua
1021 3350 1192 3422 longe
1225 3351 1495 3421 superius
1524 3350 1898 3422 reprehendit
1932 3367 2029 3405 eos

382 3454 564 3509 quare
593 3438 819 3510 decepti
846 3437 941 3492 alii
970 3437 1347 3505 Petriani,alii
1374 3438 1634 3493 Pauliani
1659 3438 2026 3493 dicebantur:

384 3527 476 3581 Sic
503 3527 654 3582 enim
707 3527 840 3581 dicit
895 3527 1085 3580 alius:
1139 3542 1233 3597 ego
1289 3525 1507 3596 quidem
1565 3527 1750 3590 Pauli,
1785 3531 1890 3580 etc.
1929 3543 1941 3592 ;
1975 3530 2032 3580 et

383 3613 556 3684 paulo
587 3619 756 3685 post:
791 3613 1058 3685 Nunquid
1112 3616 1349 3669 Paulum
1398 3631 1499 3686 pro
1554 3615 1704 3669 vobis
1731 3613 2030 3686 cruciﬁm

379 3706 500 3758 est?
529 3706 586 3758 et
615 3701 745 3758 ideo
775 3702 949 3758 dicit:
971 3701 1159 3758 Nolite
1182 3702 1315 3772 fieri
1338 3705 1483 3759 servi
1510 3702 1798 3758 hominum
1819 3720 1838 3757 :
1881 3702 2030 3759 servi

378 3807 634 3863 namque
663 3790 971 3846 hominum
1001 3790 1301 3861 dicuntur,
1321 3791 1420 3864 qui
1450 3791 1724 3847 humanis
1746 3790 2028 3862 supersti-

375 3875 633 3934 tionibus
667 3879 992 3950 subjacent,
1023 3895 1125 3934 ceu
1158 3879 1439 3936 Corinthii
1467 3897 1478 3934 :
1503 3881 1666 3936 nolite
1694 3880 1818 3950 ﬁeri
1843 3880 1991 3936 servi
2009 3898 2032 3944 ,-

375 3967 546 4040 quasi
577 3967 831 4024 diceret:
892 3968 1018 4024 Non
1077 3985 1180 4024 vos
1237 3967 1476 4038 Paulus,
1521 3985 1634 4024 non
1670 3969 1892 4039 Petrus,
1926 3969 2024 4024 sed

382 4055 672 4123 Christus,
705 4056 806 4128 qui
831 4057 989 4113 dives
1032 4062 1122 4113 est
1142 4058 1678 4129 omnium(Rom.x,
1709 4060 1775 4113 12
1798 4059 2025 4130 ;Ephes.

379 4162 443 4215 ιι,
464 4147 538 4216 4),
559 4147 844 4202 redemit:
879 4151 935 4200 et
968 4145 1097 4202 ideo
1139 4163 1255 4202 non
1287 4147 1552 4214 diversis,
1571 4148 1669 4202 sed
1696 4164 1812 4202 uno
1845 4147 2028 4219 pretio

381 4233 874 4305 redempti,nolite
897 4249 1047 4301 esse,
1065 4235 1178 4290 nisi
1213 4235 1417 4290 unius:
1442 4235 1566 4306 ipse
1587 4251 1797 4306 nempe
1818 4252 2029 4309 magno

379 4322 566 4396 pretio
595 4339 698 4377 vos
729 4322 996 4392 redemit,
1051 4327 1108 4378 et
1137 4322 1251 4378 tale
1307 4339 1410 4394 pro
1457 4322 1619 4380 vobis
1648 4323 1827 4394 dedit,
1861 4325 2030 4396 quale

379 4410 528 4466 alter
557 4411 694 4467 dare
725 4427 839 4466 non
870 4411 1096 4483 potuit;
1131 4411 1289 4483 quia,
1321 4411 1428 4467 etsi
1479 4411 1626 4466 alter
1680 4412 2028 4484 sanguinem

2139 3263 2205 3317 de
2231 3265 2426 3335 quibus
2457 3263 2666 3335 inquit,
2699 3264 3015 3332 scripsistis,
3049 3269 3157 3320 etc.
3185 3265 3346 3321 Unde
3370 3276 3425 3322 et
3451 3267 3509 3321 in
3537 3267 3650 3323 hoc
3671 3267 3797 3324 loco

2141 3353 2616 3407 subaudiendum
2650 3357 2740 3408 est
2764 3369 2776 3408 :
2802 3353 2874 3407 De
2895 3353 3222 3424 virginibus,
3247 3355 3318 3410 de
3339 3355 3557 3427 quibus
3580 3358 3800 3429 scripto

2142 3442 2569 3512 interrogastis,
2597 3451 2930 3512 praeceptum
2989 3443 3212 3498 Dom-ini
3263 3458 3379 3499 non
3429 3444 3640 3510 habeo;
3669 3464 3797 3502 con-

2137 3531 2328 3585 silium
2357 3538 2539 3585 autem
2567 3530 2652 3586 do.
2675 3529 3241 3603 Pulchre‘siquidem
3265 3533 3402 3588 dicit
3432 3540 3794 3607 praeceptum

2139 3617 2367 3674 Domini
2391 3635 2506 3674 non
2530 3618 2778 3684 habere;
2799 3620 2938 3692 quia
2984 3620 3108 3692 ipse
3141 3621 3426 3677 Dominus
3442 3628 3649 3679 auctor
3668 3631 3794 3680 erat

2137 3707 2412 3780 conjugii,
2437 3713 2495 3763 et
2519 3708 2650 3763 ideo
2682 3725 2795 3764 non
2830 3714 2954 3764 erat
2983 3726 3366 3782 consequens,
3388 3718 3454 3767 ut
3489 3715 3793 3770 contraria

2128 3795 2504 3867 juberet.Ubi
2531 3797 2950 3853 attendendum
2974 3803 3063 3854 est
3084 3798 3221 3869 quid
3256 3799 3432 3855 distet
3462 3801 3615 3856 inter
3645 3817 3792 3873 prae-

2137 3889 2367 3955 ceptum
2401 3889 2456 3940 et
2485 3884 2819 3941 consilium.
2855 3886 3020 3950 Quod
3089 3886 3244 3941 enim
3279 3894 3636 3960 praeceptum
3678 3895 3791 3958 est,

2137 3974 2358 4046 absque
2389 3973 2853 4046 transgressione
2884 3975 3180 4045 corrumpi
3220 3991 3334 4030 non
3367 3982 3594 4048 potest;
3629 3980 3786 4050 quod

2135 4078 2270 4118 vero
2303 4061 2612 4116 consilium
2645 4066 2754 4128 est,
2789 4063 2838 4117 si
2893 4061 3162 4132 violetur,
3194 4068 3298 4118 aut
3352 4071 3786 4138 corrumpatur,

2138 4150 2302 4206 nulla
2330 4154 2419 4206 est
2447 4149 2856 4222 transgressio.
2891 4150 3046 4206 Dixit
3075 4168 3137 4207 se
3161 4168 3396 4224 quoque
3424 4154 3563 4210 dare
3593 4157 3786 4212 consi-

2135 4239 2302 4294 lium.
2338 4239 2406 4293 Et
2435 4238 2684 4310 qualiter
2713 4240 3003 4295 ostendit:
3036 4241 3308 4313 Tanquam
3339 4244 3788 4300 misericordiam

2137 4332 2468 4393 consecutus,
2504 4333 2612 4384 etc.
2672 4329 2786 4385 Iste
2845 4327 3066 4385 scilicet
3113 4331 3384 4403 egregius
3417 4332 3784 4402 praedicator,

2139 4416 2327 4472 ﬁdelis
2357 4416 2418 4472 in
2447 4418 2640 4484 verbo,
2689 4423 2746 4473 et
2803 4418 3067 4487 scientia,
3130 4419 3233 4475 dat
3281 4419 3642 4489 consilium;
3685 4423 3784 4478 sed

375 4499 622 4592 fundere
652 4499 859 4592 potuit,
883 4517 997 4592 non
1029 4505 1224 4555 tamen
1256 4499 1478 4592 absqpe
1509 4505 1745 4592 peccato
1803 4502 1912 4557 fuit
1925 4507 2026 4592 ,-et
2059 4525 2103 4592 Ι)
2139 4506 2633 4578 quemadmodum
2659 4507 3119 4562 misericordiam
3136 4513 3486 4565 consecutus
3507 4515 3599 4564 est
3619 4527 3655 4566 a
3676 4510 3786 4566 Do-

378 4585 508 4644 ideo
521 4593 758 4661 peccata
777 4589 1007 4646 abolere
1029 4606 1144 4644 non
1162 4588 1368 4661 potuit.
1393 4589 1538 4661 Ergo
1568 4589 1616 4645 si
1639 4590 1812 4646 homo
1829 4591 1900 4646 ab
1919 4591 2021 4647 ali-

380 4692 496 4748 quo
527 4675 885 4748 redemptus,
916 4678 1102 4734 eidem
1136 4677 1349 4734 servire
1379 4679 1676 4748 studet,ut
1707 4680 2023 4750 quamdam

372 4765 985 4837 recompensationem
1043 4767 1284 4833 reddat;
1343 4771 1564 4838 quanto
1623 4767 1809 4840 magis
1862 4785 2027 4824 vosa

380 4853 498 4911 Deo
528 4854 835 4926 redempti,
869 4855 1056 4911 eidem
1093 4859 1440 4927 perpetuum
1473 4861 1700 4928 oportet
1756 4856 2026 4913 exhibere

275 5005 280 5008 _
377 4943 1016 5000 servitium.Sciendum
1039 4945 1174 5016 quia
1189 4944 1454 5000 nonnulli
1477 4944 1626 5001 hanc
1643 4945 2022 5018 apostolicam

376 5032 753 5098 sententiam,
785 5049 902 5104 qua
927 5033 1033 5088 ait:
1079 5034 1445 5089 Circumcisus
1473 5038 1690 5090 vocatus
1717 5052 1828 5091 non
1855 5035 2025 5090 addu-

374 5130 459 5177 cat
480 5123 839 5194 przputium,
871 5126 1004 5189 etc.,
1028 5138 1130 5193 per
1160 5123 1563 5194 metaphoram
1592 5123 2020 5195 intellexerunt,

377 5211 636 5267 dicentes
653 5228 787 5267 eum
814 5210 1141 5283 appellasse
1159 5212 1570 5268 circumcisum
1593 5212 2022 5285 caalibem,prae-

381 5298 673 5369 putiatum
707 5301 1124 5373 conjugatum;
1155 5304 1218 5355 ut
1246 5301 1321 5356 sit
1350 5317 1598 5357 sensus:
1633 5301 2023 5358 Circumcisus

376 5391 615 5443 vocatus
641 5405 657 5457 ;
688 5388 798 5444 hoc
827 5392 936 5457 est,
968 5389 1095 5446 sine
1125 5407 1320 5458 uxore,
1364 5406 1479 5445 non
1510 5389 1763 5445 adducat
1792 5407 2022 5464 praepu-

377 5589 385 5592 “
447 5605 595 5689 (590)
626 5603 690 5665 In
720 5608 917 5681 autog.
949 5620 1136 5693 marg.
1163 5602 1258 5665 hic
1286 5601 1512 5680 legitur
1529 5619 1655 5681 cap.
1683 5602 1947 5670 XXXVII.

2138 4594 2318 4661 mino,
2345 4595 2480 4664 quia
2535 4595 2794 4649 fidelium
2854 4613 3153 4652 servorum
3197 4599 3344 4669 (591)
3379 4614 3494 4653 non
3525 4599 3785 4655 invidere

2135 4671 2452 4753 beneﬁciis,
2485 4684 2584 4738 sed
2618 4685 2813 4754 potius
2844 4685 2913 4738 ad
2948 4684 3187 4740 meliora
3235 4703 3580 4758 provocare;
3613 4689 3786 4760 quasi

2137 4772 2385 4826 diceret:
2420 4771 2500 4826 De
2529 4771 2862 4842 consilium,
2895 4775 3217 4829 secundum
3265 4776 3419 4846 quod
3453 4777 3784 4833 misericor-

2134 4859 2290 4914 diam
2324 4863 2676 4914 consecutus
2709 4877 2862 4927 sum,
2898 4867 2962 4915 ut
2992 4862 3104 4917 sim
3139 4863 3422 4918 ﬁdelis.Et
3451 4871 3609 4930 nota,
3645 4865 3786 4937 quia

2135 4949 2289 5018 quod
2317 4954 2461 5013 erat,
2493 4963 2607 5003 non
2639 4949 2770 5012 sibi.
2803 4950 2902 5005 sed
2958 4951 3072 5006 Deo
3123 4952 3412 5023 ascripsit.
3469 4953 3781 5025 Sequitur:

2134 5038 2400 5092 Existimo
2433 5037 2532 5092 hoc
2560 5037 2759 5093 bonum
2788 5053 2920 5093 esse.
2954 5041 3116 5104 Quod
3173 5044 3291 5094 tam
3325 5041 3594 5114 egregius
3642 5059 3784 5114 pra:-

2133 5127 2357 5183 dicator
2385 5126 2703 5193 existimat,
2729 5143 2842 5183 non
2875 5129 3214 5198 dubitativa,
3243 5129 3344 5184 sed
3374 5130 3785 5186 incunctanter

2133 5221 2222 5272 est
2248 5216 2676 5288 accipiendum.
2693 5217 2794 5272 Est
2817 5221 3010 5274 autem
3035 5218 3439 5291 bonum,quod
3463 5219 3779 5274 existimat.

2132 5322 2260 5361 esse
2293 5305 2419 5361 sine
2449 5321 2663 5372 uxore;
2723 5306 2879 5362 unde
2934 5323 3152 5378 supra:
3215 5309 3429 5363 Bonum
3457 5316 3536 5363 est
3565 5308 3786 5363 homini

2130 5394 2418 5450 mulierem
2445 5409 2554 5449 non
2578 5397 2821 5464 tangere.
2853 5394 2972 5450 Hoc
3001 5411 3131 5452 vero
3160 5396 3406 5468 bonum,
3438 5412 3554 5453 non
3585 5395 3781 5453 solum

2203 5609 2348 5686 (591)
2378 5607 2482 5668 Ηίο
2513 5607 2762 5670 fortasse
2793 5610 3259 5691 subintelligitur
3285 5615 3384 5672 est.
