4060 6164
372 247 490 307 359

1387 235 1723 298 ATTONlS
1769 230 2353 296 VERCELLENSIS
2400 231 2746 293 EPISCOPI

3656 231 3772 293 360

373 376 610 432 Hadum
641 390 775 446 ergo
827 370 1132 427 immolare
1160 373 1269 438 est,
1301 375 1355 424 et
1395 369 1495 439 jus
1525 367 1776 438 desuper
1827 362 2012 428 fundi,
2043 374 2100 436 Α
2129 362 2304 428 venit,
2329 367 2393 417 ut
2416 362 2805 435 virginitatem
2829 366 3158 428 servet,non
3176 363 3402 434 pudens
3424 361 3506 417 illi
3529 361 3772 420 alterius

375 482 490 521 non
522 463 711 520 solum
747 461 1004 518 carnalia
1034 475 1227 532 opera,
1251 459 1350 514 sed
1382 456 1555 512 etiam
1589 456 1774 510 ﬂuxas
1805 452 2017 524 cogita-

374 555 585 622 tiones,
618 552 689 606 ad
722 550 1053 622 exemplum
1103 547 1313 602 Christi
1361 561 1723 600 consumere.
1757 548 1822 596 Et
1872 543 2013 596 dum

372 643 480 698 hoc
511 641 724 715 agitur,
757 639 946 712 tangit
974 639 1086 694 ista
1115 635 1356 707 angelus
1386 635 1544 705 virga
1575 633 1694 699 Dei,
1727 629 2014 702 adjutorio

372 731 572 787 divino
611 729 964 797 sublevatur,
997 726 1152 796 ignis
1183 726 1253 780 de
1302 729 1467 796 petra
1496 723 1811 793 egreditur,
1845 724 1900 775 et
1928 724 2014 775 to-

371 823 500 875 tum
561 818 855 874 consumit
886 815 1083 886 (Judic.
1116 831 1194 880 v1,
1225 813 1356 883 ‘21);
1391 810 1668 883 quoniam
1725 809 1897 864 ardor
1929 807 2014 860 di-

370 907 490 963 vini
524 904 796 977 adjutorii
826 904 882 958 in
914 903 1013 958 illo
1045 919 1159 957 non
1193 900 1382 957 solum
1410 899 1665 954 carnalia
1695 913 1891 968 opera,
1915 895 2014 950 sed

373 995 557 1052 etiam
591 995 774 1048 ﬂuxas
805 991 1179 1062 cogitationes
1210 988 1491 1044 interimit
1523 1004 1535 1042 :
1574 987 1726 1058 quod
1758 987 1814 1040 in
1847 985 2015 1040 bonis

373 1082 742 1140 solummodo
775 1080 1122 1152 virginibus,
1159 1083 1215 1133 et
1243 1079 1300 1132 in
1331 1078 1534 1149 paucis
1581 1073 2015 1131 continentibus

370 1171 678 1244 pracipuis
711 1168 1008 1240 impletur.

440 1259 720 1330 Sequitur
763 1275 776 1312 :
809 1259 1036 1328 Propter
1082 1255 1315 1310 salutem
1364 1262 1618 1319 vestram,
1651 1257 1756 1307 etc.
1792 1251 2014 1323 Cogno-

366 1353 528 1404 verat
549 1346 706 1402 enim
731 1344 1045 1418 Apostolus
1067 1361 1164 1399 eos
1192 1360 1339 1416 agre
1363 1343 1567 1397 tulisse
1591 1341 1741 1412 quod
1768 1341 2013 1406 dixerat;

368 1441 426 1492 et
450 1436 579 1491 ideo
611 1435 754 1490 dicit
776 1437 1009 1505 propter
1038 1433 1284 1487 salutem
1315 1435 1591 1496 vestram,
1617 1429 1784 1500 quasi
1814 1429 1969 1482 dicat
1998 1445 2010 1483 :

367 1523 619 1596 Cognovi
651 1539 752 1578 vos
796 1537 944 1593 agre
972 1520 1178 1575 tulisse
1228 1521 1383 1590 quod
1414 1518 1569 1587 dixi;
1605 1519 1705 1574 sed
1739 1534 1854 1572 non
1886 1516 2013 1571 ideo

367 1612 508 1680 dixi,
542 1615 602 1666 ut
652 1611 909 1681 laqueum
953 1609 1103 1665 vobis
1131 1609 1401 1680 injiciam,
1432 1607 1524 1663 sed
1570 1615 1632 1661 ut
1671 1607 1743 1661 ad
1790 1605 1846 1659 id
1875 1603 2015 1674 quod

367 1702 653 1757 honestum
713 1703 788 1755 est
826 1714 1134 1771 provocem.
1183 1701 1506 1751 Honestum
1553 1696 1710 1750 enim
1759 1693 2011 1765 appellat
2042 1737 2090 1802 Β

367 1791 588 1846 bonum
620 1787 1024 1854 continentia;
1057 1787 1196 1858 quia
1239 1786 1457 1841 bonum
1490 1790 1546 1840 et
1597 1787 1866 1839 sanctum
1897 1786 2006 1837 est.

366 1879 431 1933 Et
466 1878 536 1934 ad
586 1877 662 1943 td,
695 1876 834 1950 quod
881 1876 1208 1949 facultatem
1256 1875 1406 1930 vobis
1454 1874 1660 1928 tribuat
1713 1873 2008 1928 Dominum

366 1966 691 2023 obsecrandi
708 1968 826 2020 sine
854 1964 1261 2035 impedimento.
1284 1963 1434 2018 Bene
1455 1964 1573 2018 sine
1594 1961 2009 2034 impedimento;

367 2058 506 2128 quia
535 2055 887 2126 conjugatus
919 2053 1099 2107 libere
1133 2058 1241 2106 Deo
1274 2051 1572 2106 servitium
1611 2053 1734 2104 sine
1765 2047 2009 2121 impedi-

367 2149 565 2200 mento
597 2159 971 2213 nequaquam
1006 2158 1175 2212 agere
1204 2140 1375 2196 valet.

438 2232 585 2302 (593)
617 2231 892 2300 Sequitur
924 2247 935 2284 :
973 2229 1031 2283 Si
1084 2231 1205 2300 quis
1253 2237 1435 2283 autem
1479 2232 1697 2298 turpem
1737 2243 1790 2282 se
1836 2226 2013 2281 videri

368 2321 669 2390 existimat,
703 2323 810 2373 etc.
842 2318 1062 2372 Sensus
1095 2317 1205 2372 iste
1236 2332 1304 2371 ex
1343 2315 1743 2387 superioribus
1777 2315 2007 2386 pendet.

368 2409 622 2464 Locutus
653 2407 842 2462 fuerat
874 2405 1143 2476 superius
1172 2405 1243 2459 de
1272 2403 1618 2475 virginibus,
1643 2409 1700 2458 et
1730 2403 1870 2457 adeo
1893 2401 2014 2457 lau-

368 2497 604 2552 daverat
632 2497 851 2552 bonum
883 2493 1276 2560 continentia,
1307 2498 1373 2548 ut
1403 2492 1686 2548 exsecrari
1717 2492 2012 2547 videretur

370 2585 607 2656 nuptias
641 2602 654 2639 :
683 2589 756 2646 et,
790 2599 862 2637 ne
915 2583 998 2637 sic
1046 2583 1361 2647 videretur,
1413 2582 1721 2653 subjungit
1754 2599 1766 2636 :
1802 2580 1860 2635 Si
1888 2581 2010 2652 quis

369 2679 556 2729 autem
572 2675 876 2743 turpem.In
901 2687 1017 2742 quo
1041 2669 1164 2725 loco
1187 2671 1314 2725 dua
1337 2675 1724 2742 possuntesse
1747 2669 2014 2724 intentio-

369 2778 492 2817 nes.
509 2761 730 2815 Prima:
757 2759 944 2832 potuit
968 2757 1090 2813 ﬁeri
1114 2762 1178 2813 ut
1197 2757 1511 2830 Apostolus
1535 2761 2010 2829 moneretparen-

364 2856 453 2906 tes
467 2852 707 2915 caste,et
720 2849 937 2903 munde
950 2865 1087 2902 suas
1100 2847 1318 2902 nutrire
1334 2847 1482 2902 tilias
1497 2864 1682 2918 usque
1695 2848 1764 2900 ad
1779 2852 2011 2918 tempus

369 2939 872 3012 pubertatis:cum
897 2953 1027 2992 vero
1051 2935 1275 2990 adillud
1290 2935 2011 3006 tempusvenissent,quod

365 3032 568 3098 aptum
595 3025 916 3093 est‘usui,si
936 3026 1214 3084 eligerent
1232 3029 1499 3090 parentes
1526 3025 1736 3079 melius
1758 3040 1886 3079 esse
1905 3041 2010 3096 pu-

2125 451 2635 521 reprehensionis;
2671 452 2721 506 si
2772 450 2898 505 vult
2944 450 3042 506 ille
3071 450 3468 524 virginitatem
3521 469 3772 520 servare,

2124 543 2329 594 servet.
2363 541 2473 596 Sed
2521 540 2828 611 sequentia
2873 539 3047 594 verba
3077 541 3148 594 ad
3182 544 3496 612 utrumque
3527 559 3774 614 respon-

2124 629 2294 694 dent;
2330 629 2386 683 id
2443 632 2551 693 est,
2607 628 2678 682 ad
2726 628 2905 682 ﬁliam
2947 632 3004 683 et
3035 629 3105 682 ad
3148 644 3423 695 carnem;
3474 629 3583 685 hoc
3637 634 3771 686 est:

2124 717 2283 781 Quod
2302 717 2583 788 judicavit
2632 719 2691 771 in
2741 717 2900 772 corde
2925 733 3023 772 suo
3070 733 3294 772 servare
3338 719 3628 790 virginem,
3661 723 3772 775 etc.

2123 804 2253 860 Hac
2285 811 2374 860 est
2403 805 2502 861 illa
2533 805 2835 860 Dominica
2863 810 2920 861 et
2950 805 3269 876 apostolica
3298 807 3581 879 doctrina,
3608 807 3774 864 utita

2125 895 2195 950 ad
2217 897 2440 966 majora
2462 900 2752 968 provocet,
2779 900 2842 950 ut
2874 895 3100 950 minora
3132 912 3246 950 non
3279 901 3637 952 contemnat.
3661 898 3772 952 Sed

2124 984 2182 1038 in
2216 984 2324 1039 hac
2356 1002 2417 1040 re
2446 993 2565 1040 tres
2597 985 2813 1057 gradus
2846 985 3224 1039 inveniuntur
3255 1003 3267 1040 :
3303 986 3511 1057 bonus,
3542 985 3772 1052 melior,

2125 1074 2385 1144 optimus
2420 1091 2431 1127 :
2469 1074 2656 1129 bonus
2678 1075 2734 1128 in
2767 1073 3134 1145 conjugatis;
3170 1073 3447 1129 meliorin
3479 1075 3695 1141 viduis,
3716 1075 3776 1129 id

2124 1167 2230 1227 est,
2255 1162 2311 1216 in
2346 1164 2781 1218 continentibus
2809 1181 2821 1229 ;
2855 1161 3114 1234 optimus
3137 1163 3195 1217 in
3219 1163 3778 1235 virginibus.Mulier

2124 1252 2355 1322 alligata
2412 1261 2491 1306 est
2543 1252 2671 1321 legi.
2734 1253 2846 1307 Iste
2913 1251 3068 1307 enim
3133 1268 3344 1307 sensus
3403 1253 3781 1325 evangelicus

2124 1344 2230 1394 est.
2264 1340 2409 1394 Nam
2440 1339 2752 1411 Apostolus
2784 1339 2876 1394 sui
2909 1337 3171 1411 magistri
3207 1357 3470 1408 sensum,
3493 1347 3550 1396 et
3578 1343 3778 1398 Evan-

2124 1427 2284 1499 gelii,
2317 1429 2471 1498 quod
2503 1428 2874 1499 pradicabat,
2909 1429 3266 1500 exsequitur.
3302 1429 3583 1484 Dominus
3613 1431 3778 1486 enim

2124 1517 2399 1588 pracepit
2430 1533 2543 1572 non
2570 1516 3013 1588 relinquendam
3046 1533 3305 1588 uxorem,
3329 1522 3564 1590 excepta
3594 1535 3781 1575 causa

2124 1603 2619 1671 fornicationis,et
2647 1621 2835 1676 neque
2867 1605 3353 1677 machus,neque
3374 1607 3603 1662 moecha
3634 1606 3780 1663 alte-

2123 1709 2252 1747 rum
2287 1694 2481 1748 ducat.
2516 1693 2802 1749 Similiter
2829 1694 3144 1765 Apostolus
3166 1695 3458 1766 pracepit,
3493 1699 3555 1749 ut
3582 1713 3778 1768 neque

2122 1771 2364 1852 m'acha,
2400 1782 2520 1838 sive
2553 1788 2799 1853 castum,
2834 1783 2953 1838 sive
2994 1781 3326 1838 adulterum
3359 1782 3654 1855 relinquat
3684 1784 3776 1839 vi-

2120 1887 2273 1938 rum,
2312 1870 2559 1942 accipiat
2589 1870 2861 1942 alterum,
2895 1887 3083 1942 neque
3108 1871 3196 1926 vir
3226 1872 3507 1927 machus.
3534 1875 3725 1938 Quare
3755 1878 3778 1930 ?

2121 1959 2267 2021 Quia
2300 1976 2414 2013 non
2446 1959 2624 2014 habet
2655 1964 3001 2030 potestatem
3037 1960 3127 2015 sui
3177 1961 3452 2032 corporis.
3485 1961 3778 2018 Similiter

2121 2052 2174 2100 et
2207 2047 2436 2102 mulier.
2469 2048 2538 2101 Et
2569 2048 2697 2102 ideo
2730 2065 2802 2102 no
2834 2049 2974 2102 dum
3003 2047 3141 2103 velit
3189 2048 3313 2120 ipse
3344 2049 3588 2105 alteram
3623 2051 3776 2106 acci-

2123 2151 2276 2206 pere,
2312 2136 2522 2191 incidit
2553 2137 2677 2208 ipse
2708 2138 2862 2207 quod
2889 2137 2943 2192 in
2976 2153 3147 2192 uxore
3181 2137 3775 2209 reprehendit.Quan-

2123 2239 2299 2294 quam
2325 2241 2428 2296 per
2458 2226 2862 2296 paenitentiam
2897 2226 3124 2297 possint
3154 2227 3535 2282 reconciliari.

2197 2314 2349 2382 Quod
2379 2316 2431 2369 si
2458 2314 2748 2370 dormierit
2795 2317 2881 2369 vir
2910 2315 3076 2386 (594),
3108 2314 3292 2371 soluta
3320 2321 3417 2384 est,
3452 2322 3560 2372 etc.
3594 2318 3774 2374 Intel-

2122 2403 2235 2474 lige
2267 2420 2381 2457 non
2415 2402 2698 2458 adulterio
2723 2405 3183 2471 corruentis,sed
3214 2411 3398 2461 morte
3423 2407 3774 2463 decidentis.

2125 2493 2209 2547 Ita
2256 2497 2473 2563 tamen,
2514 2496 2578 2546 ut
2627 2493 2956 2548 castitatem
3010 2499 3215 2562 servet,
3252 2511 3556 2566 quousque
3603 2495 3776 2552 alteri

2123 2580 2424 2652 copuletur
2477 2580 2754 2652 legitime.
2789 2581 2900 2636 Sed
2931 2581 3162 2637 videtur
3210 2581 3403 2639 littera
3452 2583 3601 2657 legis
3634 2584 3777 2641 huic

2122 2669 2246 2725 loco
2277 2670 2587 2734 contraria,
2622 2671 2723 2725 sed
2755 2670 2930 2725 etiam
2961 2670 3274 2726 Dominica
3298 2673 3622 2728 sententia.
3657 2673 3776 2730 Do-

2123 2758 2320 2813 minus
2349 2760 2505 2815 enim
2539 2759 2811 2830 pracepit
2845 2777 2960 2814 non
2993 2759 3437 2832 relinquendam
3469 2778 3598 2818 esse
3627 2781 3772 2820 uxo-

2124 2865 2270 2915 ram,
2288 2852 2525 2919 excepta
2543 2865 2719 2903 causa
2741 2848 3140 2905 fornicationis
3166 2867 3179 2905 :
3209 2855 3265 2906 et
3287 2851 3595 2923 Apostolus
3618 2854 3775 2925 idip-

2123 2953 2253 2991 sum
2288 2936 2513 3008 repetit,
2547 2936 2812 3003 dicendo,
2847 2939 3000 3009 quod
3021 2937 3068 2993 si
3097 2938 3450 3008 discesserit,
3472 2942 3778 2999 addidisse

2124 3023 2458 3090 consilium,
2513 3029 2576 3079 ut
2624 3030 2857 3081 maneat
2906 3025 3173 3097 innupta,
3209 3033 3309 3082 aut
3366 3030 3780 3086 reconcilietur

364 3115 513 3170 blice
545 3117 784 3180 nubere,
818 3131 992 3186 quam
1040 3113 1155 3169 tale
1204 3113 1261 3168 in
1294 3115 1519 3169 occulto
1550 3113 1768 3186 aliquid
1821 3129 2010 3184 agere,
2044 3101 2085 3166 C
2125 3113 2246 3168 viro
2278 3129 2288 3167 :
2325 3117 2381 3167 et
2413 3112 2507 3167 hic
2553 3113 2696 3168 dicit
2728 3129 2739 3167 :
2774 3115 2971 3169 Mulier
3015 3115 3257 3186 alligata
3285 3121 3382 3185 est,
3413 3122 3525 3173 etc.
3553 3137 3565 3186 ;
3598 3123 3657 3175 et
3688 3119 3779 3176 lex

367 3205 524 3260 unde
553 3203 742 3276 turpis
772 3203 1083 3268 videretur,
1116 3203 1203 3258 vel
1235 3203 1499 3259 confusio
1532 3203 1797 3268 oriretur,
1820 3201 1868 3256 si
1890 3202 2007 3257 vel-

368 3297 447 3348 let
476 3290 670 3365 puella
717 3293 956 3358 nubere,
991 3291 1213 3358 nubat;
1246 3291 1520 3362 quoniam
1569 3308 1677 3346 non
1725 3299 1928 3363 peccat,
1960 3293 2009 3346 si

363 3383 554 3436 nubat.
589 3381 721 3436 Sive
748 3389 957 3450 turpem
987 3395 1043 3434 se
1065 3380 1244 3434 videri
1270 3382 1552 3435 existimat
1579 3398 1597 3432 :
1631 3379 1678 3434 si
1709 3379 1805 3434 ille
1851 3384 2008 3433 caste

369 3467 642 3524 nutrierit
672 3483 856 3538 usque
903 3467 974 3520 ad
1006 3471 1240 3537 tempus
1293 3467 1636 3538 pubertatis,
1671 3471 1727 3521 et
1772 3483 1902 3521 cum
1935 3467 2006 3521 ad
2045 3487 2052 3493 ·

365 3555 510 3611 illud
542 3555 885 3627 pervenerit,
919 3571 1031 3609 non
1065 3555 1382 3609 decreverit
1411 3555 1549 3626 quid
1574 3556 1780 3610 horum
1805 3554 2008 3627 elegis-

366 3650 474 3714 set,
498 3648 692 3699 utrum
714 3643 1106 3715 virginitatem
1134 3660 1382 3713 servare,
1407 3647 1508 3698 aut
1537 3645 1664 3714 conj
1675 3645 1807 3716 ugio
1831 3660 2006 3714 copu-

363 3732 492 3788 lari.
526 3737 670 3790 Nam
715 3734 811 3804 qui
855 3733 1047 3787 statuit
1077 3733 1138 3786 in
1183 3732 1346 3787 corde
1397 3748 1492 3786 suo
1542 3732 1758 3802 ﬁrmus,
1809 3738 1915 3788 etc.
1949 3733 2007 3786 Si

362 3838 496 3878 vero
529 3822 660 3894 quis
682 3826 838 3877 caste
861 3821 1132 3876 nutrierit
1159 3821 1338 3876 ﬁliam
1362 3838 1531 3877 suam
1555 3837 1739 3892 usque
1763 3821 1833 3875 ad
1856 3825 2006 3876 tem-

362 3926 475 3983 pus
506 3910 914 3983 pubertatis,et
944 3927 1076 3964 cum
1097 3909 1224 3981 ipsa
1255 3910 1325 3964 ad
1350 3910 1541 3982 ipsum
1562 3914 1794 3983 tempus
1819 3910 2006 3965 venis-

361 4004 469 4070 set,
484 4003 541 4056 et
562 3999 688 4071 ipse
708 3998 911 4054 ﬁrmus
935 3997 1189 4054 stetisset
1214 3998 1270 4052 in
1293 3999 1465 4054 corde
1490 4002 1553 4053 ut
1573 4015 1699 4054 eam
1722 3999 2005 4071 virginem

362 4093 642 4158 servaret,
678 4104 803 4160 qua
855 4087 1087 4142 ﬁrmata
1116 4092 1274 4156 sunt,
1307 4089 1359 4143 si
1387 4091 1437 4144 et
1466 4089 1585 4160 ipsa
1611 4087 1806 4160 puella
1837 4105 2005 4143 suam

360 4177 718 4233 voluntatem
751 4176 901 4248 patri
925 4177 1240 4246 junxisset,
1261 4192 1370 4232 non
1399 4177 1600 4232 habens
1631 4180 2007 4232 necessitatem

363 4265 622 4320 nubendi
649 4281 662 4331 ;
697 4265 754 4318 id
786 4268 894 4329 est,
917 4263 1090 4335 elegit
1120 4264 1176 4318 in
1210 4265 1541 4336 virginitate
1571 4281 1826 4332 manere,
1854 4270 2003 4336 pote-

362 4361 558 4409 statem
590 4352 797 4409 habens
842 4368 954 4407 sua
999 4353 1324 4417 voluntatis,
1355 4353 1414 4407 id
1469 4357 1576 4418 est,
1609 4353 2003 4426 virginitatem

364 4446 572 4509 servat,
607 4458 723 4496 non
773 4445 994 4513 peccat.
1027 4440 1133 4496 Ubi
1183 4441 1509 4497 ostenditur
1551 4443 1704 4514 quod
1736 4447 2005 4514 parentes

365 4549 480 4588 non
512 4531 761 4587 debeant
803 4530 955 4585 ﬁlias
1004 4531 1131 4586 sine
1171 4529 1464 4586 voluntate
1513 4531 1724 4601 nuptui
1755 4533 2001 4600 tradere,

363 4619 640 4690 quoniam
672 4620 826 4675 bona
850 4619 1001 4675 facta
1023 4635 1136 4675 non
1162 4624 1300 4674 sunt
1327 4619 1658 4690 invidenda,
1686 4621 1783 4676 sed
1810 4621 2006 4692 potius

361 4708 736 4764 exhortanda.
762 4713 861 4763 Est
889 4709 1062 4764 etiam
1097 4708 1275 4764 altera
1308 4708 1568 4777 intentio,
1594 4708 1654 4764 Si
1680 4711 1803 4780 quis
1823 4713 2006 4764 autem

363 4807 580 4869 turpem
609 4813 664 4852 se
692 4797 893 4866 videri,
928 4801 1069 4866 etc.;
1103 4797 1159 4852 id
1194 4802 1301 4864 est,
1326 4798 1374 4852 si
1407 4797 1540 4869 quis
1569 4814 1804 4853 carnem
1837 4814 2005 4854 suam

360 4889 521 4940 caste
549 4885 820 4940 nutrierit
841 4901 1026 4956 usque
1045 4885 1114 4940 ad
1134 4890 1365 4958 tempus
1395 4888 1746 4959 pubertatis,
1768 4891 1823 4943 et
1849 4891 2006 4960 post-

361 4988 540 5045 quam
573 4973 645 5028 ad
679 4972 821 5028 illud
844 4975 1085 5040 venerit,
1111 4979 1174 5030 ut
1205 4977 1422 5031 nubere
1453 4976 1660 5047 possit,
1693 4981 1750 5031 et
1778 4983 2008 5048 turpem

362 5079 422 5118 se
454 5062 635 5118 videri
684 5061 1000 5129 existimat,
1051 5081 1120 5119 ne
1172 5064 1316 5120 forte
1366 5082 1399 5119 a
1448 5065 1593 5135 suis,
1624 5064 1711 5121 vel
1759 5065 1830 5121 ab
1881 5065 2010 5121 aliis

361 5151 649 5207 extraneis
705 5151 1187 5224 reprehendatur,
1222 5170 1334 5208 non
1381 5159 1598 5225 peccat,
1634 5154 1681 5209 si
1715 5155 1915 5210 nubat.
1951 5153 2010 5209 Si

358 5253 492 5295 vero
512 5239 720 5296 statuit
749 5240 980 5312 ﬁrmus,
1000 5245 1313 5314 postquam
1340 5243 1411 5298 ad
1431 5249 1664 5315 tempus
1687 5242 2010 5316 pubertatis

613 5470 722 5556 ‘H'ic‘
751 5471 809 5527 in
841 5477 1041 5556 autog.
1075 5489 1261 5556 marg.
1296 5472 2008 5556 legitur-cap.‘XXXVI_lI.

437 5540 585 5624 (594)
613 5541 785 5617 Vulg.
835 5540 1057 5622 quod}.
1105 5544 1160 5604 d.
1191 5540 1280 5604 v'ir
1320 5540 1457 5622 eius,
1490 5540 1724 5605 liberata
1767 5552 1869 5622 est,
1899 5553 2009 5608 etc.

2121 3200 2262 3256 dicit
2299 3219 2311 3256 :
2346 3201 2408 3256 Si
2437 3202 2556 3271 quis
2585 3204 2855 3273 acceperit
2904 3220 3152 3273 uxorem,
3185 3208 3236 3260 et
3265 3205 3517 3261 habuerit
3545 3224 3688 3272 eam,
3723 3218 3779 3264 et

2115 3299 2337 3361 pr0pter
2366 3288 2627 3360 aliquam
2672 3290 2976 3361 [ceditatem
3023 3308 3246 3348 exesam
3291 3293 3536 3362 duxerit,
3567 3295 3778 3350 scribat

2118 3379 2363 3433 libellum
2396 3379 2632 3450 repudii,
2656 3383 2704 3434 et
2725 3381 2890 3436 donet
2918 3382 2976 3435 in
2996 3398 3167 3436 manu
3187 3384 3321 3450 eius,
3337 3392 3387 3438 et
3408 3400 3529 3439 eam
3547 3402 3587 3440 a
3612 3385 3773 3440 domo

2117 3469 2383 3538 repellat;
2419 3470 2468 3522 si
2497 3484 2619 3522 vero
2646 3469 2786 3523 alter
2815 3486 2932 3524 eam
2981 3473 3295 3542 susceperit,
3329 3479 3382 3526 et
3410 3482 3632 3544 propter
3656 3474 3769 3529 ali-

2117 3571 2280 3626 quam
2322 3555 2628 3623 faeditate-m
2669 3571 2891 3610 exosum
2937 3557 3082 3628 (595)
3112 3558 3353 3628 duxerit,
3386 3567 3435 3614 et
3464 3559 3765 3627 dimiserit,

2115 3645 2201 3699 vel
2228 3647 2470 3699 mortuus
2499 3646 2688 3714 fuerit,
2716 3647 2876 3715 prior
2903 3647 2990 3701 vir
3019 3663 3127 3701 non
3157 3663 3282 3702 eam
3331 3650 3602 3720 recipiat;
3634 3653 3770 3720 quia

2111 3732 2327 3803 polluta
2370 3738 2472 3787 est.
2505 3733 2640 3788 Dua
2689 3733 2842 3788 enim
2876 3735 3317 3792 contrarietates
3363 3737 3766 3793 inveniuntur.

2116 3820 2402 3876 Dominus
2422 3821 2688 3876 dicitnon
2712 3821 3152 3894 relinquendam
3175 3831 3565 3897 esse,excepta
3587 3843 3770 3883 causa

2117 3909 2536 3965 fornicationis.
2569 3911 2683 3966 Lex
2705 3911 2883 3966 dicit:
2920 3913 3105 3967 Possit
3135 3913 3350 3968 dimitti
3390 3918 3627 3985 propter
3659 3916 3770 3970 ali-

2116 4014 2290 4069 quam
2326 3998 2663 4054 faditatem.
2698 4000 2765 4054 Et
2797 3999 2922 4072 ipse
2951 4001 3093 4055 dicit
3123 4000 3371 4057 alterum
3395 4018 3508 4057 non
3540 4004 3770 4075 accipe-

2115 4102 2195 4140 re.
2227 4086 2508 4153 Similiter
2560 4089 2893 4158 Apostolus,
2925 4095 2984 4144 et
3014 4088 3106 4144 lex
3155 4089 3295 4145 dicit
3327 4108 3339 4144 :
3376 4091 3436 4145 Si
3463 4091 3614 4147 alter
3643 4109 3769 4148 eam

2113 4177 2399 4246 acceperit,
2435 4180 2681 4231 etc.Hac
2707 4177 3087 4233 contrarietas
3126 4178 3356 4234 videtur
3379 4197 3507 4236 esse
3536 4199 3549 4248 ;
3584 4183 3687 4237 sed
3717 4181 3766 4238 si

2114 4263 2493 4337 intelligatur,
2516 4269 2682 4320 vacat
2712 4265 2997 4321 littera.Et
3021 4268 3092 4322 ob
3113 4267 3218 4323 hoc
3249 4284 3362 4323 non
3377 4271 3767 4339 contrarium,

2112 4351 2286 4408 veluti
2320 4352 2379 4408 in
2413 4352 2615 4410 multis
2662 4353 2825 4410 locis.
2870 4355 3182 4411 Auferatur
3211 4373 3346 4430 ergo
3396 4363 3628 4430 tegmen
3664 4357 3766 4414 lit-

2035 4469 2081 4534 Β
2117 4446 2271 4508 tera,
2305 4447 2596 4513 quatenus
2620 4443 2901 4514 spiritalis
2931 4443 3771 4519 clarescatintelligentia.Mu-

2117 4529 2312 4586 lierem
2347 4547 2601 4602 namque
2631 4531 2840 4602 accipit
2873 4533 3026 4603 quis,
3070 4537 3126 4589 et
3153 4534 3348 4602 habet,
3393 4552 3525 4590 cum
3560 4553 3764 4592 curam

2114 4619 2452 4692 temporalis
2488 4619 2568 4675 rei
2599 4621 2864 4693 suscipit,
2899 4627 2956 4676 et
2986 4627 3221 4694 propter
3250 4624 3508 4696 aliquam
3545 4625 3768 4681 fadita-

2115 4713 2233 4762 tem
2265 4708 2529 4776 dimittit,
2547 4715 2603 4764 et
2633 4726 2666 4763 a
2695 4710 2867 4766 domo
2898 4711 3310 4783 expellit,dum
3344 4730 3546 4769 curam
3569 4715 3763 4786 ipsam

2116 4800 2351 4868 propter
2381 4795 2644 4868 agnitum
2679 4803 2978 4870 peccatum
3007 4816 3041 4854 a
3067 4801 3239 4856 domo
3264 4802 3476 4858 mentis
3508 4802 3764 4874 projicit,

2117 4890 2174 4940 et
2205 4885 2351 4940 alter
2381 4901 2507 4940 eam
2555 4887 2766 4955 accipit
2795 4906 2807 4955 ;
2842 4889 2982 4960 quia
3033 4889 3180 4944 solet
3226 4890 3476 4953 evenire,
3509 4897 3574 4946 ut
3618 4892 3762 4946 dum

2117 4989 2257 5028 cura
2288 4974 2415 5046 ipsa
2447 4975 2504 5029 in
2529 4981 2721 5031 mente
2743 4975 2980 5033 alterius
3001 4979 3412 5052 exstinguitur,
3439 4979 3680 5036 alterius
3705 4981 3764 5035 in

2119 5068 2313 5119 mente
2342 5071 2664 5135 generetur,
2699 5066 2796 5120 sed
2847 5072 3082 5138 propter
3127 5068 3384 5140 aliquam
3439 5069 3764 5125 faditatem

2121 5151 2382 5224 dimittit,
2414 5159 2518 5209 aut
2549 5155 2814 5226 moritur,
2849 5155 2986 5226 quia
3014 5161 3250 5229 propter
3268 5163 3574 5228 peccatum
3606 5158 3769 5231 agni-

2122 5245 2250 5298 tum
2283 5242 2548 5312 dimittit,
2582 5248 2683 5299 aut
2712 5244 2859 5301 solet
2879 5246 3199 5316 evenire,ut
3220 5247 3554 5320 exstinguat
3577 5245 3766 5316 illam,

2194 5475 2341 5550 (595)
2372 5475 2537 5533 Deut.
2570 5493 2722 5547 xxxv,
2759 5478 2783 5532 1
2815 5501 2828 5548 ;
2861 5480 3055 5551 autog.
3087 5494 3334 5537 uxorem.
