  <div class='ocr_page' id='page_1' title='image "/cluster/home/n/w/nwhite01/storage/ocr_20150623/134/hvd.32044023361702/186.png"; bbox 0 0 4070 6168; ppageno 0'>
   <div class='ocr_carea' id='block_1_1' title="bbox 211 282 306 342">
    <p class='ocr_par' dir='ltr' id='par_1_1' title="bbox 211 282 306 342">
     <span class='ocr_line' id='line_1_1' title="bbox 211 282 306 342; baseline -0.042 0"><span class='ocrx_word' id='word_1_1' title='bbox 211 282 306 342; x_wconf 87' lang='grc'>361</span> 
     </span>
    </p>
   </div>
   <div class='ocr_carea' id='block_1_2' title="bbox 761 238 3040 341">
    <p class='ocr_par' dir='ltr' id='par_1_2' title="bbox 761 238 3040 341">
     <span class='ocr_line' id='line_1_2' title="bbox 761 238 3040 341; baseline 0 -2"><span class='ocrx_word' id='word_1_2' title='bbox 761 279 1171 341; x_wconf 87' lang='lat' dir='ltr'>EXPOSITIO</span> <span class='ocrx_word' id='word_1_3' title='bbox 1215 278 1293 338; x_wconf 88' lang='lat' dir='ltr'><strong>IN</strong></span> <span class='ocrx_word' id='word_1_4' title='bbox 1341 248 1767 338; x_wconf 76' lang='lat' dir='ltr'>EPISTULAS</span> <span class='ocrx_word' id='word_1_5' title='bbox 1814 276 2074 337; x_wconf 81' lang='lat' dir='ltr'>PAULI.</span> <span class='ocrx_word' id='word_1_6' title='bbox 2108 238 2203 320; x_wconf 10' lang='grc' dir='ltr'>-ν</span> <span class='ocrx_word' id='word_1_7' title='bbox 2233 278 2306 336; x_wconf 85' lang='grc' dir='ltr'>ΙΝ</span> <span class='ocrx_word' id='word_1_8' title='bbox 2356 278 2603 338; x_wconf 84' lang='lat' dir='ltr'>EPIST.</span> <span class='ocrx_word' id='word_1_9' title='bbox 2652 280 2671 337; x_wconf 92' lang='lat' dir='ltr'>l</span> <span class='ocrx_word' id='word_1_10' title='bbox 2718 279 2821 337; x_wconf 91' lang='lat' dir='ltr'>AD</span> <span class='ocrx_word' id='word_1_11' title='bbox 2866 279 3040 340; x_wconf 82' lang='lat' dir='ltr'>COR.</span> 
     </span>
    </p>
   </div>
   <div class='ocr_carea' id='block_1_3' title="bbox 3486 281 3601 341">
    <p class='ocr_par' dir='ltr' id='par_1_3' title="bbox 3486 281 3601 341">
     <span class='ocr_line' id='line_1_3' title="bbox 3486 281 3601 341; baseline 0.017 -2"><span class='ocrx_word' id='word_1_12' title='bbox 3486 281 3601 341; x_wconf 76' lang='grc'>362</span> 
     </span>
    </p>
   </div>
   <div class='ocr_carea' id='block_1_4' title="bbox 210 406 3608 483">
    <p class='ocr_par' dir='ltr' id='par_1_4' title="bbox 210 406 3608 483">
     <span class='ocr_line' id='line_1_4' title="bbox 210 406 3608 483; baseline 0 -15"><span class='ocrx_word' id='word_1_13' title='bbox 210 412 284 468; x_wconf 99' lang='lat' dir='ltr'>vel</span> <span class='ocrx_word' id='word_1_14' title='bbox 318 410 726 483; x_wconf 83' lang='lat' dir='ltr'>exstinguatur</span> <span class='ocrx_word' id='word_1_15' title='bbox 768 413 840 467; x_wconf 89' lang='lat' dir='ltr'>ab</span> <span class='ocrx_word' id='word_1_16' title='bbox 874 412 990 467; x_wconf 90' lang='lat' dir='ltr'>illa.</span> <span class='ocrx_word' id='word_1_17' title='bbox 1028 412 1085 466; x_wconf 91' lang='lat' dir='ltr'>Si</span> <span class='ocrx_word' id='word_1_18' title='bbox 1134 411 1217 466; x_wconf 88' lang='lat' dir='ltr'>ita</span> <span class='ocrx_word' id='word_1_19' title='bbox 1269 409 1654 481; x_wconf 80' lang='lat' dir='ltr'>intelligatur,</span> <span class='ocrx_word' id='word_1_20' title='bbox 1689 407 1849 462; x_wconf 90' lang='lat' dir='ltr'>nulla</span> <span class='ocrx_word' id='word_1_21' title='bbox 1876 408 1931 475; x_wconf 80' lang='grc' dir='ltr'><strong>Α</strong></span> <span class='ocrx_word' id='word_1_22' title='bbox 1962 406 2099 463; x_wconf 91' lang='lat' dir='ltr'>loris</span> <span class='ocrx_word' id='word_1_23' title='bbox 2122 414 2393 480; x_wconf 80' lang='lat' dir='ltr'>caperent</span> <span class='ocrx_word' id='word_1_24' title='bbox 2416 409 2978 466; x_wconf 90' lang='lat' dir='ltr'>consolationem.ln</span> <span class='ocrx_word' id='word_1_25' title='bbox 3004 427 3279 483; x_wconf 81' lang='lat' dir='ltr'>processu</span> <span class='ocrx_word' id='word_1_26' title='bbox 3307 429 3439 467; x_wconf 79' lang='lat' dir='ltr'>vero</span> <span class='ocrx_word' id='word_1_27' title='bbox 3463 416 3608 468; x_wconf 86' lang='lat' dir='ltr'>tem-</span> 
     </span>
    </p>
   </div>
   <div class='ocr_carea' id='block_1_5' title="bbox 211 498 1843 565">
    <p class='ocr_par' dir='ltr' id='par_1_5' title="bbox 211 498 1843 565">
     <span class='ocr_line' id='line_1_5' title="bbox 211 498 1843 565; baseline -0.005 -7"><span class='ocrx_word' id='word_1_28' title='bbox 211 501 579 558; x_wconf 87' lang='lat' dir='ltr'>contrarietas</span> <span class='ocrx_word' id='word_1_29' title='bbox 610 502 919 556; x_wconf 81' lang='lat' dir='ltr'>invenitur.</span> <span class='ocrx_word' id='word_1_30' title='bbox 952 500 1052 555; x_wconf 87' lang='lat' dir='ltr'>Cui</span> <span class='ocrx_word' id='word_1_31' title='bbox 1088 500 1334 555; x_wconf 80' lang='lat' dir='ltr'>voluerit</span> <span class='ocrx_word' id='word_1_32' title='bbox 1365 500 1604 565; x_wconf 92' lang='lat' dir='ltr'>nubere,</span> <span class='ocrx_word' id='word_1_33' title='bbox 1640 498 1843 563; x_wconf 89' lang='lat' dir='ltr'>nubat,</span> 
     </span>
    </p>
   </div>
   <div class='ocr_carea' id='block_1_6' title="bbox 211 587 1843 660">
    <p class='ocr_par' dir='ltr' id='par_1_6' title="bbox 211 587 1843 660">
     <span class='ocr_line' id='line_1_6' title="bbox 211 587 1843 660; baseline -0.002 -15"><span class='ocrx_word' id='word_1_34' title='bbox 211 592 258 645; x_wconf 92' lang='lat' dir='ltr'>id</span> <span class='ocrx_word' id='word_1_35' title='bbox 286 595 393 655; x_wconf 86' lang='lat' dir='ltr'>est,</span> <span class='ocrx_word' id='word_1_36' title='bbox 428 589 511 643; x_wconf 89' lang='lat' dir='ltr'>illi</span> <span class='ocrx_word' id='word_1_37' title='bbox 543 590 746 654; x_wconf 90' lang='lat' dir='ltr'>nubat,</span> <span class='ocrx_word' id='word_1_38' title='bbox 779 606 953 660; x_wconf 85' lang='lat' dir='ltr'>quem</span> <span class='ocrx_word' id='word_1_39' title='bbox 988 588 1200 659; x_wconf 84' lang='lat' dir='ltr'>diligit.</span> <span class='ocrx_word' id='word_1_40' title='bbox 1236 588 1380 652; x_wconf 83' lang='lat' dir='ltr'>Quia</span> <span class='ocrx_word' id='word_1_41' title='bbox 1414 587 1563 641; x_wconf 87' lang='lat' dir='ltr'>solet</span> <span class='ocrx_word' id='word_1_42' title='bbox 1595 587 1843 653; x_wconf 78' lang='lat' dir='ltr'>evenire,</span> 
     </span>
    </p>
   </div>
   <div class='ocr_carea' id='block_1_7' title="bbox 210 676 1845 748">
    <p class='ocr_par' dir='ltr' id='par_1_7' title="bbox 210 676 1845 748">
     <span class='ocr_line' id='line_1_7' title="bbox 210 676 1845 748; baseline -0.004 -13"><span class='ocrx_word' id='word_1_43' title='bbox 210 686 265 735; x_wconf 91' lang='lat' dir='ltr'>ut</span> <span class='ocrx_word' id='word_1_44' title='bbox 300 677 489 733; x_wconf 68' lang='lat' dir='ltr'>invitae</span> <span class='ocrx_word' id='word_1_45' title='bbox 521 678 740 748; x_wconf 65' lang='lat' dir='ltr'>nuptias</span> <span class='ocrx_word' id='word_1_46' title='bbox 770 676 991 731; x_wconf 87' lang='lat' dir='ltr'>malum</span> <span class='ocrx_word' id='word_1_47' title='bbox 1022 676 1278 731; x_wconf 84' lang='lat' dir='ltr'>habeant</span> <span class='ocrx_word' id='word_1_48' title='bbox 1308 676 1555 730; x_wconf 78' lang='lat' dir='ltr'>exitum.</span> <span class='ocrx_word' id='word_1_49' title='bbox 1590 676 1845 730; x_wconf 89' lang='lat' dir='ltr'>Tantum</span> 
     </span>
    </p>
   </div>
   <div class='ocr_carea' id='block_1_8' title="bbox 210 764 1845 836">
    <p class='ocr_par' dir='ltr' id='par_1_8' title="bbox 210 764 1845 836">
     <span class='ocr_line' id='line_1_8' title="bbox 210 764 1845 836; baseline -0.004 -13"><span class='ocrx_word' id='word_1_50' title='bbox 210 770 259 823; x_wconf 89' lang='lat' dir='ltr'>in</span> <span class='ocrx_word' id='word_1_51' title='bbox 285 767 529 822; x_wconf 90' lang='lat' dir='ltr'>Domino</span> <span class='ocrx_word' id='word_1_52' title='bbox 557 766 745 830; x_wconf 90' lang='lat' dir='ltr'>nubit,</span> <span class='ocrx_word' id='word_1_53' title='bbox 774 766 872 836; x_wconf 87' lang='lat' dir='ltr'>qui</span> <span class='ocrx_word' id='word_1_54' title='bbox 906 783 1023 821; x_wconf 66' lang='lat' dir='ltr'>suae</span> <span class='ocrx_word' id='word_1_55' title='bbox 1048 764 1313 836; x_wconf 83' lang='lat' dir='ltr'>religioni</span> <span class='ocrx_word' id='word_1_56' title='bbox 1339 770 1490 819; x_wconf 89' lang='lat' dir='ltr'>recte</span> <span class='ocrx_word' id='word_1_57' title='bbox 1518 764 1845 835; x_wconf 86' lang='lat' dir='ltr'>copulatur,</span> 
     </span>
    </p>
   </div>
   <div class='ocr_carea' id='block_1_9' title="bbox 210 853 1850 927">
    <p class='ocr_par' dir='ltr' id='par_1_9' title="bbox 210 853 1850 927">
     <span class='ocr_line' id='line_1_9' title="bbox 210 853 1850 927; baseline -0.004 -14"><span class='ocrx_word' id='word_1_58' title='bbox 210 857 312 913; x_wconf 90' lang='lat' dir='ltr'>sive</span> <span class='ocrx_word' id='word_1_59' title='bbox 334 855 436 927; x_wconf 87' lang='lat' dir='ltr'>qui</span> <span class='ocrx_word' id='word_1_60' title='bbox 462 856 790 910; x_wconf 82' lang='lat' dir='ltr'>castitatem</span> <span class='ocrx_word' id='word_1_61' title='bbox 822 860 1031 919; x_wconf 83' lang='lat' dir='ltr'>servat,</span> <span class='ocrx_word' id='word_1_62' title='bbox 1063 871 1369 926; x_wconf 78' lang='lat' dir='ltr'>quousque</span> <span class='ocrx_word' id='word_1_63' title='bbox 1391 854 1555 908; x_wconf 89' lang='lat' dir='ltr'>alteri</span> <span class='ocrx_word' id='word_1_64' title='bbox 1588 853 1850 925; x_wconf 82' lang='lat' dir='ltr'>legitime</span> 
     </span>
    </p>
   </div>
   <div class='ocr_carea' id='block_1_10' title="bbox 211 943 1901 1017">
    <p class='ocr_par' dir='ltr' id='par_1_10' title="bbox 211 943 1901 1017">
     <span class='ocr_line' id='line_1_10' title="bbox 211 943 1901 1017; baseline -0.004 -16"><span class='ocrx_word' id='word_1_65' title='bbox 211 945 521 1017; x_wconf 90' lang='lat' dir='ltr'>copuletur,</span> <span class='ocrx_word' id='word_1_66' title='bbox 560 944 678 999; x_wconf 85' lang='lat' dir='ltr'>sive</span> <span class='ocrx_word' id='word_1_67' title='bbox 708 944 755 997; x_wconf 92' lang='lat' dir='ltr'>si</span> <span class='ocrx_word' id='word_1_68' title='bbox 785 944 929 1014; x_wconf 84' lang='lat'>(596)</span> <span class='ocrx_word' id='word_1_69' title='bbox 965 944 1036 998; x_wconf 94' lang='lat' dir='ltr'>ob</span> <span class='ocrx_word' id='word_1_70' title='bbox 1070 959 1327 997; x_wconf 82' lang='lat' dir='ltr'>amorem</span> <span class='ocrx_word' id='word_1_71' title='bbox 1363 943 1637 1011; x_wconf 82' lang='lat' dir='ltr'>filiorum,</span> <span class='ocrx_word' id='word_1_72' title='bbox 1672 946 1849 1011; x_wconf 90' lang='lat' dir='ltr'>atque</span> <span class='ocrx_word' id='word_1_73' title='bbox 1892 946 1901 953; x_wconf 82' lang='grc'><em>’</em></span> 
     </span>
    </p>
   </div>
   <div class='ocr_carea' id='block_1_11' title="bbox 214 1031 1847 1105">
    <p class='ocr_par' dir='ltr' id='par_1_11' title="bbox 214 1031 1847 1105">
     <span class='ocr_line' id='line_1_11' title="bbox 214 1031 1847 1105; baseline -0.004 -16"><span class='ocrx_word' id='word_1_74' title='bbox 214 1032 573 1105; x_wconf 83' lang='lat' dir='ltr'>fragilitatem</span> <span class='ocrx_word' id='word_1_75' title='bbox 604 1031 982 1103; x_wconf 89' lang='lat' dir='ltr'>copulaverit.</span> <span class='ocrx_word' id='word_1_76' title='bbox 1017 1036 1152 1086; x_wconf 86' lang='lat' dir='ltr'>Puto</span> <span class='ocrx_word' id='word_1_77' title='bbox 1184 1032 1325 1102; x_wconf 84' lang='lat' dir='ltr'>quod</span> <span class='ocrx_word' id='word_1_78' title='bbox 1354 1040 1403 1086; x_wconf 88' lang='lat' dir='ltr'>et</span> <span class='ocrx_word' id='word_1_79' title='bbox 1447 1048 1539 1101; x_wconf 89' lang='lat' dir='ltr'>ego</span> <span class='ocrx_word' id='word_1_80' title='bbox 1571 1032 1847 1100; x_wconf 77' lang='lat' dir='ltr'>spiritum.</span> 
     </span>
    </p>
   </div>
   <div class='ocr_carea' id='block_1_12' title="bbox 217 1119 1851 1193">
    <p class='ocr_par' dir='ltr' id='par_1_12' title="bbox 217 1119 1851 1193">
     <span class='ocr_line' id='line_1_12' title="bbox 217 1119 1851 1193; baseline -0.004 -13"><span class='ocrx_word' id='word_1_81' title='bbox 217 1124 285 1180; x_wconf 90' lang='lat' dir='ltr'>Ne</span> <span class='ocrx_word' id='word_1_82' title='bbox 304 1122 385 1176; x_wconf 90' lang='lat' dir='ltr'>illi</span> <span class='ocrx_word' id='word_1_83' title='bbox 413 1122 570 1193; x_wconf 86' lang='lat' dir='ltr'>parvi</span> <span class='ocrx_word' id='word_1_84' title='bbox 597 1122 937 1192; x_wconf 85' lang='lat' dir='ltr'>penderent,</span> <span class='ocrx_word' id='word_1_85' title='bbox 962 1125 1063 1175; x_wconf 90' lang='lat' dir='ltr'>aut</span> <span class='ocrx_word' id='word_1_86' title='bbox 1083 1120 1258 1174; x_wconf 89' lang='lat' dir='ltr'>veluti</span> <span class='ocrx_word' id='word_1_87' title='bbox 1286 1120 1414 1191; x_wconf 92' lang='lat' dir='ltr'>puri</span> <span class='ocrx_word' id='word_1_88' title='bbox 1443 1119 1695 1174; x_wconf 90' lang='lat' dir='ltr'>hominis</span> <span class='ocrx_word' id='word_1_89' title='bbox 1719 1135 1851 1173; x_wconf 90' lang='lat' dir='ltr'>con-</span> 
     </span>
    </p>
   </div>
   <div class='ocr_carea' id='block_1_13' title="bbox 214 1208 1850 1283">
    <p class='ocr_par' dir='ltr' id='par_1_13' title="bbox 214 1208 1850 1283">
     <span class='ocr_line' id='line_1_13' title="bbox 214 1208 1850 1283; baseline -0.004 -16"><span class='ocrx_word' id='word_1_90' title='bbox 214 1213 398 1267; x_wconf 86' lang='lat' dir='ltr'>silium</span> <span class='ocrx_word' id='word_1_91' title='bbox 437 1214 747 1283; x_wconf 85' lang='lat' dir='ltr'>putarent;</span> <span class='ocrx_word' id='word_1_92' title='bbox 781 1210 910 1265; x_wconf 90' lang='lat' dir='ltr'>ideo</span> <span class='ocrx_word' id='word_1_93' title='bbox 942 1210 1107 1273; x_wconf 88' lang='lat' dir='ltr'>dicit,</span> <span class='ocrx_word' id='word_1_94' title='bbox 1135 1214 1286 1280; x_wconf 87' lang='lat' dir='ltr'>puto,</span> <span class='ocrx_word' id='word_1_95' title='bbox 1313 1214 1421 1263; x_wconf 87' lang='lat' dir='ltr'>etc.</span> <span class='ocrx_word' id='word_1_96' title='bbox 1451 1234 1464 1276; x_wconf 91' lang='lat'>;</span> <span class='ocrx_word' id='word_1_97' title='bbox 1500 1208 1667 1280; x_wconf 87' lang='lat' dir='ltr'>quasi</span> <span class='ocrx_word' id='word_1_98' title='bbox 1699 1208 1850 1262; x_wconf 89' lang='lat' dir='ltr'>dice-</span> 
     </span>
    </p>
   </div>
   <div class='ocr_carea' id='block_1_14' title="bbox 213 1296 1848 1369">
    <p class='ocr_par' dir='ltr' id='par_1_14' title="bbox 213 1296 1848 1369">
     <span class='ocr_line' id='line_1_14' title="bbox 213 1296 1848 1369; baseline -0.004 -13"><span class='ocrx_word' id='word_1_99' title='bbox 213 1307 320 1357; x_wconf 89' lang='lat' dir='ltr'>ret:</span> <span class='ocrx_word' id='word_1_100' title='bbox 354 1300 484 1355; x_wconf 90' lang='lat' dir='ltr'>Non</span> <span class='ocrx_word' id='word_1_101' title='bbox 517 1299 597 1353; x_wconf 85' lang='lat' dir='ltr'>ita</span> <span class='ocrx_word' id='word_1_102' title='bbox 619 1314 818 1353; x_wconf 90' lang='lat' dir='ltr'>meum</span> <span class='ocrx_word' id='word_1_103' title='bbox 843 1298 1179 1365; x_wconf 87' lang='lat' dir='ltr'>consilium,</span> <span class='ocrx_word' id='word_1_104' title='bbox 1202 1296 1379 1352; x_wconf 87' lang='lat' dir='ltr'>veluti</span> <span class='ocrx_word' id='word_1_105' title='bbox 1410 1298 1539 1369; x_wconf 90' lang='lat' dir='ltr'>puri</span> <span class='ocrx_word' id='word_1_106' title='bbox 1568 1297 1848 1363; x_wconf 82' lang='lat' dir='ltr'>hominis,</span> 
     </span>
    </p>
   </div>
   <div class='ocr_carea' id='block_1_15' title="bbox 214 1386 1853 1458">
    <p class='ocr_par' dir='ltr' id='par_1_15' title="bbox 214 1386 1853 1458">
     <span class='ocr_line' id='line_1_15' title="bbox 214 1386 1853 1458; baseline -0.004 -12"><span class='ocrx_word' id='word_1_107' title='bbox 214 1390 550 1458; x_wconf 80' lang='lat' dir='ltr'>existimate,</span> <span class='ocrx_word' id='word_1_108' title='bbox 578 1388 678 1443; x_wconf 90' lang='lat' dir='ltr'>sed</span> <span class='ocrx_word' id='word_1_109' title='bbox 707 1388 877 1458; x_wconf 87' lang='lat' dir='ltr'>quasi</span> <span class='ocrx_word' id='word_1_110' title='bbox 902 1388 1154 1442; x_wconf 84' lang='lat' dir='ltr'>diceret:</span> <span class='ocrx_word' id='word_1_111' title='bbox 1180 1387 1328 1452; x_wconf 88' lang='lat' dir='ltr'>Quia</span> <span class='ocrx_word' id='word_1_112' title='bbox 1352 1387 1397 1441; x_wconf 92' lang='lat' dir='ltr'>si</span> <span class='ocrx_word' id='word_1_113' title='bbox 1418 1386 1699 1457; x_wconf 90' lang='lat' dir='ltr'>Spiritum</span> <span class='ocrx_word' id='word_1_114' title='bbox 1723 1402 1853 1441; x_wconf 87' lang='lat' dir='ltr'>san-</span> 
     </span>
    </p>
   </div>
   <div class='ocr_carea' id='block_1_16' title="bbox 212 1474 1850 1547">
    <p class='ocr_par' dir='ltr' id='par_1_16' title="bbox 212 1474 1850 1547">
     <span class='ocr_line' id='line_1_16' title="bbox 212 1474 1850 1547; baseline -0.004 -13"><span class='ocrx_word' id='word_1_115' title='bbox 212 1484 355 1535; x_wconf 89' lang='lat' dir='ltr'>ctum</span> <span class='ocrx_word' id='word_1_116' title='bbox 387 1478 603 1541; x_wconf 87' lang='lat' dir='ltr'>habeo,</span> <span class='ocrx_word' id='word_1_117' title='bbox 634 1475 943 1531; x_wconf 89' lang='lat' dir='ltr'>consilium</span> <span class='ocrx_word' id='word_1_118' title='bbox 980 1492 1175 1530; x_wconf 77' lang='lat' dir='ltr'>meum</span> <span class='ocrx_word' id='word_1_119' title='bbox 1209 1476 1462 1547; x_wconf 89' lang='lat' dir='ltr'>Spiritus</span> <span class='ocrx_word' id='word_1_120' title='bbox 1495 1474 1679 1531; x_wconf 90' lang='lat' dir='ltr'>sancti</span> <span class='ocrx_word' id='word_1_121' title='bbox 1720 1480 1808 1529; x_wconf 88' lang='lat' dir='ltr'>est</span> <span class='ocrx_word' id='word_1_122' title='bbox 1836 1492 1850 1540; x_wconf 91' lang='lat'>;</span> 
     </span>
    </p>
   </div>
   <div class='ocr_carea' id='block_1_17' title="bbox 212 1562 1849 1637">
    <p class='ocr_par' dir='ltr' id='par_1_17' title="bbox 212 1562 1849 1637">
     <span class='ocr_line' id='line_1_17' title="bbox 212 1562 1849 1637; baseline -0.004 -14"><span class='ocrx_word' id='word_1_123' title='bbox 212 1573 278 1634; x_wconf 92' lang='lat' dir='ltr'>et,</span> <span class='ocrx_word' id='word_1_124' title='bbox 311 1566 357 1622; x_wconf 90' lang='lat' dir='ltr'>si</span> <span class='ocrx_word' id='word_1_125' title='bbox 411 1566 666 1637; x_wconf 90' lang='lat' dir='ltr'>Spiritus</span> <span class='ocrx_word' id='word_1_126' title='bbox 696 1565 911 1630; x_wconf 84' lang='lat' dir='ltr'>sancti,</span> <span class='ocrx_word' id='word_1_127' title='bbox 945 1564 1043 1620; x_wconf 92' lang='lat' dir='ltr'>Dei</span> <span class='ocrx_word' id='word_1_128' title='bbox 1071 1582 1082 1629; x_wconf 92' lang='lat'>;</span> <span class='ocrx_word' id='word_1_129' title='bbox 1117 1567 1257 1636; x_wconf 84' lang='lat' dir='ltr'>quia</span> <span class='ocrx_word' id='word_1_130' title='bbox 1289 1565 1412 1636; x_wconf 92' lang='lat' dir='ltr'>ipse</span> <span class='ocrx_word' id='word_1_131' title='bbox 1442 1564 1696 1636; x_wconf 89' lang='lat' dir='ltr'>Spiritus</span> <span class='ocrx_word' id='word_1_132' title='bbox 1735 1562 1849 1617; x_wconf 87' lang='lat' dir='ltr'>Dei.</span> 
     </span>
    </p>
   </div>
   <div class='ocr_carea' id='block_1_18' title="bbox 208 1653 1852 1725">
    <p class='ocr_par' dir='ltr' id='par_1_18' title="bbox 208 1653 1852 1725">
     <span class='ocr_line' id='line_1_18' title="bbox 208 1653 1852 1725; baseline -0.004 -14"><span class='ocrx_word' id='word_1_133' title='bbox 208 1654 476 1711; x_wconf 87' lang='lat' dir='ltr'>Nonnulli</span> <span class='ocrx_word' id='word_1_134' title='bbox 510 1654 711 1709; x_wconf 92' lang='lat' dir='ltr'>dicunt</span> <span class='ocrx_word' id='word_1_135' title='bbox 740 1653 1094 1725; x_wconf 88' lang='lat' dir='ltr'>increpando</span> <span class='ocrx_word' id='word_1_136' title='bbox 1126 1654 1371 1719; x_wconf 89' lang='lat' dir='ltr'>dictum,</span> <span class='ocrx_word' id='word_1_137' title='bbox 1407 1659 1471 1707; x_wconf 92' lang='lat' dir='ltr'>ut</span> <span class='ocrx_word' id='word_1_138' title='bbox 1504 1653 1580 1707; x_wconf 87' lang='lat' dir='ltr'>sit</span> <span class='ocrx_word' id='word_1_139' title='bbox 1598 1668 1807 1707; x_wconf 89' lang='lat' dir='ltr'>sensus</span> <span class='ocrx_word' id='word_1_140' title='bbox 1839 1668 1852 1705; x_wconf 88' lang='lat'>:</span> 
     </span>
    </p>
   </div>
   <div class='ocr_carea' id='block_1_19' title="bbox 210 1741 1936 1847">
    <p class='ocr_par' dir='ltr' id='par_1_19' title="bbox 210 1741 1936 1847">
     <span class='ocr_line' id='line_1_19' title="bbox 210 1741 1936 1847; baseline -0.003 -48"><span class='ocrx_word' id='word_1_141' title='bbox 210 1744 481 1815; x_wconf 84' lang='lat' dir='ltr'>Nunquid</span> <span class='ocrx_word' id='word_1_142' title='bbox 506 1760 619 1798; x_wconf 91' lang='lat' dir='ltr'>non</span> <span class='ocrx_word' id='word_1_143' title='bbox 649 1743 930 1814; x_wconf 81' lang='lat' dir='ltr'>Spiritum</span> <span class='ocrx_word' id='word_1_144' title='bbox 954 1743 1053 1847; x_wconf 70' lang='lat' dir='ltr'>Dei</span> <span class='ocrx_word' id='word_1_145' title='bbox 1083 1742 1267 1843; x_wconf 80' lang='lat' dir='ltr'>habeo</span> <span class='ocrx_word' id='word_1_146' title='bbox 1288 1743 1316 1796; x_wconf 78' lang='lat' dir='ltr'>‘l</span> <span class='ocrx_word' id='word_1_147' title='bbox 1348 1741 1852 1847; x_wconf 65' lang='lat' dir='ltr'>Quemadmodum</span> <span class='ocrx_word' id='word_1_148' title='bbox 1888 1781 1936 1847; x_wconf 80' lang='grc' dir='ltr'><strong>Β</strong></span> 
     </span>
    </p>
   </div>
   <div class='ocr_carea' id='block_1_20' title="bbox 210 1831 1856 1905">
    <p class='ocr_par' dir='ltr' id='par_1_20' title="bbox 210 1831 1856 1905">
     <span class='ocr_line' id='line_1_20' title="bbox 210 1831 1856 1905; baseline -0.004 -17"><span class='ocrx_word' id='word_1_149' title='bbox 210 1835 253 1888; x_wconf 95' lang='lat' dir='ltr'>si</span> <span class='ocrx_word' id='word_1_150' title='bbox 274 1834 407 1905; x_wconf 87' lang='lat' dir='ltr'>quis</span> <span class='ocrx_word' id='word_1_151' title='bbox 430 1833 590 1887; x_wconf 86' lang='lat' dir='ltr'>dicat</span> <span class='ocrx_word' id='word_1_152' title='bbox 610 1848 773 1888; x_wconf 90' lang='lat' dir='ltr'>servo</span> <span class='ocrx_word' id='word_1_153' title='bbox 803 1850 814 1886; x_wconf 89' lang='lat'>:</span> <span class='ocrx_word' id='word_1_154' title='bbox 844 1833 989 1887; x_wconf 89' lang='lat' dir='ltr'>Bene</span> <span class='ocrx_word' id='word_1_155' title='bbox 1017 1831 1191 1898; x_wconf 86' lang='lat' dir='ltr'>facis;</span> <span class='ocrx_word' id='word_1_156' title='bbox 1219 1836 1381 1903; x_wconf 88' lang='lat' dir='ltr'>puto,</span> <span class='ocrx_word' id='word_1_157' title='bbox 1407 1831 1691 1885; x_wconf 91' lang='lat' dir='ltr'>Dominus</span> <span class='ocrx_word' id='word_1_158' title='bbox 1718 1833 1856 1884; x_wconf 90' lang='lat' dir='ltr'>tuus</span> 
     </span>
    </p>
   </div>
   <div class='ocr_carea' id='block_1_21' title="bbox 216 1939 359 1977">
    <p class='ocr_par' dir='ltr' id='par_1_21' title="bbox 216 1939 359 1977">
     <span class='ocr_line' id='line_1_21' title="bbox 216 1939 359 1977; baseline -0.007 0"><span class='ocrx_word' id='word_1_159' title='bbox 216 1939 359 1977; x_wconf 88' lang='lat' dir='ltr'>sum.</span> 
     </span>
    </p>
   </div>
   <div class='ocr_carea' id='block_1_22' title="bbox 280 2027 1859 2100">
    <p class='ocr_par' dir='ltr' id='par_1_22' title="bbox 280 2027 1859 2100">
     <span class='ocr_line' id='line_1_22' title="bbox 280 2027 1859 2100; baseline -0.001 -17"><span class='ocrx_word' id='word_1_160' title='bbox 280 2030 426 2099; x_wconf 83' lang='grc'>(597)</span> <span class='ocrx_word' id='word_1_161' title='bbox 447 2029 606 2100; x_wconf 73' lang='lat' dir='ltr'>(CAP.</span> <span class='ocrx_word' id='word_1_162' title='bbox 626 2027 1118 2097; x_wconf 77' lang='lat' dir='ltr'>VIII.)chuitur:</span> <span class='ocrx_word' id='word_1_163' title='bbox 1140 2029 1214 2082; x_wconf 87' lang='lat' dir='ltr'>De</span> <span class='ocrx_word' id='word_1_164' title='bbox 1234 2027 1322 2081; x_wconf 90' lang='lat' dir='ltr'>his</span> <span class='ocrx_word' id='word_1_165' title='bbox 1345 2042 1468 2098; x_wconf 72' lang='lat' dir='ltr'>quae</span> <span class='ocrx_word' id='word_1_166' title='bbox 1488 2027 1648 2081; x_wconf 82' lang='lat' dir='ltr'>idolis</span> <span class='ocrx_word' id='word_1_167' title='bbox 1671 2029 1859 2081; x_wconf 83' lang='lat' dir='ltr'>immo-</span> 
     </span>
    </p>
   </div>
   <div class='ocr_carea' id='block_1_23' title="bbox 216 2116 1856 2188">
    <p class='ocr_par' dir='ltr' id='par_1_23' title="bbox 216 2116 1856 2188">
     <span class='ocr_line' id='line_1_23' title="bbox 216 2116 1856 2188; baseline -0.001 -17"><span class='ocrx_word' id='word_1_168' title='bbox 216 2120 398 2173; x_wconf 82' lang='lat' dir='ltr'>lantur</span> <span class='ocrx_word' id='word_1_169' title='bbox 448 2118 596 2188; x_wconf 88' lang='lat'>(598)</span> <span class='ocrx_word' id='word_1_170' title='bbox 646 2117 1018 2185; x_wconf 87' lang='lat' dir='ltr'>subauditur,</span> <span class='ocrx_word' id='word_1_171' title='bbox 1060 2116 1507 2187; x_wconf 87' lang='lat' dir='ltr'>interrogastis).</span> <span class='ocrx_word' id='word_1_172' title='bbox 1543 2116 1856 2171; x_wconf 88' lang='lat' dir='ltr'>Sciendum</span> 
     </span>
    </p>
   </div>
   <div class='ocr_carea' id='block_1_24' title="bbox 210 2203 1859 2277">
    <p class='ocr_par' dir='ltr' id='par_1_24' title="bbox 210 2203 1859 2277">
     <span class='ocr_line' id='line_1_24' title="bbox 210 2203 1859 2277; baseline -0.002 -16"><span class='ocrx_word' id='word_1_173' title='bbox 210 2208 343 2277; x_wconf 83' lang='lat' dir='ltr'>quia</span> <span class='ocrx_word' id='word_1_174' title='bbox 368 2208 443 2261; x_wconf 89' lang='lat' dir='ltr'>de</span> <span class='ocrx_word' id='word_1_175' title='bbox 472 2205 590 2260; x_wconf 88' lang='lat' dir='ltr'>illis</span> <span class='ocrx_word' id='word_1_176' title='bbox 616 2205 803 2260; x_wconf 86' lang='lat' dir='ltr'>fuerat</span> <span class='ocrx_word' id='word_1_177' title='bbox 825 2204 1134 2275; x_wconf 86' lang='lat' dir='ltr'>Apostolus</span> <span class='ocrx_word' id='word_1_178' title='bbox 1156 2205 1570 2275; x_wconf 87' lang='lat' dir='ltr'>interrogatus,</span> <span class='ocrx_word' id='word_1_179' title='bbox 1597 2209 1659 2259; x_wconf 90' lang='lat' dir='ltr'>ut</span> <span class='ocrx_word' id='word_1_180' title='bbox 1690 2203 1859 2270; x_wconf 90' lang='lat' dir='ltr'>illud,</span> 
     </span>
    </p>
   </div>
   <div class='ocr_carea' id='block_1_25' title="bbox 210 2294 1858 2367">
    <p class='ocr_par' dir='ltr' id='par_1_25' title="bbox 210 2294 1858 2367">
     <span class='ocr_line' id='line_1_25' title="bbox 210 2294 1858 2367; baseline -0.002 -16"><span class='ocrx_word' id='word_1_181' title='bbox 210 2297 267 2351; x_wconf 86' lang='lat' dir='ltr'>de</span> <span class='ocrx_word' id='word_1_182' title='bbox 296 2296 504 2367; x_wconf 78' lang='lat' dir='ltr'>quibus</span> <span class='ocrx_word' id='word_1_183' title='bbox 524 2296 826 2365; x_wconf 78' lang='lat' dir='ltr'>scripsistis</span> <span class='ocrx_word' id='word_1_184' title='bbox 846 2314 863 2348; x_wconf 90' lang='lat'><strong><em>:</em></strong></span> <span class='ocrx_word' id='word_1_185' title='bbox 896 2298 954 2348; x_wconf 92' lang='lat' dir='ltr'>et</span> <span class='ocrx_word' id='word_1_186' title='bbox 976 2294 1115 2365; x_wconf 90' lang='lat' dir='ltr'>quia</span> <span class='ocrx_word' id='word_1_187' title='bbox 1146 2294 1216 2348; x_wconf 91' lang='lat' dir='ltr'>de</span> <span class='ocrx_word' id='word_1_188' title='bbox 1238 2294 1592 2365; x_wconf 90' lang='lat' dir='ltr'>quibusdam</span> <span class='ocrx_word' id='word_1_189' title='bbox 1620 2309 1858 2363; x_wconf 89' lang='lat' dir='ltr'>respon-</span> 
     </span>
    </p>
   </div>
   <div class='ocr_carea' id='block_1_26' title="bbox 208 2383 1860 2452">
    <p class='ocr_par' dir='ltr' id='par_1_26' title="bbox 208 2383 1860 2452">
     <span class='ocr_line' id='line_1_26' title="bbox 208 2383 1860 2452; baseline -0.002 -14"><span class='ocrx_word' id='word_1_190' title='bbox 208 2386 305 2452; x_wconf 88' lang='lat' dir='ltr'>dit,</span> <span class='ocrx_word' id='word_1_191' title='bbox 336 2384 495 2438; x_wconf 89' lang='lat' dir='ltr'>unde</span> <span class='ocrx_word' id='word_1_192' title='bbox 527 2387 651 2438; x_wconf 90' lang='lat' dir='ltr'>est:</span> <span class='ocrx_word' id='word_1_193' title='bbox 690 2386 902 2437; x_wconf 86' lang='lat' dir='ltr'>Bonum</span> <span class='ocrx_word' id='word_1_194' title='bbox 934 2390 1015 2437; x_wconf 85' lang='lat' dir='ltr'>est</span> <span class='ocrx_word' id='word_1_195' title='bbox 1044 2383 1255 2437; x_wconf 82' lang='lat' dir='ltr'>homini</span> <span class='ocrx_word' id='word_1_196' title='bbox 1282 2384 1571 2436; x_wconf 81' lang='lat' dir='ltr'>mulierem</span> <span class='ocrx_word' id='word_1_197' title='bbox 1602 2398 1712 2436; x_wconf 82' lang='lat' dir='ltr'>non</span> <span class='ocrx_word' id='word_1_198' title='bbox 1744 2390 1860 2435; x_wconf 82' lang='lat' dir='ltr'>tan-</span> 
     </span>
    </p>
   </div>
   <div class='ocr_carea' id='block_1_27' title="bbox 206 2470 1858 2545">
    <p class='ocr_par' dir='ltr' id='par_1_27' title="bbox 206 2470 1858 2545">
     <span class='ocr_line' id='line_1_27' title="bbox 206 2470 1858 2545; baseline -0.002 -17"><span class='ocrx_word' id='word_1_199' title='bbox 206 2490 327 2545; x_wconf 85' lang='lat' dir='ltr'>gere</span> <span class='ocrx_word' id='word_1_200' title='bbox 352 2499 365 2539; x_wconf 86' lang='lat'>;</span> <span class='ocrx_word' id='word_1_201' title='bbox 399 2478 454 2528; x_wconf 86' lang='lat' dir='ltr'>et</span> <span class='ocrx_word' id='word_1_202' title='bbox 482 2472 547 2527; x_wconf 85' lang='lat' dir='ltr'>de</span> <span class='ocrx_word' id='word_1_203' title='bbox 574 2472 879 2542; x_wconf 82' lang='lat' dir='ltr'>virginibus</span> <span class='ocrx_word' id='word_1_204' title='bbox 905 2488 916 2524; x_wconf 91' lang='lat'>:</span> <span class='ocrx_word' id='word_1_205' title='bbox 954 2471 1047 2525; x_wconf 93' lang='lat' dir='ltr'>hic</span> <span class='ocrx_word' id='word_1_206' title='bbox 1068 2488 1201 2525; x_wconf 90' lang='lat' dir='ltr'>vero</span> <span class='ocrx_word' id='word_1_207' title='bbox 1228 2470 1616 2542; x_wconf 84' lang='lat' dir='ltr'>interrogatus</span> <span class='ocrx_word' id='word_1_208' title='bbox 1642 2471 1713 2525; x_wconf 91' lang='lat' dir='ltr'>de</span> <span class='ocrx_word' id='word_1_209' title='bbox 1745 2470 1858 2539; x_wconf 92' lang='lat' dir='ltr'>his,</span> 
     </span>
    </p>
   </div>
   <div class='ocr_carea' id='block_1_28' title="bbox 210 2559 1858 2635">
    <p class='ocr_par' dir='ltr' id='par_1_28' title="bbox 210 2559 1858 2635">
     <span class='ocr_line' id='line_1_28' title="bbox 210 2559 1858 2635; baseline -0.003 -17"><span class='ocrx_word' id='word_1_210' title='bbox 210 2581 333 2635; x_wconf 74' lang='lat' dir='ltr'>quas</span> <span class='ocrx_word' id='word_1_211' title='bbox 358 2561 535 2618; x_wconf 89' lang='lat' dir='ltr'>idolis</span> <span class='ocrx_word' id='word_1_212' title='bbox 557 2560 962 2624; x_wconf 87' lang='lat' dir='ltr'>immolantur,</span> <span class='ocrx_word' id='word_1_213' title='bbox 983 2560 1322 2630; x_wconf 88' lang='lat' dir='ltr'>respondet:</span> <span class='ocrx_word' id='word_1_214' title='bbox 1354 2559 1577 2614; x_wconf 82' lang='lat' dir='ltr'>idolum</span> <span class='ocrx_word' id='word_1_215' title='bbox 1603 2575 1858 2630; x_wconf 90' lang='lat' dir='ltr'>quoque,</span> 
     </span>
    </p>
   </div>
   <div class='ocr_carea' id='block_1_29' title="bbox 208 2648 1859 2721">
    <p class='ocr_par' dir='ltr' id='par_1_29' title="bbox 208 2648 1859 2721">
     <span class='ocr_line' id='line_1_29' title="bbox 208 2648 1859 2721; baseline -0.004 -13"><span class='ocrx_word' id='word_1_216' title='bbox 208 2652 534 2708; x_wconf 88' lang='lat' dir='ltr'>secundum</span> <span class='ocrx_word' id='word_1_217' title='bbox 558 2649 1096 2721; x_wconf 86' lang='lat' dir='ltr'>interpretationem</span> <span class='ocrx_word' id='word_1_218' title='bbox 1124 2650 1212 2703; x_wconf 91' lang='lat' dir='ltr'>sui</span> <span class='ocrx_word' id='word_1_219' title='bbox 1244 2648 1728 2720; x_wconf 89' lang='lat' dir='ltr'>nominis,imago</span> <span class='ocrx_word' id='word_1_220' title='bbox 1750 2653 1859 2713; x_wconf 90' lang='lat' dir='ltr'>est,</span> 
     </span>
    </p>
   </div>
   <div class='ocr_carea' id='block_1_30' title="bbox 208 2738 1862 2810">
    <p class='ocr_par' dir='ltr' id='par_1_30' title="bbox 208 2738 1862 2810">
     <span class='ocr_line' id='line_1_30' title="bbox 208 2738 1862 2810; baseline -0.003 -14"><span class='ocrx_word' id='word_1_221' title='bbox 208 2741 323 2797; x_wconf 84' lang='lat' dir='ltr'>sive</span> <span class='ocrx_word' id='word_1_222' title='bbox 375 2742 607 2807; x_wconf 87' lang='lat' dir='ltr'>forma;</span> <span class='ocrx_word' id='word_1_223' title='bbox 640 2740 779 2810; x_wconf 89' lang='lat' dir='ltr'>quia</span> <span class='ocrx_word' id='word_1_224' title='bbox 829 2739 943 2793; x_wconf 83' lang='lat' dir='ltr'>idos</span> <span class='ocrx_word' id='word_1_225' title='bbox 997 2738 1189 2793; x_wconf 65' lang='lat' dir='ltr'>Graece</span> <span class='ocrx_word' id='word_1_226' title='bbox 1222 2739 1389 2809; x_wconf 76' lang='lat'>(509),</span> <span class='ocrx_word' id='word_1_227' title='bbox 1445 2739 1639 2792; x_wconf 88' lang='lat' dir='ltr'>Latine</span> <span class='ocrx_word' id='word_1_228' title='bbox 1678 2741 1862 2809; x_wconf 80' lang='lat' dir='ltr'>forma</span> 
     </span>
    </p>
   </div>
   <div class='ocr_carea' id='block_1_31' title="bbox 210 2826 1861 2891">
    <p class='ocr_par' dir='ltr' id='par_1_31' title="bbox 210 2826 1861 2891">
     <span class='ocr_line' id='line_1_31' title="bbox 210 2826 1861 2891; baseline -0.003 -7"><span class='ocrx_word' id='word_1_229' title='bbox 210 2830 469 2884; x_wconf 90' lang='lat' dir='ltr'>dicitur:</span> <span class='ocrx_word' id='word_1_230' title='bbox 506 2834 561 2883; x_wconf 90' lang='lat' dir='ltr'>et</span> <span class='ocrx_word' id='word_1_231' title='bbox 593 2828 665 2882; x_wconf 91' lang='lat' dir='ltr'>ab</span> <span class='ocrx_word' id='word_1_232' title='bbox 699 2829 825 2882; x_wconf 90' lang='lat' dir='ltr'>idos</span> <span class='ocrx_word' id='word_1_233' title='bbox 858 2826 1102 2891; x_wconf 91' lang='lat' dir='ltr'>idolum,</span> <span class='ocrx_word' id='word_1_234' title='bbox 1128 2827 1281 2881; x_wconf 90' lang='lat' dir='ltr'>sicut</span> <span class='ocrx_word' id='word_1_235' title='bbox 1311 2844 1344 2880; x_wconf 88' lang='lat' dir='ltr'>a</span> <span class='ocrx_word' id='word_1_236' title='bbox 1376 2827 1559 2881; x_wconf 88' lang='lat' dir='ltr'>forma</span> <span class='ocrx_word' id='word_1_237' title='bbox 1589 2828 1861 2882; x_wconf 82' lang='lat' dir='ltr'>formula.</span> 
     </span>
    </p>
   </div>
   <div class='ocr_carea' id='block_1_32' title="bbox 209 2915 1864 2986">
    <p class='ocr_par' dir='ltr' id='par_1_32' title="bbox 209 2915 1864 2986">
     <span class='ocr_line' id='line_1_32' title="bbox 209 2915 1864 2986; baseline -0.002 -13"><span class='ocrx_word' id='word_1_238' title='bbox 209 2918 346 2973; x_wconf 91' lang='lat' dir='ltr'>Inde</span> <span class='ocrx_word' id='word_1_239' title='bbox 380 2917 739 2986; x_wconf 87' lang='lat' dir='ltr'>idololatria,</span> <span class='ocrx_word' id='word_1_240' title='bbox 773 2916 865 2970; x_wconf 90' lang='lat' dir='ltr'>cui</span> <span class='ocrx_word' id='word_1_241' title='bbox 915 2917 1207 2971; x_wconf 90' lang='lat' dir='ltr'>contraria</span> <span class='ocrx_word' id='word_1_242' title='bbox 1259 2921 1347 2970; x_wconf 88' lang='lat' dir='ltr'>est</span> <span class='ocrx_word' id='word_1_243' title='bbox 1397 2915 1583 2969; x_wconf 89' lang='lat' dir='ltr'>latria.</span> <span class='ocrx_word' id='word_1_244' title='bbox 1620 2916 1677 2970; x_wconf 90' lang='lat' dir='ltr'>Si</span> <span class='ocrx_word' id='word_1_245' title='bbox 1728 2932 1864 2986; x_wconf 91' lang='lat' dir='ltr'>ergo</span> 
     </span>
    </p>
   </div>
   <div class='ocr_carea' id='block_1_33' title="bbox 206 3004 1868 3079">
    <p class='ocr_par' dir='ltr' id='par_1_33' title="bbox 206 3004 1868 3079">
     <span class='ocr_line' id='line_1_33' title="bbox 206 3004 1868 3079; baseline -0.002 -18"><span class='ocrx_word' id='word_1_246' title='bbox 206 3007 427 3079; x_wconf 88' lang='lat' dir='ltr'>imago,</span> <span class='ocrx_word' id='word_1_247' title='bbox 466 3008 656 3061; x_wconf 88' lang='lat' dir='ltr'>forma</span> <span class='ocrx_word' id='word_1_248' title='bbox 686 3005 921 3069; x_wconf 90' lang='lat' dir='ltr'>dicitur,</span> <span class='ocrx_word' id='word_1_249' title='bbox 954 3005 1336 3075; x_wconf 57' lang='lat' dir='ltr'>quaerendum</span> <span class='ocrx_word' id='word_1_250' title='bbox 1381 3009 1468 3059; x_wconf 88' lang='lat' dir='ltr'>est</span> <span class='ocrx_word' id='word_1_251' title='bbox 1499 3021 1678 3075; x_wconf 87' lang='lat' dir='ltr'>quare</span> <span class='ocrx_word' id='word_1_252' title='bbox 1710 3004 1868 3058; x_wconf 89' lang='lat' dir='ltr'>dicat</span> 
     </span>
    </p>
   </div>
   <div class='ocr_carea' id='block_1_34' title="bbox 204 3091 1869 3169">
    <p class='ocr_par' dir='ltr' id='par_1_34' title="bbox 204 3091 1869 3169">
     <span class='ocr_line' id='line_1_34' title="bbox 204 3091 1869 3169; baseline -0.004 -19"><span class='ocrx_word' id='word_1_253' title='bbox 204 3096 535 3169; x_wconf 83' lang='lat' dir='ltr'>Apostolus</span> <span class='ocrx_word' id='word_1_254' title='bbox 556 3095 777 3150; x_wconf 88' lang='lat' dir='ltr'>idolum</span> <span class='ocrx_word' id='word_1_255' title='bbox 806 3092 952 3147; x_wconf 91' lang='lat' dir='ltr'>nihil</span> <span class='ocrx_word' id='word_1_256' title='bbox 976 3108 1143 3148; x_wconf 87' lang='lat' dir='ltr'>esse:</span> <span class='ocrx_word' id='word_1_257' title='bbox 1176 3092 1463 3163; x_wconf 89' lang='lat' dir='ltr'>quidquid</span> <span class='ocrx_word' id='word_1_258' title='bbox 1495 3092 1649 3147; x_wconf 90' lang='lat' dir='ltr'>enim</span> <span class='ocrx_word' id='word_1_259' title='bbox 1679 3091 1869 3147; x_wconf 91' lang='lat' dir='ltr'>subsi-</span> 
     </span>
    </p>
   </div>
   <div class='ocr_carea' id='block_1_35' title="bbox 201 3180 1866 3253">
    <p class='ocr_par' dir='ltr' id='par_1_35' title="bbox 201 3180 1866 3253">
     <span class='ocr_line' id='line_1_35' title="bbox 201 3180 1866 3253; baseline -0.004 -13"><span class='ocrx_word' id='word_1_260' title='bbox 201 3187 322 3252; x_wconf 91' lang='lat' dir='ltr'>stit,</span> <span class='ocrx_word' id='word_1_261' title='bbox 361 3189 477 3240; x_wconf 89' lang='lat' dir='ltr'>est.</span> <span class='ocrx_word' id='word_1_262' title='bbox 531 3183 685 3237; x_wconf 89' lang='lat' dir='ltr'>Nihil</span> <span class='ocrx_word' id='word_1_263' title='bbox 736 3188 861 3247; x_wconf 90' lang='lat' dir='ltr'>est;</span> <span class='ocrx_word' id='word_1_264' title='bbox 907 3182 1043 3253; x_wconf 87' lang='lat' dir='ltr'>quia</span> <span class='ocrx_word' id='word_1_265' title='bbox 1093 3180 1263 3251; x_wconf 90' lang='lat' dir='ltr'>illud,</span> <span class='ocrx_word' id='word_1_266' title='bbox 1297 3182 1449 3252; x_wconf 90' lang='lat' dir='ltr'>quod</span> <span class='ocrx_word' id='word_1_267' title='bbox 1484 3181 1717 3249; x_wconf 85' lang='lat' dir='ltr'>dicitur,</span> <span class='ocrx_word' id='word_1_268' title='bbox 1752 3196 1866 3234; x_wconf 89' lang='lat' dir='ltr'>non</span> 
     </span>
    </p>
   </div>
   <div class='ocr_carea' id='block_1_36' title="bbox 197 3269 1868 3341">
    <p class='ocr_par' dir='ltr' id='par_1_36' title="bbox 197 3269 1868 3341">
     <span class='ocr_line' id='line_1_36' title="bbox 197 3269 1868 3341; baseline -0.005 -10"><span class='ocrx_word' id='word_1_269' title='bbox 197 3274 393 3331; x_wconf 89' lang='lat' dir='ltr'>oculis</span> <span class='ocrx_word' id='word_1_270' title='bbox 421 3272 683 3335; x_wconf 90' lang='lat' dir='ltr'>videtur,</span> <span class='ocrx_word' id='word_1_271' title='bbox 709 3273 809 3325; x_wconf 89' lang='lat' dir='ltr'>sed</span> <span class='ocrx_word' id='word_1_272' title='bbox 835 3270 1029 3325; x_wconf 89' lang='lat' dir='ltr'>animo</span> <span class='ocrx_word' id='word_1_273' title='bbox 1052 3270 1445 3341; x_wconf 87' lang='lat' dir='ltr'>excogitatur;</span> <span class='ocrx_word' id='word_1_274' title='bbox 1476 3269 1631 3323; x_wconf 91' lang='lat' dir='ltr'>verbi</span> <span class='ocrx_word' id='word_1_275' title='bbox 1662 3269 1868 3340; x_wconf 89' lang='lat' dir='ltr'>gratia,</span> 
     </span>
    </p>
   </div>
   <div class='ocr_carea' id='block_1_37' title="bbox 193 3358 1874 3434">
    <p class='ocr_par' dir='ltr' id='par_1_37' title="bbox 193 3358 1874 3434">
     <span class='ocr_line' id='line_1_37' title="bbox 193 3358 1874 3434; baseline -0.006 -13"><span class='ocrx_word' id='word_1_276' title='bbox 193 3366 241 3426; x_wconf 87' lang='lat' dir='ltr'>si</span> <span class='ocrx_word' id='word_1_277' title='bbox 301 3362 676 3434; x_wconf 85' lang='lat' dir='ltr'>depingatur</span> <span class='ocrx_word' id='word_1_278' title='bbox 724 3359 984 3414; x_wconf 89' lang='lat' dir='ltr'>humano</span> <span class='ocrx_word' id='word_1_279' title='bbox 1034 3359 1261 3429; x_wconf 90' lang='lat' dir='ltr'>corpori</span> <span class='ocrx_word' id='word_1_280' title='bbox 1313 3362 1487 3428; x_wconf 87' lang='lat' dir='ltr'>caput</span> <span class='ocrx_word' id='word_1_281' title='bbox 1538 3358 1720 3425; x_wconf 91' lang='lat' dir='ltr'>canis,</span> <span class='ocrx_word' id='word_1_282' title='bbox 1774 3362 1874 3412; x_wconf 88' lang='lat' dir='ltr'>aut</span> 
     </span>
    </p>
   </div>
   <div class='ocr_carea' id='block_1_38' title="bbox 196 3446 1874 3525">
    <p class='ocr_par' dir='ltr' id='par_1_38' title="bbox 196 3446 1874 3525">
     <span class='ocr_line' id='line_1_38' title="bbox 196 3446 1874 3525; baseline -0.005 -17"><span class='ocrx_word' id='word_1_283' title='bbox 196 3450 461 3525; x_wconf 87' lang='lat' dir='ltr'>pecoris,</span> <span class='ocrx_word' id='word_1_284' title='bbox 500 3451 605 3502; x_wconf 90' lang='lat' dir='ltr'>aut</span> <span class='ocrx_word' id='word_1_285' title='bbox 634 3446 884 3517; x_wconf 84' lang='lat' dir='ltr'>alicujus</span> <span class='ocrx_word' id='word_1_286' title='bbox 918 3446 1214 3516; x_wconf 86' lang='lat' dir='ltr'>animalis,</span> <span class='ocrx_word' id='word_1_287' title='bbox 1250 3450 1351 3501; x_wconf 89' lang='lat' dir='ltr'>aut</span> <span class='ocrx_word' id='word_1_288' title='bbox 1381 3447 1507 3500; x_wconf 72' lang='lat' dir='ltr'>dua:</span> <span class='ocrx_word' id='word_1_289' title='bbox 1543 3446 1739 3515; x_wconf 89' lang='lat' dir='ltr'>facies,</span> <span class='ocrx_word' id='word_1_290' title='bbox 1774 3449 1874 3499; x_wconf 91' lang='lat' dir='ltr'>aut</span> 
     </span>
    </p>
   </div>
   <div class='ocr_carea' id='block_1_39' title="bbox 197 3534 1870 3606">
    <p class='ocr_par' dir='ltr' id='par_1_39' title="bbox 197 3534 1870 3606">
     <span class='ocr_line' id='line_1_39' title="bbox 197 3534 1870 3606; baseline -0.005 -9"><span class='ocrx_word' id='word_1_291' title='bbox 197 3542 472 3597; x_wconf 86' lang='lat' dir='ltr'>humano</span> <span class='ocrx_word' id='word_1_292' title='bbox 507 3536 727 3606; x_wconf 89' lang='lat' dir='ltr'>pectori</span> <span class='ocrx_word' id='word_1_293' title='bbox 751 3544 1007 3591; x_wconf 80' lang='lat' dir='ltr'>extrema</span> <span class='ocrx_word' id='word_1_294' title='bbox 1030 3552 1186 3606; x_wconf 89' lang='lat' dir='ltr'>pars,</span> <span class='ocrx_word' id='word_1_295' title='bbox 1208 3539 1307 3589; x_wconf 90' lang='lat' dir='ltr'>aut</span> <span class='ocrx_word' id='word_1_296' title='bbox 1330 3534 1529 3606; x_wconf 91' lang='lat' dir='ltr'>piscis,</span> <span class='ocrx_word' id='word_1_297' title='bbox 1545 3540 1643 3588; x_wconf 90' lang='lat' dir='ltr'>aut</span> <span class='ocrx_word' id='word_1_298' title='bbox 1666 3534 1870 3601; x_wconf 88' lang='lat' dir='ltr'>leonis,</span> 
     </span>
    </p>
   </div>
   <div class='ocr_carea' id='block_1_40' title="bbox 204 3623 1876 3694">
    <p class='ocr_par' dir='ltr' id='par_1_40' title="bbox 204 3623 1876 3694">
     <span class='ocr_line' id='line_1_40' title="bbox 204 3623 1876 3694; baseline -0.005 -9"><span class='ocrx_word' id='word_1_299' title='bbox 204 3635 302 3685; x_wconf 87' lang='lat' dir='ltr'>aut</span> <span class='ocrx_word' id='word_1_300' title='bbox 327 3626 626 3691; x_wconf 89' lang='lat' dir='ltr'>volucris,</span> <span class='ocrx_word' id='word_1_301' title='bbox 653 3629 753 3680; x_wconf 85' lang='lat' dir='ltr'>aut</span> <span class='ocrx_word' id='word_1_302' title='bbox 774 3624 1024 3693; x_wconf 89' lang='lat' dir='ltr'>alicujus</span> <span class='ocrx_word' id='word_1_303' title='bbox 1048 3623 1325 3679; x_wconf 90' lang='lat' dir='ltr'>alterius:</span> <span class='ocrx_word' id='word_1_304' title='bbox 1356 3623 1489 3678; x_wconf 90' lang='lat' dir='ltr'>talis</span> <span class='ocrx_word' id='word_1_305' title='bbox 1514 3624 1706 3694; x_wconf 87' lang='lat' dir='ltr'>imago</span> <span class='ocrx_word' id='word_1_306' title='bbox 1730 3640 1876 3678; x_wconf 87' lang='lat' dir='ltr'>nun-</span> 
     </span>
    </p>
   </div>
   <div class='ocr_carea' id='block_1_41' title="bbox 206 3709 1877 3790">
    <p class='ocr_par' dir='ltr' id='par_1_41' title="bbox 206 3709 1877 3790">
     <span class='ocr_line' id='line_1_41' title="bbox 206 3709 1877 3790; baseline -0.004 -17"><span class='ocrx_word' id='word_1_307' title='bbox 206 3709 573 3790; x_wconf 15' lang='lat' dir='ltr'>quamivisa</span> <span class='ocrx_word' id='word_1_308' title='bbox 616 3718 742 3780; x_wconf 91' lang='lat' dir='ltr'>est;</span> <span class='ocrx_word' id='word_1_309' title='bbox 776 3714 919 3779; x_wconf 88' lang='lat' dir='ltr'>sive,</span> <span class='ocrx_word' id='word_1_310' title='bbox 954 3712 1001 3766; x_wconf 83' lang='lat' dir='ltr'>si</span> <span class='ocrx_word' id='word_1_311' title='bbox 1053 3713 1309 3783; x_wconf 88' lang='lat' dir='ltr'>fingatur</span> <span class='ocrx_word' id='word_1_312' title='bbox 1338 3712 1531 3783; x_wconf 90' lang='lat' dir='ltr'>imago</span> <span class='ocrx_word' id='word_1_313' title='bbox 1561 3712 1741 3776; x_wconf 87' lang='lat' dir='ltr'>Jovis,</span> <span class='ocrx_word' id='word_1_314' title='bbox 1775 3716 1877 3766; x_wconf 87' lang='lat' dir='ltr'>aut</span> 
     </span>
    </p>
   </div>
   <div class='ocr_carea' id='block_1_42' title="bbox 208 3799 1878 3871">
    <p class='ocr_par' dir='ltr' id='par_1_42' title="bbox 208 3799 1878 3871">
     <span class='ocr_line' id='line_1_42' title="bbox 208 3799 1878 3871; baseline -0.004 -11"><span class='ocrx_word' id='word_1_315' title='bbox 208 3803 514 3869; x_wconf 88' lang='lat' dir='ltr'>Mercurii,</span> <span class='ocrx_word' id='word_1_316' title='bbox 538 3806 642 3857; x_wconf 86' lang='lat' dir='ltr'>aut</span> <span class='ocrx_word' id='word_1_317' title='bbox 662 3801 913 3871; x_wconf 87' lang='lat' dir='ltr'>alicujus</span> <span class='ocrx_word' id='word_1_318' title='bbox 936 3799 1201 3865; x_wconf 90' lang='lat' dir='ltr'>alterius,</span> <span class='ocrx_word' id='word_1_319' title='bbox 1224 3804 1512 3870; x_wconf 89' lang='lat' dir='ltr'>quantum</span> <span class='ocrx_word' id='word_1_320' title='bbox 1540 3800 1609 3853; x_wconf 91' lang='lat' dir='ltr'>ad</span> <span class='ocrx_word' id='word_1_321' title='bbox 1633 3800 1878 3854; x_wconf 91' lang='lat' dir='ltr'>elemen-</span> 
     </span>
    </p>
   </div>
   <div class='ocr_carea' id='block_1_43' title="bbox 212 3886 1879 3960">
    <p class='ocr_par' dir='ltr' id='par_1_43' title="bbox 212 3886 1879 3960">
     <span class='ocr_line' id='line_1_43' title="bbox 212 3886 1879 3960; baseline -0.006 -10"><span class='ocrx_word' id='word_1_322' title='bbox 212 3900 331 3949; x_wconf 90' lang='lat' dir='ltr'>tum</span> <span class='ocrx_word' id='word_1_323' title='bbox 357 3893 603 3960; x_wconf 84' lang='lat' dir='ltr'>attinet,</span> <span class='ocrx_word' id='word_1_324' title='bbox 623 3887 978 3960; x_wconf 90' lang='lat' dir='ltr'>estaliquid,</span> <span class='ocrx_word' id='word_1_325' title='bbox 1000 3888 1139 3958; x_wconf 87' lang='lat' dir='ltr'>quia</span> <span class='ocrx_word' id='word_1_326' title='bbox 1161 3886 1468 3950; x_wconf 86' lang='lat' dir='ltr'>subsistit;</span> <span class='ocrx_word' id='word_1_327' title='bbox 1499 3892 1783 3956; x_wconf 87' lang='lat' dir='ltr'>quantum</span> <span class='ocrx_word' id='word_1_328' title='bbox 1809 3887 1879 3940; x_wconf 91' lang='lat' dir='ltr'>ad</span> 
     </span>
    </p>
   </div>
   <div class='ocr_carea' id='block_1_44' title="bbox 206 3974 1885 4055">
    <p class='ocr_par' dir='ltr' id='par_1_44' title="bbox 206 3974 1885 4055">
     <span class='ocr_line' id='line_1_44' title="bbox 206 3974 1885 4055; baseline -0.005 -18"><span class='ocrx_word' id='word_1_329' title='bbox 206 3984 331 4050; x_wconf 89' lang='lat' dir='ltr'>hoc,</span> <span class='ocrx_word' id='word_1_330' title='bbox 363 3981 534 4055; x_wconf 91' lang='lat' dir='ltr'>quod</span> <span class='ocrx_word' id='word_1_331' title='bbox 570 3979 817 4045; x_wconf 89' lang='lat' dir='ltr'>dicitur,</span> <span class='ocrx_word' id='word_1_332' title='bbox 852 3977 1079 4039; x_wconf 86' lang='lat' dir='ltr'>attinet,</span> <span class='ocrx_word' id='word_1_333' title='bbox 1118 3974 1263 4029; x_wconf 90' lang='lat' dir='ltr'>nihil</span> <span class='ocrx_word' id='word_1_334' title='bbox 1301 3979 1425 4041; x_wconf 89' lang='lat' dir='ltr'>est;</span> <span class='ocrx_word' id='word_1_335' title='bbox 1460 3974 1597 4045; x_wconf 90' lang='lat' dir='ltr'>quia</span> <span class='ocrx_word' id='word_1_336' title='bbox 1638 3991 1752 4029; x_wconf 90' lang='lat' dir='ltr'>non</span> <span class='ocrx_word' id='word_1_337' title='bbox 1794 3978 1885 4028; x_wconf 92' lang='lat' dir='ltr'>est</span> 
     </span>
    </p>
   </div>
   <div class='ocr_carea' id='block_1_45' title="bbox 210 4063 1882 4145">
    <p class='ocr_par' dir='ltr' id='par_1_45' title="bbox 210 4063 1882 4145">
     <span class='ocr_line' id='line_1_45' title="bbox 210 4063 1882 4145; baseline -0.005 -19"><span class='ocrx_word' id='word_1_338' title='bbox 210 4071 510 4145; x_wconf 87' lang='lat' dir='ltr'>hoc,quod</span> <span class='ocrx_word' id='word_1_339' title='bbox 540 4067 759 4123; x_wconf 90' lang='lat' dir='ltr'>dicitur</span> <span class='ocrx_word' id='word_1_340' title='bbox 784 4081 947 4137; x_wconf 87' lang='lat' dir='ltr'>:ergo</span> <span class='ocrx_word' id='word_1_341' title='bbox 972 4065 1341 4119; x_wconf 88' lang='lat' dir='ltr'>mendacium</span> <span class='ocrx_word' id='word_1_342' title='bbox 1366 4068 1481 4129; x_wconf 88' lang='lat' dir='ltr'>est;</span> <span class='ocrx_word' id='word_1_343' title='bbox 1513 4063 1882 4117; x_wconf 86' lang='lat' dir='ltr'>mendacium</span> 
     </span>
    </p>
   </div>
   <div class='ocr_carea' id='block_1_46' title="bbox 211 4152 1883 4233">
    <p class='ocr_par' dir='ltr' id='par_1_46' title="bbox 211 4152 1883 4233">
     <span class='ocr_line' id='line_1_46' title="bbox 211 4152 1883 4233; baseline -0.004 -20"><span class='ocrx_word' id='word_1_344' title='bbox 211 4178 361 4229; x_wconf 78' lang='lat' dir='ltr'>vero,</span> <span class='ocrx_word' id='word_1_345' title='bbox 397 4162 723 4233; x_wconf 86' lang='lat' dir='ltr'>peccatum</span> <span class='ocrx_word' id='word_1_346' title='bbox 754 4174 767 4222; x_wconf 90' lang='lat'>;</span> <span class='ocrx_word' id='word_1_347' title='bbox 802 4158 1106 4225; x_wconf 88' lang='lat' dir='ltr'>peccatum</span> <span class='ocrx_word' id='word_1_348' title='bbox 1141 4170 1295 4218; x_wconf 92' lang='lat' dir='ltr'>vero,</span> <span class='ocrx_word' id='word_1_349' title='bbox 1343 4152 1529 4219; x_wconf 90' lang='lat' dir='ltr'>nihil;</span> <span class='ocrx_word' id='word_1_350' title='bbox 1581 4152 1720 4222; x_wconf 90' lang='lat' dir='ltr'>quia</span> <span class='ocrx_word' id='word_1_351' title='bbox 1770 4169 1883 4207; x_wconf 90' lang='lat' dir='ltr'>non</span> 
     </span>
    </p>
   </div>
   <div class='ocr_carea' id='block_1_47' title="bbox 211 4241 1886 4309">
    <p class='ocr_par' dir='ltr' id='par_1_47' title="bbox 211 4241 1886 4309">
     <span class='ocr_line' id='line_1_47' title="bbox 211 4241 1886 4309; baseline -0.007 -3"><span class='ocrx_word' id='word_1_352' title='bbox 211 4248 502 4306; x_wconf 88' lang='lat' dir='ltr'>subsistit.</span> <span class='ocrx_word' id='word_1_353' title='bbox 533 4242 820 4302; x_wconf 89' lang='lat' dir='ltr'>Nonnulli</span> <span class='ocrx_word' id='word_1_354' title='bbox 844 4242 1065 4297; x_wconf 89' lang='lat' dir='ltr'>idolum</span> <span class='ocrx_word' id='word_1_355' title='bbox 1092 4260 1125 4297; x_wconf 91' lang='lat' dir='ltr'>a</span> <span class='ocrx_word' id='word_1_356' title='bbox 1147 4242 1277 4296; x_wconf 91' lang='lat' dir='ltr'>dolo</span> <span class='ocrx_word' id='word_1_357' title='bbox 1301 4243 1524 4306; x_wconf 91' lang='lat' dir='ltr'>dicunt,</span> <span class='ocrx_word' id='word_1_358' title='bbox 1550 4241 1886 4309; x_wconf 83' lang='lat' dir='ltr'>ignorantes</span> 
     </span>
    </p>
   </div>
   <div class='ocr_carea' id='block_1_48' title="bbox 210 4329 1883 4405">
    <p class='ocr_par' dir='ltr' id='par_1_48' title="bbox 210 4329 1883 4405">
     <span class='ocr_line' id='line_1_48' title="bbox 210 4329 1883 4405; baseline -0.005 -13"><span class='ocrx_word' id='word_1_359' title='bbox 210 4340 385 4395; x_wconf 76' lang='lat' dir='ltr'>Graeci</span> <span class='ocrx_word' id='word_1_360' title='bbox 419 4334 730 4393; x_wconf 87' lang='lat' dir='ltr'>sermonis</span> <span class='ocrx_word' id='word_1_361' title='bbox 770 4331 1204 4405; x_wconf 89' lang='lat' dir='ltr'>proprietatem.</span> <span class='ocrx_word' id='word_1_362' title='bbox 1239 4330 1363 4384; x_wconf 85' lang='lat' dir='ltr'>Alio</span> <span class='ocrx_word' id='word_1_363' title='bbox 1397 4330 1632 4384; x_wconf 91' lang='lat' dir='ltr'>nomine</span> <span class='ocrx_word' id='word_1_364' title='bbox 1662 4329 1883 4384; x_wconf 90' lang='lat' dir='ltr'>idolum</span> 
     </span>
    </p>
   </div>
   <div class='ocr_carea' id='block_1_49' title="bbox 215 4418 1885 4489">
    <p class='ocr_par' dir='ltr' id='par_1_49' title="bbox 215 4418 1885 4489">
     <span class='ocr_line' id='line_1_49' title="bbox 215 4418 1885 4489; baseline -0.007 -7"><span class='ocrx_word' id='word_1_365' title='bbox 215 4428 426 4484; x_wconf 92' lang='lat' dir='ltr'>dicitur</span> <span class='ocrx_word' id='word_1_366' title='bbox 458 4423 886 4483; x_wconf 88' lang='lat' dir='ltr'>simulacrum.</span> <span class='ocrx_word' id='word_1_367' title='bbox 921 4420 1342 4483; x_wconf 90' lang='lat' dir='ltr'>Simulacrum,</span> <span class='ocrx_word' id='word_1_368' title='bbox 1376 4424 1437 4473; x_wconf 90' lang='lat' dir='ltr'>ut</span> <span class='ocrx_word' id='word_1_369' title='bbox 1478 4418 1707 4473; x_wconf 92' lang='lat' dir='ltr'>Isiodus</span> <span class='ocrx_word' id='word_1_370' title='bbox 1738 4419 1885 4489; x_wconf 84' lang='lat'>(600)</span> 
     </span>
    </p>
   </div>
   <div class='ocr_carea' id='block_1_50' title="bbox 1958 495 3605 569">
    <p class='ocr_par' dir='ltr' id='par_1_50' title="bbox 1958 495 3605 569">
     <span class='ocr_line' id='line_1_50' title="bbox 1958 495 3605 569; baseline 0.002 -18"><span class='ocrx_word' id='word_1_371' title='bbox 1958 495 2115 567; x_wconf 91' lang='lat' dir='ltr'>poris</span> <span class='ocrx_word' id='word_1_372' title='bbox 2140 497 2283 552; x_wconf 91' lang='lat' dir='ltr'>adeo</span> <span class='ocrx_word' id='word_1_373' title='bbox 2310 496 2543 552; x_wconf 80' lang='lat' dir='ltr'>inolevit</span> <span class='ocrx_word' id='word_1_374' title='bbox 2572 498 2667 553; x_wconf 91' lang='lat' dir='ltr'>hic</span> <span class='ocrx_word' id='word_1_375' title='bbox 2689 516 2867 569; x_wconf 89' lang='lat' dir='ltr'>error,</span> <span class='ocrx_word' id='word_1_376' title='bbox 2892 503 2958 553; x_wconf 90' lang='lat' dir='ltr'>ut</span> <span class='ocrx_word' id='word_1_377' title='bbox 2990 499 3260 554; x_wconf 90' lang='lat' dir='ltr'>diabolus</span> <span class='ocrx_word' id='word_1_378' title='bbox 3291 516 3351 555; x_wconf 93' lang='lat' dir='ltr'>se</span> <span class='ocrx_word' id='word_1_379' title='bbox 3383 500 3605 555; x_wconf 89' lang='lat' dir='ltr'>immit-</span> 
     </span>
    </p>
   </div>
   <div class='ocr_carea' id='block_1_51' title="bbox 1958 586 3604 660">
    <p class='ocr_par' dir='ltr' id='par_1_51' title="bbox 1958 586 3604 660">
     <span class='ocr_line' id='line_1_51' title="bbox 1958 586 3604 660; baseline 0.004 -21"><span class='ocrx_word' id='word_1_380' title='bbox 1958 591 2123 653; x_wconf 87' lang='lat' dir='ltr'>teret,</span> <span class='ocrx_word' id='word_1_381' title='bbox 2158 590 2213 640; x_wconf 91' lang='lat' dir='ltr'>et</span> <span class='ocrx_word' id='word_1_382' title='bbox 2268 603 2300 640; x_wconf 89' lang='lat' dir='ltr'>a</span> <span class='ocrx_word' id='word_1_383' title='bbox 2349 586 2585 657; x_wconf 84' lang='lat' dir='ltr'>perfidis</span> <span class='ocrx_word' id='word_1_384' title='bbox 2636 606 2701 643; x_wconf 88' lang='lat' dir='ltr'>ac</span> <span class='ocrx_word' id='word_1_385' title='bbox 2747 588 3003 660; x_wconf 87' lang='lat' dir='ltr'>deceptis</span> <span class='ocrx_word' id='word_1_386' title='bbox 3036 588 3093 642; x_wconf 92' lang='lat' dir='ltr'>in</span> <span class='ocrx_word' id='word_1_387' title='bbox 3126 588 3217 642; x_wconf 89' lang='lat' dir='ltr'>his</span> <span class='ocrx_word' id='word_1_388' title='bbox 3246 587 3604 660; x_wconf 89' lang='lat' dir='ltr'>loqueretur.</span> 
     </span>
    </p>
   </div>
   <div class='ocr_carea' id='block_1_52' title="bbox 1960 674 3607 748">
    <p class='ocr_par' dir='ltr' id='par_1_52' title="bbox 1960 674 3607 748">
     <span class='ocr_line' id='line_1_52' title="bbox 1960 674 3607 748; baseline 0.002 -19"><span class='ocrx_word' id='word_1_389' title='bbox 1960 674 2184 729; x_wconf 90' lang='lat' dir='ltr'>Dicitur</span> <span class='ocrx_word' id='word_1_390' title='bbox 2204 676 2377 730; x_wconf 89' lang='lat' dir='ltr'>etiam</span> <span class='ocrx_word' id='word_1_391' title='bbox 2407 674 2791 732; x_wconf 86' lang='lat' dir='ltr'>simulacrum</span> <span class='ocrx_word' id='word_1_392' title='bbox 2816 695 2849 732; x_wconf 92' lang='lat' dir='ltr'>a</span> <span class='ocrx_word' id='word_1_393' title='bbox 2870 676 3280 743; x_wconf 88' lang='lat' dir='ltr'>simulatione;</span> <span class='ocrx_word' id='word_1_394' title='bbox 3311 679 3465 748; x_wconf 90' lang='lat' dir='ltr'>quod</span> <span class='ocrx_word' id='word_1_395' title='bbox 3488 683 3607 733; x_wconf 84' lang='lat' dir='ltr'>tra-</span> 
     </span>
    </p>
   </div>
   <div class='ocr_carea' id='block_1_53' title="bbox 1960 764 3609 835">
    <p class='ocr_par' dir='ltr' id='par_1_53' title="bbox 1960 764 3609 835">
     <span class='ocr_line' id='line_1_53' title="bbox 1960 764 3609 835; baseline 0.004 -18"><span class='ocrx_word' id='word_1_396' title='bbox 1960 764 2107 817; x_wconf 92' lang='lat' dir='ltr'>dunt</span> <span class='ocrx_word' id='word_1_397' title='bbox 2128 764 2313 818; x_wconf 66' lang='lat' dir='ltr'>Judaei</span> <span class='ocrx_word' id='word_1_398' title='bbox 2347 764 2601 835; x_wconf 89' lang='lat' dir='ltr'>primum</span> <span class='ocrx_word' id='word_1_399' title='bbox 2636 766 2707 819; x_wconf 90' lang='lat' dir='ltr'>ab</span> <span class='ocrx_word' id='word_1_400' title='bbox 2734 766 2977 822; x_wconf 88' lang='lat' dir='ltr'>lsmaele</span> <span class='ocrx_word' id='word_1_401' title='bbox 3000 767 3323 821; x_wconf 89' lang='lat' dir='ltr'>inventum.</span> <span class='ocrx_word' id='word_1_402' title='bbox 3351 766 3609 823; x_wconf 88' lang='lat' dir='ltr'>Gentiles</span> 
     </span>
    </p>
   </div>
   <div class='ocr_carea' id='block_1_54' title="bbox 1960 852 3611 923">
    <p class='ocr_par' dir='ltr' id='par_1_54' title="bbox 1960 852 3611 923">
     <span class='ocr_line' id='line_1_54' title="bbox 1960 852 3611 923; baseline 0.003 -18"><span class='ocrx_word' id='word_1_403' title='bbox 1960 856 2155 906; x_wconf 86' lang='lat' dir='ltr'>autem</span> <span class='ocrx_word' id='word_1_404' title='bbox 2180 853 2381 907; x_wconf 91' lang='lat' dir='ltr'>dicunt</span> <span class='ocrx_word' id='word_1_405' title='bbox 2404 853 2581 923; x_wconf 90' lang='lat' dir='ltr'>hujus</span> <span class='ocrx_word' id='word_1_406' title='bbox 2606 852 2964 911; x_wconf 90' lang='lat' dir='ltr'>inventorem</span> <span class='ocrx_word' id='word_1_407' title='bbox 2988 862 3043 911; x_wconf 90' lang='lat' dir='ltr'>et</span> <span class='ocrx_word' id='word_1_408' title='bbox 3066 855 3403 910; x_wconf 89' lang='lat' dir='ltr'>traditorem</span> <span class='ocrx_word' id='word_1_409' title='bbox 3426 855 3611 910; x_wconf 89' lang='lat' dir='ltr'>fuisse</span> 
     </span>
    </p>
   </div>
   <div class='ocr_carea' id='block_1_55' title="bbox 1961 940 3612 1016">
    <p class='ocr_par' dir='ltr' id='par_1_55' title="bbox 1961 940 3612 1016">
     <span class='ocr_line' id='line_1_55' title="bbox 1961 940 3612 1016; baseline 0.002 -22"><span class='ocrx_word' id='word_1_410' title='bbox 1961 940 2395 996; x_wconf 91' lang='lat' dir='ltr'>Prometheum.</span> <span class='ocrx_word' id='word_1_411' title='bbox 2439 942 2604 1011; x_wconf 90' lang='lat' dir='ltr'>Apud</span> <span class='ocrx_word' id='word_1_412' title='bbox 2655 942 2881 998; x_wconf 66' lang='lat' dir='ltr'>Graecos</span> <span class='ocrx_word' id='word_1_413' title='bbox 2930 944 3165 1016; x_wconf 89' lang='lat' dir='ltr'>Cicrops</span> <span class='ocrx_word' id='word_1_414' title='bbox 3196 944 3343 1013; x_wconf 92' lang='grc'>(601)</span> <span class='ocrx_word' id='word_1_415' title='bbox 3397 943 3612 998; x_wconf 86' lang='lat' dir='ltr'>dicitur</span> 
     </span>
    </p>
   </div>
   <div class='ocr_carea' id='block_1_56' title="bbox 1964 1029 3609 1102">
    <p class='ocr_par' dir='ltr' id='par_1_56' title="bbox 1964 1029 3609 1102">
     <span class='ocr_line' id='line_1_56' title="bbox 1964 1029 3609 1102; baseline 0.002 -20"><span class='ocrx_word' id='word_1_416' title='bbox 1964 1029 2276 1101; x_wconf 88' lang='lat' dir='ltr'>imaginem</span> <span class='ocrx_word' id='word_1_417' title='bbox 2330 1031 2584 1101; x_wconf 90' lang='lat' dir='ltr'>primum</span> <span class='ocrx_word' id='word_1_418' title='bbox 2628 1030 2854 1098; x_wconf 90' lang='lat' dir='ltr'>fecisse,</span> <span class='ocrx_word' id='word_1_419' title='bbox 2888 1048 3017 1086; x_wconf 89' lang='lat' dir='ltr'>aras</span> <span class='ocrx_word' id='word_1_420' title='bbox 3069 1032 3403 1102; x_wconf 77' lang='lat' dir='ltr'>aedificasse,</span> <span class='ocrx_word' id='word_1_421' title='bbox 3436 1030 3609 1086; x_wconf 90' lang='lat' dir='ltr'>victi-</span> 
     </span>
    </p>
   </div>
   <div class='ocr_carea' id='block_1_57' title="bbox 1963 1118 3607 1193">
    <p class='ocr_par' dir='ltr' id='par_1_57' title="bbox 1963 1118 3607 1193">
     <span class='ocr_line' id='line_1_57' title="bbox 1963 1118 3607 1193; baseline 0.003 -21"><span class='ocrx_word' id='word_1_422' title='bbox 1963 1134 2238 1189; x_wconf 88' lang='lat' dir='ltr'>mamque</span> <span class='ocrx_word' id='word_1_423' title='bbox 2287 1118 2589 1187; x_wconf 90' lang='lat' dir='ltr'>obtulisse,</span> <span class='ocrx_word' id='word_1_424' title='bbox 2645 1125 2819 1190; x_wconf 91' lang='lat' dir='ltr'>atque</span> <span class='ocrx_word' id='word_1_425' title='bbox 2879 1120 3063 1174; x_wconf 89' lang='lat' dir='ltr'>multa</span> <span class='ocrx_word' id='word_1_426' title='bbox 3120 1120 3235 1176; x_wconf 91' lang='lat' dir='ltr'>alia</span> <span class='ocrx_word' id='word_1_427' title='bbox 3292 1121 3607 1193; x_wconf 82' lang='lat' dir='ltr'>peregisse,</span> 
     </span>
    </p>
   </div>
   <div class='ocr_carea' id='block_1_58' title="bbox 1964 1206 3611 1279">
    <p class='ocr_par' dir='ltr' id='par_1_58' title="bbox 1964 1206 3611 1279">
     <span class='ocr_line' id='line_1_58' title="bbox 1964 1206 3611 1279; baseline 0.003 -20"><span class='ocrx_word' id='word_1_428' title='bbox 1964 1222 2090 1276; x_wconf 64' lang='lat' dir='ltr'>qua:</span> <span class='ocrx_word' id='word_1_429' title='bbox 2134 1223 2437 1278; x_wconf 87' lang='lat' dir='ltr'>nunquam</span> <span class='ocrx_word' id='word_1_430' title='bbox 2485 1206 2630 1274; x_wconf 90' lang='lat' dir='ltr'>visa,</span> <span class='ocrx_word' id='word_1_431' title='bbox 2663 1224 2965 1279; x_wconf 90' lang='lat' dir='ltr'>nunquam</span> <span class='ocrx_word' id='word_1_432' title='bbox 3017 1208 3217 1263; x_wconf 90' lang='lat' dir='ltr'>audita</span> <span class='ocrx_word' id='word_1_433' title='bbox 3268 1209 3501 1264; x_wconf 86' lang='lat' dir='ltr'>fuerant</span> <span class='ocrx_word' id='word_1_434' title='bbox 3551 1210 3611 1264; x_wconf 89' lang='lat' dir='ltr'>in</span> 
     </span>
    </p>
   </div>
   <div class='ocr_carea' id='block_1_59' title="bbox 1964 1295 2200 1350">
    <p class='ocr_par' dir='ltr' id='par_1_59' title="bbox 1964 1295 2200 1350">
     <span class='ocr_line' id='line_1_59' title="bbox 1964 1295 2200 1350; baseline -0.008 0"><span class='ocrx_word' id='word_1_435' title='bbox 1964 1295 2200 1350; x_wconf 76' lang='lat' dir='ltr'>Graecia.</span> 
     </span>
    </p>
   </div>
   <div class='ocr_carea' id='block_1_60' title="bbox 2037 1392 3612 1464">
    <p class='ocr_par' dir='ltr' id='par_1_60' title="bbox 2037 1392 3612 1464">
     <span class='ocr_line' id='line_1_60' title="bbox 2037 1392 3612 1464; baseline 0.001 -17"><span class='ocrx_word' id='word_1_436' title='bbox 2037 1393 2315 1463; x_wconf 90' lang='lat' dir='ltr'>Sequitur</span> <span class='ocrx_word' id='word_1_437' title='bbox 2340 1410 2351 1446; x_wconf 90' lang='lat'>:</span> <span class='ocrx_word' id='word_1_438' title='bbox 2388 1392 2597 1447; x_wconf 81' lang='lat' dir='ltr'>Scimus</span> <span class='ocrx_word' id='word_1_439' title='bbox 2624 1394 2888 1464; x_wconf 88' lang='lat' dir='ltr'>quoniam</span> <span class='ocrx_word' id='word_1_440' title='bbox 2918 1408 3100 1448; x_wconf 87' lang='lat' dir='ltr'>omnes</span> <span class='ocrx_word' id='word_1_441' title='bbox 3130 1394 3419 1448; x_wconf 81' lang='lat' dir='ltr'>scientiam</span> <span class='ocrx_word' id='word_1_442' title='bbox 3450 1394 3612 1449; x_wconf 82' lang='lat' dir='ltr'>habe-</span> 
     </span>
    </p>
   </div>
   <div class='ocr_carea' id='block_1_61' title="bbox 1964 1480 3612 1554">
    <p class='ocr_par' dir='ltr' id='par_1_61' title="bbox 1964 1480 3612 1554">
     <span class='ocr_line' id='line_1_61' title="bbox 1964 1480 3612 1554; baseline 0.001 -19"><span class='ocrx_word' id='word_1_443' title='bbox 1964 1499 2087 1536; x_wconf 85' lang='lat' dir='ltr'>mus</span> <span class='ocrx_word' id='word_1_444' title='bbox 2108 1481 2578 1554; x_wconf 90' lang='lat' dir='ltr'>(intelligendum</span> <span class='ocrx_word' id='word_1_445' title='bbox 2603 1488 2711 1552; x_wconf 90' lang='lat' dir='ltr'>est,</span> <span class='ocrx_word' id='word_1_446' title='bbox 2739 1482 3057 1537; x_wconf 89' lang='lat' dir='ltr'>humanam</span> <span class='ocrx_word' id='word_1_447' title='bbox 3091 1480 3178 1536; x_wconf 91' lang='lat' dir='ltr'>vel</span> <span class='ocrx_word' id='word_1_448' title='bbox 3204 1483 3612 1551; x_wconf 87' lang='lat' dir='ltr'>mundanam).</span> 
     </span>
    </p>
   </div>
   <div class='ocr_carea' id='block_1_62' title="bbox 1965 1569 3617 1642">
    <p class='ocr_par' dir='ltr' id='par_1_62' title="bbox 1965 1569 3617 1642">
     <span class='ocr_line' id='line_1_62' title="bbox 1965 1569 3617 1642; baseline 0.001 -19"><span class='ocrx_word' id='word_1_449' title='bbox 1965 1569 2191 1626; x_wconf 83' lang='lat' dir='ltr'>Aliter:</span> <span class='ocrx_word' id='word_1_450' title='bbox 2247 1572 2413 1641; x_wconf 91' lang='lat' dir='ltr'>quasi</span> <span class='ocrx_word' id='word_1_451' title='bbox 2465 1571 2665 1626; x_wconf 89' lang='lat' dir='ltr'>dicat:</span> <span class='ocrx_word' id='word_1_452' title='bbox 2719 1569 2996 1642; x_wconf 91' lang='lat' dir='ltr'>Nunquid</span> <span class='ocrx_word' id='word_1_453' title='bbox 3042 1570 3149 1626; x_wconf 93' lang='lat' dir='ltr'>hoc</span> <span class='ocrx_word' id='word_1_454' title='bbox 3198 1569 3441 1637; x_wconf 88' lang='lat' dir='ltr'>scimus,</span> <span class='ocrx_word' id='word_1_455' title='bbox 3476 1570 3617 1641; x_wconf 88' lang='lat' dir='ltr'>quia</span> 
     </span>
    </p>
   </div>
   <div class='ocr_carea' id='block_1_63' title="bbox 1965 1658 3617 1727">
    <p class='ocr_par' dir='ltr' id='par_1_63' title="bbox 1965 1658 3617 1727">
     <span class='ocr_line' id='line_1_63' title="bbox 1965 1658 3617 1727; baseline 0 -15"><span class='ocrx_word' id='word_1_456' title='bbox 1965 1675 2168 1713; x_wconf 87' lang='lat' dir='ltr'>omnes</span> <span class='ocrx_word' id='word_1_457' title='bbox 2198 1658 2504 1714; x_wconf 88' lang='lat' dir='ltr'>scientiam</span> <span class='ocrx_word' id='word_1_458' title='bbox 2530 1658 2815 1714; x_wconf 89' lang='lat' dir='ltr'>habemus</span> <span class='ocrx_word' id='word_1_459' title='bbox 2834 1660 2861 1712; x_wconf 73' lang='lat' dir='ltr'>‘P</span> <span class='ocrx_word' id='word_1_460' title='bbox 2880 1659 3025 1713; x_wconf 91' lang='lat' dir='ltr'>Non.</span> <span class='ocrx_word' id='word_1_461' title='bbox 3052 1658 3216 1727; x_wconf 87' lang='lat' dir='ltr'>Quia,</span> <span class='ocrx_word' id='word_1_462' title='bbox 3242 1659 3349 1714; x_wconf 87' lang='lat' dir='ltr'>etsi</span> <span class='ocrx_word' id='word_1_463' title='bbox 3374 1658 3617 1713; x_wconf 87' lang='lat' dir='ltr'>munda-</span> 
     </span>
    </p>
   </div>
   <div class='ocr_carea' id='block_1_64' title="bbox 1970 1745 3618 1815">
    <p class='ocr_par' dir='ltr' id='par_1_64' title="bbox 1970 1745 3618 1815">
     <span class='ocr_line' id='line_1_64' title="bbox 1970 1745 3618 1815; baseline 0 -15"><span class='ocrx_word' id='word_1_464' title='bbox 1970 1763 2104 1801; x_wconf 89' lang='lat' dir='ltr'>nam</span> <span class='ocrx_word' id='word_1_465' title='bbox 2129 1763 2332 1802; x_wconf 87' lang='lat' dir='ltr'>omnes</span> <span class='ocrx_word' id='word_1_466' title='bbox 2355 1747 2663 1815; x_wconf 86' lang='lat' dir='ltr'>habemus,</span> <span class='ocrx_word' id='word_1_467' title='bbox 2688 1765 2800 1802; x_wconf 92' lang='lat' dir='ltr'>non</span> <span class='ocrx_word' id='word_1_468' title='bbox 2826 1752 3021 1801; x_wconf 89' lang='lat' dir='ltr'>tamen</span> <span class='ocrx_word' id='word_1_469' title='bbox 3053 1748 3330 1813; x_wconf 88' lang='lat' dir='ltr'>divinam,</span> <span class='ocrx_word' id='word_1_470' title='bbox 3356 1752 3420 1802; x_wconf 90' lang='lat' dir='ltr'>ut</span> <span class='ocrx_word' id='word_1_471' title='bbox 3446 1745 3618 1802; x_wconf 87' lang='lat' dir='ltr'>intel-</span> 
     </span>
    </p>
   </div>
   <div class='ocr_carea' id='block_1_65' title="bbox 1968 1835 3615 1907">
    <p class='ocr_par' dir='ltr' id='par_1_65' title="bbox 1968 1835 3615 1907">
     <span class='ocr_line' id='line_1_65' title="bbox 1968 1835 3615 1907; baseline 0 -18"><span class='ocrx_word' id='word_1_472' title='bbox 1968 1835 2219 1907; x_wconf 88' lang='lat' dir='ltr'>ligamus</span> <span class='ocrx_word' id='word_1_473' title='bbox 2242 1835 2465 1891; x_wconf 88' lang='lat' dir='ltr'>idolum</span> <span class='ocrx_word' id='word_1_474' title='bbox 2490 1836 2635 1891; x_wconf 89' lang='lat' dir='ltr'>nihil</span> <span class='ocrx_word' id='word_1_475' title='bbox 2659 1853 2805 1892; x_wconf 90' lang='lat' dir='ltr'>esse.</span> <span class='ocrx_word' id='word_1_476' title='bbox 2830 1836 3137 1907; x_wconf 90' lang='lat' dir='ltr'>Sequitur:</span> <span class='ocrx_word' id='word_1_477' title='bbox 3169 1836 3409 1892; x_wconf 86' lang='lat' dir='ltr'>Scientia</span> <span class='ocrx_word' id='word_1_478' title='bbox 3436 1837 3615 1906; x_wconf 80' lang='lat' dir='ltr'>inﬂat.</span> 
     </span>
    </p>
   </div>
   <div class='ocr_carea' id='block_1_66' title="bbox 1966 1924 3615 1998">
    <p class='ocr_par' dir='ltr' id='par_1_66' title="bbox 1966 1924 3615 1998">
     <span class='ocr_line' id='line_1_66' title="bbox 1966 1924 3615 1998; baseline 0.001 -20"><span class='ocrx_word' id='word_1_479' title='bbox 1966 1924 2298 1979; x_wconf 88' lang='lat' dir='ltr'>Notandum</span> <span class='ocrx_word' id='word_1_480' title='bbox 2329 1942 2488 1992; x_wconf 88' lang='lat' dir='ltr'>sane,</span> <span class='ocrx_word' id='word_1_481' title='bbox 2512 1926 2651 1996; x_wconf 87' lang='lat' dir='ltr'>quia</span> <span class='ocrx_word' id='word_1_482' title='bbox 2682 1924 2888 1981; x_wconf 91' lang='lat' dir='ltr'>leniter</span> <span class='ocrx_word' id='word_1_483' title='bbox 2919 1925 3063 1980; x_wconf 84' lang='lat' dir='ltr'>solet</span> <span class='ocrx_word' id='word_1_484' title='bbox 3084 1926 3321 1998; x_wconf 88' lang='lat' dir='ltr'>aggredi</span> <span class='ocrx_word' id='word_1_485' title='bbox 3352 1941 3615 1991; x_wconf 87' lang='lat' dir='ltr'>causam,</span> 
     </span>
    </p>
   </div>
   <div class='ocr_carea' id='block_1_67' title="bbox 1968 2013 3618 2085">
    <p class='ocr_par' dir='ltr' id='par_1_67' title="bbox 1968 2013 3618 2085">
     <span class='ocr_line' id='line_1_67' title="bbox 1968 2013 3618 2085; baseline -0.001 -18"><span class='ocrx_word' id='word_1_486' title='bbox 1968 2030 2143 2083; x_wconf 92' lang='lat' dir='ltr'>quam</span> <span class='ocrx_word' id='word_1_487' title='bbox 2178 2019 2386 2085; x_wconf 84' lang='lat' dir='ltr'>postea</span> <span class='ocrx_word' id='word_1_488' title='bbox 2415 2018 2724 2085; x_wconf 75' lang='lat' dir='ltr'>exaggerat</span> <span class='ocrx_word' id='word_1_489' title='bbox 2758 2032 2770 2069; x_wconf 93' lang='lat'>:</span> <span class='ocrx_word' id='word_1_490' title='bbox 2826 2014 2979 2069; x_wconf 90' lang='lat' dir='ltr'>unde</span> <span class='ocrx_word' id='word_1_491' title='bbox 3029 2013 3122 2069; x_wconf 91' lang='lat' dir='ltr'>hic</span> <span class='ocrx_word' id='word_1_492' title='bbox 3152 2013 3360 2069; x_wconf 86' lang='lat' dir='ltr'>leniter</span> <span class='ocrx_word' id='word_1_493' title='bbox 3386 2013 3618 2085; x_wconf 81' lang='lat' dir='ltr'>incipit,</span> 
     </span>
    </p>
   </div>
   <div class='ocr_carea' id='block_1_68' title="bbox 1970 2101 3618 2174">
    <p class='ocr_par' dir='ltr' id='par_1_68' title="bbox 1970 2101 3618 2174">
     <span class='ocr_line' id='line_1_68' title="bbox 1970 2101 3618 2174; baseline 0 -18"><span class='ocrx_word' id='word_1_494' title='bbox 1970 2102 2067 2156; x_wconf 92' lang='lat' dir='ltr'>sed</span> <span class='ocrx_word' id='word_1_495' title='bbox 2092 2102 2147 2155; x_wconf 91' lang='lat' dir='ltr'>in</span> <span class='ocrx_word' id='word_1_496' title='bbox 2174 2102 2559 2173; x_wconf 89' lang='lat' dir='ltr'>sequentibus</span> <span class='ocrx_word' id='word_1_497' title='bbox 2578 2101 2829 2157; x_wconf 91' lang='lat' dir='ltr'>multum</span> <span class='ocrx_word' id='word_1_498' title='bbox 2849 2106 3177 2173; x_wconf 85' lang='lat' dir='ltr'>exaggerat,</span> <span class='ocrx_word' id='word_1_499' title='bbox 3194 2106 3250 2157; x_wconf 92' lang='lat' dir='ltr'>et</span> <span class='ocrx_word' id='word_1_500' title='bbox 3275 2102 3618 2174; x_wconf 89' lang='lat' dir='ltr'>insipientes</span> 
     </span>
    </p>
   </div>
   <div class='ocr_carea' id='block_1_69' title="bbox 1971 2190 3617 2262">
    <p class='ocr_par' dir='ltr' id='par_1_69' title="bbox 1971 2190 3617 2262">
     <span class='ocr_line' id='line_1_69' title="bbox 1971 2190 3617 2262; baseline 0 -17"><span class='ocrx_word' id='word_1_501' title='bbox 1971 2191 2384 2256; x_wconf 85' lang='lat' dir='ltr'>denotando,et</span> <span class='ocrx_word' id='word_1_502' title='bbox 2404 2191 2696 2262; x_wconf 88' lang='lat' dir='ltr'>sapientes</span> <span class='ocrx_word' id='word_1_503' title='bbox 2720 2191 3193 2262; x_wconf 90' lang='lat' dir='ltr'>reprehendendo</span> <span class='ocrx_word' id='word_1_504' title='bbox 3220 2208 3231 2245; x_wconf 88' lang='lat'>:</span> <span class='ocrx_word' id='word_1_505' title='bbox 3268 2207 3402 2245; x_wconf 89' lang='lat' dir='ltr'>nam</span> <span class='ocrx_word' id='word_1_506' title='bbox 3436 2190 3579 2245; x_wconf 88' lang='lat' dir='ltr'>dicit</span> <span class='ocrx_word' id='word_1_507' title='bbox 3605 2207 3617 2245; x_wconf 90' lang='lat'><strong>:</strong></span> 
     </span>
    </p>
   </div>
   <div class='ocr_carea' id='block_1_70' title="bbox 1971 2278 3618 2351">
    <p class='ocr_par' dir='ltr' id='par_1_70' title="bbox 1971 2278 3618 2351">
     <span class='ocr_line' id='line_1_70' title="bbox 1971 2278 3618 2351; baseline -0.001 -18"><span class='ocrx_word' id='word_1_508' title='bbox 1971 2280 2209 2334; x_wconf 81' lang='lat' dir='ltr'>Scientia</span> <span class='ocrx_word' id='word_1_509' title='bbox 2242 2282 2425 2348; x_wconf 82' lang='lat' dir='ltr'>inﬂat,</span> <span class='ocrx_word' id='word_1_510' title='bbox 2459 2284 2562 2335; x_wconf 86' lang='lat' dir='ltr'>etc.</span> <span class='ocrx_word' id='word_1_511' title='bbox 2600 2280 2724 2335; x_wconf 87' lang='lat' dir='ltr'>Non</span> <span class='ocrx_word' id='word_1_512' title='bbox 2770 2280 3023 2335; x_wconf 88' lang='lat' dir='ltr'>ostendit</span> <span class='ocrx_word' id='word_1_513' title='bbox 3074 2279 3291 2351; x_wconf 90' lang='lat' dir='ltr'>quibus</span> <span class='ocrx_word' id='word_1_514' title='bbox 3323 2278 3618 2351; x_wconf 87' lang='lat' dir='ltr'>loquatur,</span> 
     </span>
    </p>
   </div>
   <div class='ocr_carea' id='block_1_71' title="bbox 1971 2366 3623 2439">
    <p class='ocr_par' dir='ltr' id='par_1_71' title="bbox 1971 2366 3623 2439">
     <span class='ocr_line' id='line_1_71' title="bbox 1971 2366 3623 2439; baseline -0.001 -17"><span class='ocrx_word' id='word_1_515' title='bbox 1971 2369 2069 2423; x_wconf 86' lang='lat' dir='ltr'>sed</span> <span class='ocrx_word' id='word_1_516' title='bbox 2106 2373 2333 2424; x_wconf 90' lang='lat' dir='ltr'>tantum</span> <span class='ocrx_word' id='word_1_517' title='bbox 2367 2368 2539 2438; x_wconf 91' lang='lat' dir='ltr'>quasi</span> <span class='ocrx_word' id='word_1_518' title='bbox 2564 2368 2828 2439; x_wconf 88' lang='lat' dir='ltr'>despicit.</span> <span class='ocrx_word' id='word_1_519' title='bbox 2857 2368 3007 2423; x_wconf 88' lang='lat' dir='ltr'>Sane</span> <span class='ocrx_word' id='word_1_520' title='bbox 3033 2368 3338 2423; x_wconf 89' lang='lat' dir='ltr'>sciendum</span> <span class='ocrx_word' id='word_1_521' title='bbox 3372 2366 3511 2438; x_wconf 89' lang='lat' dir='ltr'>quia</span> <span class='ocrx_word' id='word_1_522' title='bbox 3533 2370 3623 2421; x_wconf 87' lang='lat' dir='ltr'>est</span> 
     </span>
    </p>
   </div>
   <div class='ocr_carea' id='block_1_72' title="bbox 1971 2452 3625 2529">
    <p class='ocr_par' dir='ltr' id='par_1_72' title="bbox 1971 2452 3625 2529">
     <span class='ocr_line' id='line_1_72' title="bbox 1971 2452 3625 2529; baseline -0.001 -18"><span class='ocrx_word' id='word_1_523' title='bbox 1971 2474 2155 2529; x_wconf 82' lang='lat' dir='ltr'>genus</span> <span class='ocrx_word' id='word_1_524' title='bbox 2179 2457 2456 2525; x_wconf 62' lang='lat' dir='ltr'>scientia},</span> <span class='ocrx_word' id='word_1_525' title='bbox 2482 2473 2597 2527; x_wconf 93' lang='lat' dir='ltr'>quo</span> <span class='ocrx_word' id='word_1_526' title='bbox 2622 2456 2887 2511; x_wconf 88' lang='lat' dir='ltr'>homines</span> <span class='ocrx_word' id='word_1_527' title='bbox 2912 2460 3283 2511; x_wconf 88' lang='lat' dir='ltr'>tumescunt:</span> <span class='ocrx_word' id='word_1_528' title='bbox 3308 2471 3455 2526; x_wconf 68' lang='lat' dir='ltr'>quae,</span> <span class='ocrx_word' id='word_1_529' title='bbox 3484 2452 3625 2525; x_wconf 79' lang='lat' dir='ltr'>quia</span> 
     </span>
    </p>
   </div>
   <div class='ocr_carea' id='block_1_73' title="bbox 1971 2544 3619 2614">
    <p class='ocr_par' dir='ltr' id='par_1_73' title="bbox 1971 2544 3619 2614">
     <span class='ocr_line' id='line_1_73' title="bbox 1971 2544 3619 2614; baseline -0.001 -14"><span class='ocrx_word' id='word_1_530' title='bbox 1971 2546 2252 2600; x_wconf 86' lang='lat' dir='ltr'>charitate</span> <span class='ocrx_word' id='word_1_531' title='bbox 2280 2562 2393 2599; x_wconf 90' lang='lat' dir='ltr'>non</span> <span class='ocrx_word' id='word_1_532' title='bbox 2425 2550 2513 2599; x_wconf 92' lang='lat' dir='ltr'>est</span> <span class='ocrx_word' id='word_1_533' title='bbox 2544 2545 2798 2614; x_wconf 87' lang='lat' dir='ltr'>condita,</span> <span class='ocrx_word' id='word_1_534' title='bbox 2823 2545 2950 2599; x_wconf 92' lang='lat' dir='ltr'>ideo</span> <span class='ocrx_word' id='word_1_535' title='bbox 2986 2545 3169 2599; x_wconf 84' lang='lat' dir='ltr'>inflat.</span> <span class='ocrx_word' id='word_1_536' title='bbox 3199 2544 3332 2607; x_wconf 68' lang='lat' dir='ltr'>Quas</span> <span class='ocrx_word' id='word_1_537' title='bbox 3365 2559 3619 2613; x_wconf 87' lang='lat' dir='ltr'>namque</span> 
     </span>
    </p>
   </div>
   <div class='ocr_carea' id='block_1_74' title="bbox 1972 2632 3619 2705">
    <p class='ocr_par' dir='ltr' id='par_1_74' title="bbox 1972 2632 3619 2705">
     <span class='ocr_line' id='line_1_74' title="bbox 1972 2632 3619 2705; baseline -0.002 -17"><span class='ocrx_word' id='word_1_538' title='bbox 1972 2636 2096 2689; x_wconf 90' lang='lat' dir='ltr'>sine</span> <span class='ocrx_word' id='word_1_539' title='bbox 2128 2634 2409 2689; x_wconf 89' lang='lat' dir='ltr'>charitate</span> <span class='ocrx_word' id='word_1_540' title='bbox 2439 2638 2550 2701; x_wconf 84' lang='lat' dir='ltr'>est,</span> <span class='ocrx_word' id='word_1_541' title='bbox 2574 2634 2836 2699; x_wconf 88' lang='lat' dir='ltr'>scientia,</span> <span class='ocrx_word' id='word_1_542' title='bbox 2860 2650 2975 2696; x_wconf 86' lang='lat' dir='ltr'>non</span> <span class='ocrx_word' id='word_1_543' title='bbox 3010 2634 3282 2705; x_wconf 88' lang='lat' dir='ltr'>prodest;</span> <span class='ocrx_word' id='word_1_544' title='bbox 3319 2632 3619 2704; x_wconf 88' lang='lat' dir='ltr'>quoniam,</span> 
     </span>
    </p>
   </div>
   <div class='ocr_carea' id='block_1_75' title="bbox 1974 2720 3621 2793">
    <p class='ocr_par' dir='ltr' id='par_1_75' title="bbox 1974 2720 3621 2793">
     <span class='ocr_line' id='line_1_75' title="bbox 1974 2720 3621 2793; baseline -0.002 -15"><span class='ocrx_word' id='word_1_545' title='bbox 1974 2723 2125 2779; x_wconf 88' lang='lat' dir='ltr'>sicut</span> <span class='ocrx_word' id='word_1_546' title='bbox 2152 2723 2353 2777; x_wconf 80' lang='lat' dir='ltr'>vinum</span> <span class='ocrx_word' id='word_1_547' title='bbox 2378 2724 2597 2793; x_wconf 88' lang='lat' dir='ltr'>absque</span> <span class='ocrx_word' id='word_1_548' title='bbox 2621 2723 2970 2777; x_wconf 88' lang='lat' dir='ltr'>admistione</span> <span class='ocrx_word' id='word_1_549' title='bbox 2995 2723 3209 2778; x_wconf 86' lang='lat' dir='ltr'>alienat</span> <span class='ocrx_word' id='word_1_550' title='bbox 3234 2726 3511 2788; x_wconf 85' lang='lat' dir='ltr'>mentem,</span> <span class='ocrx_word' id='word_1_551' title='bbox 3537 2720 3621 2775; x_wconf 91' lang='lat' dir='ltr'>sic</span> 
     </span>
    </p>
   </div>
   <div class='ocr_carea' id='block_1_76' title="bbox 1975 2810 3622 2883">
    <p class='ocr_par' dir='ltr' id='par_1_76' title="bbox 1975 2810 3622 2883">
     <span class='ocr_line' id='line_1_76' title="bbox 1975 2810 3622 2883; baseline -0.002 -15"><span class='ocrx_word' id='word_1_552' title='bbox 1975 2818 2030 2869; x_wconf 89' lang='lat' dir='ltr'>et</span> <span class='ocrx_word' id='word_1_553' title='bbox 2062 2812 2307 2867; x_wconf 91' lang='lat' dir='ltr'>scientia</span> <span class='ocrx_word' id='word_1_554' title='bbox 2339 2812 2560 2883; x_wconf 84' lang='lat' dir='ltr'>absque</span> <span class='ocrx_word' id='word_1_555' title='bbox 2592 2812 2891 2867; x_wconf 85' lang='lat' dir='ltr'>charitate.</span> <span class='ocrx_word' id='word_1_556' title='bbox 2918 2812 3194 2866; x_wconf 87' lang='lat' dir='ltr'>Nonnulli</span> <span class='ocrx_word' id='word_1_557' title='bbox 3219 2812 3443 2878; x_wconf 91' lang='lat' dir='ltr'>dicunt,</span> <span class='ocrx_word' id='word_1_558' title='bbox 3468 2810 3622 2880; x_wconf 91' lang='lat' dir='ltr'>quod</span> 
     </span>
    </p>
   </div>
   <div class='ocr_carea' id='block_1_77' title="bbox 1982 2898 3628 2971">
    <p class='ocr_par' dir='ltr' id='par_1_77' title="bbox 1982 2898 3628 2971">
     <span class='ocr_line' id='line_1_77' title="bbox 1982 2898 3628 2971; baseline -0.002 -16"><span class='ocrx_word' id='word_1_559' title='bbox 1982 2902 2142 2955; x_wconf 88' lang='lat' dir='ltr'>nulla</span> <span class='ocrx_word' id='word_1_560' title='bbox 2166 2918 2257 2955; x_wconf 89' lang='lat' dir='ltr'>res</span> <span class='ocrx_word' id='word_1_561' title='bbox 2284 2900 2553 2971; x_wconf 82' lang='lat' dir='ltr'>simplex,</span> <span class='ocrx_word' id='word_1_562' title='bbox 2570 2901 2791 2970; x_wconf 89' lang='lat' dir='ltr'>absque</span> <span class='ocrx_word' id='word_1_563' title='bbox 2814 2900 3054 2955; x_wconf 90' lang='lat' dir='ltr'>alterius</span> <span class='ocrx_word' id='word_1_564' title='bbox 3077 2898 3628 2965; x_wconf 81' lang='lat' dir='ltr'>admistione,habi-</span> 
     </span>
    </p>
   </div>
   <div class='ocr_carea' id='block_1_78' title="bbox 1978 2986 3625 3061">
    <p class='ocr_par' dir='ltr' id='par_1_78' title="bbox 1978 2986 3625 3061">
     <span class='ocr_line' id='line_1_78' title="bbox 1978 2986 3625 3061; baseline -0.001 -19"><span class='ocrx_word' id='word_1_565' title='bbox 1978 2989 2048 3044; x_wconf 90' lang='lat' dir='ltr'>lis</span> <span class='ocrx_word' id='word_1_566' title='bbox 2081 2994 2190 3053; x_wconf 89' lang='lat' dir='ltr'>est,</span> <span class='ocrx_word' id='word_1_567' title='bbox 2224 2988 2380 3044; x_wconf 88' lang='lat' dir='ltr'>velut</span> <span class='ocrx_word' id='word_1_568' title='bbox 2410 2988 2596 3044; x_wconf 90' lang='lat' dir='ltr'>cibus.</span> <span class='ocrx_word' id='word_1_569' title='bbox 2632 2994 2763 3060; x_wconf 87' lang='lat' dir='ltr'>Ipse</span> <span class='ocrx_word' id='word_1_570' title='bbox 2796 3006 2925 3043; x_wconf 91' lang='lat' dir='ltr'>vero</span> <span class='ocrx_word' id='word_1_571' title='bbox 2958 2991 3149 3061; x_wconf 89' lang='lat' dir='ltr'>panis,</span> <span class='ocrx_word' id='word_1_572' title='bbox 3183 3006 3294 3044; x_wconf 92' lang='lat' dir='ltr'>non</span> <span class='ocrx_word' id='word_1_573' title='bbox 3328 2990 3453 3043; x_wconf 90' lang='lat' dir='ltr'>sine</span> <span class='ocrx_word' id='word_1_574' title='bbox 3484 2986 3625 3041; x_wconf 84' lang='lat' dir='ltr'>alte-</span> 
     </span>
    </p>
   </div>
   <div class='ocr_carea' id='block_1_79' title="bbox 1983 3074 3626 3146">
    <p class='ocr_par' dir='ltr' id='par_1_79' title="bbox 1983 3074 3626 3146">
     <span class='ocr_line' id='line_1_79' title="bbox 1983 3074 3626 3146; baseline -0.002 -16"><span class='ocrx_word' id='word_1_575' title='bbox 1983 3076 2102 3130; x_wconf 90' lang='lat' dir='ltr'>rius</span> <span class='ocrx_word' id='word_1_576' title='bbox 2127 3075 2475 3130; x_wconf 88' lang='lat' dir='ltr'>admistione</span> <span class='ocrx_word' id='word_1_577' title='bbox 2497 3075 2960 3130; x_wconf 90' lang='lat' dir='ltr'>desiderabiliter</span> <span class='ocrx_word' id='word_1_578' title='bbox 2984 3076 3258 3129; x_wconf 89' lang='lat' dir='ltr'>sumitur.</span> <span class='ocrx_word' id='word_1_579' title='bbox 3284 3075 3417 3146; x_wconf 89' lang='lat' dir='ltr'>Ipsa</span> <span class='ocrx_word' id='word_1_580' title='bbox 3446 3074 3626 3129; x_wconf 88' lang='lat' dir='ltr'>etiam</span> 
     </span>
    </p>
   </div>
   <div class='ocr_carea' id='block_1_80' title="bbox 1982 3164 3626 3235">
    <p class='ocr_par' dir='ltr' id='par_1_80' title="bbox 1982 3164 3626 3235">
     <span class='ocr_line' id='line_1_80' title="bbox 1982 3164 3626 3235; baseline -0.002 -15"><span class='ocrx_word' id='word_1_581' title='bbox 1982 3164 2256 3230; x_wconf 87' lang='lat' dir='ltr'>charitas,</span> <span class='ocrx_word' id='word_1_582' title='bbox 2288 3165 2413 3219; x_wconf 89' lang='lat' dir='ltr'>sine</span> <span class='ocrx_word' id='word_1_583' title='bbox 2445 3164 2575 3218; x_wconf 90' lang='lat' dir='ltr'>aliis</span> <span class='ocrx_word' id='word_1_584' title='bbox 2605 3164 2919 3218; x_wconf 82' lang='lat' dir='ltr'>Virtutibus</span> <span class='ocrx_word' id='word_1_585' title='bbox 2956 3180 3085 3219; x_wconf 89' lang='lat' dir='ltr'>esse</span> <span class='ocrx_word' id='word_1_586' title='bbox 3117 3181 3231 3218; x_wconf 89' lang='lat' dir='ltr'>non</span> <span class='ocrx_word' id='word_1_587' title='bbox 3265 3167 3472 3235; x_wconf 87' lang='lat' dir='ltr'>potest.</span> <span class='ocrx_word' id='word_1_588' title='bbox 3510 3166 3626 3217; x_wconf 88' lang='lat' dir='ltr'>Iste</span> 
     </span>
    </p>
   </div>
   <div class='ocr_carea' id='block_1_81' title="bbox 1982 3250 3624 3325">
    <p class='ocr_par' dir='ltr' id='par_1_81' title="bbox 1982 3250 3624 3325">
     <span class='ocr_line' id='line_1_81' title="bbox 1982 3250 3624 3325; baseline -0.002 -18"><span class='ocrx_word' id='word_1_589' title='bbox 1982 3270 2213 3325; x_wconf 92' lang='lat' dir='ltr'>quoque</span> <span class='ocrx_word' id='word_1_590' title='bbox 2241 3252 2402 3307; x_wconf 92' lang='lat' dir='ltr'>locus</span> <span class='ocrx_word' id='word_1_591' title='bbox 2431 3252 2569 3307; x_wconf 90' lang='lat' dir='ltr'>facit</span> <span class='ocrx_word' id='word_1_592' title='bbox 2597 3252 2875 3307; x_wconf 88' lang='lat' dir='ltr'>adversus</span> <span class='ocrx_word' id='word_1_593' title='bbox 2905 3269 3024 3319; x_wconf 92' lang='lat' dir='ltr'>eos,</span> <span class='ocrx_word' id='word_1_594' title='bbox 3048 3252 3170 3323; x_wconf 90' lang='lat' dir='ltr'>qui,</span> <span class='ocrx_word' id='word_1_595' title='bbox 3199 3250 3345 3307; x_wconf 87' lang='lat' dir='ltr'>falsa</span> <span class='ocrx_word' id='word_1_596' title='bbox 3375 3250 3624 3305; x_wconf 88' lang='lat' dir='ltr'>scientia</span> 
     </span>
    </p>
   </div>
   <div class='ocr_carea' id='block_1_82' title="bbox 1985 3340 3625 3413">
    <p class='ocr_par' dir='ltr' id='par_1_82' title="bbox 1985 3340 3625 3413">
     <span class='ocr_line' id='line_1_82' title="bbox 1985 3340 3625 3413; baseline -0.001 -18"><span class='ocrx_word' id='word_1_597' title='bbox 1985 3342 2189 3407; x_wconf 86' lang='lat' dir='ltr'>inﬂati,</span> <span class='ocrx_word' id='word_1_598' title='bbox 2223 3343 2364 3396; x_wconf 90' lang='lat' dir='ltr'>dum</span> <span class='ocrx_word' id='word_1_599' title='bbox 2406 3342 2707 3396; x_wconf 90' lang='lat' dir='ltr'>crederent</span> <span class='ocrx_word' id='word_1_600' title='bbox 2738 3342 2936 3396; x_wconf 89' lang='lat' dir='ltr'>omnia</span> <span class='ocrx_word' id='word_1_601' title='bbox 2965 3340 3145 3411; x_wconf 88' lang='lat' dir='ltr'>licita,</span> <span class='ocrx_word' id='word_1_602' title='bbox 3178 3340 3500 3413; x_wconf 80' lang='lat' dir='ltr'>idolothyta</span> <span class='ocrx_word' id='word_1_603' title='bbox 3531 3355 3625 3393; x_wconf 93' lang='lat' dir='ltr'>co-</span> 
     </span>
    </p>
   </div>
   <div class='ocr_carea' id='block_1_83' title="bbox 1987 3428 3630 3499">
    <p class='ocr_par' dir='ltr' id='par_1_83' title="bbox 1987 3428 3630 3499">
     <span class='ocr_line' id='line_1_83' title="bbox 1987 3428 3630 3499; baseline -0.001 -14"><span class='ocrx_word' id='word_1_604' title='bbox 1987 3431 2315 3499; x_wconf 88' lang='lat' dir='ltr'>medebant,</span> <span class='ocrx_word' id='word_1_605' title='bbox 2342 3447 2455 3485; x_wconf 91' lang='lat' dir='ltr'>non</span> <span class='ocrx_word' id='word_1_606' title='bbox 2488 3431 2761 3486; x_wconf 88' lang='lat' dir='ltr'>timentes</span> <span class='ocrx_word' id='word_1_607' title='bbox 2790 3430 3056 3486; x_wconf 86' lang='lat' dir='ltr'>infirmos</span> <span class='ocrx_word' id='word_1_608' title='bbox 3088 3430 3483 3486; x_wconf 86' lang='lat' dir='ltr'>scandalizare</span> <span class='ocrx_word' id='word_1_609' title='bbox 3515 3428 3630 3483; x_wconf 87' lang='lat' dir='ltr'>fra-</span> 
     </span>
    </p>
   </div>
   <div class='ocr_carea' id='block_1_84' title="bbox 1988 3525 2123 3574">
    <p class='ocr_par' dir='ltr' id='par_1_84' title="bbox 1988 3525 2123 3574">
     <span class='ocr_line' id='line_1_84' title="bbox 1988 3525 2123 3574; baseline -0.007 0"><span class='ocrx_word' id='word_1_610' title='bbox 1988 3525 2123 3574; x_wconf 91' lang='lat' dir='ltr'>tres.</span> 
     </span>
    </p>
   </div>
   <div class='ocr_carea' id='block_1_85' title="bbox 2062 3607 3634 3680">
    <p class='ocr_par' dir='ltr' id='par_1_85' title="bbox 2062 3607 3634 3680">
     <span class='ocr_line' id='line_1_85' title="bbox 2062 3607 3634 3680; baseline -0.001 -16"><span class='ocrx_word' id='word_1_611' title='bbox 2062 3607 2339 3680; x_wconf 90' lang='lat' dir='ltr'>Sequitur</span> <span class='ocrx_word' id='word_1_612' title='bbox 2365 3624 2377 3662; x_wconf 93' lang='lat'>:</span> <span class='ocrx_word' id='word_1_613' title='bbox 2412 3609 2518 3676; x_wconf 83' lang='lat' dir='ltr'>Qui</span> <span class='ocrx_word' id='word_1_614' title='bbox 2536 3610 2689 3664; x_wconf 85' lang='lat' dir='ltr'>enim</span> <span class='ocrx_word' id='word_1_615' title='bbox 2711 3609 2991 3663; x_wconf 67' lang='lat' dir='ltr'>existimat</span> <span class='ocrx_word' id='word_1_616' title='bbox 3018 3624 3074 3663; x_wconf 86' lang='lat' dir='ltr'>se</span> <span class='ocrx_word' id='word_1_617' title='bbox 3102 3609 3317 3680; x_wconf 88' lang='lat' dir='ltr'>aliquid</span> <span class='ocrx_word' id='word_1_618' title='bbox 3334 3610 3497 3673; x_wconf 84' lang='lat' dir='ltr'>scire,</span> <span class='ocrx_word' id='word_1_619' title='bbox 3521 3613 3634 3663; x_wconf 88' lang='lat' dir='ltr'>etc.</span> 
     </span>
    </p>
   </div>
   <div class='ocr_carea' id='block_1_86' title="bbox 1993 3696 3642 3769">
    <p class='ocr_par' dir='ltr' id='par_1_86' title="bbox 1993 3696 3642 3769">
     <span class='ocr_line' id='line_1_86' title="bbox 1993 3696 3642 3769; baseline -0.001 -17"><span class='ocrx_word' id='word_1_620' title='bbox 1993 3698 2061 3752; x_wconf 84' lang='lat' dir='ltr'>Et</span> <span class='ocrx_word' id='word_1_621' title='bbox 2104 3702 2191 3752; x_wconf 89' lang='lat' dir='ltr'>est</span> <span class='ocrx_word' id='word_1_622' title='bbox 2238 3712 2449 3752; x_wconf 88' lang='lat' dir='ltr'>sensus</span> <span class='ocrx_word' id='word_1_623' title='bbox 2485 3716 2496 3751; x_wconf 93' lang='lat'>:</span> <span class='ocrx_word' id='word_1_624' title='bbox 2552 3696 2669 3766; x_wconf 91' lang='lat' dir='ltr'>llle,</span> <span class='ocrx_word' id='word_1_625' title='bbox 2704 3696 2803 3768; x_wconf 91' lang='lat' dir='ltr'>qui</span> <span class='ocrx_word' id='word_1_626' title='bbox 2836 3702 3005 3769; x_wconf 88' lang='lat' dir='ltr'>putat</span> <span class='ocrx_word' id='word_1_627' title='bbox 3036 3714 3097 3753; x_wconf 91' lang='lat' dir='ltr'>se</span> <span class='ocrx_word' id='word_1_628' title='bbox 3130 3698 3300 3768; x_wconf 87' lang='lat' dir='ltr'>scire,</span> <span class='ocrx_word' id='word_1_629' title='bbox 3334 3702 3642 3769; x_wconf 87' lang='lat' dir='ltr'>pr0pterea</span> 
     </span>
    </p>
   </div>
   <div class='ocr_carea' id='block_1_87' title="bbox 1996 3784 3642 3857">
    <p class='ocr_par' dir='ltr' id='par_1_87' title="bbox 1996 3784 3642 3857">
     <span class='ocr_line' id='line_1_87' title="bbox 1996 3784 3642 3857; baseline -0.001 -18"><span class='ocrx_word' id='word_1_630' title='bbox 1996 3786 2132 3857; x_wconf 89' lang='lat' dir='ltr'>quia</span> <span class='ocrx_word' id='word_1_631' title='bbox 2164 3784 2439 3855; x_wconf 80' lang='lat' dir='ltr'>intelligit</span> <span class='ocrx_word' id='word_1_632' title='bbox 2469 3785 2663 3837; x_wconf 90' lang='lat' dir='ltr'>omnia</span> <span class='ocrx_word' id='word_1_633' title='bbox 2693 3784 2869 3853; x_wconf 90' lang='lat' dir='ltr'>licita,</span> <span class='ocrx_word' id='word_1_634' title='bbox 2904 3790 2961 3839; x_wconf 92' lang='lat' dir='ltr'>et</span> <span class='ocrx_word' id='word_1_635' title='bbox 2978 3802 3093 3839; x_wconf 89' lang='lat' dir='ltr'>non</span> <span class='ocrx_word' id='word_1_636' title='bbox 3125 3785 3452 3855; x_wconf 90' lang='lat' dir='ltr'>inquinare,</span> <span class='ocrx_word' id='word_1_637' title='bbox 3486 3784 3642 3855; x_wconf 91' lang='lat' dir='ltr'>quod</span> 
     </span>
    </p>
   </div>
   <div class='ocr_carea' id='block_1_88' title="bbox 1998 3872 3645 3942">
    <p class='ocr_par' dir='ltr' id='par_1_88' title="bbox 1998 3872 3645 3942">
     <span class='ocr_line' id='line_1_88' title="bbox 1998 3872 3645 3942; baseline 0 -17"><span class='ocrx_word' id='word_1_638' title='bbox 1998 3874 2057 3927; x_wconf 92' lang='lat' dir='ltr'>in</span> <span class='ocrx_word' id='word_1_639' title='bbox 2089 3890 2151 3927; x_wconf 89' lang='lat' dir='ltr'>os</span> <span class='ocrx_word' id='word_1_640' title='bbox 2184 3872 2361 3926; x_wconf 82' lang='lat' dir='ltr'>intrat</span> <span class='ocrx_word' id='word_1_641' title='bbox 2392 3872 2599 3938; x_wconf 82' lang='lat' dir='ltr'>(Matth.</span> <span class='ocrx_word' id='word_1_642' title='bbox 2632 3889 2747 3935; x_wconf 84' lang='lat' dir='ltr'>xv1,</span> <span class='ocrx_word' id='word_1_643' title='bbox 2783 3873 2869 3935; x_wconf 89' lang='grc'>11,</span> <span class='ocrx_word' id='word_1_644' title='bbox 2901 3874 2991 3942; x_wconf 83' lang='lat'>20)</span> <span class='ocrx_word' id='word_1_645' title='bbox 3026 3891 3037 3927; x_wconf 91' lang='lat'>:</span> <span class='ocrx_word' id='word_1_646' title='bbox 3091 3873 3232 3926; x_wconf 91' lang='lat' dir='ltr'>dum</span> <span class='ocrx_word' id='word_1_647' title='bbox 3280 3873 3351 3926; x_wconf 87' lang='lat' dir='ltr'>ad</span> <span class='ocrx_word' id='word_1_648' title='bbox 3392 3872 3645 3926; x_wconf 84' lang='lat' dir='ltr'>scanda-</span> 
     </span>
    </p>
   </div>
   <div class='ocr_carea' id='block_1_89' title="bbox 1996 3958 3644 4030">
    <p class='ocr_par' dir='ltr' id='par_1_89' title="bbox 1996 3958 3644 4030">
     <span class='ocr_line' id='line_1_89' title="bbox 1996 3958 3644 4030; baseline -0.002 -15"><span class='ocrx_word' id='word_1_649' title='bbox 1996 3962 2119 4015; x_wconf 92' lang='lat' dir='ltr'>lum</span> <span class='ocrx_word' id='word_1_650' title='bbox 2145 3960 2341 4014; x_wconf 89' lang='lat' dir='ltr'>fratris</span> <span class='ocrx_word' id='word_1_651' title='bbox 2370 3958 2528 4013; x_wconf 92' lang='lat' dir='ltr'>licita</span> <span class='ocrx_word' id='word_1_652' title='bbox 2560 3960 2764 4026; x_wconf 92' lang='lat' dir='ltr'>sumit,</span> <span class='ocrx_word' id='word_1_653' title='bbox 2790 3960 3049 4013; x_wconf 88' lang='lat' dir='ltr'>nondum</span> <span class='ocrx_word' id='word_1_654' title='bbox 3076 3960 3341 4030; x_wconf 84' lang='lat' dir='ltr'>cognovit</span> <span class='ocrx_word' id='word_1_655' title='bbox 3361 3958 3644 4029; x_wconf 83' lang='lat' dir='ltr'>quemad-</span> 
     </span>
    </p>
   </div>
   <div class='ocr_carea' id='block_1_90' title="bbox 2000 4044 3644 4117">
    <p class='ocr_par' dir='ltr' id='par_1_90' title="bbox 2000 4044 3644 4117">
     <span class='ocr_line' id='line_1_90' title="bbox 2000 4044 3644 4117; baseline -0.002 -14"><span class='ocrx_word' id='word_1_656' title='bbox 2000 4048 2239 4103; x_wconf 90' lang='lat' dir='ltr'>modum</span> <span class='ocrx_word' id='word_1_657' title='bbox 2290 4051 2555 4117; x_wconf 89' lang='lat' dir='ltr'>oporteat</span> <span class='ocrx_word' id='word_1_658' title='bbox 2586 4063 2719 4101; x_wconf 90' lang='lat' dir='ltr'>eum</span> <span class='ocrx_word' id='word_1_659' title='bbox 2755 4047 2922 4116; x_wconf 89' lang='lat' dir='ltr'>scire,</span> <span class='ocrx_word' id='word_1_660' title='bbox 2955 4046 3064 4101; x_wconf 91' lang='lat' dir='ltr'>hoc</span> <span class='ocrx_word' id='word_1_661' title='bbox 3094 4051 3201 4111; x_wconf 91' lang='lat' dir='ltr'>est,</span> <span class='ocrx_word' id='word_1_662' title='bbox 3236 4044 3395 4116; x_wconf 91' lang='lat' dir='ltr'>quia,</span> <span class='ocrx_word' id='word_1_663' title='bbox 3428 4045 3535 4100; x_wconf 91' lang='lat' dir='ltr'>etsi</span> <span class='ocrx_word' id='word_1_664' title='bbox 3570 4044 3644 4100; x_wconf 89' lang='lat' dir='ltr'>li-</span> 
     </span>
    </p>
   </div>
   <div class='ocr_carea' id='block_1_91' title="bbox 1998 4134 3639 4207">
    <p class='ocr_par' dir='ltr' id='par_1_91' title="bbox 1998 4134 3639 4207">
     <span class='ocr_line' id='line_1_91' title="bbox 1998 4134 3639 4207; baseline -0.002 -15"><span class='ocrx_word' id='word_1_665' title='bbox 1998 4138 2110 4193; x_wconf 89' lang='lat' dir='ltr'>cita</span> <span class='ocrx_word' id='word_1_666' title='bbox 2142 4141 2299 4203; x_wconf 91' lang='lat' dir='ltr'>sunt,</span> <span class='ocrx_word' id='word_1_667' title='bbox 2331 4140 2526 4191; x_wconf 86' lang='lat' dir='ltr'>tamen</span> <span class='ocrx_word' id='word_1_668' title='bbox 2560 4135 2635 4190; x_wconf 90' lang='lat' dir='ltr'>sit</span> <span class='ocrx_word' id='word_1_669' title='bbox 2666 4135 2813 4207; x_wconf 78' lang='grc'>(602)</span> <span class='ocrx_word' id='word_1_670' title='bbox 2852 4151 2967 4190; x_wconf 89' lang='lat' dir='ltr'>non</span> <span class='ocrx_word' id='word_1_671' title='bbox 2999 4136 3286 4207; x_wconf 85' lang='lat' dir='ltr'>expedire.</span> <span class='ocrx_word' id='word_1_672' title='bbox 3318 4134 3593 4207; x_wconf 90' lang='lat' dir='ltr'>Sequitur</span> <span class='ocrx_word' id='word_1_673' title='bbox 3624 4150 3639 4188; x_wconf 90' lang='lat'>:</span> 
     </span>
    </p>
   </div>
   <div class='ocr_carea' id='block_1_92' title="bbox 2002 4224 3641 4295">
    <p class='ocr_par' dir='ltr' id='par_1_92' title="bbox 2002 4224 3641 4295">
     <span class='ocr_line' id='line_1_92' title="bbox 2002 4224 3641 4295; baseline -0.001 -14"><span class='ocrx_word' id='word_1_674' title='bbox 2002 4229 2104 4295; x_wconf 85' lang='lat' dir='ltr'>Qui</span> <span class='ocrx_word' id='word_1_675' title='bbox 2154 4227 2339 4294; x_wconf 81' lang='lat' dir='ltr'>diligit</span> <span class='ocrx_word' id='word_1_676' title='bbox 2388 4226 2575 4291; x_wconf 88' lang='lat' dir='ltr'>Deum,</span> <span class='ocrx_word' id='word_1_677' title='bbox 2605 4230 2713 4280; x_wconf 90' lang='lat' dir='ltr'>etc.</span> <span class='ocrx_word' id='word_1_678' title='bbox 2749 4226 2819 4279; x_wconf 86' lang='lat' dir='ltr'>Et</span> <span class='ocrx_word' id='word_1_679' title='bbox 2855 4230 2943 4281; x_wconf 92' lang='lat' dir='ltr'>est</span> <span class='ocrx_word' id='word_1_680' title='bbox 2992 4242 3245 4281; x_wconf 86' lang='lat' dir='ltr'>sensus:</span> <span class='ocrx_word' id='word_1_681' title='bbox 3302 4224 3401 4280; x_wconf 91' lang='lat' dir='ltr'>Ille</span> <span class='ocrx_word' id='word_1_682' title='bbox 3444 4240 3641 4280; x_wconf 83' lang='lat' dir='ltr'>veram</span> 
     </span>
    </p>
   </div>
   <div class='ocr_carea' id='block_1_93' title="bbox 2000 4314 3647 4386">
    <p class='ocr_par' dir='ltr' id='par_1_93' title="bbox 2000 4314 3647 4386">
     <span class='ocr_line' id='line_1_93' title="bbox 2000 4314 3647 4386; baseline -0.001 -17"><span class='ocrx_word' id='word_1_683' title='bbox 2000 4316 2174 4371; x_wconf 87' lang='lat' dir='ltr'>habet</span> <span class='ocrx_word' id='word_1_684' title='bbox 2203 4315 2526 4379; x_wconf 83' lang='lat' dir='ltr'>scientiam,</span> <span class='ocrx_word' id='word_1_685' title='bbox 2561 4315 2660 4385; x_wconf 90' lang='lat' dir='ltr'>qui</span> <span class='ocrx_word' id='word_1_686' title='bbox 2711 4314 2894 4369; x_wconf 94' lang='lat' dir='ltr'>Deum</span> <span class='ocrx_word' id='word_1_687' title='bbox 2946 4314 3175 4385; x_wconf 89' lang='lat' dir='ltr'>diligit;</span> <span class='ocrx_word' id='word_1_688' title='bbox 3228 4318 3285 4370; x_wconf 90' lang='lat' dir='ltr'>et</span> <span class='ocrx_word' id='word_1_689' title='bbox 3322 4314 3421 4386; x_wconf 94' lang='lat' dir='ltr'>qui</span> <span class='ocrx_word' id='word_1_690' title='bbox 3454 4314 3647 4386; x_wconf 91' lang='lat' dir='ltr'>diligit</span> 
     </span>
    </p>
   </div>
   <div class='ocr_carea' id='block_1_94' title="bbox 2005 4404 3649 4476">
    <p class='ocr_par' dir='ltr' id='par_1_94' title="bbox 2005 4404 3649 4476">
     <span class='ocr_line' id='line_1_94' title="bbox 2005 4404 3649 4476; baseline -0.002 -17"><span class='ocrx_word' id='word_1_691' title='bbox 2005 4405 2210 4473; x_wconf 89' lang='lat' dir='ltr'>Deum,</span> <span class='ocrx_word' id='word_1_692' title='bbox 2248 4404 2466 4470; x_wconf 89' lang='lat' dir='ltr'>fratris,</span> <span class='ocrx_word' id='word_1_693' title='bbox 2489 4408 2551 4458; x_wconf 90' lang='lat' dir='ltr'>ut</span> <span class='ocrx_word' id='word_1_694' title='bbox 2588 4421 2777 4469; x_wconf 90' lang='lat' dir='ltr'>suam,</span> <span class='ocrx_word' id='word_1_695' title='bbox 2803 4404 2996 4476; x_wconf 91' lang='lat' dir='ltr'>diligit</span> <span class='ocrx_word' id='word_1_696' title='bbox 3026 4404 3403 4458; x_wconf 90' lang='lat' dir='ltr'>salvationem</span> <span class='ocrx_word' id='word_1_697' title='bbox 3433 4420 3445 4456; x_wconf 88' lang='lat'><strong>:</strong></span> <span class='ocrx_word' id='word_1_698' title='bbox 3477 4408 3528 4457; x_wconf 84' lang='lat' dir='ltr'>et</span> <span class='ocrx_word' id='word_1_699' title='bbox 3561 4404 3649 4457; x_wconf 91' lang='lat' dir='ltr'>hic</span> 
     </span>
    </p>
   </div>
   <div class='ocr_carea' id='block_1_95' title="bbox 220 4491 1870 4587">
    <p class='ocr_par' dir='ltr' id='par_1_95' title="bbox 220 4507 1858 4587">
     <span class='ocr_line' id='line_1_95' title="bbox 220 4507 1858 4587; baseline -0.007 -16"><span class='ocrx_word' id='word_1_700' title='bbox 220 4519 314 4587; x_wconf 87' lang='lat' dir='ltr'>ait,</span> <span class='ocrx_word' id='word_1_701' title='bbox 341 4517 572 4572; x_wconf 90' lang='lat' dir='ltr'>dicitur</span> <span class='ocrx_word' id='word_1_702' title='bbox 605 4531 641 4568; x_wconf 90' lang='lat' dir='ltr'>a</span> <span class='ocrx_word' id='word_1_703' title='bbox 674 4510 1081 4566; x_wconf 89' lang='lat' dir='ltr'>similitudine.</span> <span class='ocrx_word' id='word_1_704' title='bbox 1113 4509 1306 4563; x_wconf 81' lang='lat' dir='ltr'>Refert</span> <span class='ocrx_word' id='word_1_705' title='bbox 1331 4508 1487 4563; x_wconf 89' lang='lat' dir='ltr'>enim</span> <span class='ocrx_word' id='word_1_706' title='bbox 1515 4509 1653 4579; x_wconf 87' lang='lat' dir='ltr'>quia</span> <span class='ocrx_word' id='word_1_707' title='bbox 1683 4508 1738 4562; x_wconf 93' lang='lat' dir='ltr'>in</span> <span class='ocrx_word' id='word_1_708' title='bbox 1774 4507 1858 4579; x_wconf 90' lang='lat' dir='ltr'>pri</span> 
     </span>
    </p>
   </div>
   <div class='ocr_carea' id='block_1_96' title="bbox 1989 4491 3652 4587">
    <p class='ocr_par' dir='ltr' id='par_1_96' title="bbox 2004 4491 3652 4563">
     <span class='ocr_line' id='line_1_96' title="bbox 2004 4491 3652 4563; baseline -0.002 -14"><span class='ocrx_word' id='word_1_709' title='bbox 2004 4496 2250 4563; x_wconf 83' lang='lat' dir='ltr'>cognitus</span> <span class='ocrx_word' id='word_1_710' title='bbox 2276 4495 2355 4547; x_wconf 81' lang='lat' dir='ltr'>est</span> <span class='ocrx_word' id='word_1_711' title='bbox 2376 4492 2447 4547; x_wconf 87' lang='lat' dir='ltr'>ab</span> <span class='ocrx_word' id='word_1_712' title='bbox 2477 4508 2576 4554; x_wconf 87' lang='lat' dir='ltr'>eo;</span> <span class='ocrx_word' id='word_1_713' title='bbox 2608 4493 2889 4563; x_wconf 87' lang='lat' dir='ltr'>quoniam</span> <span class='ocrx_word' id='word_1_714' title='bbox 2918 4491 3073 4546; x_wconf 89' lang='lat' dir='ltr'>illius</span> <span class='ocrx_word' id='word_1_715' title='bbox 3104 4508 3136 4546; x_wconf 90' lang='lat' dir='ltr'>a</span> <span class='ocrx_word' id='word_1_716' title='bbox 3158 4492 3273 4547; x_wconf 89' lang='lat' dir='ltr'>Deo</span> <span class='ocrx_word' id='word_1_717' title='bbox 3295 4491 3652 4563; x_wconf 90' lang='lat' dir='ltr'>approbatur</span> 
     </span>
    </p>
   </div>
   <div class='ocr_carea' id='block_1_97' title="bbox 222 4597 1891 4669">
    <p class='ocr_par' dir='ltr' id='par_1_97' title="bbox 222 4597 1891 4669">
     <span class='ocr_line' id='line_1_97' title="bbox 222 4597 1891 4669; baseline -0.005 -9"><span class='ocrx_word' id='word_1_718' title='bbox 222 4605 444 4662; x_wconf 88' lang='lat' dir='ltr'>mordio</span> <span class='ocrx_word' id='word_1_719' title='bbox 478 4602 768 4660; x_wconf 90' lang='lat' dir='ltr'>homines</span> <span class='ocrx_word' id='word_1_720' title='bbox 800 4600 1039 4654; x_wconf 90' lang='lat' dir='ltr'>fuerunt</span> <span class='ocrx_word' id='word_1_721' title='bbox 1070 4597 1401 4663; x_wconf 89' lang='lat' dir='ltr'>bellatores,</span> <span class='ocrx_word' id='word_1_722' title='bbox 1436 4603 1611 4669; x_wconf 88' lang='lat' dir='ltr'>atque</span> <span class='ocrx_word' id='word_1_723' title='bbox 1655 4597 1891 4651; x_wconf 90' lang='lat' dir='ltr'>urbium</span> 
     </span>
    </p>
   </div>
   <div class='ocr_carea' id='block_1_98' title="bbox 222 4690 1898 4759">
    <p class='ocr_par' dir='ltr' id='par_1_98' title="bbox 222 4690 1898 4759">
     <span class='ocr_line' id='line_1_98' title="bbox 222 4690 1898 4759; baseline -0.005 -11"><span class='ocrx_word' id='word_1_724' title='bbox 222 4699 724 4750; x_wconf 88' lang='lat' dir='ltr'>constructores:</span> <span class='ocrx_word' id='word_1_725' title='bbox 780 4692 913 4759; x_wconf 91' lang='lat' dir='ltr'>post</span> <span class='ocrx_word' id='word_1_726' title='bbox 972 4704 1221 4759; x_wconf 90' lang='lat' dir='ltr'>quorum</span> <span class='ocrx_word' id='word_1_727' title='bbox 1283 4691 1552 4753; x_wconf 89' lang='lat' dir='ltr'>mortem,</span> <span class='ocrx_word' id='word_1_728' title='bbox 1605 4690 1898 4740; x_wconf 86' lang='lat' dir='ltr'>amatores</span> 
     </span>
    </p>
   </div>
   <div class='ocr_carea' id='block_1_99' title="bbox 223 4774 1898 4851">
    <p class='ocr_par' dir='ltr' id='par_1_99' title="bbox 223 4774 1898 4851">
     <span class='ocr_line' id='line_1_99' title="bbox 223 4774 1898 4851; baseline -0.005 -16"><span class='ocrx_word' id='word_1_729' title='bbox 223 4797 446 4849; x_wconf 90' lang='lat' dir='ltr'>eorum,</span> <span class='ocrx_word' id='word_1_730' title='bbox 472 4778 785 4851; x_wconf 86' lang='lat' dir='ltr'>imagines</span> <span class='ocrx_word' id='word_1_731' title='bbox 816 4778 1080 4847; x_wconf 89' lang='lat' dir='ltr'>ipsorum</span> <span class='ocrx_word' id='word_1_732' title='bbox 1117 4776 1172 4829; x_wconf 95' lang='lat' dir='ltr'>in</span> <span class='ocrx_word' id='word_1_733' title='bbox 1207 4775 1447 4847; x_wconf 86' lang='lat' dir='ltr'>pariete,</span> <span class='ocrx_word' id='word_1_734' title='bbox 1472 4780 1571 4829; x_wconf 88' lang='lat' dir='ltr'>aut</span> <span class='ocrx_word' id='word_1_735' title='bbox 1601 4775 1656 4828; x_wconf 93' lang='lat' dir='ltr'>in</span> <span class='ocrx_word' id='word_1_736' title='bbox 1690 4774 1898 4845; x_wconf 87' lang='lat' dir='ltr'>lapidi-</span> 
     </span>
    </p>
   </div>
   <div class='ocr_carea' id='block_1_100' title="bbox 226 4861 1901 4939">
    <p class='ocr_par' dir='ltr' id='par_1_100' title="bbox 226 4861 1901 4939">
     <span class='ocr_line' id='line_1_100' title="bbox 226 4861 1901 4939; baseline -0.005 -15"><span class='ocrx_word' id='word_1_737' title='bbox 226 4871 353 4939; x_wconf 91' lang='lat' dir='ltr'>bus,</span> <span class='ocrx_word' id='word_1_738' title='bbox 390 4877 497 4927; x_wconf 87' lang='lat' dir='ltr'>aut</span> <span class='ocrx_word' id='word_1_739' title='bbox 531 4871 598 4923; x_wconf 89' lang='lat' dir='ltr'>in</span> <span class='ocrx_word' id='word_1_740' title='bbox 635 4872 797 4921; x_wconf 80' lang='lat' dir='ltr'>terra</span> <span class='ocrx_word' id='word_1_741' title='bbox 829 4864 1217 4935; x_wconf 80' lang='lat' dir='ltr'>depinxerunt</span> <span class='ocrx_word' id='word_1_742' title='bbox 1254 4880 1265 4917; x_wconf 90' lang='lat'>:</span> <span class='ocrx_word' id='word_1_743' title='bbox 1321 4880 1435 4917; x_wconf 91' lang='lat' dir='ltr'>non</span> <span class='ocrx_word' id='word_1_744' title='bbox 1469 4868 1685 4932; x_wconf 87' lang='lat' dir='ltr'>tamen,</span> <span class='ocrx_word' id='word_1_745' title='bbox 1720 4867 1784 4917; x_wconf 92' lang='lat' dir='ltr'>ut</span> <span class='ocrx_word' id='word_1_746' title='bbox 1822 4861 1901 4916; x_wconf 91' lang='lat' dir='ltr'>dii</span> 
     </span>
    </p>
   </div>
   <div class='ocr_carea' id='block_1_101' title="bbox 226 4952 1902 5026">
    <p class='ocr_par' dir='ltr' id='par_1_101' title="bbox 226 4952 1902 5026">
     <span class='ocr_line' id='line_1_101' title="bbox 226 4952 1902 5026; baseline -0.005 -13"><span class='ocrx_word' id='word_1_747' title='bbox 226 4962 636 5026; x_wconf 89' lang='lat' dir='ltr'>crederentur,</span> <span class='ocrx_word' id='word_1_748' title='bbox 668 4955 768 5011; x_wconf 89' lang='lat' dir='ltr'>sed</span> <span class='ocrx_word' id='word_1_749' title='bbox 804 4958 867 5008; x_wconf 90' lang='lat' dir='ltr'>ut</span> <span class='ocrx_word' id='word_1_750' title='bbox 900 4954 959 5007; x_wconf 93' lang='lat' dir='ltr'>in</span> <span class='ocrx_word' id='word_1_751' title='bbox 993 4952 1195 5007; x_wconf 84' lang='lat' dir='ltr'>eorum</span> <span class='ocrx_word' id='word_1_752' title='bbox 1229 4952 1647 5019; x_wconf 88' lang='lat' dir='ltr'>recordatione,</span> <span class='ocrx_word' id='word_1_753' title='bbox 1677 4952 1767 5006; x_wconf 89' lang='lat' dir='ltr'>sui</span> <span class='ocrx_word' id='word_1_754' title='bbox 1802 4952 1902 5006; x_wconf 88' lang='lat' dir='ltr'>do-</span> 
     </span>
    </p>
   </div>
   <div class='ocr_carea' id='block_1_102' title="bbox 324 5164 1905 5249">
    <p class='ocr_par' dir='ltr' id='par_1_102' title="bbox 324 5164 1905 5249">
     <span class='ocr_line' id='line_1_102' title="bbox 324 5164 1905 5249; baseline -0.008 -15"><span class='ocrx_word' id='word_1_755' title='bbox 324 5178 454 5249; x_wconf 81' lang='grc'>506)</span> <span class='ocrx_word' id='word_1_756' title='bbox 492 5174 780 5233; x_wconf 84' lang='lat' dir='ltr'>Fortasse</span> <span class='ocrx_word' id='word_1_757' title='bbox 797 5168 921 5226; x_wconf 91' lang='lat' dir='ltr'>loco</span> <span class='ocrx_word' id='word_1_758' title='bbox 938 5170 1055 5225; x_wconf 76' lang='lat' dir='ltr'>sive</span> <span class='ocrx_word' id='word_1_759' title='bbox 1070 5170 1120 5249; x_wconf 73' lang='lat' dir='ltr'>si</span> <span class='ocrx_word' id='word_1_760' title='bbox 1130 5165 1338 5249; x_wconf 76' lang='lat' dir='ltr'>melior</span> <span class='ocrx_word' id='word_1_761' title='bbox 1348 5172 1503 5249; x_wconf 80' lang='lat' dir='ltr'>esset</span> <span class='ocrx_word' id='word_1_762' title='bbox 1521 5164 1905 5249; x_wconf 38' lang='lat' dir='ltr'>lectio&#39;s‘iuese.</span> 
     </span>
    </p>
   </div>
   <div class='ocr_carea' id='block_1_103' title="bbox 326 5238 1905 5319">
    <p class='ocr_par' dir='ltr' id='par_1_103' title="bbox 326 5238 1905 5319">
     <span class='ocr_line' id='line_1_103' title="bbox 326 5238 1905 5319; baseline -0.008 -14"><span class='ocrx_word' id='word_1_763' title='bbox 326 5238 456 5319; x_wconf 77' lang='lat'>597)</span> <span class='ocrx_word' id='word_1_764' title='bbox 494 5252 561 5303; x_wconf 89' lang='lat' dir='ltr'>ln</span> <span class='ocrx_word' id='word_1_765' title='bbox 596 5254 801 5319; x_wconf 82' lang='lat' dir='ltr'>autog.</span> <span class='ocrx_word' id='word_1_766' title='bbox 833 5259 1032 5319; x_wconf 79' lang='lat' dir='ltr'>marg.</span> <span class='ocrx_word' id='word_1_767' title='bbox 1084 5241 1177 5295; x_wconf 92' lang='lat' dir='ltr'>hic</span> <span class='ocrx_word' id='word_1_768' title='bbox 1230 5239 1446 5319; x_wconf 73' lang='lat' dir='ltr'>legitur</span> <span class='ocrx_word' id='word_1_769' title='bbox 1485 5256 1611 5310; x_wconf 89' lang='lat' dir='ltr'>cap.</span> <span class='ocrx_word' id='word_1_770' title='bbox 1640 5238 1905 5319; x_wconf 42' lang='lat' dir='ltr'>axxix.</span> 
     </span>
    </p>
   </div>
   <div class='ocr_carea' id='block_1_104' title="bbox 306 5312 1907 5389">
    <p class='ocr_par' dir='ltr' id='par_1_104' title="bbox 306 5312 1907 5389">
     <span class='ocr_line' id='line_1_104' title="bbox 306 5312 1907 5389; baseline -0.006 -15"><span class='ocrx_word' id='word_1_771' title='bbox 489 5318 682 5389; x_wconf 80' lang='lat' dir='ltr'>vulg.</span> <span class='ocrx_word' id='word_1_772' title='bbox 713 5312 786 5370; x_wconf 15' lang='lat' dir='ltr'>die</span> <span class='ocrx_word' id='word_1_773' title='bbox 818 5317 888 5369; x_wconf 89' lang='lat' dir='ltr'>iis</span> <span class='ocrx_word' id='word_1_774' title='bbox 918 5312 1126 5380; x_wconf 86' lang='lat' dir='ltr'>autem,</span> <span class='ocrx_word' id='word_1_775' title='bbox 1150 5327 1273 5383; x_wconf 73' lang='lat' dir='ltr'>qua:</span> <span class='ocrx_word' id='word_1_776' title='bbox 1306 5313 1471 5366; x_wconf 80' lang='lat' dir='ltr'>idolis</span> <span class='ocrx_word' id='word_1_777' title='bbox 1500 5312 1907 5380; x_wconf 82' lang='lat' dir='ltr'>sacri/icantur.</span> 
     </span>
    </p>
   </div>
   <div class='ocr_carea' id='block_1_105' title="bbox 326 5386 679 5447">
    <p class='ocr_par' dir='ltr' id='par_1_105' title="bbox 326 5386 679 5447">
     <span class='ocr_line' id='line_1_105' title="bbox 326 5386 679 5447; baseline -0.017 -1"><span class='ocrx_word' id='word_1_778' title='bbox 326 5386 460 5447; x_wconf 79' lang='lat'>599)</span> <span class='ocrx_word' id='word_1_779' title='bbox 496 5386 653 5447; x_wconf 76' lang='grc' dir='ltr'>εἶδοέ</span> <span class='ocrx_word' id='word_1_780' title='bbox 668 5429 679 5440; x_wconf 96' lang='grc'><strong><em>.</em></strong></span> 
     </span>
    </p>
   </div>
   <div class='ocr_carea' id='block_1_106' title="bbox 306 5394 1658 5531">
    <p class='ocr_par' dir='ltr' id='par_1_106' title="bbox 306 5394 1658 5531">
     <span class='ocr_line' id='line_1_106' title="bbox 306 5394 1658 5531; baseline -0.008 -13"><span class='ocrx_word' id='word_1_781' title='bbox 494 5408 716 5521; x_wconf 54' lang='grc' dir='ltr'>ῗδοῖδέὶ,</span> <span class='ocrx_word' id='word_1_782' title='bbox 753 5456 1038 5531; x_wconf 83' lang='lat' dir='ltr'>Hesiodus</span> <span class='ocrx_word' id='word_1_783' title='bbox 1068 5455 1125 5508; x_wconf 90' lang='lat' dir='ltr'>in</span> <span class='ocrx_word' id='word_1_784' title='bbox 1170 5453 1658 5531; x_wconf 84' lang='lat' dir='ltr'>sua_Thcogo_nia.</span> 
     </span>
    </p>
   </div>
   <div class='ocr_carea' id='block_1_107' title="bbox 305 5525 1911 5605">
    <p class='ocr_par' dir='ltr' id='par_1_107' title="bbox 305 5525 1911 5605">
     <span class='ocr_line' id='line_1_107' title="bbox 305 5525 1911 5605; baseline -0.007 -15"><span class='ocrx_word' id='word_1_785' title='bbox 305 5525 459 5605; x_wconf 84' lang='grc'>(601)</span> <span class='ocrx_word' id='word_1_786' title='bbox 491 5534 763 5605; x_wconf 72' lang='lat' dir='ltr'>Cecrops</span> <span class='ocrx_word' id='word_1_787' title='bbox 788 5528 1113 5605; x_wconf 42' lang='lat' dir='ltr'>Egypt-ius,</span> <span class='ocrx_word' id='word_1_788' title='bbox 1139 5532 1195 5580; x_wconf 91' lang='lat' dir='ltr'>et</span> <span class='ocrx_word' id='word_1_789' title='bbox 1218 5527 1442 5605; x_wconf 75' lang='lat' dir='ltr'>primus</span> <span class='ocrx_word' id='word_1_790' title='bbox 1467 5525 1911 5581; x_wconf 90' lang='lat' dir='ltr'>Atheniensium</span> 
     </span>
    </p>
   </div>
   <div class='ocr_carea' id='block_1_108' title="bbox 240 5597 1910 5681">
    <p class='ocr_par' dir='ltr' id='par_1_108' title="bbox 240 5597 1910 5681">
     <span class='ocr_line' id='line_1_108' title="bbox 240 5597 1910 5681; baseline -0.007 -16"><span class='ocrx_word' id='word_1_791' title='bbox 240 5597 335 5663; x_wconf 65' lang='lat' dir='ltr'>rei</span> <span class='ocrx_word' id='word_1_792' title='bbox 367 5597 530 5681; x_wconf 83' lang='lat' dir='ltr'>apud</span> <span class='ocrx_word' id='word_1_793' title='bbox 569 5597 813 5672; x_wconf 83' lang='lat' dir='ltr'>aliquos</span> <span class='ocrx_word' id='word_1_794' title='bbox 845 5597 1130 5665; x_wconf 67' lang='lat' dir='ltr'>uenditor,</span> <span class='ocrx_word' id='word_1_795' title='bbox 1155 5599 1309 5669; x_wconf 81' lang='lat' dir='ltr'>apud</span> <span class='ocrx_word' id='word_1_796' title='bbox 1342 5597 1487 5653; x_wconf 90' lang='lat' dir='ltr'>alios</span> <span class='ocrx_word' id='word_1_797' title='bbox 1516 5613 1649 5653; x_wconf 91' lang='lat' dir='ltr'>vero</span> <span class='ocrx_word' id='word_1_798' title='bbox 1682 5613 1910 5671; x_wconf 84' lang='lat' dir='ltr'>repara-</span> 
     </span>
    </p>
   </div>
   <div class='ocr_carea' id='block_1_109' title="bbox 570 5724 1217 5791">
    <p class='ocr_par' dir='ltr' id='par_1_109' title="bbox 570 5724 1217 5791">
     <span class='ocr_line' id='line_1_109' title="bbox 570 5724 1217 5791; baseline -0.006 0"><span class='ocrx_word' id='word_1_799' title='bbox 570 5731 846 5791; x_wconf 75' lang='grc' dir='ltr'>ΡΑτιιοι..</span> <span class='ocrx_word' id='word_1_800' title='bbox 893 5724 1217 5788; x_wconf 85' lang='lat' dir='ltr'>CXXXIV.</span> 
     </span>
    </p>
   </div>
   <div class='ocr_carea' id='block_1_110' title="bbox 2007 4583 2271 4640">
    <p class='ocr_par' dir='ltr' id='par_1_110' title="bbox 2007 4583 2271 4640">
     <span class='ocr_line' id='line_1_110' title="bbox 2007 4583 2271 4640; baseline -0.011 0"><span class='ocrx_word' id='word_1_801' title='bbox 2007 4583 2271 4640; x_wconf 88' lang='lat' dir='ltr'>scientia.</span> 
     </span>
    </p>
   </div>
   <div class='ocr_carea' id='block_1_111' title="bbox 2082 4676 3650 4753">
    <p class='ocr_par' dir='ltr' id='par_1_111' title="bbox 2082 4676 3650 4753">
     <span class='ocr_line' id='line_1_111' title="bbox 2082 4676 3650 4753; baseline -0.001 -16"><span class='ocrx_word' id='word_1_802' title='bbox 2082 4682 2357 4753; x_wconf 87' lang='lat' dir='ltr'>Sequitur</span> <span class='ocrx_word' id='word_1_803' title='bbox 2390 4697 2401 4734; x_wconf 90' lang='lat'>:</span> <span class='ocrx_word' id='word_1_804' title='bbox 2454 4681 2527 4733; x_wconf 85' lang='lat' dir='ltr'>De</span> <span class='ocrx_word' id='word_1_805' title='bbox 2575 4680 2726 4747; x_wconf 74' lang='lat' dir='ltr'>escis,</span> <span class='ocrx_word' id='word_1_806' title='bbox 2762 4692 2886 4748; x_wconf 67' lang='lat' dir='ltr'>qua:</span> <span class='ocrx_word' id='word_1_807' title='bbox 2915 4676 3074 4732; x_wconf 83' lang='lat' dir='ltr'>idolis</span> <span class='ocrx_word' id='word_1_808' title='bbox 3104 4678 3460 4733; x_wconf 81' lang='lat' dir='ltr'>immolantur</span> <span class='ocrx_word' id='word_1_809' title='bbox 3490 4680 3650 4751; x_wconf 90' lang='lat' dir='ltr'>(sub-</span> 
     </span>
    </p>
   </div>
   <div class='ocr_carea' id='block_1_112' title="bbox 2011 4765 3652 4839">
    <p class='ocr_par' dir='ltr' id='par_1_112' title="bbox 2011 4765 3652 4839">
     <span class='ocr_line' id='line_1_112' title="bbox 2011 4765 3652 4839; baseline -0.002 -12"><span class='ocrx_word' id='word_1_810' title='bbox 2011 4772 2269 4839; x_wconf 90' lang='lat' dir='ltr'>auditur,</span> <span class='ocrx_word' id='word_1_811' title='bbox 2324 4766 2773 4838; x_wconf 88' lang='lat' dir='ltr'>interrogastis).</span> <span class='ocrx_word' id='word_1_812' title='bbox 2827 4765 3115 4822; x_wconf 83' lang='lat' dir='ltr'>Hactenus</span> <span class='ocrx_word' id='word_1_813' title='bbox 3166 4767 3334 4839; x_wconf 86' lang='lat' dir='ltr'>quasi</span> <span class='ocrx_word' id='word_1_814' title='bbox 3383 4768 3652 4839; x_wconf 72' lang='lat' dir='ltr'>quaedam</span> 
     </span>
    </p>
   </div>
   <div class='ocr_carea' id='block_1_113' title="bbox 2013 4854 3655 4931">
    <p class='ocr_par' dir='ltr' id='par_1_113' title="bbox 2013 4854 3655 4931">
     <span class='ocr_line' id='line_1_113' title="bbox 2013 4854 3655 4931; baseline -0.002 -17"><span class='ocrx_word' id='word_1_815' title='bbox 2013 4859 2349 4931; x_wconf 88' lang='lat' dir='ltr'>prolocutus</span> <span class='ocrx_word' id='word_1_816' title='bbox 2384 4855 2493 4909; x_wconf 80' lang='lat' dir='ltr'>fuit</span> <span class='ocrx_word' id='word_1_817' title='bbox 2523 4854 2653 4909; x_wconf 90' lang='lat' dir='ltr'>aliis</span> <span class='ocrx_word' id='word_1_818' title='bbox 2682 4871 2694 4908; x_wconf 92' lang='lat'>:</span> <span class='ocrx_word' id='word_1_819' title='bbox 2748 4854 2884 4931; x_wconf 76' lang='lat' dir='ltr'>hinc</span> <span class='ocrx_word' id='word_1_820' title='bbox 2915 4857 3252 4929; x_wconf 88' lang='lat' dir='ltr'>aggreditur</span> <span class='ocrx_word' id='word_1_821' title='bbox 3284 4858 3655 4914; x_wconf 87' lang='lat' dir='ltr'>manifestare</span> 
     </span>
    </p>
   </div>
   <div class='ocr_carea' id='block_1_114' title="bbox 2015 4944 3654 5018">
    <p class='ocr_par' dir='ltr' id='par_1_114' title="bbox 2015 4944 3654 5018">
     <span class='ocr_line' id='line_1_114' title="bbox 2015 4944 3654 5018; baseline -0.002 -15"><span class='ocrx_word' id='word_1_822' title='bbox 2015 4963 2275 5003; x_wconf 87' lang='lat' dir='ltr'>causam.</span> <span class='ocrx_word' id='word_1_823' title='bbox 2339 4944 2617 5015; x_wconf 88' lang='lat' dir='ltr'>Sequitur</span> <span class='ocrx_word' id='word_1_824' title='bbox 2668 4960 2680 4998; x_wconf 91' lang='lat'>:</span> <span class='ocrx_word' id='word_1_825' title='bbox 2742 4944 2957 5000; x_wconf 86' lang='lat' dir='ltr'>Scimus</span> <span class='ocrx_word' id='word_1_826' title='bbox 3012 4949 3143 5018; x_wconf 79' lang='lat' dir='ltr'>quin</span> <span class='ocrx_word' id='word_1_827' title='bbox 3198 4946 3343 5002; x_wconf 79' lang='lat' dir='ltr'>nihil</span> <span class='ocrx_word' id='word_1_828' title='bbox 3399 4956 3479 5002; x_wconf 86' lang='lat' dir='ltr'>est</span> <span class='ocrx_word' id='word_1_829' title='bbox 3535 4946 3654 5000; x_wconf 87' lang='lat' dir='ltr'>ido-</span> 
     </span>
    </p>
   </div>
   <div class='ocr_carea' id='block_1_115' title="bbox 2020 5156 3657 5232">
    <p class='ocr_par' dir='ltr' id='par_1_115' title="bbox 2020 5156 3657 5232">
     <span class='ocr_line' id='line_1_115' title="bbox 2020 5156 3657 5232; baseline -0.004 -13"><span class='ocrx_word' id='word_1_830' title='bbox 2020 5169 2107 5220; x_wconf 88' lang='lat' dir='ltr'>tor</span> <span class='ocrx_word' id='word_1_831' title='bbox 2138 5162 2497 5218; x_wconf 80' lang='lat' dir='ltr'>Athenarum</span> <span class='ocrx_word' id='word_1_832' title='bbox 2534 5164 2783 5216; x_wconf 90' lang='lat' dir='ltr'>tantum.</span> <span class='ocrx_word' id='word_1_833' title='bbox 2808 5160 2945 5225; x_wconf 66' lang='lat' dir='ltr'>Quae</span> <span class='ocrx_word' id='word_1_834' title='bbox 2976 5164 3303 5232; x_wconf 89' lang='lat' dir='ltr'>sequuntur</span> <span class='ocrx_word' id='word_1_835' title='bbox 3331 5158 3401 5213; x_wconf 87' lang='lat' dir='ltr'>ab</span> <span class='ocrx_word' id='word_1_836' title='bbox 3425 5156 3657 5213; x_wconf 88' lang='lat' dir='ltr'>Eusebii</span> 
     </span>
    </p>
   </div>
   <div class='ocr_carea' id='block_1_116' title="bbox 2022 5232 3656 5309">
    <p class='ocr_par' dir='ltr' id='par_1_116' title="bbox 2022 5232 3656 5309">
     <span class='ocr_line' id='line_1_116' title="bbox 2022 5232 3656 5309; baseline -0.004 -19"><span class='ocrx_word' id='word_1_837' title='bbox 2022 5236 2354 5309; x_wconf 76' lang='lat' dir='ltr'>praefatione</span> <span class='ocrx_word' id='word_1_838' title='bbox 2400 5234 2815 5309; x_wconf 86' lang='lat' dir='ltr'>in_Chronicon</span> <span class='ocrx_word' id='word_1_839' title='bbox 2849 5232 3409 5309; x_wconf 81' lang='lat' dir='ltr'>desumpsitauctor</span> <span class='ocrx_word' id='word_1_840' title='bbox 3440 5235 3656 5309; x_wconf 75' lang='lat' dir='ltr'>noster,</span> 
     </span>
    </p>
   </div>
   <div class='ocr_carea' id='block_1_117' title="bbox 2022 5301 3657 5379">
    <p class='ocr_par' dir='ltr' id='par_1_117' title="bbox 2022 5301 3657 5379">
     <span class='ocr_line' id='line_1_117' title="bbox 2022 5301 3657 5379; baseline -0.003 -17"><span class='ocrx_word' id='word_1_841' title='bbox 2022 5301 2119 5379; x_wconf 77' lang='lat' dir='ltr'>qui</span> <span class='ocrx_word' id='word_1_842' title='bbox 2144 5307 2428 5379; x_wconf 86' lang='lat' dir='ltr'>Herodoto</span> <span class='ocrx_word' id='word_1_843' title='bbox 2459 5306 2515 5359; x_wconf 91' lang='lat' dir='ltr'>in</span> <span class='ocrx_word' id='word_1_844' title='bbox 2535 5305 2667 5379; x_wconf 30' lang='lat' dir='ltr'>,hoc</span> <span class='ocrx_word' id='word_1_845' title='bbox 2684 5305 2995 5379; x_wconf 67' lang='lat' dir='ltr'>consentit1</span> <span class='ocrx_word' id='word_1_846' title='bbox 3013 5301 3272 5379; x_wconf 55' lang='lat' dir='ltr'>_A&#39;_deatur</span> <span class='ocrx_word' id='word_1_847' title='bbox 3298 5305 3493 5379; x_wconf 72' lang='lat' dir='ltr'>tamen</span> <span class='ocrx_word' id='word_1_848' title='bbox 3518 5301 3657 5379; x_wconf 68' lang='lat' dir='ltr'>Lac-</span> 
     </span>
    </p>
   </div>
   <div class='ocr_carea' id='block_1_118' title="bbox 2021 5373 3662 5446">
    <p class='ocr_par' dir='ltr' id='par_1_118' title="bbox 2021 5373 3662 5446">
     <span class='ocr_line' id='line_1_118' title="bbox 2021 5373 3662 5446; baseline -0.003 -13"><span class='ocrx_word' id='word_1_849' title='bbox 2021 5373 2241 5433; x_wconf 77' lang='lat' dir='ltr'>tantius</span> <span class='ocrx_word' id='word_1_850' title='bbox 2271 5377 2419 5432; x_wconf 90' lang='lat' dir='ltr'>libro</span> <span class='ocrx_word' id='word_1_851' title='bbox 2472 5395 2489 5431; x_wconf 89' lang='lat'>1</span> <span class='ocrx_word' id='word_1_852' title='bbox 2534 5376 2811 5444; x_wconf 89' lang='lat' dir='ltr'>lnstitut.,</span> <span class='ocrx_word' id='word_1_853' title='bbox 2846 5374 2946 5446; x_wconf 91' lang='lat' dir='ltr'>qui</span> <span class='ocrx_word' id='word_1_854' title='bbox 2977 5373 3662 5446; x_wconf 82' lang='lat' dir='ltr'>Melissam_Cretensium</span> 
     </span>
    </p>
   </div>
   <div class='ocr_carea' id='block_1_119' title="bbox 2024 5443 3662 5523">
    <p class='ocr_par' dir='ltr' id='par_1_119' title="bbox 2024 5443 3662 5523">
     <span class='ocr_line' id='line_1_119' title="bbox 2024 5443 3662 5523; baseline -0.003 -17"><span class='ocrx_word' id='word_1_855' title='bbox 2024 5466 2219 5523; x_wconf 88' lang='lat' dir='ltr'>regem</span> <span class='ocrx_word' id='word_1_856' title='bbox 2255 5450 2510 5523; x_wconf 77' lang='lat' dir='ltr'>primum</span> <span class='ocrx_word' id='word_1_857' title='bbox 2543 5448 2656 5523; x_wconf 82' lang='lat' dir='ltr'>diis</span> <span class='ocrx_word' id='word_1_858' title='bbox 2708 5443 3068 5523; x_wconf 68' lang='lat' dir='ltr'>sacrificasse</span> <span class='ocrx_word' id='word_1_859' title='bbox 3116 5443 3342 5523; x_wconf 77' lang='lat' dir='ltr'>asserit.</span> <span class='ocrx_word' id='word_1_860' title='bbox 3374 5445 3484 5498; x_wconf 88' lang='lat' dir='ltr'>Alii</span> <span class='ocrx_word' id='word_1_861' title='bbox 3529 5444 3662 5523; x_wconf 79' lang='lat' dir='ltr'>alia.</span> 
     </span>
    </p>
   </div>
   <div class='ocr_carea' id='block_1_120' title="bbox 2098 5514 3665 5593">
    <p class='ocr_par' dir='ltr' id='par_1_120' title="bbox 2098 5514 3665 5593">
     <span class='ocr_line' id='line_1_120' title="bbox 2098 5514 3665 5593; baseline -0.002 -17"><span class='ocrx_word' id='word_1_862' title='bbox 2098 5514 2574 5593; x_wconf 61' lang='lat' dir='ltr'>(602)&#39;Libentius</span> <span class='ocrx_word' id='word_1_863' title='bbox 2606 5518 2852 5589; x_wconf 78' lang='lat' dir='ltr'>legerem</span> <span class='ocrx_word' id='word_1_864' title='bbox 2885 5520 3064 5571; x_wconf 82' lang='lat' dir='ltr'>tamen</span> <span class='ocrx_word' id='word_1_865' title='bbox 3093 5514 3219 5585; x_wconf 84' lang='lat' dir='ltr'>sibi,</span> <span class='ocrx_word' id='word_1_866' title='bbox 3243 5514 3328 5573; x_wconf 84' lang='lat' dir='ltr'>vel</span> <span class='ocrx_word' id='word_1_867' title='bbox 3360 5525 3538 5574; x_wconf 80' lang='lat' dir='ltr'>tamen</span> <span class='ocrx_word' id='word_1_868' title='bbox 3571 5518 3665 5573; x_wconf 83' lang='lat' dir='ltr'>sic.</span> 
     </span>
    </p>
   </div>
   <div class='ocr_carea' id='block_1_121' title="bbox 3280 5719 3352 5785">
    <p class='ocr_par' dir='ltr' id='par_1_121' title="bbox 3280 5719 3352 5785">
     <span class='ocr_line' id='line_1_121' title="bbox 3280 5719 3352 5785; baseline 0.097 -7"><span class='ocrx_word' id='word_1_869' title='bbox 3280 5719 3352 5785; x_wconf 76' lang='grc'>12</span> 
     </span>
    </p>
   </div>
  </div>
