4080 6174
342 350 351 355 ,
416 278 532 343 363

1430 268 1774 330 ATTONIS
1818 265 2407 328 VERCELLENSIS
2454 265 2808 329 EPISCOPI

3707 268 3830 328 364

419 411 536 464 lum
566 406 736 475 (603).
760 407 947 471 Quare
968 404 1110 460 nihil
1133 402 1541 475 supradictum
1565 405 1675 465 est,
1702 399 1967 456 subdidit
1992 398 2062 453 ad
2096 401 2149 466 Α
2182 403 2496 453 monentur
2528 400 2599 453 ab
2638 396 2929 469 Apostolo,
2963 401 3028 452 ut
3059 413 3172 452 non
3206 394 3397 452 solum
3430 413 3492 453 se
3522 397 3595 453 ab
3640 396 3828 453 idolo-

419 494 922 552 confirmationem
944 511 957 549 :
981 494 1047 548 Et
1067 491 1206 566 quod
1226 493 1413 547 nullus
1430 492 1588 555 Deus,
1603 489 1718 544 nisi
1738 505 1900 544 unus.
1918 489 2067 559 Ergo

421 587 618 658 Imago
648 582 827 651 Jovis,
862 586 963 637 aut
990 585 1351 646 caeterorum,
1384 596 1498 635 non
1531 579 1706 635 Deus.
1740 576 2017 649 Sequitur
2050 593 2062 629 :

420 672 582 738 Nam,
612 672 719 726 etsi
752 678 884 726 sunt
913 671 1009 742 qui
1037 669 1300 725 dicantur
1325 669 1428 740 dii,
1460 671 1569 724 etc.
1599 667 1729 722 Haec
1779 664 2071 721 sententia

424 760 656 817 duobus
684 758 875 815 modis
904 762 1095 831 potest
1124 757 1371 831 intelligi
1399 774 1411 812 :
1448 773 1564 813 uno
1591 755 1882 822 videlicet,
1907 754 2067 825 quia,

424 848 749 905 secundum
772 846 1222 904 aestimationem
1246 845 1573 919 gentilium,
1597 845 1877 900 dicuntur
1897 843 1974 897 dii
2009 842 2069 896 in

427 936 591 1003 caelo,
620 940 683 991 ut
711 935 818 1007 sol,
844 935 1004 1003 luna,
1034 954 1099 991 ac
1128 936 1286 991 varia
1318 935 1547 989 sidera:
1583 934 1640 987 in
1673 937 1847 995 terra,
1878 932 2070 1002 imago

425 1026 606 1093 Jovis,
640 1025 910 1081 Mercurii
958 1029 1133 1098 atque
1184 1024 1465 1080 Herculis.
1500 1022 1651 1088 Sive,
1684 1022 1838 1094 quod
1870 1037 2071 1076 verum

428 1120 536 1185 est,
571 1115 651 1171 dii
683 1114 741 1170 in
773 1113 933 1180 cmlo,
967 1114 1157 1187 angeli
1194 1130 1205 1169 :
1262 1115 1321 1168 in
1353 1117 1506 1168 terra
1534 1129 1687 1179 vero,
1722 1110 1886 1185 electi
1918 1128 1931 1177 ;
1978 1125 2073 1177 ego

428 1206 572 1274 dixi,
604 1204 818 1277 inquit,
847 1202 931 1259 dii
956 1204 1084 1259 estis
1114 1203 1288 1271 (Psal.
1324 1219 1510 1268 Lxxxi,
1540 1205 1613 1271 ὃς
1664 1203 1822 1257 Joan.
1868 1217 1925 1265 x,
1958 1200 2071 1266 34).

430 1292 490 1349 Si
521 1294 679 1349 enim
700 1292 969 1347 homines
1001 1292 1079 1345 dii
1109 1292 1406 1359 dicuntur,
1432 1288 1616 1344 multo
1647 1288 1834 1360 magis
1860 1287 2073 1360 angeli,

433 1383 534 1456 qui
563 1381 795 1437 mortali
828 1397 1001 1437 carne
1031 1384 1248 1437 carent.
1284 1379 1393 1435 Sed
1427 1376 1788 1449 prohibitum
1824 1381 1911 1432 est
1941 1376 2073 1438 dici,

432 1476 489 1529 et
519 1488 591 1527 ne
621 1470 789 1527 latria
818 1468 933 1524 illis
965 1468 1359 1542 impendatur,
1394 1466 1671 1539 quoniam
1714 1483 1868 1520 unus
1917 1463 2076 1521 solus

432 1558 824 1617 essentialiter
850 1558 1044 1625 Deus;
1080 1555 1266 1628 angeli
1297 1572 1453 1624 vero,
1486 1559 1587 1611 aut
1627 1554 1918 1624 homines,
1952 1558 2077 1608 tan-

433 1647 743 1704 tummodo
774 1645 1202 1717 nuncupative;
1256 1645 1411 1699 unde
1460 1648 1594 1699 est:
1652 1645 1779 1698 Ecce
1822 1644 2082 1698 constitui

2177 486 2358 560 thytis
2389 488 2771 554 abstinerent,
2804 486 2905 543 sed
2935 491 2992 542 et
3024 485 3320 559 figmentis
3348 491 3651 558 poetarum
3685 503 3825 559 ope-

2178 593 2300 632 ram
2338 593 2451 632 non
2484 577 2708 643 darent,
2746 581 2811 631 ut
2864 575 3132 632 inﬁrmos
3184 592 3300 632 non
3342 575 3832 633 scandalizarent.

2179 665 2384 722 Omnis
2413 666 2571 721 enim
2618 681 2812 721 sermo
2845 670 2947 720 aut
2977 664 3211 721 diabolo
3240 669 3525 737 sacratur,
3558 671 3664 722 aut
3692 666 3837 721 Deo.

2182 753 2282 809 Ille
2312 771 2465 825 vero,
2496 754 2597 826 qui
2632 771 2739 810 nos
2770 755 2843 810 ad
2875 753 3251 822 munditiam,
3281 753 3636 826 castitatem,
3659 760 3843 826 atque

2181 843 2577 911 sobrietatem,
2602 848 2659 898 et
2690 843 2910 899 similia
2941 848 3233 916 provocat,
3257 843 3374 899 Deo
3406 844 3610 916 utique
3630 861 3844 900 consee

2182 937 2414 1000 oratur;
2451 933 2548 1004 qui
2601 938 2795 987 autem
2851 934 2920 988 ad
2972 933 3286 1000 contraria,
3317 934 3688 989 daemonibus
3720 951 3843 989 non

2182 1020 2487 1076 dubitatur
2515 1020 2879 1078 immolatus.

2256 1111 2580 1181 Sequitur:
2636 1114 2770 1167 Esca
2813 1115 2997 1168 autem
3042 1128 3141 1167 nos
3187 1129 3297 1168 non
3325 1114 3669 1171 commendat
3703 1118 3841 1170 Deo.

2190 1203 2255 1254 Et
2302 1204 2390 1254 est
2441 1216 2700 1256 sensus:
2753 1201 2812 1256 Si
2860 1216 2996 1258 esca
3039 1218 3154 1256 non
3193 1202 3384 1257 reddit
3416 1218 3521 1258 nos
3551 1203 3846 1274 gratiores

2187 1290 2325 1354 Deo,
2349 1304 2539 1359 neque
2570 1289 2765 1360 ipsum
2790 1290 2978 1361 magis
3005 1290 3145 1347 facit
3164 1290 3334 1346 nobis
3365 1290 3708 1364 propitium,
3741 1308 3846 1348 ue-

2188 1394 2301 1448 que
2332 1377 2380 1431 si
2414 1393 2528 1432 non
2562 1377 3012 1444 manducamus,
3045 1378 3549 1445 oﬂ‘endimus,cur
3576 1397 3681 1436 vos
3713 1397 3850 1452 pro-

2189 1470 2321 1538 pter
2346 1480 2511 1521 escas
2533 1466 2742 1522 fratres
2765 1465 3163 1522 scandalizare
3192 1484 3308 1523 non
3337 1467 3562 1524 timetis
3582 1468 3610 1523 ‘l
3638 1468 3850 1542 Sequi-

2187 1557 2288 1606 tur
2322 1569 2333 1607 :
2389 1552 2571 1623 Neque
2599 1553 2649 1607 si
2676 1552 3190 1609 manducaverimus
3219 1554 3612 1626 (subauditur,
3654 1555 3847 1613 idolo-

2190 1640 2377 1712 thyta)
2427 1639 2850 1709 abundabimus,
2886 1639 2995 1697 hoc
3043 1646 3155 1709 est,
3204 1642 3445 1699 ditiores
3499 1644 3753 1715 erimus,
3785 1650 3853 1701 ut

430 1746 483 1794 te
516 1742 691 1794 Deum
717 1735 1025 1791 Pharaonis
1051 1733 1241 1806 (Exod.
1276 1750 1376 1799 νη,
1412 1732 1460 1805 1)
1500 1749 1511 1787 :
1562 1736 1619 1788 et
1663 1731 1977 1804 applicavit
2006 1731 2078 1787 ad
2113 1772 2160 1838 B
2191 1728 2322 1785 aliis
2350 1728 2494 1784 ciliis
2534 1746 2648 1784 non
2697 1730 3064 1800 indigeamus
3097 1749 3109 1787 :
3158 1747 3334 1804 neque
3378 1734 3429 1788 si
3475 1733 3848 1791 manducaue-

432 1826 572 1883 deos
601 1824 777 1897 (604).
810 1824 1174 1895 Quapropter
1204 1820 1465 1877 subdidit
1494 1839 1507 1877 :
1542 1819 1645 1875 Sed
1674 1821 1829 1875 nobis
1863 1825 2082 1875 tantum
2113 1817 2160 1838 ”
2191 1820 2394 1885 rimus,
2426 1817 2741 1889 deﬁciamus
2760 1836 2782 1881 ,°
2828 1820 2968 1891 quia
2997 1826 3169 1876 erunt
3197 1820 3296 1876 alii
3328 1821 3461 1889 cibi,
3494 1823 3715 1894 quibus
3746 1842 3849 1881 su-

433 1922 578 1970 unus
623 1914 762 1969 Deus
810 1915 994 1981 Pater,
1046 1926 1115 1965 ex
1166 1926 1270 1982 quo
1321 1911 1532 1966 omnia.
1582 1909 1797 1966 Verum
1846 1914 1957 1979 est,
1992 1910 2080 1963 in-

436 2019 614 2076 quam
637 2020 651 2072 ;
674 2001 815 2074 quia
834 2015 1198 2072 quaecunque
1222 2002 1379 2068 sunt,
1399 2003 1455 2054 et
1477 1998 1649 2053 ubicu
1664 2014 1818 2070 nque
1839 2002 1999 2066 sunt,
2015 2014 2084 2053 ex

435 2092 564 2165 ipso
596 2094 756 2146 sunt.
790 2093 876 2158 Et,
910 2093 975 2144 ut
1006 2104 1112 2143 nos
1146 2091 1441 2159 separaret
1472 2087 1542 2142 ab
1576 2085 1714 2152 illis,
1748 2086 1847 2158 qui
1880 2086 1952 2142 ab
1984 2086 2081 2142 illo

441 2185 602 2246 sunt,
637 2180 736 2235 sed
767 2183 966 2233 tamen
1014 2176 1074 2231 in
1125 2175 1224 2232 illo
1265 2193 1367 2248 per
1396 2176 1573 2231 ﬁdem
1604 2192 1717 2231 non
1750 2179 1907 2242 sunt,
1942 2175 2081 2230 sub-

429 2268 649 2341 junxit,
681 2267 882 2322 dicens
915 2282 927 2320 :
972 2268 1036 2321 Et
1064 2280 1161 2320 nos
1193 2268 1251 2319 in
1284 2266 1403 2321 illo.

508 2355 832 2429 Sequitur:
882 2355 945 2409 Et
998 2369 1141 2409 unus
1188 2354 1451 2409 Dominus
1492 2354 1645 2409 Iesus
1677 2352 1942 2408 Christus.
1981 2353 2086 2409 Per

435 2445 735 2503 Christum
788 2443 888 2500 Dei
938 2441 1148 2499 Filium
1200 2442 1417 2508 omnia,
1469 2458 1597 2513 qua:
1647 2446 1807 2508 sunt,
1859 2460 1928 2498 ex
1975 2442 2084 2497 Pa-

430 2540 518 2592 tre
544 2535 694 2606 (605)
726 2536 919 2590 creata
948 2536 1086 2588 sunt
1120 2548 1133 2588 :
1176 2536 1234 2587 et
1260 2530 1389 2587 ideo
1421 2530 1563 2586 dicit
1595 2548 1607 2586 :
1647 2536 1750 2587 Per
1780 2548 1940 2602 quem
1969 2548 2081 2586 om-

427 2625 547 2693 nia,
583 2627 649 2679 ut
692 2622 836 2678 illud
872 2640 884 2677 :
939 2620 1134 2677 Omnia
1160 2636 1260 2691 per
1289 2620 1465 2692 ipsum
1493 2622 1647 2690 facta
1673 2628 1802 2675 sunt
1831 2621 2007 2691 (Joan.
2043 2638 2083 2687 ι,

423 2714 537 2785 23).
569 2711 817 2767 Pulchre
846 2710 1108 2782 quidem,
1140 2725 1272 2764 cum
1309 2707 1571 2776 dixisset,
1600 2724 1702 2780 per
1730 2725 1906 2779 quem,
1941 2708 2084 2763 sub-

423 2802 623 2875 junxit
647 2818 659 2857 :
694 2801 759 2855 Et
786 2816 889 2855 nos
916 2815 1015 2873 per
1032 2799 1219 2870 ipsum
1237 2813 1261 2860 ;
1290 2798 1429 2870 quia
1456 2814 1558 2870 per
1579 2814 1751 2868 quem
1777 2797 1952 2852 creati
1985 2814 2083 2852 su-

434 2908 589 2959 mus,
623 2893 689 2946 ut
718 2905 986 2946 essemus
1012 2912 1026 2956 ;
1056 2903 1159 2959 per
1189 2887 1385 2959 ipsum
1416 2886 1657 2943 recreati
1691 2903 1756 2942 ac
1786 2886 2082 2943 reformati

435 2996 668 3047 sumus,
702 2983 763 3035 ut
792 2994 977 3033 unum
1012 2981 1190 3032 Deum
1222 2973 1705 3047 intelligeremus,
1734 2981 1792 3030 et
1821 2976 2083 3031 credere-

437 3087 594 3142 mus,
628 3073 802 3140 atque
830 3065 1053 3123 idolum
1086 3063 1234 3119 nihil
1277 3080 1406 3120 esse
1436 3080 2009 3135 recognosceremus.

2193 1911 2535 1962 stcntemur.
2560 1907 2628 1961 Et
2660 1907 2768 1962 hoc
2800 1907 3105 1964 sciendum
3138 1910 3278 1981 quia
3308 1910 3477 1966 multi
3509 1912 3849 1969 Corinthio-

2194 2011 2324 2050 rum
2359 1995 2501 2049 adeo
2533 2000 2697 2050 erant
2727 1997 3080 2052 corroborati
3112 1997 3170 2053 in
3204 1999 3338 2068 lide,
3371 2003 3436 2054 ut
3484 2001 3689 2057 omnia
3734 2003 3849 2057 sibi

2193 2084 2493 2139 crederent
2524 2083 2703 2150 licita,
2734 2090 2790 2140 et
2820 2084 2964 2140 nihil
2995 2102 3219 2154 eorum,
3249 2104 3376 2160 qua:
3409 2087 3466 2143 in
3496 2105 3565 2144 os
3593 2088 3850 2161 intrant,

2194 2173 2349 2227 sicut
2398 2171 2678 2228 Dominus
2727 2170 2885 2241 dicit,
2937 2175 3316 2247 coinquinare
3344 2176 3564 2246 (Matth.
3613 2196 3712 2246 xv,
3759 2181 3850 2247 11,

2192 2262 2306 2333 20),
2339 2266 2395 2317 et
2436 2262 2565 2317 ideo
2612 2278 2723 2317 non
2757 2262 3108 2319 hmsitabant
3137 2264 3462 2339 idolothyta
3491 2268 3848 2336 comedere;

2193 2349 2410 2405 inﬁrmi
2440 2367 2574 2406 vero
2612 2351 2875 2408 videntes
2905 2353 3475 2411 scandalizabantur.
3511 2357 3581 2411 Et
3626 2357 3853 2414 idcirco

2194 2456 2310 2494 non
2342 2437 2534 2495 solum
2566 2440 2639 2494 ab
2689 2439 2829 2505 illis,
2861 2442 2963 2497 sed
3014 2443 3247 2512 penitus
3292 2460 3354 2499 se
3404 2460 3438 2499 a
3482 2461 3682 2513 carne,
3717 2452 3782 2503 et
3823 2463 3857 2502 a

2192 2527 2328 2583 vino
2352 2528 2725 2584 abstinebant
2749 2555 2762 2595 ς
2796 2530 2936 2601 quia
2967 2547 3193 2600 carnes,
3219 2548 3346 2605 qua:
3376 2532 3553 2590 idolis
3571 2534 3854 2591 immola-

2195 2617 2430 2688 bantur,
2454 2618 2512 2672 in
2542 2618 2783 2674 macello
2806 2619 3226 2676 vendebantur.
3255 2621 3324 2677 Hi
3344 2621 3518 2679 etiam
3550 2623 3853 2696 primitias

2193 2705 2312 2761 vini
2360 2706 2532 2762 idolis
2582 2706 2986 2780 immolabant,
3020 2714 3078 2766 et
3127 2709 3413 2767 nonnulla
3457 2713 3755 2769 sacriﬁcia
3797 2716 3860 2770 in

2196 2795 2341 2866 ipsis
2371 2794 2766 2853 torcularibus
2814 2798 3178 2854 exercebant.
3212 2800 3281 2854 Et
3311 2798 3450 2871 quia
3479 2801 3855 2859 scandaliza-

2194 2884 2428 2951 bantur,
2463 2885 2603 2940 dicit
2630 2885 2943 2957 Apostolus
2979 2904 2991 2941 :
3041 2888 3220 2943 Videte
3248 2904 3318 2944 ne
3345 2889 3464 2946 haec
3492 2891 3727 2947 licentia
3758 2908 3854 2948 ve-

2192 2977 2308 3028 stra
2337 2974 2727 3045 oﬂcndiculum
2759 2975 2856 3045 ﬁat
2887 2977 3131 3046 inﬁrmis
3149 2998 3168 3044 ;
3200 2977 3368 3059 quasi
3400 2979 3621 3036 diceret
3653 2998 3667 3035 :
3712 2981 3850 3036 Jam

2194 3063 2335 3133 quia
2357 3062 2556 3119 omnia
2578 3063 2736 3119 licita
2756 3064 2942 3135 scitis,
2963 3065 3152 3122 videte
3183 3083 3253 3122 ne
3277 3067 3405 3139 ipsa
3431 3068 3682 3124 scientia
3704 3068 3857 3125 alios

510 3137 788 3231 Sequitur
822 3173 835 3212 :
870 3155 970 3211 Sed
996 3171 1107 3211 non
1137 3156 1195 3209 in
1225 3153 1476 3209 omnibus
1506 3161 1582 3209 est
1608 3154 1862 3209 scientia.
1898 3154 1966 3208 Et
1996 3162 2085 3209 est
2115 3137 2158 3204 C
2197 3152 2470 3207 offendat.
2494 3152 2923 3209 Oli‘endiculum
2946 3154 3177 3211 duobus
3201 3137 3428 3212 modis:
3463 3156 3552 3213 vel
3584 3157 3730 3229 quia
3759 3173 3856 3214 re-

440 3262 690 3307 sensus:
726 3245 884 3302 Licet
903 3244 1077 3301 etiam
1101 3243 1399 3299 credentes
1431 3242 1568 3309 sint,
1593 3258 1709 3297 non
1732 3247 1930 3298 tamen
1962 3259 2087 3299 om-

443 3355 548 3394 nes
568 3337 742 3392 istam
765 3334 983 3391 habent
1004 3332 1331 3399 scientiam,
1356 3336 1421 3386 ut
1442 3329 1685 3398 idolum,
1707 3330 1854 3386 nihil
1878 3331 2089 3387 intelli-

443 3431 605 3502 gant,
638 3429 696 3480 et
743 3440 927 3479 unum
975 3422 1159 3477 Deum
1209 3424 1550 3492 agnoscant.
1586 3419 1737 3475 Sane
1782 3420 2085 3476 sciendum

443 3514 584 3588 quia
629 3516 796 3568 erant
844 3508 1112 3566 nonnulli
1166 3525 1232 3563 ex
1282 3507 1466 3579 plebe,
1500 3508 1598 3579 qui
1653 3508 1844 3563 adhuc
1891 3526 2088 3566 amore

438 3602 581 3660 idoli
611 3600 849 3667 detenti,
882 3599 1116 3670 aliquod
1143 3596 1427 3665 numinis,
1457 3613 1522 3651 ac
1551 3596 1749 3670 gratiae
1783 3598 1838 3651 in
1873 3614 1939 3654 eo
1961 3615 2088 3655 esse

441 3691 775 3748 credebant.
809 3688 876 3745 Et
926 3687 1055 3743 ideo
1108 3685 1317 3742 dicit:
1352 3685 1585 3754 Quidam
1637 3696 1838 3757 autem,
1873 3687 1929 3742 id
1979 3693 2085 3756 est,

442 3779 762 3852 simplices,
822 3777 1153 3834 conscientia
1208 3790 1379 3846 usque
1444 3791 1593 3829 nunc
1648 3774 1801 3845 idoli,
1864 3775 1917 3831 id
1977 3782 2085 3843 est,

443 3886 641 3926 amore
672 3873 730 3926 et
758 3865 1161 3938 delectatione,
1194 3865 1335 3920 dum
1367 3863 1601 3936 aliquod
1651 3865 1931 3924 numinis.
1964 3871 2086 3931 aut,

442 3958 642 4035 gratia:
680 3958 741 4013 in
774 3954 930 4013 idolo
961 3972 1090 4012 esse
1121 3958 1333 4027 putant
1365 3970 1377 4009 :
1431 3956 1597 4027 quasi
1624 3954 1944 4027 idolothyta,
1980 3954 2088 4011 hoc

442 4052 552 4121 est,
584 4047 756 4104 idolis
784 4046 1017 4114 tradita,
1050 4043 1384 4100 manducant
1412 4048 1467 4099 et
1514 4045 1845 4100 conscientia
1874 4060 2084 4112 eorum,

439 4156 567 4195 cum
591 4140 665 4194 sit
701 4137 945 4207 inﬁrma,
974 4135 1290 4206 polluitur;
1323 4133 1462 4204 quia
1491 4132 1712 4205 aliquid
1744 4132 1934 4189 inesse
1965 4150 2085 4189 cre-

440 4226 623 4284 ditur.
655 4226 931 4297 Origenes
960 4239 1095 4278 vero
1126 4221 1270 4276 dicit
1301 4238 1313 4275 :
1372 4222 1803 4276 Attendendum
1833 4227 1922 4278 est
1949 4223 2087 4293 quia

438 4313 718 4372 Corinthii
750 4330 867 4368 non
914 4309 1107 4366 solum
1158 4308 1331 4364 idolis
1380 4315 1610 4365 sacrata
1659 4312 2082 4367 comederunt:

433 4401 551 4478 ipsi
585 4416 841 4474 namque
871 4403 1039 4456 erant
1089 4396 1508 4470 philosophicas
1537 4398 1839 4466 doctrinae,
1870 4398 2086 4456 libera-

433 4492 579 4548 lium
613 4489 1176 4563 disciplinarumque
1208 4486 1577 4542 saecularium
1611 4492 1922 4560 amatores,
1947 4489 2083 4561 qui-
2114 4511 2160 4576 D

433 4582 547 4637 bus
576 4585 633 4637 et
662 4595 897 4652 operam
931 4578 1168 4644 dabant,
1193 4577 1294 4632 sed
1326 4576 1433 4642 illi,
1461 4577 1561 4648 qui
1597 4577 1654 4631 in
1689 4578 1799 4632 fide
1828 4579 2080 4634 roborati

433 4675 618 4735 erant,
651 4670 792 4723 dum
826 4669 1105 4739 ﬁgmenta
1151 4669 1455 4737 poetarum
1506 4664 1798 4738 legebant,
1833 4684 1945 4722 non
1998 4668 2080 4723 eis

433 4757 945 4830 pervertebantur;
980 4754 1119 4826 quia
1147 4753 1205 4808 in
1237 4752 1330 4809 his
1363 4753 1509 4809 nihil
1532 4755 1878 4827 gratiosum,
1906 4755 2078 4810 nihil-

433 4861 547 4916 que
601 4843 741 4900 utile
789 4859 919 4899 esse
968 4842 1325 4898 credebant:
1378 4847 1438 4897 at
1485 4859 1719 4915 quoque
1767 4842 1985 4898 infirmi
2025 4848 2082 4900 et

431 4934 750 5007 simplices,
778 4933 919 4988 dum
943 4933 1015 4989 ad
1047 4932 1433 4989 imitationem
1458 4932 1695 4988 fortium
1729 4932 1820 4987 his
1842 4949 2077 5004 operam

428 5023 667 5092 dabant,
702 5021 842 5096 quia
874 5021 1355 5094 philosophorum
1400 5021 1757 5093 syllogismis
1789 5028 2077 5092 perverte-

426 5115 660 5184 bantur,
683 5111 852 5185 quasi
885 5110 1209 5183 idolothyta
1230 5111 1683 5166 manducabant.
1712 5111 2078 5183 Quapropter

492 5310 641 5380 (603)
674 5310 735 5363 In
758 5307 929 5380 Vulg.
954 5307 1048 5363 hic
1079 5311 1308 5362 tantum
1334 5304 1546 5378 legitur
1566 5303 1688 5360 haec
1717 5306 2070 5377 propositio:

420 5377 567 5437 nihil
597 5377 678 5433 est
720 5379 815 5435 ida
825 5377 939 5434 tuin
952 5421 965 5434 .

491 5450 641 5517 (604)
670 5448 847 5521 Exod.
880 5467 1017 5515 χχιι,
1048 5452 1104 5518 8,
1130 5447 1302 5521 Vulg.
1330 5447 1701 5517 applicabitur
1727 5446 1797 5500 ad
1826 5448 1971 5503 deos.

492 5520 756 5591 (605)160:
801 5522 985 5588 Patre,
1018 5520 1076 5576 id
1130 5520 1313 5591 est,’a
1367 5522 1683 5591 Ratre,__ez:_
1713 5533 1818 5589 quo
1860 5521 2069 5586 omnia,

422 5587 512 5666 ita
535 5587 723 5652 omnia
746 5605 819 5648 ea:
840 5593 946 5653 Deo
978 5591 1087 5649 hac
1114 5587 1326 5667 Epixi,
1362 5590 1449 5665 12,
1480 5587 1545 5647 et
1566 5587 1616 5647 II
1646 5587 1776 5647 Cor.
1807 5607 1862 5661 v,
1898 5593 1983 5660 18,
2014 5599 2068 5650 et

2199 3240 2655 3311 prehendebant,
2676 3241 3017 3300 immundos
3038 3244 3395 3315 judicantes,
3417 3245 3505 3302 vel
3536 3252 3693 3303 certe
3716 3249 3860 3318 quia

2198 3330 2603 3387 imitabantur.
2639 3331 2802 3386 Unde
2833 3334 2890 3387 et
2921 3349 3055 3388 mox
3085 3334 3393 3405 subjunxit
3424 3351 3438 3389 :
3490 3335 3553 3391 Si
3599 3338 3757 3392 enim
3807 3346 3859 3393 te

2197 3421 2398 3475 viderit
2420 3423 2538 3492 quis
2567 3420 2768 3476 habens
2796 3424 3102 3493 scientiam,
3126 3428 3182 3479 et
3215 3440 3420 3495 usque,
3443 3424 3857 3495 aediﬁcabatur;

2200 3508 2254 3562 id
2307 3514 2415 3576 est,
2465 3510 2871 3580 provocabitur
2924 3511 3280 3569 manducare
3330 3512 3678 3587 idolothyta,
3736 3532 3858 3571 non

2198 3602 2394 3653 tamen
2425 3615 2492 3653 ea
2524 3598 2656 3665 ﬁde,
2692 3616 2811 3671 qua
2845 3604 2931 3655 tu.

2271 3687 2583 3759 Sequitur:
2620 3691 2691 3742 Et
2719 3689 2919 3760 peribit
2950 3691 3207 3759 inﬁrmus
3239 3692 3296 3747 in
3326 3696 3426 3748 tua
3453 3693 3717 3763 scientia,
3750 3696 3869 3763 fra-

2198 3783 2301 3845 ter,
2355 3780 2463 3830 etc.
2516 3776 2691 3841 Quasi
2749 3777 3011 3833 diceret:
3067 3782 3181 3834 Cur
3228 3796 3342 3835 non
3391 3781 3564 3836 times
3618 3780 3866 3838 fratrem

2199 3868 2365 3920 tuum
2399 3864 2682 3932 occidere,
2718 3882 2891 3938 quem
2924 3866 3196 3925 Christus
3227 3869 3528 3924 moriendo
3560 3870 3868 3928 redemit?

2198 3953 2320 4008 Tua
2351 3970 2603 4025 namque
2634 3954 2880 4010 scientia
2908 3954 3076 4012 illum
3123 3956 3355 4013 occidit.
3386 3957 3615 4021 Quibus
3663 3959 3866 4016 verbis

2199 4042 2455 4098 ostendit
2474 4042 2787 4115 Apostolus
2815 4061 2929 4099 non
2953 4050 3074 4101 tam
3097 4045 3285 4117 ipsam
3309 4064 3430 4102 rem
3453 4063 3583 4104 esse
3613 4050 3864 4116 malam,

2201 4148 2374 4203 quam
2418 4132 2613 4187 fratris
2664 4131 3013 4204 periculum.
3044 4134 3314 4191 Ostendit
3360 4140 3419 4192 et
3466 4135 3553 4191 illi
3610 4138 3867 4209 majoris

2197 4236 2325 4275 esse
2352 4220 2768 4287 damnationis,
2795 4219 2895 4292 qui
2917 4221 3283 4278 occasionem
3311 4223 3591 4294 peccandi
3622 4223 3863 4293 tribuit,

2197 4326 2373 4381 quam
2411 4309 2509 4380 qui
2541 4308 2599 4363 in
2629 4325 2690 4365 se
2710 4314 2928 4380 peccat.
2958 4311 3120 4375 Quod
3151 4316 3208 4366 et
3232 4311 3313 4366 ibi
3336 4316 3732 4384 monstratur,
3755 4313 3861 4370 ubi

2197 4397 2366 4453 Balac
2388 4397 2601 4470 legitur
2623 4414 2859 4453 vocasse
2882 4397 3117 4455 Balaam
3149 4399 3421 4472 ariolum,
3446 4406 3514 4456 ut
3535 4403 3863 4458 maledice-

2196 4490 2283 4543 ret
2313 4486 2449 4541 filiis
2483 4486 2657 4542 Israel
2690 4488 2873 4559 (Num.
2906 4504 3050 4554 xxn,
3081 4489 3193 4561 23).
3226 4490 3333 4555 Qui
3374 4489 3487 4546 etsi
3521 4507 3641 4548 non
3675 4491 3865 4547 male-

2191 4576 2355 4647 dixit,
2388 4575 2699 4631 consilium
2741 4582 2939 4632 tamen
2991 4577 3213 4633 malum
3266 4578 3429 4634 dedit
3475 4580 3668 4651 (Num.
3699 4597 3862 4647 xxxv,

2192 4666 2296 4734 14;
2347 4664 2505 4719 Mich.
2560 4681 2637 4728 γι,
2686 4665 2763 4731 5;
2810 4667 2860 4720 Il
2888 4668 3033 4721 Petr.
3083 4684 3143 4733 ιι,
3193 4667 3329 4737 15):
3386 4668 3565 4735 unde,
3603 4669 3865 4741 jubente

2193 4754 2456 4821 Domino,
2483 4758 2546 4807 ut
2566 4758 2897 4824 expeterent
2922 4754 3061 4810 ﬁliis
3085 4755 3260 4811 Israel
3285 4756 3357 4811 de
3383 4756 3859 4829 Moabitis(606),

2189 4860 2305 4914 qua
2330 4842 2600 4913 expetita,
2620 4842 2846 4914 Moyses
2872 4844 2942 4899 ad
2971 4844 3252 4916 populum
3277 4862 3454 4901 suum
3477 4846 3722 4903 locutus
3742 4852 3862 4913 est,

2188 4931 2313 5003 ipse
2343 4931 2544 4986 dicens
2578 4948 2591 4984 :
2643 4931 3056 5004 Accingimini,
3091 4938 3147 4988 et
3191 4934 3533 5007 belligerate
3562 4936 3862 4992 adversus

2188 5020 2470 5076 Moabitas
2501 5020 2689 5090 (Num.
2716 5037 2846 5089 xxv,
2874 5022 2960 5091 17)
2985 5037 2998 5077 :
3033 5023 3132 5093 qui
3165 5024 3449 5079 abeuntes
3479 5041 3695 5082 omnes
3725 5042 3857 5081 ωας

2187 5108 2481 5165 sculinum
2506 5108 2565 5164 in
2590 5126 2687 5165 ore
2710 5108 2890 5181 gladii
2917 5110 3354 5184 interfecerunt,
3368 5119 3426 5169 et
3441 5112 3688 5171 Balaam
3715 5130 3857 5171 cum

2184 5322 2253 5361 ea:
2284 5306 2418 5378 ipso,
2444 5313 2495 5361 et
2524 5320 2620 5376 per
2650 5306 2858 5377 ipsum,
2882 5309 2934 5362 et
2964 5307 3023 5360 in
3054 5309 3170 5378 ipso
3197 5316 3329 5363 sunt
3351 5309 3542 5364 omnia
3574 5309 3652 5365 ad
3679 5308 3859 5364 Rom.

2184 5379 2670 5525 In(63066)qutase
2692 5447 3027 5525 addendum
3059 5450 3347 5525 ultionem,
3378 5449 3555 5508 Num.
3591 5468 3754 5520 xxxi,
3787 5450 3862 5523 2,

2183 5524 2241 5576 et
2267 5520 2447 5592 Epist.
2478 5519 2615 5577 Jud.
2652 5521 2746 5577 11.
3330 5519 3341 5525 ⁷
3376 5532 3381 5535 ·
