4060 6164
227 319 332 377 365

775 311 1193 373 EXPOSITIO
1240 312 1314 370 ΙΝ
1361 312 1787 372 EPIS'I‘OLAS
1836 314 2089 374 PAULI.
2122 346 2196 358 --
2247 317 2321 374 ΙΝ
2374 318 2615 376 El’lST.
2664 317 2683 373 l
2732 317 2832 375 AD
2878 317 3053 378 COlt.

3502 318 3621 374 366

224 450 296 506 eis
327 448 508 519 (Num.
543 461 698 511 XXXI,
728 445 783 509 7,
816 448 891 509 8).
926 444 1071 499 Nota
1101 444 1239 515 quia
1269 446 1473 499 mitius
1527 445 1627 498 lilii
1678 444 1852 499 Israel
1885 450 1933 512 Α
1968 447 2335 515 praedicando
2367 448 2437 501 ad
2471 449 2643 503 ﬁdem
2677 447 2890 502 Christi
2924 448 3349 518 perduxi.Nam
3365 449 3617 519 signacu-

222 536 558 611 puniuntur,
602 533 699 604 qui
734 535 791 587 in
824 550 884 587 se
919 539 1323 602 peccaverunt,
1358 550 1533 603 quam
1569 534 1856 600 Moabitae,

221 626 309 698 qui
330 624 696 679 occasionem
720 621 997 690 peccandi
1026 621 1333 675 dederunt.
1362 621 1521 675 Unde
1544 627 1599 675 et
1621 621 1725 687 illi,
1756 621 1858 692 qui

220 720 480 772 sexcenta
504 710 690 766 millia
713 710 874 781 prius
899 710 1180 774 vicerunt,
1206 727 1239 763 a
1260 710 1569 764 duodecim
1589 710 1860 764 millibus

222 803 467 875 superati
492 804 648 855 sunt.
670 799 828 862 Quod
856 798 1301 869 utiquejustitia
1325 799 1457 853 fecit
1477 816 1489 866 ;
1506 800 1645 869 quia
1672 815 1857 869 quan-

221 895 311 948 diu
346 894 647 963 peccatum
683 878 1036 953 habuerunt,
1068 888 1228 946 victi.
1261 888 1484 956 abjecto
1511 894 1763 957 peccato,
1800 888 1858 941 in

213 981 440 1056 justitia
474 983 803 1042 manentes,
840 976 940 1047 qui
975 993 1008 1030 a
1042 976 1278 1031 feminis
1310 976 1441 1030 victi
1488 982 1645 1047 sunt,
1696 992 1861 1048 reges

221 1071 655 1142 superaverunt.
690 1066 1057 1136 Quapropter
1086 1070 1144 1119 et
1174 1070 1259 1130 tu,
1295 1066 1342 1119 si
1378 1065 1461 1119 vis
1495 1082 1697 1119 omnes
1730 1070 1860 1119 tuos

221 1174 488 1231 superare
517 1154 808 1221 inimicos,
840 1152 1125 1208 calceatos
1157 1153 1353 1224 pedes,
1398 1169 1564 1207 sume
1622 1153 1860 1207 loricam

212 1247 471 1321 justitiae,
495 1248 727 1300 scutum
762 1242 919 1309 fidei,
951 1248 1009 1296 et
1038 1240 1264 1313 galeam
1297 1241 1509 1296 salutis
1540 1242 1691 1310 (lsai.
1745 1256 1862 1306 LIX,

222 1340 318 1401 i7;
356 1336 536 1407 Ephes
565 1350 646 1400 v1,
672 1332 775 1398 14;
812 1331 833 1385 Ι
866 1330 1038 1385 Thess.
1072 1348 1125 1395 v,
1171 1331 1259 1400 8):
1325 1330 1539 1401 quibus
1593 1330 1641 1384 si
1683 1330 1862 1385 fueris

220 1424 527 1498 spoliatus,
561 1439 594 1477 a
622 1436 995 1493 quocumque
1023 1418 1162 1473 vitio
1186 1420 1401 1491 poteris
1433 1419 1717 1490 superari.

286 1513 597 1584 Sequitur:
656 1511 752 1565 Sic
801 1513 1088 1579 peccantes
1144 1511 1205 1562 in
1250 1510 1473 1579 fratres,
1528 1512 1634 1562 etc.
1695 1507 1859 1573 Nota,

219 1603 354 1673 quia
388 1598 766 1672 peccantesin
791 1597 1021 1663 fratres,
1040 1598 1316 1651 dicuntur
1339 1596 1395 1649 in
1417 1595 1646 1650 Christo
1670 1612 1865 1665 pecca-

220 1708 296 1746 re.
329 1690 497 1745 Sicut
524 1688 678 1742 enim
708 1687 765 1740 in
798 1684 922 1757 lege
937 1689 1178 1756 peccant
1200 1683 1280 1748 hi,
1305 1684 1666 1755 quisublege
1694 1688 1859 1739 sunt:

222 1779 301 1834 sic
327 1782 386 1833 et
416 1775 635 1847 illi,qui
660 1775 716 1829 in
743 1775 948 1829 fratres
972 1778 1230 1845 peccant,
1257 1774 1311 1827 in
1336 1772 1564 1826 Christo
1592 1776 1859 1841 peccant:
1895 1809 1943 1873 Β

221 1867 357 1937 quia
385 1866 444 1919 in
478 1864 569 1918 his
601 1868 819 1927 errant,
849 1878 977 1933 qua:
1010 1862 1119 1916 sub
1144 1877 1208 1915 eo
1251 1877 1405 1916 sum.
1454 1860 1866 1915 Animadverte

221 1955 395 2009 etiam
428 1953 567 2024 quia
595 1968 710 2006 non
743 1951 906 2014 dixit,
941 1951 999 2003 in
1032 1949 1330 2004 Christum
1364 1950 1531 2019 (607).
1574 1949 1637 2003 1n
1670 1948 1866 2003 Chris-

218 2048 350 2096 tum
386 2055 642 2112 namque
673 2055 929 2109 peccare,
976 2053 1110 2090 eum
1164 2053 1375 2108 negare
1430 2042 1539 2091 est.
1578 2038 1872 2105 Infirmam

217 2128 793 2193 conscientiamdicit,
819 2132 920 2181 aut
947 2126 1251 2195 imitando,
1276 2130 1377 2179 aut
1398 2125 1872 2195 reprehendendo

214 2219 532 2291 Sequitur:
564 2217 624 2269 Si
653 2224 834 2269 autem
862 2231 983 2269 esca
1013 2213 1355 2269 seandalizat
1391 2216 1624 2283 fratrem
1668 2230 1872 2267 meum.

212 2298 639 2362 Animadverte
670 2308 900 2375 quanta
934 2302 1235 2357 charitatis
1268 2308 1323 2356 et
1355 2302 1681 2356 dilectionis
1705 2301 1878 2355 fuerit

218 2394 569 2467 Apostolus,
605 2395 729 2464 qui,
764 2398 827 2445 ut
856 2409 998 2447 suos
1043 2392 1113 2445 ad
1166 2391 1513 2445 charitatem
1565 2404 1876 2460 provocare

212 2487 441 2556 posset,
479 2481 865 2552 semetipsum
892 2479 1090 2550 posuit
1111 2478 1443 2550 exemplum
1469 2478 1671 2548 :quasi
1692 2479 1873 2531 dicat:

214 2573 350 2628 Scio
388 2570 534 2625 mihi
570 2570 765 2625 omnia
788 2569 967 2631 licita,
988 2569 1441 2634 omniamunda,
1483 2568 1581 2622 sed
1610 2584 1699 2622 me
1723 2566 1880 2637 peni-

215 2668 317 2717 tus
352 2661 430 2715 ab
461 2660 553 2714 his
585 2659 880 2713 abstineo:
935 2657 1076 2727 quia
1120 2674 1234 2711 non
1282 2657 1549 2727 expedire
1598 2655 1875 2726 intelligo.

217 2749 394 2805 Unde
429 2766 607 2819 supra
632 2748 861 2817 {Omnia
884 2748 1024 2801 mihi
1045 2747 1226 2811 licent,
1248 2745 1337 2800 sed
1369 2764 1479 2799 non
1502 2748 1694 2800 omnia
1715 2760 1878 2815 expe-

214 2838 391 2894 diunt
424 2839 472 2906 (ι
503 2839 630 2894 Cor.
674 2854 751 2901 v1,
792 2836 895 2905 l2).

290 2945 474 3016 (608).
508 2945 640 2998 CAP.
682 2942 799 3012 IX.)
832 2942 948 2997 Non
976 2958 1102 2997 sum
1156 2940 1339 2996 liber?
1388 2945 1496 2995 etc.
1552 2940 1699 3011 (609)
1750 2938 1879 2993 Haec

211 3033 385 3088 enim
420 3034 593 3088 verba
625 3031 755 3085 irati
788 3036 844 3084 et
873 3028 1152 3085 commoti
1182 3027 1364 3083 animi
1414 3032 1593 3082 sunt:
1641 3032 1716 3093 et,
1766 3026 1877 3081 nisi

210 3123 469 3193 adjuvet
492 3120 913 3193 pronuntiatio,
934 3118 1227 3172 afﬁrmare
1244 3116 1470 3171 videtur
1490 3117 1643 3186 quod
1669 3131 1879 3186 negare

206 3211 555 3266 contendit.
591 3210 657 3263 Et
688 3209 818 3262 ideo
848 3207 930 3262 ita
978 3206 1288 3278 legendum
1333 3210 1443 3269 est,
1496 3210 1559 3258 ut
1608 3204 1874 3274 negando

202 3300 457 3354 dictum
479 3296 855 3368 intelligatur.
878 3300 1000 3350 Imo
1027 3312 1039 3348 :
1065 3298 1187 3349 Non
1205 3311 1328 3349 sum
1350 3294 1488 3348 liber
1508 3296 1531 3345 .9
1551 3298 1682 3359 etc.,
1710 3293 1875 3362 quasi

199 3388 477 3443 diceret:
513 3386 675 3440 Sum.
704 3384 872 3439 Liber
892 3387 1041 3438 erat:
1075 3384 1213 3453 quia
1234 3399 1345 3437 non
1379 3380 1734 3445 simulando,
1770 3381 1876 3447 vel,

201 3481 270 3531 ut
304 3474 551 3545 aliquid
585 3472 891 3543 acciperet,
934 3472 1308 3543 praedicabat.
1369 3470 1683 3542 Apostolus
1732 3474 1874 3535 erat,

204 3566 359 3637 quia
399 3563 659 3628 missus;
696 3566 767 3615 ut
811 3558 993 3613 illud:
1056 3560 1185 3613 Ecce
1240 3575 1332 3628 ego
1388 3560 1460 3614 ad
1504 3568 1683 3629 gentes
1722 3559 1877 3629 longe

201 3656 435 3725 positas
492 3651 628 3721 (Act.
688 3666 826 3717 xxn,
889 3648 1001 3719 9|).
1064 3647 1381 3702 Dominum
1440 3648 1681 3715 viderat,
1758 3648 1877 3703 sive

206 3743 421 3798 eundo
456 3740 832 3805 Damascum,
866 3738 984 3793 sive
1014 3737 1072 3790 in
1133 3737 1349 3807 templo
1395 3738 1633 3793 orando.
1685 3738 1878 3791 Nonne

208 3848 351 3903 Opus
386 3846 574 3885 meum
606 3844 693 3883 vos
720 3828 849 3883 estis
881 3830 938 3881 in
972 3825 1240 3881 Domino?
1298 3826 1357 3880 Id
1418 3833 1507 3880 est
1559 3842 1705 3896 opus
1766 3825 1875 3879 mei

212 3919 625 3991 apostolatus.
661 3918 803 3972 Cum
836 3916 994 3971 enim
1028 3932 1130 3986 per
1161 3931 1341 3969 unum
1386 3930 1626 3983 annum,
1677 3918 1733 3968 et
1783 3930 1882 3967 sex

208 4025 469 4065 menses
497 4007 651 4078 apud
686 4022 785 4061 vos
818 4003 1208 4076 pradicando,
1244 4002 1671 4073 prazdicassem,
1705 4006 1761 4055 et
1809 4003 1878 4055 ab

206 4096 588 4152 infidelitate
620 4094 692 4148 ad
724 4093 899 4148 ﬁdem
933 4091 1302 4159 transissem,
1336 4090 1473 4161 quid
1516 4089 1672 4144 aliud
1726 4107 1881 4144 nunc

209 4185 271 4239 in
306 4190 525 4241 vestra
585 4183 718 4251 ﬁde,
777 4198 955 4253 quam
1014 4196 1161 4251 opus
1220 4178 1581 4251 apostolatus
1625 4179 1881 4234 ostendi-

214 4273 375 4329 tur?

1972 535 2104 601 lum,
2131 540 2263 595 etc.,
2296 536 2349 589 id
2388 542 2495 600 est,
2526 537 2831 605 judicium,
2864 541 2921 590 et
2950 535 3203 608 dignitas
3239 537 3351 590 mei
3383 544 3614 608 aposto-

1971 622 2127 678 latus
2153 642 2252 679 vos
2284 624 2445 688 estis,
2478 640 2627 694 quos
2652 643 2685 679 a
2715 624 3038 696 gentilitate
3068 630 3125 679 et
3166 625 3508 680 inﬁdelitate
3538 628 3608 681 ad

1971 712 2141 767 ﬁdem
2176 714 2347 768 traxi.

2040 803 2154 856 Mea
2187 803 2447 873 defensio,
2499 807 2607 857 etc.
2644 802 2811 857 Fides
2857 809 3047 857 vestra
3078 819 3206 857 mea
3234 806 3323 857 est
3354 803 3617 859 defensio

1971 892 2121 959 apud
2144 907 2263 955 eos,
2284 891 2383 962 qui
2408 907 2501 945 me
2522 891 3115 961 interrogant,utrum
3139 892 3251 947 sim
3276 892 3613 963 Apostolus,

1971 994 2173 1033 necne.
2236 980 2501 1049 Nunquid
2551 996 2661 1033 non
2732 979 2990 1035 habemus
3065 982 3430 1053 potestatem?
3504 987 3615 1037 etc.

1972 1068 2138 1123 Illam
2170 1069 2313 1123 dicit
2344 1074 2713 1139 potestatem,
2744 1084 2920 1139 quam
2953 1070 3237 1125 Dominus
3262 1088 3360 1126 eos
3384 1071 3454 1125 ad
3474 1088 3614 1142 prae-

1973 1157 2287 1211 dicandum
2320 1158 2600 1229 dirigens,
2634 1158 2811 1212 dicit:
2848 1160 3177 1228 Quicunque
3197 1163 3496 1230 receperint
3530 1176 3620 1216 vos

1973 1248 2121 1316 (Luc.
2175 1264 2252 1311 1x,
2300 1248 2409 1317 48),
2466 1253 2597 1313 etc.,
2660 1263 2872 1316 usque,
2931 1246 3139 1313 dignus
3196 1252 3273 1301 est
3329 1252 3621 1319 operarius

1973 1336 2125 1402 (Luc,
2154 1352 2210 1401 x,
2243 1336 2320 1403 7),
2353 1340 2457 1390 etc.
2495 1337 2562 1390 Et
2611 1351 2723 1389 non
2768 1334 2959 1389 solum
3020 1334 3233 1401 verbis,
3299 1337 3397 1390 sed
3443 1338 3620 1392 etiam

1976 1422 2145 1478 factis
2178 1424 2435 1478 ostendit
2463 1424 2548 1478 eis
2580 1422 2908 1478 necessaria
2938 1422 3233 1494 percipere
3271 1422 3480 1479 debere
3509 1442 3523 1491 ;
3557 1429 3624 1479 ut

1975 1511 2119 1565 illud
2146 1529 2159 1568 :
2188 1512 2566 1583 Sequebantur
2603 1520 2782 1567 autem
2807 1512 2970 1566 multi
2994 1511 3183 1580 (Marc.
3216 1527 3295 1576 v1,
3321 1512 3399 1581 8),
3438 1515 3544 1565 etc.

2047 1604 2233 1666 Quare
2250 1600 2435 1655 voluit
2460 1617 2558 1656 eos
2578 1601 2839 1672 accipere
2861 1598 3229 1655 necessaria?
3251 1598 3335 1654 Ob
3350 1599 3460 1654 hoc
3479 1616 3549 1654 ne
3564 1600 3623 1654 in

1975 1687 2238 1741 minimis
2282 1688 2569 1758 occupati,
2630 1688 2685 1741 id
2734 1692 2842 1755 est,
2897 1685 3242 1741 necessariis
3272 1703 3285 1750 ;
3319 1702 3353 1739 a
3384 1685 3618 1755 majori,

1977 1776 2033 1831 id
2077 1780 2185 1841 est,
2220 1776 2625 1846 praedicatione
2677 1776 3026 1839 recederent,
3060 1779 3117 1829 et
3146 1774 3350 1829 tardus
3399 1774 3469 1828 ad
3524 1790 3623 1829 eos

1978 1864 2309 1936 prtedicatio
2338 1865 2613 1919 venisset.
2638 1866 2707 1919 Et
2728 1868 2887 1933 nota,
2912 1863 3053 1935 quia
3073 1879 3187 1917 non
3213 1862 3624 1934 praecipiendo,

1980 1954 2077 2008 sed
2113 1954 2485 2008 concedendo
2519 1957 2865 2023 potestatem
2899 1950 3123 2005 tribuit.
3156 1951 3225 2004 Et
3254 1950 3382 2005 ideo
3409 1950 3628 2005 Paulus

1981 2042 2295 2112 accipiens,
2356 2042 2641 2095 immunis
2691 2058 2719 2095 a
2779 2040 2953 2111 culpa
2998 2039 3281 2108 redditur,
3344 2038 3623 2109 quoniam

1983 2130 2255 2202 przecepti
2312 2131 2703 2202 transgressio
2754 2145 2883 2183 esse
2962 2130 3183 2198 absque
3278 2143 3426 2181 noxa
3514 2144 3627 2182 non

1982 2218 2152 2275 valet.

2058 2310 2124 2363 Et
2149 2315 2213 2364 ut
2241 2310 2575 2365 ostenderet
2605 2324 2667 2362 se
2699 2310 3046 2378 potestatem
3080 2305 3395 2375 accepisse,
3451 2320 3631 2374 quam

1986 2398 2231 2465 dixerat,
2265 2397 2604 2468 subjunxit:
2639 2396 2789 2450 Sicut
2845 2396 3033 2451 caeteri
3083 2396 3331 2464 apostoli.
3386 2392 3633 2448 Caeteros

1988 2487 2243 2558 appellat
2299 2502 2503 2541 omnes
2552 2484 2871 2556 apostolos.
2923 2484 2991 2537 Et
3040 2498 3111 2537 ne
3151 2481 3395 2536 minoris
3441 2480 3635 2536 meriti

1986 2576 2298 2641 videretur,
2332 2574 2557 2629 addidit
2581 2590 2593 2626 :
2620 2576 2683 2627 Et
2707 2574 2908 2641 fratres
2940 2572 3180 2626 Domini.
3221 2569 3367 2624 Nam
3427 2570 3635 2624 fratres

1989 2663 2239 2729 Domini,
2264 2663 2364 2734 qui
2385 2662 2584 2716 eximii
2603 2661 2793 2716 meriti
2816 2677 2944 2716 esse
2965 2659 3333 2726 videbantur,
3353 2656 3629 2729 appellat.

1988 2757 2072 2819 Et,
2108 2757 2171 2806 ut
2201 2753 2389 2821 magis
2437 2750 2811 2804 conﬁrmaret
2858 2749 3011 2819 quod
3062 2748 3306 2815 dixerat,
3354 2745 3535 2801 dixit:
3568 2746 3635 2799 Et

1990 2841 2213 2911 Cephas.
2247 2839 2470 2910 Cephas
2494 2837 2650 2892 enim
2680 2836 3019 2907 accipiebat,
3054 2836 3151 2907 qui
3207 2836 3479 2905 princeps
3508 2837 3634 2888 erat

1990 2928 2481 3000 apostolorum,ut
2500 2927 2639 2980 dum
2664 2924 2829 2979 illum
2852 2925 2923 2979 ad
2947 2923 3351 2978 testimonium
3378 2926 3631 2989 revocat,

1990 3016 2202 3071 certior
2224 3014 2411 3086 ipsius
2442 3013 2733 3069 sententia
2763 3014 3060 3068 reddatur.

2065 3122 2321 3194 Nunquid
2349 3137 2457 3175 non
2512 3120 2775 3173 habemus
2831 3123 3152 3189 potestatem
3209 3132 3474 3183 sororem,
3524 3121 3632 3172 etc.

1990 3209 2267 3265 Nonnulli
2303 3209 2499 3263 minus
2558 3208 2968 3279 intelligentes,
3020 3211 3193 3278 atque
3250 3206 3634 3261 intentionem

1988 3298 2366 3371 apostolicam
2400 3313 2512 3351 non
2571 3296 2984 3367 intelligentes,
3041 3294 3193 3350 male
3234 3294 3389 3349 hunc
3441 3296 3634 3348 locum

1990 3386 2352 3459 interpretati
2386 3390 2544 3451 sunt,
2577 3385 2835 3440 dicentes
2867 3384 3160 3456 apostolos
3193 3382 3487 3454 accepisse
3536 3399 3638 3454 po-

1986 3482 2259 3531 testatem
2292 3490 2501 3529 uxores
2532 3474 2803 3538 ducendi,
2857 3472 3063 3528 fallens
3119 3489 3218 3527 eos
3278 3471 3638 3543 ambiguitas

1986 3563 2164 3619 Graeci
2191 3563 2481 3618 sermonis
2509 3580 2520 3627 ;
2549 3561 2826 3633 quoniam
2851 3578 3042 3616 sermo
3068 3562 3300 3616 Graecus
3322 3559 3497 3615 talem
3519 3559 3638 3614 vim

1987 3654 2162 3708 habet
2190 3654 2247 3707 in
2281 3652 2388 3706 hoc
2417 3651 2564 3715 loco,
2599 3656 2662 3705 ut
2692 3654 2747 3705 et
2780 3668 2881 3721 pro
2914 3667 3090 3705 uxore
3121 3654 3177 3723 e‘t
3208 3649 3453 3704 muliere
3484 3648 3633 3702 acci-

1989 3743 2202 3814 piatur.
2238 3741 2348 3794 Sed
2373 3745 2566 3793 tamen
2602 3756 2717 3793 non
2740 3739 2941 3792 debuit
2971 3739 3080 3793 hoc
3106 3755 3203 3793 eos
3226 3737 3446 3792 fallere.
3471 3736 3639 3791 Hunc

1988 3846 2244 3885 errorem
2278 3833 2398 3882 tam
2430 3826 2834 3897 praecedentia,
2886 3844 3063 3897 quam
3115 3825 3419 3897 sequentia
3465 3825 3641 3878 verba

1990 3916 2303 3989 expellunt.
2328 3919 2515 3984 Supra
2542 3930 2796 3983 namque
2818 3914 2959 3967 dicit
2980 3929 3412 3979 sororem,cum
3439 3908 3641 3965 nullus

1992 4022 2247 4062 sororem
2285 4002 2564 4073 accipiat;
2614 4006 2669 4055 et
2700 4002 2756 4055 in
2782 4001 3168 4072 sequentibus
3184 3998 3325 4054 dicit
3350 4016 3361 4053 :
3391 3998 3643 4052 Circum-

1990 4093 2267 4153 ducendi;
2301 4108 2434 4147 cum
2468 4088 2668 4144 nullus
2690 4105 2927 4143 uxorem
2953 4089 3171 4143 ducens
3196 4087 3369 4157 dicat,
3395 4086 3644 4140 circum-

1991 4183 2147 4249 duxi,
2173 4182 2296 4245 sed,
2333 4179 2493 4235 duxi.
2526 4179 2596 4233 Et
2628 4179 2673 4233 si
2707 4179 2799 4231 cui
2832 4177 3190 4232 contrarium
3223 4176 3453 4231 videtur
3484 4175 3640 4246 quod

1992 4272 2222 4328 feminas
2255 4268 2535 4341 apostolis
2567 4267 3000 4331 ministrabant,
3033 4266 3187 4338 legat
3239 4263 3639 4336 Evangelium.

283 4365 355 4417 Et
386 4363 452 4415 si
483 4360 616 4416 aliis
645 4374 753 4413 non
769 4374 891 4412 sum
923 4358 1203 4428 Apostolus
1260 4360 1365 4410 etc-
1419 4355 1576 4410 Alios
1635 4355 1887 4427 appellat
1995 4362 2077 4417 Ibi
2111 4359 2317 4432 poterit
2353 4358 2613 4412 invenire
2646 4356 3005 4411 contrarium
3042 4372 3153 4409 non
3169 4370 3296 4409 esse
3321 4371 3333 4421 ;
3362 4353 3641 4423 quoniam

205 4450 472 4505 Judazos
493 4446 921 4517 credentes,qui
950 4446 1141 4500 adhuc
1166 4445 1223 4498 in
1246 4443 1462 4498 carnali
1484 4444 1886 4498 observatione

1995 4449 2241 4506 Domino
2274 4446 2549 4502 mulieres
2582 4445 3015 4509 ministrabant,
3040 4449 3104 4497 ut
3127 4442 3269 4497 illud
3299 4441 3646 4511 :Sequeban-

207 4542 675 4610 permanentes.
707 4534 955 4590 Paulum
990 4534 1638 4606 praeessedenegabant,
1663 4534 1734 4587 ob
1756 4533 1883 4599 hoc,
1918 4534 1963 4598 D
1995 4544 2085 4595 tur
2102 4542 2293 4595 autem
2324 4539 2519 4605 (Marc,
2553 4552 2643 4601 xv,
2680 4536 2787 4605 41),
2821 4538 2928 4588 etc.
2963 4533 3189 4587 Davom;
3220 4546 3475 4601 namque
3508 4545 3649 4583 mu-

208 4628 358 4699 quia
389 4625 726 4700 praedicans
758 4622 1030 4697 gentibus
1062 4623 1405 4677 destruebat
1435 4622 1699 4688 sabbata,
1734 4627 1892 4677 crete-

210 4732 452 4788 rasque
487 4713 632 4785 legis
666 4712 1123 4768 observationes.
1161 4711 1329 4776 Nam,
1365 4727 1497 4764 cum
1532 4710 1719 4764 centeri
1753 4727 1889 4781 apo-

210 4804 354 4859 stoli
395 4800 839 4858 dissimulando
874 4801 1259 4871 praedicarent
1289 4799 1347 4852 in
1382 4798 1892 4853 carnaliobserva-

210 4894 384 4947 tione
426 4906 693 4961 rnanere,
729 4895 793 4944 ut
827 4905 927 4943 eos
943 4905 1176 4959 quoquo
1205 4888 1375 4942 modo
1400 4888 1467 4941 ad
1492 4888 1662 4941 fidem
1686 4887 1893 4942 Christi

210 4983 475 5036 trahere
504 4987 763 5051 possent,
788 4983 844 5033 et
866 4977 1082 5031 Paulus
1102 4976 1267 5046 quasi
1293 4977 1585 5030 contraria
1604 4976 1898 5031 videretur

212 5069 535 5144 apostolis
568 5069 795 5133 docere,
828 5067 888 5120 in
921 5066 1317 5120 destructione
1349 5065 1601 5118 carnalis
1629 5065 1898 5120 observa-

210 5160 446 5223 tionis,
487 5158 762 5212 eumdem
788 5152 1133 5227 Apostolum
1169 5168 1297 5207 esse
1330 5154 1652 5224 negabant:
1688 5158 1743 5208 et
1772 5155 1898 5209 ideo

209 5250 481 5305 dicebat
511 5263 522 5300 :
556 5248 618 5302 Si
636 5247 767 5300 aliis
801 5261 913 5300 non
936 5260 1079 5310 sum,
1116 5243 1171 5297 id
1206 5246 1317 5311 est,
1349 5241 1397 5295 si
1430 5242 1547 5297 illis
1581 5260 1696 5298 non
1745 5259 1899 5310 sum,

210 5337 321 5408 qui
361 5334 702 5391 carnaliter
733 5333 925 5389 adhuc
949 5333 1187 5388 vivunt:
1223 5339 1405 5385 tamen
1430 5333 1731 5400 vobissum,
1755 5348 1905 5404 quos

288 5553 474 5629 ((5οἶ)
512 5550 683 5625 Vulg.
720 5556 915 5607 tamen
950 5546 1150 5629 habet,
1184 5546 1242 5629 in
1288 5543 1587 5629 Christum.

287 5618 474 5701 (608)
519 5629 585 5683 In
618 5618 815 5697 autog.
849 5639 1038 5694 marg.
1076 5622 1169 5677 hic
1200 5620 1413 5693 legitur
1441 5636 1567 5693 cap.
1602 5618 1713 5677 XL.

2002 4630 2172 4684 lieres
2222 4636 2277 4683 et
2328 4624 2636 4681 amatrices
2684 4621 3007 4676 cmlestium
3058 4619 3509 4691 disciplinarum
3577 4618 3649 4673 de

2002 4718 2126 4773 suis
2159 4714 2537 4769 facultatibus
2569 4709 3023 4782 praeceptoribus
3058 4708 3491 4763 ministrabant.
3526 4707 3647 4762 Ma-

2002 4808 2155 4862 xime
2188 4806 2259 4859 ob
2293 4803 2400 4856 hoc
2448 4818 2560 4855 non
2594 4803 2717 4853 erat
2765 4798 3163 4853 contrarium:
3216 4798 3356 4869 quia
3404 4812 3647 4852 consue-

2004 4895 2146 4949 tudo
2170 4895 2295 4947 erat
2310 4890 2671 4953 Judzeorum,
2695 4888 2961 4958 quamvis
2980 4885 3324 4942 scandalum
3349 4885 3647 4958 gentibus,

2007 4988 2202 5037 tamen
2233 4978 2547 5049 Apostolus
2581 4977 2659 5031 uti
2698 4976 2954 5031 nolebat.
2990 4977 3099 5031 Sed
3130 4990 3469 5046 quanquam
3519 4969 3651 5023 illos

2008 5069 2331 5135 fefellisset,
2363 5074 2560 5121 tamen
2591 5065 2972 5121 intentionem
2997 5064 3257 5136 Apostoli
3281 5060 3657 5117 consideran-

2015 5167 2103 5215 tes
2138 5175 2252 5213 non
2286 5154 2507 5211 fefellit.
2835 5215 2840 5220 ,

2086 5251 2191 5302 Aut
2220 5246 2367 5302 solus
2400 5260 2511 5314 ego,
2544 5247 2592 5298 et
2625 5245 2929 5309 Barnabas,
2961 5247 3068 5297 etc.
3094 5238 3422 5295 Barnabam
3474 5232 3653 5289 dicit:

2014 5338 2154 5409 quia
2186 5332 2561 5405 coapostolus
2592 5332 2892 5404 sperandi,
2928 5330 2984 5383 id
3031 5332 3141 5395 est,
3192 5322 3536 5396 accipiendi,
3590 5326 3655 5379 ut

2094 5550 2241 5623 ((300)
2270 5548 2559 5606 Punctum
2592 5544 3163 5623 interrogationisex
3192 5540 3441 5614 Vulgata
3472 5543 3529 5597 et
3575 5555 3664 5596 se-

2022 5617 2340 5699 quentibus
2374 5625 2428 5679 in
2464 5621 2881 5677 commentario
2913 5617 3270 5675 addidimus.
