4080 6174
414 262 529 319 367

1431 254 1767 314 ATTONIS
1814 251 2401 314 VEBCELLl‘INSlS
2452 250 2805 311 EPISCOPI

3709 252 3829 313 368

414 392 717 449 honestius
760 390 1120 462 loqueretur.
1155 389 1222 443 Et
1253 406 1322 443 ne
1356 388 1649 442 videretur
1673 386 2057 458 semetipsum
2086 388 2142 451 Α
2172 386 2383 453 (Matth.
2418 403 2553 452 xxn,
2578 386 2688 449 37),
2723 388 2831 438 etc.
2882 383 2978 438 Et:
3040 382 3345 452 Lavamini,
3402 383 3597 438 mundi
3654 390 3826 438 estote

416 480 825 539 commendare
853 477 1019 544 velle,
1052 480 1108 533 et
1139 476 1283 533 alios
1308 475 1749 547 reprehendere,
1773 476 1900 530 ideo
1924 475 2057 529 sub-

410 569 634 641 junxit:
668 569 803 636 Quis
831 568 1065 635 militat,
1111 571 1217 621 etc.
1278 564 1491 620 Milites
1537 564 1693 619 enim
1743 568 1908 620 erant
1938 563 2054 629 isti,

418 658 520 731 qui
577 656 796 713 ccelesti
852 672 1029 728 regno
1080 654 1428 718 militabant,
1479 654 1758 709 adversus
1813 652 2059 708 insidias

417 747 632 804 diaboli
657 744 1247 813 dimicabant,etideo
1270 742 1653 814 accipiebant,
1675 741 2058 812 quemadmo-

419 838 561 893 dum
594 834 949 908 stipendium
981 836 1208 887 terreno
1241 847 1417 901 regno
1451 830 1765 885 militantes
1798 830 2058 900 accipere

421 926 627 984 solent.
647 926 777 993 Quis
787 925 1006 995 plantat
1027 923 1261 985 vineam,
1283 926 1393 975 etc.
1418 918 1782 974 Plantatores
1806 934 2059 989 namque

418 1017 515 1072 isti
533 1016 710 1070 vineae
730 1016 897 1068 erant
919 1008 1478 1081 ;quiaecclesiastico
1502 1008 1715 1080 populo
1730 1007 2058 1063 itersalutis

418 1103 823 1162 ostendebant.
842 1101 986 1155 Nam
1010 1100 1164 1171 quod
1187 1098 1421 1154 nomine
1438 1098 1613 1152 viuere
1632 1096 2058 1152 ecclesiasticus

416 1192 668 1266 populus
689 1191 1050 1261 designetur,
1083 1204 1200 1242 non
1222 1185 1412 1241 solum
1438 1185 1495 1240 in
1521 1185 1711 1240 Veteri
1729 1187 2060 1241 Testamen-

416 1287 496 1353 to,
529 1282 629 1337 sed
660 1280 838 1336 etiam
870 1278 929 1331 in
960 1277 1117 1331 Novo
1152 1275 1437 1347 signatur.
1464 1275 1526 1329 In
1551 1274 1764 1344 Veteri,
1785 1279 1848 1329 ut
1874 1273 2013 1328 illud
2043 1291 2055 1341 ;

422 1374 643 1427 Vineam
667 1385 736 1424 ea:
767 1370 999 1437 {Egypto
1029 1367 1200 1436 (Psal.
1236 1380 1422 1427 Lxxix,
1454 1366 1532 1431 0),
1589 1368 1696 1418 etc.
1733 1364 1836 1417 Et:
1897 1364 2058 1417 Vinea

415 1461 649 1517 Domini
677 1457 913 1513 Sabaoth
943 1454 1097 1525 (lsai.
1150 1471 1202 1518 ν,
1260 1453 1336 1522 7),
1380 1455 1488 1507 etc.
1544 1452 1603 1505 In
1656 1452 1834 1521 Novo,
1885 1456 1951 1505 ut
1999 1452 2058 1506 in

418 1547 806 1605 similitudine
836 1544 1049 1599 dicitur
1072 1559 1085 1596 :
1120 1542 1313 1597 Simile
1337 1549 1414 1596 est
1432 1558 1663 1609 regnum
1683 1542 1943 1596 cazloru-m
1965 1541 2058 1595 ho-

417 1640 563 1695 mini
593 1638 687 1710 qui
731 1637 872 1691 exiit
910 1635 1091 1704 primo
1138 1648 1302 1686 mane
1345 1631 1553 1701 (Matth.
1606 1648 1695 1698 xv,
1732 1632 1805 1700 1),
1840 1634 1947 1685 etc.
1999 1632 2063 1684 Et

416 1731 636 1784 vineam
658 1724 966 1797 pastinavit
995 1721 1178 1791 (Marc.
1212 1736 1310 1785 xu,
1352 1720 1422 1788 1),
1455 1724 1562 1774 etc.

491 1817 632 1889 Quis
660 1814 836 1885 pascit
862 1826 1099 1882 gregem,
1131 1812 1237 1863 etc.
1272 1809 1379 1863 Per
1428 1824 1665 1879 gregem
1714 1807 2061 1863 ecclesiasti-

418 1920 522 1961 cus
554 1901 804 1975 populus
833 1898 1195 1970 designatur,
1230 1901 1349 1951 tam
1396 1896 1458 1951 in
1510 1896 1721 1965 Veteri,
1774 1913 1949 1966 quam
2000 1896 2061 1952 in

417 1993 597 2062 Novo,
622 1990 762 2061 quia
790 1987 915 2043 suis
947 1987 1059 2041 iter
1088 1984 1296 2041 salutis
1327 1985 1604 2040 ostendit.
1655 1985 1717 2039 In
1771 1986 1947 2053 Novo,
1999 1990 2063 2040 ut

416 2080 586 2136 illud.
620 2081 682 2134 Et
706 2079 847 2133 alias
890 2091 1011 2131 oves
1067 2076 1235 2129 habeo
1294 2074 1469 2145 (Joan.
1522 2092 1576 2139 x,
1630 2074 1738 2138 16),
1789 2079 1901 2128 etc.
1950 2074 2062 2129 Iste

416 2172 574 2225 enim
609 2166 796 2233 miles,
847 2170 907 2219 et
948 2165 1067 2218 dux
1104 2162 1353 2217 cmlestis
1404 2163 1711 2230 exercitus,
1765 2162 1951 2217 fidelis
2000 2162 2060 2217 in

416 2259 530 2312 ﬁde
560 2259 618 2311 et
644 2254 903 2323 veritate,
936 2253 1027 2307 his
1058 2251 1333 2307 omnibus
1362 2250 1646 2322 exemplis
1675 2268 1737 2306 se
1797 2257 2060 2321 potesta—

414 2350 533 2402 tem
550 2341 873 2415 accipiendi
895 2341 1108 2396 habere
1130 2340 1407 2395 ostendit.
1432 2340 1503 2394 Et
1526 2356 1595 2394 ne
1617 2344 1785 2411 putet
1807 2340 1939 2411 quis
1963 2357 2063 2411 per

413 2436 737 2491 humanam
770 2430 1139 2502 sapientiam,
1172 2433 1346 2500 atque
1378 2428 1611 2501 ingenio
1644 2429 1896 2483 naturali
1926 2446 2061 2483 eum

414 2524 653 2589 dixisse,
686 2521 816 2577 ideo
848 2518 1189 2590 subjunxit:
1234 2516 1491 2588 Nunquid
1538 2518 1838 2572 secundum
1882 2519 2061 2573 homi-

413 2629 538 2669 nem
568 2614 687 2668 haec
713 2610 872 2665 dico?
898 2607 1074 2672 Quasi
1105 2606 1323 2662 diceret
1347 2624 1359 2661 :
1392 2610 1473 2661 Ne
1504 2606 1720 2678 putetis
1744 2624 1835 2661 me
1858 2623 2063 2662 secun-

418 2703 560 2758 dum
590 2700 912 2755 humanam
937 2695 1283 2768 sapientiam
1306 2694 1587 2759 locutum,
1613 2697 1710 2750 sed
1737 2697 2063 2751 secundum

419 2790 698 2847 divinam.
728 2788 798 2842 Et
826 2786 1024 2842 volens
1055 2785 1162 2841 hoc
1183 2785 1379 2857 ipsum
1404 2784 1739 2840 testimonio
1764 2784 1911 2855 legis
1934 2802 2065 2840 con-

421 2880 677 2944 firmare,
713 2873 1051 2946 subjunxit:
1087 2875 1170 2929 An
1198 2879 1249 2928 et
1284 2874 1374 2928 lea:
1393 2874 1505 2927 haec
1533 2888 1641 2927 non
1686 2872 1865 2928 dicit?
1916 2873 2063 2928 Scri-

422 2971 584 3042 ptum
615 2970 732 3023 est:
762 2980 871 3020 non
903 2964 1163 3031 alligabis
1191 2963 1367 3029 (Deut.
1401 2978 1564 3025 xxvv,
1598 2962 1676 3032 Ιι),
1728 2967 1835 3017 etc.
1887 2961 1947 3016 In
1997 2980 2064 3019 eo

423 3057 578 3129 quod
599 3054 817 3111 Paulus
838 3053 1086 3123 loquens
1105 3051 1177 3105 de
1197 3051 1350 3105 Novo
1364 3050 1760 3117 Testamento,
1783 3051 1853 3104 de
1874 3050 2063 3106 Veteri

2172 474 2392 544 (Isai.1,
2430 474 2539 541 10),
2597 477 2706 527 etc.
2768 472 3044 543 Nunquid
3102 469 3226 526 haec
3285 470 3590 543 allegorice
3622 471 3823 527 discu-

2167 562 2408 617 tienda?
2437 562 2504 615 Et
2535 578 2668 616 cum
2703 560 2945 631 legitur:
2986 560 3097 615 Non
3130 561 3322 615 arabis
3369 562 3429 614 in
3462 562 3591 616 bove
3621 561 3819 629 simul,

2167 658 2216 705 et
2243 653 2406 706 asino
2442 651 2622 717 (Deut.
2690 667 2827 717 χχιι,
2890 650 3012 717 1Ο);
3072 653 3167 703 et:
3226 648 3302 703 Ne
3360 649 3557 704 induas
3616 653 3823 704 vestem

2168 740 2345 809 (Deut.
2375 756 2513 804 xxu,
2549 739 2643 805 ll;
2670 738 2827 792 Zaeh.
2866 755 2949 802 ΙΙΙ,
2980 739 3053 807 4),
3087 742 3231 803 etc.;
3283 742 3381 792 et:
3412 739 3529 793 Non
3558 739 3828 807 alligabis

2168 843 2224 882 os
2258 828 2379 881 bovi
2407 828 2580 896 (Deut.
2612 844 2739 893 xxv,
2777 828 2839 892 4;
2876 829 3065 897 (ICor.
3099 843 3156 880 1x
3185 828 3219 880 9
3249 845 3263 893 ;
3329 827 3377 897 (I
3407 827 3541 882 Tim.
3593 843 3648 893 v,
3708 828 3820 893 13),

2168 921 2300 986 etc.,
2337 916 2601 987 nunquid
2636 916 2983 987 simpliciter
3013 920 3151 971 sunt
3180 914 3609 987 intelligenda?
3666 916 3820 971 Non.

2170 1005 2278 1059 Sed
2312 1009 2544 1075 tegmen
2574 1004 2969 1074 abjiciendum
3000 1008 3109 1068 est,
3144 1008 3199 1057 et
3258 1004 3476 1059 candor
3527 1003 3822 1076 allegoriae

2171 1094 2658 1148 manil‘estandus.
2685 1093 2831 1158 Quid
2858 1109 2959 1163 per
2974 1109 3156 1163 aquas
3180 1091 3496 1164 canalium,
3516 1093 3630 1148 nisi
3655 1109 3826 1149 sacra

2170 1182 2469 1253 Scriptura
2489 1181 2675 1245 ?Quid
2710 1198 2811 1253 per
2832 1181 3060 1245 arietes,
3091 1180 3204 1237 nisi
3228 1180 3471 1237 scientia
3492 1181 3521 1236 ‘?
3544 1183 3695 1248 Quid
3721 1199 3826 1254 per

2169 1288 2323 1339 oves,
2359 1271 2469 1326 nisi
2502 1272 2651 1326 actio
2684 1275 2857 1341 atque
2886 1270 3128 1325 intentio
3188 1270 3577 1342 designatur?
3627 1272 3821 1344 Virga:

2171 1361 2229 1415 in
2261 1360 2564 1416 canalibus
2596 1365 2926 1430 ponuntur;
2959 1359 3099 1431 quia
3140 1359 3407 1431 exempla
3462 1359 3705 1416 Patrum
3763 1361 3820 1416 in

2169 1466 2334 1505 sacra
2363 1450 2662 1520 Scriptura
2702 1449 3062 1504 inseruntur.
3095 1449 3260 1504 Aries
3304 1465 3435 1504 vero
3484 1450 3829 1521 praeminet

2171 1538 2298 1605 ovi;
2334 1537 2474 1610 quia
2506 1537 2813 1593 rationalis
2844 1538 3094 1592 scientia
3132 1542 3343 1593 nostrae
3394 1539 3607 1593 actioni
3646 1542 3823 1611 atque

2172 1627 2486 1682 intentioni
2520 1628 2843 1698 praefertur.
2878 1628 2961 1681 Ad
2985 1630 3288 1699 aspectum
3314 1628 3609 1699 virgarum
3633 1628 3826 1683 varios

2172 1716 2510 1787 concipiunt
2542 1716 2690 1771 fetus
2720 1733 2733 1783 ;
2758 1716 2896 1787 quia
2914 1733 3019 1771 nos
3034 1716 3299 1787 exempla
3319 1722 3655 1772 sanctorum
3684 1733 3821 1772 con-

2172 1805 2519 1872 siderantes,
2545 1804 2735 1859 varias
2765 1805 3022 1860 actiones
3055 1805 3189 1860 boni
3221 1805 3412 1877 operis
3442 1821 3819 1877 generamus.

2171 1893 2332 1956 Quod
2366 1901 2477 1949 sua
2505 1894 2659 1948 dicta
2688 1892 2939 1948 aliorum
2969 1893 3252 1965 exemplis
3300 1894 3552 1949 debeant
3604 1895 3821 1950 conﬁr-

2171 1998 2351 2049 mare,
2388 1982 2795 2037 manifestatur
2825 1981 2929 2049 ibi,
2962 1982 3062 2036 ubi
3093 1982 3307 2053 legitur
3338 1984 3682 2055 praecepisse
3714 1984 3826 2039 Do-

2173 2072 2421 2125 minum.
2464 2071 2645 2142 Moysi
2680 2072 2863 2125 facere
2922 2070 3227 2125 columnas
3272 2075 3577 2143 argenteas
3627 2072 3824 2143 (Exod.

2169 2177 2322 2226 xxvr,
2362 2161 2476 2231 27),
2526 2165 2582 2214 et
2620 2160 2679 2214 in
2729 2158 2975 2214 circuitu
3019 2160 3258 2215 fundere
3306 2159 3551 2231 paxillos
3621 2177 3826 2228 aereos,

2172 2249 2387 2320 quibus
2409 2249 3322 2317 sustentareturtabernaculum,
3351 2265 3421 2304 ne
3441 2248 3495 2304 vi
3514 2255 3828 2308 ventorum

2170 2342 2516 2392 versaretur.
2551 2336 2655 2392 Per
2688 2337 2991 2393 columnas
3007 2343 3313 2410 argenteas
3335 2339 3654 2410 scriptores
3682 2338 3828 2394 Novi

2169 2426 2521 2481 Testsmenti
2556 2426 3037 2497 signantur.Quid
3063 2443 3165 2498 per
3187 2426 3451 2498 paxillos,
3472 2426 3585 2483 nisi
3603 2427 3832 2483 Veteris

2172 2514 2533 2569 Testamenti
2565 2515 2879 2586 scriptores
2910 2531 3013 2586 per
3042 2515 3487 2571 tabernaculum
3521 2515 3782 2572 Ecclesia
3806 2517 3834 2571 ?

2172 2603 2474 2660 Columnis
2505 2619 2641 2674 ergo
2673 2604 2731 2658 in
2759 2603 3004 2659 circuitu
3029 2603 3225 2676 paxilli
3253 2605 3665 2677 residentquia
3683 2606 3833 2662 Novi

2172 2693 2530 2747 Testamenti
2564 2692 2875 2763 scriptores
2907 2710 3014 2748 sua
3043 2693 3199 2749 dicta
3232 2694 3512 2765 exemplis
3558 2700 3827 2751 veterum

2174 2783 2521 2837 confirmare
2551 2783 2811 2837 student.
2846 2782 2998 2838 Bene
3029 2785 3182 2837 enim
3207 2782 3492 2838 columnae
3512 2789 3830 2856 argenteae,

2176 2875 2233 2925 et
2264 2870 2459 2943 paxilli
2491 2870 2633 2925 aenei
2661 2871 2843 2926 fuisse
2877 2878 3314 2940 memorantur;
3351 2872 3487 2944 quia
3516 2879 3831 2946 argentum

2175 2964 2346 3015 sonat
2366 2965 2423 3015 et
2445 2959 2734 3031 splendet.
2751 2960 3076 3032 Scriptores
3099 2962 3238 3017 Novi
3261 2963 3647 3028 Testamenti,
3670 2964 3831 3035 quod

2178 3054 2524 3115 sonuerunt,
2554 3049 3115 3118 manifestaverunt;
3169 3068 3246 3105 ms
3290 3067 3420 3106 vero
3472 3056 3664 3119 sonat,
3727 3052 3828 3108 sed

420 3115 793 3204 'l‘estamento
852 3115 1094 3198 sumens
1147 3138 1500 3210 exemplum,
1579 3115 1905 3195 conﬁrmat.
1976 3140 2062 3196 id-
2096 3115 2139 3181 C
2180 3155 2293 3193 non
2327 3139 2615 3210 splendet,
2652 3140 2790 3210 quia
2818 3115 3135 3211 scriptores
3169 3140 3393 3196 Veteris
3437 3115 3828 3212 Testamenti,

421 3236 621 3308 ipsum
676 3232 933 3289 ostendit
987 3228 1356 3286 concordiam
1418 3227 1564 3299 legis
1616 3232 1672 3283 et
1745 3228 2060 3299 Evangelii.

421 3323 688 3382 Ostendit
732 3322 907 3377 etiam
967 3317 1462 3389 allegorizandum
1506 3334 1650 3372 esse.
1733 3318 2065 3373 Manil'estat

420 3412 809 3470 nihilominus
831 3410 1096 3463 doctores
1123 3407 1397 3460 suadicta
1420 3404 1703 3476 exemplis
1726 3405 2061 3461 sanctorum

421 3502 767 3559 conﬁrmare
796 3498 1027 3552 debere.
1061 3496 1206 3550 Nam
1265 3494 1419 3566 quod
1469 3511 1586 3548 una
1633 3495 1708 3548 sit
1756 3496 2064 3550 concordia

422 3592 569 3664 legis
591 3594 649 3646 et
676 3585 994 3658 Evangelii,
1024 3584 1141 3650 hic,
1172 3590 1228 3638 et
1260 3583 1318 3638 in
1350 3582 1559 3638 litteris
1606 3583 1826 3638 Veteris
1870 3586 2065 3641 Testa-

422 3680 607 3737 menti
640 3676 1066 3733 manifestatur.
1093 3673 1328 3744 Legitur
1348 3674 1503 3726 enim
1526 3673 1832 3728 Dominum
1860 3692 2067 3745 praece-

422 3770 581 3843 pisse
600 3768 787 3823 facere
811 3763 989 3836 Moysi
1012 3763 1158 3818 duos
1180 3761 1483 3816 cherubim
1503 3778 1570 3815 ex
1593 3779 1733 3817 auro
1748 3763 2064 3834 purissimo

423 3857 615 3931 (Εωοά.
646 3872 778 3923 xxv,
815 3855 924 3925 18),
955 3852 1055 3925 qui
1079 3851 1260 3907 versis
1282 3850 1543 3905 vultibus
1585 3868 1645 3905 se
1690 3852 2063 3923 respicerent,

421 3951 685 4020 tegentes
716 3941 1180 4017 propitiatorium
1216 3939 1396 4012 (Ibid.,
1424 3941 1534 4011 29).
1569 3940 1715 4007 Quid
1769 3959 1870 4013 per
1917 3944 2065 4000 duos

421 4032 725 4095 cherubim
756 4034 928 4106 (610),
963 4032 1063 4103 qui
1088 4030 1547 4101 interpretantur
1566 4030 1865 4100 plenitudo
1889 4032 2067 4087 scien-

421 4126 542 4195 tiae,
565 4124 803 4181 nisiduo
816 4123 1193 4178 Testamenta
1205 4120 1519 4192 signantur
1538 4119 1565 4174 ?
1588 4119 1784 4175 Versis
1807 4120 2066 4176 vultibus

421 4232 486 4271 se
509 4212 833 4284 respiciunt
852 4228 865 4278 ;
881 4209 1019 4281 quia
1041 4208 1204 4264 nulla
1226 4209 1283 4263 in
1307 4208 1424 4263 illis
1446 4206 1735 4263 discordia
1751 4208 2063 4264 invenitur.

420 4301 659 4374 thuod
684 4305 917 4372 tegmen
942 4298 1018 4353 sit
1033 4298 1451 4368 abjicieudum,
1468 4296 1761 4351 utcandor
1777 4296 2067 4368 allegoriae

421 4394 718 4464 appareat,
738 4386 1181 4458 ibiostenditur,
1198 4387 1296 4441 ubi
1310 4386 1542 4456 legitur,
1574 4385 1711 4455 quia
1735 4385 1870 4440 tulit
1888 4386 2067 4441 Jacob

2179 3229 2335 3300 quod
2370 3234 2714 3294 sonuerunt,
2750 3246 2866 3284 non
2899 3230 3299 3285 ostenderunt.

2244 3320 2761 3389 Nescitis,quoniam
2781 3320 2878 3390 qui
2900 3320 2957 3373 in
2978 3321 3220 3375 sacrario
3242 3323 3560 3391 operantur,
3585 3325 3700 3376 etc.
3749 3321 3841 3375 Di-

2174 3407 2355 3461 versis
2371 3424 2622 3478 namque
2644 3407 3137 3463 similitudinibus
3151 3409 3405 3463 ostendit
3419 3409 3698 3481 superius
3718 3409 3832 3464 sibi

2175 3496 2416 3566 suisque
2430 3495 2721 3551 similibus
2735 3495 2957 3551 licitum
2974 3496 3092 3552 fore
3104 3498 3365 3570 accipere
3377 3499 3450 3553 ab
3464 3498 3839 3555 auditoribus

2176 3601 2420 3655 quaeque
2452 3585 2798 3640 necessaria.
2833 3586 2940 3649 Qui
2969 3588 3025 3639 in
3059 3591 3249 3657 ncepta
3270 3587 3598 3642 intentione
3630 3603 3831 3659 perse-

2174 3690 2381 3728 verans
2412 3673 2587 3728 dicit:
2619 3676 2847 3729 Nescitis
2878 3678 3138 3746 quoniam
3167 3678 3262 3748 qui
3308 3678 3367 3730 in
3414 3677 3663 3731 sacrario
3713 3692 3832 3748 ope-

2176 3766 2390 3827 rantur,
2424 3767 2531 3817 etc.
2568 3763 2670 3817 Ubi
2704 3764 3027 3818 notandum
3059 3765 3199 3836 quia
3247 3767 3360 3820 duo
3410 3765 3584 3819 dicit:
3630 3767 3833 3821 Sacra-

2178 3851 2329 3906 rium
2363 3852 2627 3907 videlicet
2659 3859 2893 3923 propter
2916 3852 3185 3924 gentiles,
3212 3856 3311 3925 qui
3337 3854 3393 3909 in
3419 3854 3699 3910 sacrariis
3719 3855 3832 3910 diis

2178 3942 2301 3996 suis
2333 3942 2757 4008 sacriﬁcabant,
2791 3948 2848 3997 et
2881 3942 3012 3997 inde
3042 3944 3328 4009 edebant;
3378 3943 3560 4000 altare
3610 3944 3833 4017 quippe

2179 4036 2413 4101 propter
2442 4030 2695 4099 Judaeos,
2729 4046 2977 4101 quorum
3028 4033 3362 4088 sacerdotes
3414 4049 3595 4104 super
3649 4032 3834 4089 altare

2183 4119 2410 4173 Domini
2441 4118 2661 4174 hostias
2685 4119 3027 4187 offerebant,
3056 4126 3113 4176 et
3161 4138 3295 4177 cum
3342 4122 3547 4178 eodem
3592 4122 3835 4195 partici-

2180 4209 2416 4280 pabant.
2451 4208 2595 4272 Quia
2646 4214 2996 4280 praeceptum
3046 4215 3169 4266 erat
3210 4213 3404 4283 (Leuit.
3457 4228 3561 4277 vn,
3615 4212 3832 4280 32-33).

2179 4315 2411 4352 armum
2444 4297 2705 4369 accipere
2736 4300 3001 4355 dextrum
3037 4300 3282 4372 mystice
3313 4305 3555 4373 propter
3613 4303 3833 4357 bonam

2180 4386 2657 4458 operationem,et
2674 4386 3076 4458 pectusculum
3102 4390 3491 4462 separationis
3511 4391 3702 4462 (Ibid.,
3718 4392 3831 4457 34).

416 4480 614 4552 virgas
641 4476 1069 4551 amygdalinas,
1131 4474 1410 4547 populeas
1467 4473 1619 4541 (Gen.
1670 4492 1800 4541 xxx,
1854 4476 2067 4548 37-41),
2101 4487 2145 4551 D
2186 4475 2444 4530 videlicet
2468 4480 2703 4547 propter
2723 4476 3833 4549 scientiam:quaelongeabauditornm

418 4574 476 4626 et
509 4568 881 4624 decorticavit
903 4584 1021 4629 eas,
1043 4571 1100 4621 et
1118 4565 1177 4619 in
1203 4562 1507 4619 canalibus
1530 4564 1753 4634 posuit:
1779 4580 1917 4635 grex
1936 4582 2068 4621 vero

418 4658 658 4715 veniens
680 4658 751 4712 ad
788 4656 1128 4720 bibendum,
1150 4650 1510 4724 prospiciens
1530 4652 1726 4723 virgas
1747 4654 1802 4706 in
1829 4654 1954 4725 ipso
1979 4671 2071 4709 ca-

419 4747 542 4802 lore
564 4746 771 4812 coitus,
805 4743 1161 4798 variosfetus
1193 4741 1573 4811 concipiebat.
1594 4741 1740 4803 Quid
1777 4743 1933 4796 enim
1969 4759 2070 4813 per

416 4835 631 4907 virgas,
665 4834 778 4890 nisi
812 4835 1150 4887 sanctorum
1182 4828 1446 4900 exempla
1478 4835 1736 4899 Patrum,
1763 4831 2069 4902 signatur?

420 4926 527 4981 Per
555 4924 686 4991 hoc,
710 4921 865 4993 quod
892 4918 1266 4974 deeorticavit
1286 4935 1403 4988 eas,
1431 4924 1486 4973 et
1508 4920 1663 4975 unde
1685 4925 1879 4974 cortex
1903 4919 2065 4974 abla-

422 5019 515 5070 tus
546 5017 656 5077 est,
690 5009 909 5065 candor
938 5010 1227 5078 apparuit,
1261 5012 1317 5060 et
1352 5008 1447 5062 ubi
1468 5010 1771 5076 remansit,
1799 5009 2066 5065 viriditas

420 5101 603 5164 stetit,
636 5097 967 5154 ostenditur
999 5112 1163 5151 sacra
1192 5096 1490 5167 Scriptura
1523 5098 1733 5168 partim
1759 5097 2065 5168 allegorice

419 5204 550 5247 esse
581 5185 971 5251 discutienda,
1021 5184 1233 5257 partim
1293 5185 1547 5241 historiae
1590 5186 1886 5240 veneratio
1936 5203 2063 5241 ser-

416 5278 627 5334 vanda.
661 5276 802 5332 Ecce
833 5274 1077 5347 legitur:
1112 5275 1314 5343 Diliges
1349 5275 1637 5330 Dominum
1696 5275 1865 5330 Deum
1909 5283 2064 5331 tuum

491 5436 636 5508 (610)
668 5436 754 5492 Ab
785 5436 1023 5493 Hebraea
1078 5453 1213 5508 voce
1242 5434 1511 5508 icherub,
1557 5448 1691 5508 quae
1740 5432 2058 5508 aliquando

415 5503 667 5566 vitulum
696 5524 796 5563 seu
831 5509 1037 5564 bovem
1067 5507 1398 5566 signiﬁcat:
1458 5503 1611 5559 unde
1662 5504 1721 5558 in
1767 5503 2060 5562 Ezechiele

414 5598 454 5661 ι,
483 5580 575 5656 10,
607 5581 664 5637 et
691 5595 748 5650 x,
776 5581 866 5651 20,
898 5578 1079 5638 facies
1110 5574 1328 5636 cherub
1353 5580 1412 5635 et
1440 5574 1617 5635 facies
1665 5575 1829 5634 bovis
1877 5578 2059 5637 veluti

2180 4568 2446 4634 separata
2472 4564 2590 4618 fore
2613 4566 2782 4619 debet
2800 4565 3043 4620 scientia
3064 4585 3075 4633 ;
3100 4567 3240 4638 quia
3260 4568 3598 4625 ostenditse
3616 4568 3837 4624 habere

2181 4656 2552 4723 potestatem:
2586 4652 2730 4707 dixit
2758 4658 2952 4709 tamen
2985 4671 3046 4709 se
3077 4656 3278 4710 eadem
3329 4673 3443 4711 non
3500 4674 3704 4723 usum,
3752 4674 3831 4712 ne

2180 4741 2324 4795 forte
2355 4740 2649 4795 videretur
2679 4742 2769 4796 his
2803 4760 2913 4798 non
2948 4744 3229 4816 indigere,
3289 4746 3390 4800 sed
3420 4747 3623 4818 potius
3645 4747 3838 4802 abun-

2178 4830 2332 4885 dare.
2356 4830 2602 4899 Ideoque
2626 4832 2927 4901 subjunxit
2952 4848 2965 4888 :
2992 4834 3110 4887 Non
3134 4836 3331 4905 scripsi
3355 4842 3544 4889 autem
3559 4837 3700 4902 hac,
3717 4841 3835 4891 etc.

2178 4919 2352 4983 Quasi
2385 4919 2629 4974 diceret:
2668 4919 2742 4974 Ut
2770 4922 2923 4990 quod
2957 4921 3239 4977 hactenus
3274 4924 3493 4977 factum
3552 4942 3669 4980 non
3719 4928 3836 4993 est,

2176 5008 2449 5079 deinceps
2485 5010 2600 5063 ﬁat.
2631 5011 2995 5081 Quapropter
3024 5017 3079 5065 et
3131 5012 3426 5083 sequitur:
3484 5018 3704 5069 Bonum
3749 5018 3841 5069 est

2175 5098 2316 5152 mihi
2344 5100 2519 5165 magis
2551 5099 2707 5168 mori,
2739 5104 2846 5153 etc.
2902 5103 3016 5154 Hoc
3060 5100 3187 5155 ideo
3244 5100 3408 5170 dicit,
3461 5104 3607 5173 quia
3654 5103 3839 5158 etiam

2176 5192 2368 5241 mente
2410 5186 2762 5241 delibaverat
2818 5203 2879 5241 se
2930 5186 3074 5241 nihil
3125 5205 3158 5243 a
3206 5189 3330 5244 suis
3383 5191 3669 5263 accipere.
3704 5190 3841 5245 Ele-

2173 5278 2335 5344 gerat
2365 5273 2555 5344 potius
2589 5278 2835 5330 mortem
2862 5276 3055 5331 carnis
3087 5276 3402 5346 incurrere,
3436 5295 3620 5350 quam
3640 5284 3843 5334 Evan-

2172 5449 2494 5517 synonyma
2524 5433 2836 5517 habentur;
2871 5435 3189 5510 aliquando
3211 5438 3386 5495 etiam
3411 5437 3624 5498 fortem
3643 5443 3699 5498 et
3717 5455 3841 5515 po-

2171 5509 2390 5562 tentem
2423 5509 2714 5580 exprimit.
