4080 6174
220 309 322 374 369
760 299 1185 365 EXPOSITIO
1227 300 1308 362 IN
1358 298 1793 361 EPISTOLAS
1840 298 2101 361 PAULI.
2138 329 2215 342 —
2262 300 2342 360 1N
2387 298 2695 363 EPIST.I
2740 300 2845 361 AD
2892 299 3069 362 con.
3521 295 3641 362 370

214 440 403 518 gelium
431 434 633 492 venale
655 436 989 491 ostendere.
1025 435 1279 491 Gloriam
1301 450 1472 489 suam
1502 433 1668 488 illam
1693 433 1855 502 dicit,
1889 440 1941 507 Α
1985 439 2043 491 et
2074 436 2370 492 nutriebat
2400 453 2538 493 suos
2572 437 3011 505 auditores,non
3035 434 3227 493 solum
3253 431 3483 507 eos,qui
3517 449 3647 510 per-

214 546 368 606 quam
397 526 650 583 habebat
668 525 821 596 apud
848 525 1032 579 Deum
1063 541 1166 596 per
1184 524 1392 578 Jesum
1417 521 1865 593 christum,qua
1975 526 2126 581 versi
2159 530 2346 594 erant,
2377 527 2475 580 sed
2509 527 2685 581 etiam
2717 526 2850 581 illos
2883 526 2980 598 qui
3016 526 3163 599 pigri
3211 526 3286 582 ad
3318 525 3477 583 bona
3508 543 3644 601 ope-

215 619 464 679 omnibus
480 632 580 687 per
597 613 996 669 humilitatem
1013 613 1496 668 condescendens
1514 629 1577 666 se
1606 612 1863 667 similem

215 713 285 769 eis
314 705 608 764 reddebat.

272 796 575 869 Sequitur:
608 792 669 847 Si
701 794 1150 863 euangelizavero
1185 790 1599 861 (subauditur,
1636 791 1768 845 ideo
1803 796 1868 844 ut

216 890 309 945 hoc
335 886 417 940 ita
446 884 547 937 ﬁat
575 881 635 938 in
665 882 780 952 me)
832 898 944 935 non
977 890 1055 937 est
1087 880 1228 935 mihi
1257 880 1460 950 gloria.
1498 882 1695 943 Quare
1715 880 1743 934 ‘?
1779 881 1872 933 Ne-

211 978 412 1034 cessitas
442 974 589 1029 enim
620 971 760 1025 mihi
788 972 1047 1025 iscumbit
1076 971 1182 1024 hoc
1205 974 1439 1032 est,nnn
1482 968 1680 1024 habeo
1715 969 1873 1023 unde

213 1068 509 1124 sustentor.
545 1061 706 1115 Unde
763 1064 820 1114 et
852 1059 1195 1131 subjungit:
1255 1060 1341 1112 Va:
1374 1059 1522 1112 mihi
1553 1070 1654 1123 est,
1689 1060 1740 1111 si
1766 1074 1875 1112 non

209 1154 670 1226 wangetimvero:
698 1149 807 1203 hoc
830 1148 1098 1217 est,malo
1124 1163 1250 1201 meo
1275 1163 1391 1200 non
1420 1145 1872 1217 evangelizabo;

209 1245 328 1319 quia
355 1243 514 1297 fame
547 1238 875 1294 cruciabor.
912 1254 1027 1292 non
1059 1236 1280 1291 habens
1316 1236 1471 1289 unde
1506 1235 1729 1289 vivam.
1764 1236 1871 1289 Se-

209 1334 397 1408 quitur
422 1348 435 1385 :
459 1330 524 1385 Si
557 1330 708 1384 enim
738 1324 926 1382 volens
953 1323 1648 1395 evangeliravero,etc.His
1682 1324 1873 1379 verbis

208 1420 451 1480 ostendit
480 1417 737 1490 qualiter
764 1414 1282 1487 evangelizandum
1314 1415 1409 1479 sit,
1450 1413 1562 1467 hoc
1590 1413 1872 1483 est,quod

207 1510 378 1569 omnis
419 1509 554 1563 ﬁnis
578 1504 888 1576 Evangelio
912 1504 988 1559 sit
1016 1504 1484 1558 constituendus.
1527 1502 1697 1567 Quod
1733 1518 1869 1555 cum

210 1602 283 1667 ﬁt,
312 1596 647 1655 voluntaria
699 1598 791 1649 est
822 1592 1173 1665 praedicatio,
1207 1609 1385 1662 quam
1418 1596 1708 1662 sequetur
1745 1607 1873 1661 per-

211 1695 369 1763 petua
402 1682 829 1742 remuneratio.

1977 616 2230 670 randum
2260 633 2271 682 ;
2306 631 2611 686 quousque
2648 616 2717 670 ad
2768 616 2875 671 iter
2908 619 3253 687 provocaret
3306 613 3543 683 salutis,
3575 637 3651 677 ne

1981 704 2128 759 forte
2151 704 2360 761 acriter
2372 721 2432 758 se
2456 703 2782 775 increpatos
2796 703 3486 773 dolentes,scandalizati
3504 726 3658 769 rece-

1985 795 2208 849 derent.
2232 794 2299 848 Et
2319 792 2428 848 hoc
2451 794 2777 863 sciendum,
2803 795 2938 865 quia
2960 811 3074 849 non
3108 795 3291 866 quasi
3318 796 3659 860 simulando

1983 900 2065 947 se,
2100 883 2353 938 omnibus
2376 884 2564 937 omnia
2596 883 2812 937 factum
2838 884 2996 950 dicit,
3028 885 3183 955 quod
3213 890 3316 942 est
3352 890 3664 951 simulato-

1983 990 2114 1027 rum
2142 990 2155 1035 ;
2193 989 2306 1027 non
2341 972 2515 1026 etiam
2546 972 2883 1028 mentientis
2914 979 3064 1040 astu,
3100 975 3205 1029 sed
3234 983 3663 1052 compatientis

1985 1062 2195 1117 affectu
2226 1080 2238 1128 ;
2275 1078 2389 1116 non
2421 1060 2669 1115 aliorum
2720 1061 2874 1117 male.
2914 1063 3226 1128 imitando,
3262 1070 3370 1122 sed
3408 1069 3661 1125 aliorum

1986 1151 2252 1205 omnium
2270 1150 2440 1205 malis
2455 1151 2732 1205 omnibus
2745 1152 3239 1222 compatiendo,et
3254 1156 3660 1213 misericordis

1990 1239 2291 1294 medicinae
2324 1238 2611 1295 medelam
2645 1241 3031 1312 procurando.

2059 1328 2376 1405 Sequitur:
2437 1328 2627 1383 Factus
2682 1347 2810 1384 sum
2863 1329 3071 1386 Iudaeis
3103 1338 3367 1400 tanquam
3396 1333 3655 1405 Iudaeus,

1987 1420 2096 1471 etc.
2132 1404 2244 1471 Iste
2277 1417 2431 1471 enim
2465 1434 2581 1471 non
2630 1417 2944 1473 simulandi
3008 1418 3223 1486 studio,
3270 1421 3371 1475 sed
3405 1436 3655 1493 compa-

1986 1504 2168 1558 tiendi
2203 1504 2707 1574 aifectu,scrvabat
2728 1506 2893 1562 illam
2924 1507 3230 1579 antiquam
3262 1511 3650 1565 consuetudi-

1990 1610 2123 1647 nem
2144 1594 2575 1664 Judmorummt
2596 1594 2682 1650 vel
2712 1612 2836 1651 eam
2871 1597 3203 1652 ostenderet
3224 1614 3257 1651 a
3282 1598 3393 1651 Deo
3417 1596 3648 1668 datam,

1979 1684 2155 1752 juxta
2195 1681 2295 1737 Dei
2326 1682 2772 1754 dispositionem
2804 1701 2992 1756 usque
3018 1686 3089 1741 ad
3122 1690 3358 1758 tempus
3388 1684 3646 1756 praeﬁni-

271 1776 587 1849 Sequitur:
622 1774 683 1827 Si
716 1779 895 1826 autem
925 1771 1150 1835 invitus,
1192 1770 1534 1841 dispensatio
1566 1769 1712 1822 mihi
1757 1783 1875 1822 cre-
1912 1805 1958 1868 Β
1990 1775 2139 1841 tum,
2159 1770 2246 1825 vel
2278 1775 2431 1826 certe
2460 1790 2588 1827 eam
2621 1791 2654 1827 a
2686 1773 2987 1845 sacrilegis
3005 1778 3303 1844 separaret
3332 1772 3643 1845 gentilium

212 1868 318 1924 dita
344 1870 457 1922 est.
493 1865 562 1918 Et
610 1867 702 1917 est
758 1876 1010 1915 sensus:
1067 1859 1123 1912 Si
1176 1866 1413 1930 propter
1459 1856 1877 1912 necessitatem

218 1952 555 2028 temporalis
584 1952 718 2007 vitae
753 1947 1024 2020 praedico,
1075 1947 1435 2018 dispensatio
1480 1946 1627 2001 mihi
1661 1946 1881 2000 credita

220 2049 328 2112 est;
363 2043 511 2116 quia
532 2039 634 2095 alii
658 2054 763 2110 per
785 2053 879 2091 me
898 2036 1117 2091 bonum
1142 2052 1316 2091 suum
1341 2035 1661 2105 accipiunt,
1688 2034 1742 2087 id
1767 2037 1877 2099 est,

218 2131 617 2205 Evangelium,
652 2126 811 2200 quod
843 2129 1081 2179 amant:
1134 2129 1190 2179 et
1219 2140 1323 2196 ego
1355 2123 1631 2179 mercede
1662 2122 1876 2193 privor,

219 2222 361 2295 quod
392 2219 623 2276 malum
654 2215 825 2271 valde
846 2216 1040 2269 est.Ac
1074 2214 1255 2279 nefas,
1282 2217 1522 2285 propter
1545 2210 1881 2266 necessaria

212 2308 554 2384 temporalis
584 2307 737 2374 vitae,
765 2303 1022 2374 aliquem
1046 2304 1361 2374 praedicare
1388 2321 1400 2369 ;
1438 2302 1580 2374 quia
1601 2302 1727 2371 jam
1763 2316 1878 2353 non

214 2401 521 2473 praemium
554 2392 981 2466 evangelicum,
1016 2392 1113 2447 sed
1137 2393 1390 2463 pretium
1419 2388 1706 2461 quaeritur
1734 2406 1745 2443 :
1772 2404 1874 2442 ceu

212 2507 413 2547 servus
443 2486 681 2543 inutilis
708 2508 723 2552 ;
755 2482 912 2553 quod
936 2486 1167 2553 accepto
1195 2481 1409 2547 ofﬁcio,
1444 2476 1746 2534 conservis
1770 2493 1878 2532 an-

213 2595 424 2636 nonam
463 2575 694 2641 tribuit,
729 2576 785 2626 et
808 2571 930 2626 solo
961 2571 1087 2625 cibo
1110 2574 1445 2634 contentus,
1472 2567 1738 2622 mercede
1761 2564 1877 2636 pri-

209 2672 399 2724 vatur.
431 2665 808 2736 Quapropter
865 2659 1401 2731 evangelizandum.
1458 2673 1569 2711 non
1644 2659 1880 2726 propter

212 2753 574 2812 transitoria:
604 2752 737 2806 vita
769 2748 1117 2815 mercedem,
1151 2749 1251 2803 sed
1278 2752 1508 2802 aeternae
1542 2760 1878 2799 remunera-

210 2844 465 2900 tionem.
497 2844 570 2897 At
596 2855 734 2895 vero
782 2835 922 2908 quia
951 2835 1087 2891 alibi
1133 2852 1193 2891 se
1225 2833 1542 2905 Apostolus
1573 2833 1879 2901 dispensa-

208 2938 401 2989 torem
436 2932 503 2986 in
535 2932 688 2985 bono
720 2925 884 2990 dicit,
907 2928 964 2979 et
987 2923 1082 2977 hic
1103 2921 1603 2995 dispensationem
1635 2921 1694 2973 in
1730 2919 1881 2973 malo

204 3021 397 3095 ponit,
437 3036 515 3076 ne
536 3013 869 3075 contrarius
890 3012 979 3067 sui
1005 3011 1291 3079 videatur,
1317 3009 1624 3064 sciendum
1646 3011 1735 3095 est
1755 3023 1882 3061 esse

202 3094 486 3174 Servum,
519 3105 619 3179 qui
645 3102 857 3159 transit
876 3101 947 3155 ad
970 3099 1223 3154 ﬁliorum
1245 3097 1628 3169 optionem,et
1650 3094 1883 3148 illarum

1991 1859 2195 1913 sacris.
2233 1865 2361 1931 Ipse
2393 1861 2593 1928 etiam,
2631 1862 2881 1932 diligens
2912 1862 3243 1933 proximum
3276 1878 3452 1916 suum
3488 1866 3553 1916 ut
3581 1879 3644 1919 se

1991 1948 2209 2018 ipsum,
2241 1964 2354 2003 non
2382 1948 2638 2016 fallebat,
2665 1951 3033 2015 sed,omnino
3061 1966 3175 2004 non
3208 1948 3646 2020 fallens,preefa-

1995 2040 2118 2090 tam
2147 2036 2416 2091 servabat
2446 2038 2953 2101 consuetudinem,
2986 2040 3051 2091 ut
3080 2054 3176 2092 eos
3207 2037 3294 2092 vel
3326 2037 3397 2093 ab
3429 2037 3529 2093 illo
3560 2055 3645 2094 er-

1993 2141 2121 2179 rore
2153 2142 2268 2196 quo
2300 2125 2356 2179 in
2389 2125 2685 2180 Christum
2712 2142 2825 2179 non
2851 2124 3281 2190 credebant,vel
3305 2125 3376 2179 ab
3407 2124 3505 2179 illo
3526 2143 3641 2197 quo

1990 2212 2050 2267 in
2083 2211 2229 2283 legis
2260 2213 2619 2267 caeremoniis
2670 2229 2732 2268 se
2780 2213 3096 2283 sperabant
3134 2228 3376 2267 suorum
3408 2213 3640 2269 veniam

1988 2301 2266 2371 consequi
2297 2306 2691 2373 peccatorum,
2738 2303 2983 2356 erueret.
3041 2300 3319 2355 Servabat
3346 2300 3543 2369 etiam,
3576 2304 3644 2357 ut

1988 2404 2050 2443 se
2082 2390 2414 2445 ostenderet
2444 2407 2562 2445 non
2616 2390 2930 2445 abhorrere
2960 2405 3028 2443 ea
3056 2387 3380 2445 intentione
3434 2405 3555 2461 qua
3584 2393 3642 2446 et

1988 2476 2208 2532 Patres.
2242 2479 2347 2542 Qui
2407 2482 2599 2532 servat
2625 2478 2800 2532 etiam
2850 2476 3239 2532 intentionem
3274 2494 3389 2549 qua
3412 2478 3635 2546 Patres,

1990 2582 2107 2620 non
2138 2567 2369 2636 erat,ita
2400 2571 2619 2633 tamen,
2655 2571 2720 2620 ut
2747 2566 2805 2620 in
2838 2565 3200 2621 caeremoniis
3248 2566 3395 2638 legis
3425 2584 3543 2623 non
3575 2584 3638 2623 se

1989 2655 2185 2709 credat
2217 2672 2387 2726 posse
2411 2654 2936 2726 sanctiﬁcari,quia
2956 2655 3148 2711 omnis
3171 2655 3556 2711 sanctiﬁcatio
3576 2655 3639 2711 in

1989 2742 2217 2798 Christo
2251 2744 2400 2799 facta
2430 2748 2538 2799 est.
2592 2744 2736 2798 Ilinc
2767 2746 2855 2798 est
2896 2744 3051 2815 quod
3085 2760 3219 2800 cum
3250 2744 3465 2800 Iudaeis
3512 2761 3642 2801 scr-

1993 2847 2150 2896 vans,
2184 2848 2298 2886 non
2332 2848 2460 2885 eam
2492 2831 2745 2902 imponit
2785 2832 3136 2888 Gentilibus.

2062 2919 2376 2989 Sequitur:
2410 2921 2507 2973 [Iis
2538 2922 2632 2990 qui
2673 2919 2771 2973 sub
2804 2920 2915 2990 tege
2959 2926 3111 2988 sunt,
3143 2925 3287 2990 etc.,
3324 2938 3511 2993 usque
3543 2921 3643 2977 ubi

1993 3005 2130 3061 dicit
2158 3024 2169 3060 :
2205 3009 2400 3062 Factus
2429 3024 2551 3061 sum
2582 3008 2857 3076 inﬁrmus.
2890 3007 3039 3064 Dicit
3067 3009 3177 3065 hoc
3208 3028 3322 3066 non
3356 3011 3644 3066 mentien-

1992 3094 2069 3147 tis
2108 3098 2258 3160 astu,
2310 3095 2409 3149 sed
2471 3095 2880 3166 compatientis
2938 3096 3166 3153 ail‘ectu.
3227 3096 3378 3153 Illud
3411 3114 3646 3169 quoque

199 3163 443 3263 rerum,
471 3163 740 3266 'quarum
771 3194 861 3245 est
884 3187 1187 3253 Dominus,
1220 3163 1309 3241 est
1336 3189 1393 3238 et
1415 3163 1792 3237 distributor:
1827 3186 1882 3236 et
1911 3163 1954 3229 (ἶ
1992 3182 2316 3251 sciendum,
2343 3182 2483 3252 quia
2504 3163 2738 3238 fuerunt
2764 3184 3027 3240 nonnulli
3051 3186 3150 3257 qui
3182 3163 3455 3241 dixerunt
3476 3163 3645 3241 illum

187 3289 377 3359 juxta
402 3284 529 3338 hoc
548 3297 610 3335 se
636 3280 1102 3349 dispensatorem
1129 3273 1400 3328 dicit.Hic
1428 3288 1561 3325 vero
1583 3271 1885 3341 dispensa-

193 3375 446 3430 tionem
483 3367 547 3423 in
581 3366 734 3422 malo
770 3363 929 3431 dicit,
954 3365 1126 3434 juxta
1146 3362 1274 3429 hoc,
1300 3361 1453 3432 quod
1480 3360 1736 3414 rusticus
1766 3375 1885 3414 ser-

190 3479 304 3519 vus
339 3462 451 3516 est
479 3474 496 3511 :
535 3454 721 3511 servis
754 3452 1054 3507 ministrat
1092 3466 1406 3515 annonam,
1440 3447 1560 3502 solo
1592 3447 1719 3503 cibo
1749 3464 1885 3502 con-

192 3555 439 3607 tentus.
474 3544 644 3609 Quod
669 3540 1072 3613 sequitur,sub
1096 3536 1549 3609 interrogatione
1573 3535 1883 3607 legendum

194 3646 304 3707 est,
342 3640 413 3693 et
436 3629 867 3703 suspendenda
887 3632 979 3683 est
1000 3643 1127 3694 vox,
1153 3641 1461 3697 quousque
1484 3625 1729 3679 redditio
1762 3625 1880 3680 fiat.

197 3730 266 3784 Et
298 3730 373 3783 ut
409 3721 688 3794 apertius
718 3718 956 3784 clareat,
989 3716 1419 3787 interrogemus
1440 3713 1805 3784 Apostolum,
1830 3718 1886 3769 et

198 3818 501 3874 dicamus
530 3809 611 3865 :0
630 3805 922 3880 Apostole,
952 3821 1079 3877 quas
1102 3810 1190 3859 est
1210 3819 1434 3858 merces
1458 3807 1577 3867 tua,
1603 3803 1701 3873 qui
1724 3801 1881 3857 illam

202 3901 563 3961 mercedem
596 3913 711 3951 non
744 3894 980 3965 accipis,
1007 3909 1135 3963 quae
1169 3890 1300 3946 aliis
1321 3892 1511 3953 datur,
1545 3906 1656 3943 non
1688 3895 1884 3945 tamen

201 3994 454 4050 obeam
527 3982 1037 4058 praedicantibus?
1091 3978 1225 4043 Quae
1282 3979 1358 4033 sit
1413 3976 1786 4032 manifestat;
1824 3980 1889 4033 Ut

197 4083 543 4154 medicans
572 4073 956 4144 Evangelium.
989 4070 1111 4125 sine
1127 4076 1352 4139 sumptu
1378 4083 1601 4139 ponam,
1635 4065 1743 4121 hoc
1775 4072 1885 4132 est,

202 4170 543 4229 ostendam
574 4160 956 4233 Evangelium
992 4175 1106 4213 non
1139 4172 1267 4213 esse
1298 4159 1738 4226 sumptuosum,
1772 4171 1884 4210 non

201 4262 390 4316 etiam
428 4252 673 4312 venale.

271 4348 464 4406 Redit
502 4343 585 4400 ad
618 4342 966 4415 potestatem
1022 4339 1342 4407 acceptam,
1393 4348 1525 4387 cum
1571 4331 1741 4387 dicit:
1773 4332 1890 4387 Non

199 4440 411 4493 abutar
442 4434 729 4507 potestate
759 4443 882 4483 mea
927 4427 989 4481 in
1017 4424 1333 4495 Evangelia.
1389 4422 1508 4476 Non
1541 4421 1892 4476 abutebatur

202 4528 519 4599 potestate
544 4536 658 4577 sua
677 4518 735 4572 in
760 4514 1087 4588 Evangelio,
1120 4512 1178 4568 ul
1204 4510 1446 4567 liberius
1465 4509 1894 4599 corrigerentur
1923 4532 1969 4596 D

204 4598 570 4688 peccantes.
596 4606 868 4664 Ostendit
881 4604 1057 4659 etiam
1083 4618 1145 4658 se
1168 4601 1362 4673 ipsum
1385 4599 1715 4671 exemplum
1740 4598 1889 4667 illis;

204 4723 265 4761 ac
309 4706 363 4761 si
396 4702 682 4759 diceret:
735 4696 793 4751 In
837 4710 928 4749 me
955 4692 1161 4747 discite
1205 4689 1561 4761 exemplum,
1594 4689 1717 4759 qui,
1750 4705 1892 4758 quo-

206 4797 368 4852 niam
402 4786 706 4864 expedire
736 4800 852 4839 non
882 4780 1455 4852 intelligo,potestate
1488 4794 1617 4832 mea
1648 4794 1757 4832 non
1792 4778 1893 4833 ab-

205 4890 340 4940 utor
372 4884 441 4939 in
498 4874 862 4947 Evangelia:
916 4872 1000 4927 sic
1030 4876 1085 4925 et
1113 4886 1235 4937 vos,
1286 4869 1425 4940 quia
1478 4886 1593 4923 non
1626 4868 1893 4939 expedire

203 4970 589 5045 intelligiiis,
645 4962 911 5036 quamvis
994 4959 1215 5013 licitum
1268 4958 1363 5025 sit,
1424 4956 1747 5029 idolothyta
1776 4973 1890 5012 non

206 5058 586 5118 comedetis.

274 5151 436 5224 (611)
471 5141 810 5215 Sequitur:
843 5142 983 5195 Nam
1010 5152 1135 5191 cum
1166 5134 1305 5190 liber
1323 5149 1494 5224 essem
1522 5149 1592 5224 ea:
1618 5134 1890 5201 omnibus,

205 5221 317 5296 etc.
354 5239 553 5296 Liber
589 5234 735 5288 erat.
768 5229 920 5284 sicut
965 5224 1264 5295 Scriptura
1312 5223 1492 5278 dicit:
1544 5221 1800 5277 Omnium
1830 5238 1891 5277 se

203 5347 441 5388 servum
477 5322 635 5383 fecit
656 5336 671 5388 ;
695 5317 834 5391 quia
855 5333 954 5388 per
978 5311 1367 5370 humilitatem
1397 5312 1889 5381 condescendens,

208 5424 414 5476 mente
429 5432 502 5473 se
516 5408 806 5469 omnibus
818 5404 1066 5461 similem
1082 5401 1349 5459 reddidit.
1378 5402 1625 5457 Fovebat
1637 5418 1892 5473 namque

280 5633 446 5708 (611)
487 5630 562 5688 ln
603 5626 797 5695 autog.
829 5634 1016 5693 marg.
1049 5617 1133 5675 Ibi
1166 5615 1380 5689 legitur
1408 5631 1535 5688 cap.
1569 5615 1707 5671 XLI.

1998 3268 2272 3324 simulate
2301 3270 2360 3324 in
2394 3270 2611 3342 templo
2662 3272 3115 3341 sanctificatum,
3168 3277 3226 3329 et
3251 3274 3526 3329 Judaeum
3559 3274 3641 3328 fa-

1996 3358 2291 3412 ctum.Sed
2326 3358 2565 3414 omnino
2599 3377 2713 3415 non
2757 3365 2846 3416 est
2876 3362 3233 3418 credendum
3265 3363 3420 3435 quod
3468 3366 3644 3418 tantas

1996 3446 2362 3502 auctoritatis
2397 3446 2484 3501 vir
2514 3449 2734 3520 aliquid
2767 3449 3043 3507 simulate
3068 3452 3270 3524 egerit.
3302 3453 3411 3507 Sed
3444 3468 3510 3508 ea
3541 3469 3646 3507 au-

1994 3535 2259 3589 ctoritate
2290 3541 2347 3591 et
2374 3535 2724 3593 liberalitate
2756 3556 2875 3610 qua
2919 3539 3097 3596 dicit:
3132 3540 3497 3597 Circumcisus
3530 3542 3647 3596 ali-

1996 3626 2117 3694 quis
2158 3634 2373 3680 vocatus
2395 3641 2505 3681 non.
2538 3627 2778 3683 adducat
2805 3631 3142 3700 przeputium
3173 3629 3221 3700 (Ι
3238 3631 3361 3687 Gor.
3389 3647 3488 3696 vn,
3514 3630 3603 3701 18)
3633 3646 3647 3697 ;

1993 3712 2103 3767 hoc
2132 3718 2243 3778 est,
2294 3730 2406 3769 non
2461 3714 2599 3769 velit
2648 3716 2837 3771 vivere
2895 3721 2959 3770 ut
3008 3718 3417 3789 praeputiatus,
3447 3717 3505 3772 id
3538 3720 3649 3785 est,

1996 3818 2229 3855 carnem
2262 3803 2466 3858 nudati
2495 3805 2741 3858 membri
2758 3808 2976 3876 tegere,
3001 3810 3057 3859 et
3081 3805 3139 3859 in
3172 3806 3460 3877 praeputio
3485 3821 3651 3860 voca-

2000 3893 2092 3943 tus
2124 3906 2238 3943 non
2261 3889 2400 3944 velit
2418 3890 2609 3945 vivere
2633 3896 2696 3945 ut
2717 3892 3101 3946 circumcisus
3128 3909 3140 3946 :
3161 3909 3224 3947 se
3245 3909 3481 3963 quoque
3505 3892 3652 3947 dixit

1996 3975 2213 4032 Judaais
2241 3977 2511 4032 Judaeum
2560 3979 2801 4044 factum,
2855 3984 2913 4034 et
2943 3978 3216 4049 gentibus
3246 3978 3547 4050 gentilem.
3580 3979 3649 4033 Et

1998 4065 2108 4119 hoc
2126 4066 2474 4134 notandum,
2499 4065 2633 4136 quia
2651 4066 2839 4138 legem
2863 4065 2963 4119 Dei
2990 4068 3047 4120 et
3066 4065 3427 4134 Christi,non
3450 4070 3648 4122 tamen

2000 4158 2063 4209 ut
2092 4153 2207 4209 alia
2236 4154 2333 4224 sit,
2390 4154 2543 4209 sicut
2601 4155 2958 4211 Manichacus
2991 4154 3090 4222 ait,
3124 4157 3226 4211 sed
3278 4172 3477 4212 unam.
3500 4155 3653 4212 Dicit

1998 4243 2171 4299 etiam
2206 4242 2263 4297 in
2296 4241 2440 4315 lege,
2471 4243 2581 4299 sub
2630 4243 2757 4317 lege
2801 4250 2856 4299 et
2888 4244 3014 4300 sine
3042 4243 3205 4316 lege;
3239 4250 3297 4302 et
3326 4245 3485 4302 aliud
3517 4245 3650 4316 hoc,

1999 4331 2157 4387 aliud
2192 4331 2336 4386 illud
2368 4331 2615 4405 intelligi
2662 4333 2811 4389 vult.
2875 4334 2997 4389 Sub
3029 4333 3156 4406 lege
3209 4339 3298 4390 est
3328 4335 3520 4391 carnis
3549 4335 3652 4390 Ju-

2000 4422 2178 4487 daeus,
2216 4421 2273 4475 in
2309 4420 2434 4493 lege
2456 4425 2544 4477 est
2565 4421 3041 4490 catholicus,sine
3062 4421 3187 4493 lege
3209 4421 3456 4494 quilibet
3475 4438 3653 4495 paga-

2007 4528 2116 4565 nus
2132 4509 2761 4583 gentilis.Quapropter
2778 4510 2859 4565 illi
2874 4511 2972 4582 qui
2988 4510 3189 4565 dicunt
3212 4511 3366 4583 quod
3381 4510 3657 4567 simulate

2006 4600 2064 4654 in
2098 4598 2319 4671 templo
2352 4616 2413 4655 se
2445 4599 2849 4665 sanctiﬁcavit,
2874 4602 2929 4652 et
2950 4598 3218 4653 Judaeum
3269 4598 3652 4671 simulaverit,

2004 4690 2201 4743 dicant
2228 4691 2285 4743 et
2314 4689 2445 4742 ﬁcte
2494 4689 2647 4743 idolo
2671 4687 3055 4755 sacrificasse,
3082 4691 3148 4742 ut
3176 4705 3237 4743 se
3275 4687 3548 4758 gentilem
3580 4687 3656 4743 si-

2008 4778 2275 4844 mularet,
2309 4776 2409 4848 qui
2441 4794 2556 4831 non
2606 4775 2796 4831 solum
2843 4792 2956 4831 non
3010 4776 3289 4843 adoravit,
3321 4778 3423 4833 sed
3456 4776 3653 4849 potius
3750 4803 3760 4814 ·

2003 4866 2349 4921 detestando
2383 4866 2454 4919 ad
2490 4864 2747 4936 palmam
2782 4866 3043 4938 martyrii
3075 4866 3353 4938 pervenit.
3387 4865 3535 4940 Ergo
3567 4864 3649 4917 fa-

2004 4960 2134 5011 ctus
2167 4959 2254 5009 est
2294 4954 2533 5009 Judaeus
2563 4954 2797 5021 Judaeis,
2832 4961 2888 5008 et
2939 4954 3214 5026 gentibus
3244 4954 3501 5027 gentilis,
3532 4967 3649 5006 non

2004 5042 2341 5098 mentientis
2372 5047 2526 5106 astu,
2565 5043 2664 5098 sed
2694 5042 3104 5114 compatientis
3134 5039 3508 5111 ati'ectu,quia
3528 5036 3655 5092 illo-

2003 5149 2133 5187 rum
2167 5130 2431 5187 omnium
2454 5147 2708 5187 errorem
2737 5136 2793 5187 et
2816 5132 3132 5187 caecitatem
3166 5127 3332 5200 quasi
3355 5127 3649 5199 propriam

2001 5222 2289 5276 tractabat
2318 5226 2373 5275 et
2393 5221 2803 5276 considerabat
2828 5246 2841 5286 ;
2865 5225 2922 5276 et
2944 5221 3024 5275 ita
3049 5219 3131 5273 eis
3154 5213 3464 5272 subvenire
3493 5220 3652 5288 opta-

2003 5310 2103 5365 bat
2132 5327 2233 5365 ceu
2268 5310 2378 5365 sibi
2409 5309 2599 5375 vellet,
2625 5310 2672 5365 si
2698 5310 2756 5363 in
2789 5309 2872 5363 eis
2903 5309 3024 5380 ipse
3050 5305 3423 5360 detineretur.
3459 5305 3650 5362 Sanus

2004 5416 2259 5471 namque
2283 5399 2534 5456 deservit
2556 5395 2865 5467 infirmo,si
2888 5397 3013 5467 ejus
3034 5392 3436 5450 infirmitatem
3462 5394 3649 5452 consi-
