  <div class='ocr_page' id='page_1' title='image "/cluster/home/n/w/nwhite01/storage/ocr_20150623/134/hvd.32044023361702/191.png"; bbox 0 0 4080 6174; ppageno 0'>
   <div class='ocr_carea' id='block_1_1' title="bbox 359 246 476 308">
    <p class='ocr_par' dir='ltr' id='par_1_1' title="bbox 359 246 476 308">
     <span class='ocr_line' id='line_1_1' title="bbox 359 246 476 308; baseline -0.017 -1"><span class='ocrx_word' id='word_1_1' title='bbox 359 246 476 308; x_wconf 84' lang='grc'>371</span> 
     </span>
    </p>
   </div>
   <div class='ocr_carea' id='block_1_2' title="bbox 1381 227 2752 301">
    <p class='ocr_par' dir='ltr' id='par_1_2' title="bbox 1381 227 2752 301">
     <span class='ocr_line' id='line_1_2' title="bbox 1381 227 2752 301; baseline -0.008 -2"><span class='ocrx_word' id='word_1_2' title='bbox 1381 237 1717 301; x_wconf 83' lang='lat' dir='ltr'>ATTONIS</span> <span class='ocrx_word' id='word_1_3' title='bbox 1763 231 2354 298; x_wconf 78' lang='lat' dir='ltr'>VEHCELLENSIS</span> <span class='ocrx_word' id='word_1_4' title='bbox 2399 227 2752 290; x_wconf 82' lang='lat' dir='ltr'>EPISCOPI</span> 
     </span>
    </p>
   </div>
   <div class='ocr_carea' id='block_1_3' title="bbox 3655 223 3773 310">
    <p class='ocr_par' dir='ltr' id='par_1_3' title="bbox 3655 223 3773 310">
     <span class='ocr_line' id='line_1_3' title="bbox 3655 223 3773 310; baseline -0.017 -28"><span class='ocrx_word' id='word_1_5' title='bbox 3655 223 3773 310; x_wconf 74' lang='lat' dir='ltr'>37s</span> 
     </span>
    </p>
   </div>
   <div class='ocr_carea' id='block_1_4' title="bbox 367 347 3779 448">
    <p class='ocr_par' dir='ltr' id='par_1_4' title="bbox 367 347 3779 448">
     <span class='ocr_line' id='line_1_4' title="bbox 367 347 3779 448; baseline -0.008 -10"><span class='ocrx_word' id='word_1_6' title='bbox 367 381 530 438; x_wconf 83' lang='lat' dir='ltr'>deret</span> <span class='ocrx_word' id='word_1_7' title='bbox 560 382 625 435; x_wconf 87' lang='lat' dir='ltr'>ut</span> <span class='ocrx_word' id='word_1_8' title='bbox 656 394 847 448; x_wconf 89' lang='lat' dir='ltr'>suam,</span> <span class='ocrx_word' id='word_1_9' title='bbox 879 380 935 432; x_wconf 90' lang='lat' dir='ltr'>et</span> <span class='ocrx_word' id='word_1_10' title='bbox 963 374 1044 433; x_wconf 91' lang='lat' dir='ltr'>ita</span> <span class='ocrx_word' id='word_1_11' title='bbox 1074 375 1302 439; x_wconf 80' lang='lat' dir='ltr'>serviat,</span> <span class='ocrx_word' id='word_1_12' title='bbox 1332 373 1486 428; x_wconf 84' lang='lat' dir='ltr'>sicut</span> <span class='ocrx_word' id='word_1_13' title='bbox 1516 372 1626 426; x_wconf 88' lang='lat' dir='ltr'>sibi</span> <span class='ocrx_word' id='word_1_14' title='bbox 1657 371 1848 435; x_wconf 86' lang='lat' dir='ltr'>vellet,</span> <span class='ocrx_word' id='word_1_15' title='bbox 1877 368 2004 422; x_wconf 89' lang='lat' dir='ltr'>siin</span> <span class='ocrx_word' id='word_1_16' title='bbox 2037 370 2086 432; x_wconf 73' lang='grc' dir='ltr'><strong>Α</strong></span> <span class='ocrx_word' id='word_1_17' title='bbox 2123 383 2222 420; x_wconf 91' lang='lat' dir='ltr'>rus</span> <span class='ocrx_word' id='word_1_18' title='bbox 2252 370 2396 432; x_wconf 87' lang='lat' dir='ltr'>erat,</span> <span class='ocrx_word' id='word_1_19' title='bbox 2421 365 2490 420; x_wconf 88' lang='lat' dir='ltr'>ab</span> <span class='ocrx_word' id='word_1_20' title='bbox 2517 361 2792 418; x_wconf 91' lang='lat' dir='ltr'>omnibus</span> <span class='ocrx_word' id='word_1_21' title='bbox 2813 359 2962 417; x_wconf 81' lang='lat' dir='ltr'><strong>escis</strong></span> <span class='ocrx_word' id='word_1_22' title='bbox 2989 347 3116 431; x_wconf 71' lang='lat' dir='ltr'>quas</span> <span class='ocrx_word' id='word_1_23' title='bbox 3139 357 3265 429; x_wconf 84' lang='lat' dir='ltr'>ejus</span> <span class='ocrx_word' id='word_1_24' title='bbox 3291 359 3584 412; x_wconf 80' lang='lat' dir='ltr'>certamen</span> <span class='ocrx_word' id='word_1_25' title='bbox 3609 359 3779 448; x_wconf 82' lang='lat' dir='ltr'>pote-</span> 
     </span>
    </p>
   </div>
   <div class='ocr_carea' id='block_1_5' title="bbox 368 461 2009 531">
    <p class='ocr_par' dir='ltr' id='par_1_5' title="bbox 368 461 2009 531">
     <span class='ocr_line' id='line_1_5' title="bbox 368 461 2009 531; baseline -0.009 -6"><span class='ocrx_word' id='word_1_26' title='bbox 368 488 436 527; x_wconf 91' lang='lat' dir='ltr'>ea</span> <span class='ocrx_word' id='word_1_27' title='bbox 466 475 661 525; x_wconf 88' lang='lat' dir='ltr'>tentus</span> <span class='ocrx_word' id='word_1_28' title='bbox 693 467 998 522; x_wconf 89' lang='lat' dir='ltr'>esset.Non</span> <span class='ocrx_word' id='word_1_29' title='bbox 1036 461 1390 531; x_wconf 89' lang='lat' dir='ltr'>mentitur,si</span> <span class='ocrx_word' id='word_1_30' title='bbox 1419 479 1480 516; x_wconf 87' lang='lat' dir='ltr'>se</span> <span class='ocrx_word' id='word_1_31' title='bbox 1512 463 1667 515; x_wconf 87' lang='lat' dir='ltr'>dicat</span> <span class='ocrx_word' id='word_1_32' title='bbox 1689 461 2009 513; x_wconf 84' lang='lat' dir='ltr'>inlirmum.</span> 
     </span>
    </p>
   </div>
   <div class='ocr_carea' id='block_1_6' title="bbox 371 546 2014 627">
    <p class='ocr_par' dir='ltr' id='par_1_6' title="bbox 371 546 2014 627">
     <span class='ocr_line' id='line_1_6' title="bbox 371 546 2014 627; baseline -0.009 -13"><span class='ocrx_word' id='word_1_33' title='bbox 371 553 645 614; x_wconf 89' lang='lat' dir='ltr'>Nonnulli</span> <span class='ocrx_word' id='word_1_34' title='bbox 681 555 841 611; x_wconf 90' lang='lat' dir='ltr'>fuere</span> <span class='ocrx_word' id='word_1_35' title='bbox 874 557 973 627; x_wconf 89' lang='lat' dir='ltr'>qui</span> <span class='ocrx_word' id='word_1_36' title='bbox 1023 555 1294 609; x_wconf 87' lang='lat' dir='ltr'>dixerunt</span> <span class='ocrx_word' id='word_1_37' title='bbox 1343 550 1508 605; x_wconf 85' lang='lat' dir='ltr'>illum</span> <span class='ocrx_word' id='word_1_38' title='bbox 1549 566 1609 605; x_wconf 93' lang='lat' dir='ltr'>se</span> <span class='ocrx_word' id='word_1_39' title='bbox 1639 549 1854 603; x_wconf 83' lang='lat' dir='ltr'>dixisse</span> <span class='ocrx_word' id='word_1_40' title='bbox 1885 546 2014 600; x_wconf 89' lang='lat' dir='ltr'>ideo</span> 
     </span>
    </p>
   </div>
   <div class='ocr_carea' id='block_1_7' title="bbox 366 635 2016 719">
    <p class='ocr_par' dir='ltr' id='par_1_7' title="bbox 366 635 2016 719">
     <span class='ocr_line' id='line_1_7' title="bbox 366 635 2016 719; baseline -0.007 -19"><span class='ocrx_word' id='word_1_41' title='bbox 366 643 918 719; x_wconf 87' lang='lat' dir='ltr'>gentilibusfactum</span> <span class='ocrx_word' id='word_1_42' title='bbox 942 640 1384 714; x_wconf 87' lang='lat' dir='ltr'>gentilem,quia</span> <span class='ocrx_word' id='word_1_43' title='bbox 1405 638 1774 694; x_wconf 71' lang='lat' dir='ltr'>consentiens</span> <span class='ocrx_word' id='word_1_44' title='bbox 1798 635 1904 690; x_wconf 84' lang='lat' dir='ltr'>fuit</span> <span class='ocrx_word' id='word_1_45' title='bbox 1926 651 2016 689; x_wconf 90' lang='lat' dir='ltr'>se-</span> 
     </span>
    </p>
   </div>
   <div class='ocr_carea' id='block_1_8' title="bbox 371 723 2018 804">
    <p class='ocr_par' dir='ltr' id='par_1_8' title="bbox 371 723 2018 804">
     <span class='ocr_line' id='line_1_8' title="bbox 371 723 2018 804; baseline -0.007 -16"><span class='ocrx_word' id='word_1_46' title='bbox 371 733 632 789; x_wconf 91' lang='lat' dir='ltr'>cundum</span> <span class='ocrx_word' id='word_1_47' title='bbox 691 731 1157 804; x_wconf 89' lang='lat' dir='ltr'>philosophicam</span> <span class='ocrx_word' id='word_1_48' title='bbox 1206 728 1578 800; x_wconf 91' lang='lat' dir='ltr'>disciplinam</span> <span class='ocrx_word' id='word_1_49' title='bbox 1633 723 2018 798; x_wconf 84' lang='lat' dir='ltr'>philosophis,</span> 
     </span>
    </p>
   </div>
   <div class='ocr_carea' id='block_1_9' title="bbox 367 816 2018 895">
    <p class='ocr_par' dir='ltr' id='par_1_9' title="bbox 367 816 2018 895">
     <span class='ocr_line' id='line_1_9' title="bbox 367 816 2018 895; baseline -0.006 -18"><span class='ocrx_word' id='word_1_50' title='bbox 367 821 692 895; x_wconf 65' lang='lat' dir='ltr'>praedicans</span> <span class='ocrx_word' id='word_1_51' title='bbox 725 821 1011 875; x_wconf 88' lang='lat' dir='ltr'>mundum</span> <span class='ocrx_word' id='word_1_52' title='bbox 1035 823 1192 872; x_wconf 87' lang='lat' dir='ltr'>aDeo</span> <span class='ocrx_word' id='word_1_53' title='bbox 1229 818 1536 885; x_wconf 84' lang='lat' dir='ltr'>factum,et</span> <span class='ocrx_word' id='word_1_54' title='bbox 1568 816 1795 870; x_wconf 89' lang='lat' dir='ltr'>animas</span> <span class='ocrx_word' id='word_1_55' title='bbox 1819 828 2018 884; x_wconf 91' lang='lat' dir='ltr'>perpe-</span> 
     </span>
    </p>
   </div>
   <div class='ocr_carea' id='block_1_10' title="bbox 367 902 2020 977">
    <p class='ocr_par' dir='ltr' id='par_1_10' title="bbox 367 902 2020 977">
     <span class='ocr_line' id='line_1_10' title="bbox 367 902 2020 977; baseline -0.007 -11"><span class='ocrx_word' id='word_1_56' title='bbox 367 915 521 976; x_wconf 87' lang='lat' dir='ltr'>tuas,</span> <span class='ocrx_word' id='word_1_57' title='bbox 548 914 603 964; x_wconf 90' lang='lat' dir='ltr'>et</span> <span class='ocrx_word' id='word_1_58' title='bbox 621 907 1062 963; x_wconf 88' lang='lat' dir='ltr'>hominesillius</span> <span class='ocrx_word' id='word_1_59' title='bbox 1080 923 1208 961; x_wconf 90' lang='lat' dir='ltr'>esse</span> <span class='ocrx_word' id='word_1_60' title='bbox 1231 923 1414 977; x_wconf 87' lang='lat' dir='ltr'>genus</span> <span class='ocrx_word' id='word_1_61' title='bbox 1442 904 1672 971; x_wconf 89' lang='lat' dir='ltr'>;etideo</span> <span class='ocrx_word' id='word_1_62' title='bbox 1700 902 2020 958; x_wconf 90' lang='lat' dir='ltr'>fueritcon-</span> 
     </span>
    </p>
   </div>
   <div class='ocr_carea' id='block_1_11' title="bbox 371 991 2005 1067">
    <p class='ocr_par' dir='ltr' id='par_1_11' title="bbox 371 991 2005 1067">
     <span class='ocr_line' id='line_1_11' title="bbox 371 991 2005 1067; baseline -0.007 -13"><span class='ocrx_word' id='word_1_63' title='bbox 371 998 631 1054; x_wconf 85' lang='lat' dir='ltr'>sentiens</span> <span class='ocrx_word' id='word_1_64' title='bbox 650 1002 712 1051; x_wconf 92' lang='lat' dir='ltr'>ut</span> <span class='ocrx_word' id='word_1_65' title='bbox 727 1013 825 1051; x_wconf 91' lang='lat' dir='ltr'>eos</span> <span class='ocrx_word' id='word_1_66' title='bbox 845 1012 1155 1067; x_wconf 83' lang='lat' dir='ltr'>provocare</span> <span class='ocrx_word' id='word_1_67' title='bbox 1169 999 1366 1066; x_wconf 88' lang='lat' dir='ltr'>posset</span> <span class='ocrx_word' id='word_1_68' title='bbox 1385 994 1452 1049; x_wconf 89' lang='lat' dir='ltr'>ad</span> <span class='ocrx_word' id='word_1_69' title='bbox 1473 994 1644 1047; x_wconf 78' lang='lat' dir='ltr'>{idem</span> <span class='ocrx_word' id='word_1_70' title='bbox 1659 991 1870 1046; x_wconf 89' lang='lat' dir='ltr'>Christi</span> <span class='ocrx_word' id='word_1_71' title='bbox 1887 1007 2005 1060; x_wconf 83' lang='lat' dir='ltr'>qua</span> 
     </span>
    </p>
   </div>
   <div class='ocr_carea' id='block_1_12' title="bbox 373 1078 2027 1156">
    <p class='ocr_par' dir='ltr' id='par_1_12' title="bbox 373 1078 2027 1156">
     <span class='ocr_line' id='line_1_12' title="bbox 373 1078 2027 1156; baseline -0.005 -15"><span class='ocrx_word' id='word_1_72' title='bbox 373 1091 544 1142; x_wconf 89' lang='lat' dir='ltr'>tenus</span> <span class='ocrx_word' id='word_1_73' title='bbox 559 1084 1275 1156; x_wconf 88' lang='lat' dir='ltr'>crederenteumjudicem</span> <span class='ocrx_word' id='word_1_74' title='bbox 1294 1083 1560 1137; x_wconf 86' lang='lat' dir='ltr'>omnium</span> <span class='ocrx_word' id='word_1_75' title='bbox 1576 1100 1609 1136; x_wconf 89' lang='lat' dir='ltr'>a</span> <span class='ocrx_word' id='word_1_76' title='bbox 1628 1083 1735 1136; x_wconf 86' lang='lat' dir='ltr'>Deo</span> <span class='ocrx_word' id='word_1_77' title='bbox 1751 1078 2027 1134; x_wconf 89' lang='lat' dir='ltr'>constitu-</span> 
     </span>
    </p>
   </div>
   <div class='ocr_carea' id='block_1_13' title="bbox 374 1167 2026 1244">
    <p class='ocr_par' dir='ltr' id='par_1_13' title="bbox 374 1167 2026 1244">
     <span class='ocr_line' id='line_1_13' title="bbox 374 1167 2026 1244; baseline -0.005 -15"><span class='ocrx_word' id='word_1_78' title='bbox 374 1180 500 1229; x_wconf 90' lang='lat' dir='ltr'>tum</span> <span class='ocrx_word' id='word_1_79' title='bbox 518 1191 530 1229; x_wconf 74' lang='grc' dir='ltr'>ε</span> <span class='ocrx_word' id='word_1_80' title='bbox 549 1180 606 1228; x_wconf 93' lang='lat' dir='ltr'>et</span> <span class='ocrx_word' id='word_1_81' title='bbox 633 1174 804 1229; x_wconf 85' lang='lat' dir='ltr'>sicuti</span> <span class='ocrx_word' id='word_1_82' title='bbox 820 1174 956 1229; x_wconf 89' lang='lat' dir='ltr'>hinc</span> <span class='ocrx_word' id='word_1_83' title='bbox 970 1173 1166 1228; x_wconf 83' lang='lat' dir='ltr'>omnia</span> <span class='ocrx_word' id='word_1_84' title='bbox 1184 1173 1485 1244; x_wconf 83' lang='lat' dir='ltr'>superiora</span> <span class='ocrx_word' id='word_1_85' title='bbox 1505 1171 1786 1242; x_wconf 90' lang='lat' dir='ltr'>pendent;</span> <span class='ocrx_word' id='word_1_86' title='bbox 1804 1185 1960 1240; x_wconf 86' lang='lat' dir='ltr'>ergo,</span> <span class='ocrx_word' id='word_1_87' title='bbox 1978 1167 2026 1222; x_wconf 90' lang='lat' dir='ltr'>si</span> 
     </span>
    </p>
   </div>
   <div class='ocr_carea' id='block_1_14' title="bbox 370 1259 2025 1334">
    <p class='ocr_par' dir='ltr' id='par_1_14' title="bbox 370 1259 2025 1334">
     <span class='ocr_line' id='line_1_14' title="bbox 370 1259 2025 1334; baseline -0.004 -16"><span class='ocrx_word' id='word_1_88' title='bbox 370 1264 485 1318; x_wconf 90' lang='lat' dir='ltr'>hoc</span> <span class='ocrx_word' id='word_1_89' title='bbox 499 1279 697 1334; x_wconf 88' lang='lat' dir='ltr'>verum</span> <span class='ocrx_word' id='word_1_90' title='bbox 717 1262 1000 1330; x_wconf 87' lang='lat' dir='ltr'>est,etilla</span> <span class='ocrx_word' id='word_1_91' title='bbox 1018 1279 1131 1317; x_wconf 90' lang='lat' dir='ltr'>non</span> <span class='ocrx_word' id='word_1_92' title='bbox 1147 1261 1365 1316; x_wconf 84' lang='lat' dir='ltr'>habent</span> <span class='ocrx_word' id='word_1_93' title='bbox 1378 1259 2025 1321; x_wconf 87' lang='lat' dir='ltr'>mendacium.Quomo-</span> 
     </span>
    </p>
   </div>
   <div class='ocr_carea' id='block_1_15' title="bbox 374 1347 2027 1422">
    <p class='ocr_par' dir='ltr' id='par_1_15' title="bbox 374 1347 2027 1422">
     <span class='ocr_line' id='line_1_15' title="bbox 374 1347 2027 1422; baseline -0.005 -15"><span class='ocrx_word' id='word_1_94' title='bbox 374 1352 448 1407; x_wconf 93' lang='lat' dir='ltr'>do</span> <span class='ocrx_word' id='word_1_95' title='bbox 468 1367 649 1406; x_wconf 89' lang='lat' dir='ltr'>sanus</span> <span class='ocrx_word' id='word_1_96' title='bbox 668 1351 936 1405; x_wconf 72' lang='lat' dir='ltr'>infirmus</span> <span class='ocrx_word' id='word_1_97' title='bbox 956 1367 1058 1422; x_wconf 91' lang='lat' dir='ltr'>pro</span> <span class='ocrx_word' id='word_1_98' title='bbox 1085 1350 1318 1404; x_wconf 82' lang='lat' dir='ltr'>infirmo</span> <span class='ocrx_word' id='word_1_99' title='bbox 1342 1350 1462 1418; x_wconf 80' lang='lat' dir='ltr'>ﬁat,</span> <span class='ocrx_word' id='word_1_100' title='bbox 1479 1365 1658 1419; x_wconf 84' lang='lat' dir='ltr'>supra</span> <span class='ocrx_word' id='word_1_101' title='bbox 1679 1347 1901 1400; x_wconf 90' lang='lat' dir='ltr'>dictum</span> <span class='ocrx_word' id='word_1_102' title='bbox 1920 1349 2027 1399; x_wconf 90' lang='lat' dir='ltr'>est.</span> 
     </span>
    </p>
   </div>
   <div class='ocr_carea' id='block_1_16' title="bbox 375 1433 2030 1510">
    <p class='ocr_par' dir='ltr' id='par_1_16' title="bbox 375 1433 2030 1510">
     <span class='ocr_line' id='line_1_16' title="bbox 375 1433 2030 1510; baseline -0.005 -16"><span class='ocrx_word' id='word_1_103' title='bbox 375 1439 600 1495; x_wconf 79' lang='lat' dir='ltr'>Infirmi</span> <span class='ocrx_word' id='word_1_104' title='bbox 631 1439 1204 1510; x_wconf 86' lang='lat' dir='ltr'>nempeCorinthiiin</span> <span class='ocrx_word' id='word_1_105' title='bbox 1233 1437 1841 1500; x_wconf 85' lang='lat' dir='ltr'>nonnullis,eteorum</span> <span class='ocrx_word' id='word_1_106' title='bbox 1867 1433 2030 1488; x_wconf 89' lang='lat' dir='ltr'>simi-</span> 
     </span>
    </p>
   </div>
   <div class='ocr_carea' id='block_1_17' title="bbox 376 1521 2028 1599">
    <p class='ocr_par' dir='ltr' id='par_1_17' title="bbox 376 1521 2028 1599">
     <span class='ocr_line' id='line_1_17' title="bbox 376 1521 2028 1599; baseline -0.005 -17"><span class='ocrx_word' id='word_1_107' title='bbox 376 1527 809 1584; x_wconf 82' lang='lat' dir='ltr'>les.InIirmitss</span> <span class='ocrx_word' id='word_1_108' title='bbox 843 1527 1103 1599; x_wconf 90' lang='lat' dir='ltr'>Apostoli</span> <span class='ocrx_word' id='word_1_109' title='bbox 1151 1532 1293 1593; x_wconf 88' lang='lat' dir='ltr'>erat,</span> <span class='ocrx_word' id='word_1_110' title='bbox 1342 1527 1478 1598; x_wconf 84' lang='lat' dir='ltr'>quia</span> <span class='ocrx_word' id='word_1_111' title='bbox 1514 1542 1627 1579; x_wconf 93' lang='lat' dir='ltr'>non</span> <span class='ocrx_word' id='word_1_112' title='bbox 1661 1525 1934 1578; x_wconf 83' lang='lat' dir='ltr'>utebatur</span> <span class='ocrx_word' id='word_1_113' title='bbox 1961 1521 2028 1575; x_wconf 91' lang='lat' dir='ltr'>li-</span> 
     </span>
    </p>
   </div>
   <div class='ocr_carea' id='block_1_18' title="bbox 379 1610 2031 1688">
    <p class='ocr_par' dir='ltr' id='par_1_18' title="bbox 379 1610 2031 1688">
     <span class='ocr_line' id='line_1_18' title="bbox 379 1610 2031 1688; baseline -0.005 -16"><span class='ocrx_word' id='word_1_114' title='bbox 379 1616 494 1672; x_wconf 89' lang='lat' dir='ltr'>cita</span> <span class='ocrx_word' id='word_1_115' title='bbox 525 1615 825 1688; x_wconf 88' lang='lat' dir='ltr'>potestale.</span> <span class='ocrx_word' id='word_1_116' title='bbox 857 1616 1002 1680; x_wconf 91' lang='lat' dir='ltr'>Quid</span> <span class='ocrx_word' id='word_1_117' title='bbox 1026 1617 1182 1671; x_wconf 91' lang='lat' dir='ltr'>enim</span> <span class='ocrx_word' id='word_1_118' title='bbox 1209 1615 1506 1669; x_wconf 79' lang='lat' dir='ltr'>infirmius</span> <span class='ocrx_word' id='word_1_119' title='bbox 1530 1629 1706 1684; x_wconf 88' lang='lat' dir='ltr'>quam</span> <span class='ocrx_word' id='word_1_120' title='bbox 1733 1617 1920 1666; x_wconf 86' lang='lat' dir='ltr'>artem</span> <span class='ocrx_word' id='word_1_121' title='bbox 1945 1610 2031 1664; x_wconf 89' lang='lat' dir='ltr'>di-</span> 
     </span>
    </p>
   </div>
   <div class='ocr_carea' id='block_1_19' title="bbox 2125 441 3780 523">
    <p class='ocr_par' dir='ltr' id='par_1_19' title="bbox 2125 441 3780 523">
     <span class='ocr_line' id='line_1_19' title="bbox 2125 441 3780 523; baseline -0.007 -17"><span class='ocrx_word' id='word_1_122' title='bbox 2125 457 2254 506; x_wconf 87' lang='lat' dir='ltr'>rant.</span> <span class='ocrx_word' id='word_1_123' title='bbox 2287 452 2569 523; x_wconf 89' lang='lat' dir='ltr'>impedire</span> <span class='ocrx_word' id='word_1_124' title='bbox 2591 450 2935 505; x_wconf 85' lang='lat' dir='ltr'>abstinebat.</span> <span class='ocrx_word' id='word_1_125' title='bbox 2969 447 3174 501; x_wconf 84' lang='lat' dir='ltr'>Fertur</span> <span class='ocrx_word' id='word_1_126' title='bbox 3215 444 3388 500; x_wconf 89' lang='lat' dir='ltr'>etiam</span> <span class='ocrx_word' id='word_1_127' title='bbox 3419 443 3573 514; x_wconf 92' lang='lat' dir='ltr'>quod</span> <span class='ocrx_word' id='word_1_128' title='bbox 3609 441 3780 496; x_wconf 88' lang='lat' dir='ltr'>lami-</span> 
     </span>
    </p>
   </div>
   <div class='ocr_carea' id='block_1_20' title="bbox 2128 531 3782 613">
    <p class='ocr_par' dir='ltr' id='par_1_20' title="bbox 2128 531 3782 613">
     <span class='ocr_line' id='line_1_20' title="bbox 2128 531 3782 613; baseline -0.006 -18"><span class='ocrx_word' id='word_1_129' title='bbox 2128 559 2234 595; x_wconf 80' lang='lat' dir='ltr'>nas</span> <span class='ocrx_word' id='word_1_130' title='bbox 2264 541 2574 613; x_wconf 87' lang='lat' dir='ltr'>plumbeas</span> <span class='ocrx_word' id='word_1_131' title='bbox 2603 555 2743 610; x_wconf 90' lang='lat' dir='ltr'>erga</span> <span class='ocrx_word' id='word_1_132' title='bbox 2775 554 2945 594; x_wconf 90' lang='lat' dir='ltr'>renes</span> <span class='ocrx_word' id='word_1_133' title='bbox 2979 536 3178 606; x_wconf 70' lang='lat' dir='ltr'>ligarat</span> <span class='ocrx_word' id='word_1_134' title='bbox 3210 538 3444 605; x_wconf 88' lang='lat' dir='ltr'>propter</span> <span class='ocrx_word' id='word_1_135' title='bbox 3473 531 3782 587; x_wconf 89' lang='lat' dir='ltr'>illusiones</span> 
     </span>
    </p>
   </div>
   <div class='ocr_carea' id='block_1_21' title="bbox 2130 621 3782 699">
    <p class='ocr_par' dir='ltr' id='par_1_21' title="bbox 2130 621 3782 699">
     <span class='ocr_line' id='line_1_21' title="bbox 2130 621 3782 699; baseline -0.006 -13"><span class='ocrx_word' id='word_1_136' title='bbox 2130 636 2467 686; x_wconf 89' lang='lat' dir='ltr'>nocturnas.</span> <span class='ocrx_word' id='word_1_137' title='bbox 2489 631 2576 693; x_wconf 87' lang='lat' dir='ltr'>Et,</span> <span class='ocrx_word' id='word_1_138' title='bbox 2605 628 2654 682; x_wconf 89' lang='lat' dir='ltr'>si</span> <span class='ocrx_word' id='word_1_139' title='bbox 2677 627 2760 682; x_wconf 89' lang='lat' dir='ltr'>illi</span> <span class='ocrx_word' id='word_1_140' title='bbox 2787 629 3021 699; x_wconf 87' lang='lat' dir='ltr'>propter</span> <span class='ocrx_word' id='word_1_141' title='bbox 3042 621 3479 694; x_wconf 87' lang='lat' dir='ltr'>corruptibilem</span> <span class='ocrx_word' id='word_1_142' title='bbox 3501 637 3782 677; x_wconf 84' lang='lat' dir='ltr'>coronam</span> 
     </span>
    </p>
   </div>
   <div class='ocr_carea' id='block_1_22' title="bbox 2130 710 3786 783">
    <p class='ocr_par' dir='ltr' id='par_1_22' title="bbox 2130 710 3786 783">
     <span class='ocr_line' id='line_1_22' title="bbox 2130 710 3786 783; baseline -0.005 -9"><span class='ocrx_word' id='word_1_143' title='bbox 2130 721 2211 774; x_wconf 90' lang='lat' dir='ltr'>ita</span> <span class='ocrx_word' id='word_1_144' title='bbox 2240 720 2601 774; x_wconf 79' lang='lat' dir='ltr'>abstinentes</span> <span class='ocrx_word' id='word_1_145' title='bbox 2633 722 2817 783; x_wconf 89' lang='lat' dir='ltr'>erant,</span> <span class='ocrx_word' id='word_1_146' title='bbox 2851 715 3036 770; x_wconf 91' lang='lat' dir='ltr'>multo</span> <span class='ocrx_word' id='word_1_147' title='bbox 3069 712 3258 783; x_wconf 87' lang='lat' dir='ltr'>magis</span> <span class='ocrx_word' id='word_1_148' title='bbox 3291 728 3396 766; x_wconf 89' lang='lat' dir='ltr'>nos</span> <span class='ocrx_word' id='word_1_149' title='bbox 3427 712 3498 766; x_wconf 94' lang='lat' dir='ltr'>ob</span> <span class='ocrx_word' id='word_1_150' title='bbox 3532 710 3786 781; x_wconf 86' lang='lat' dir='ltr'>gloriam</span> 
     </span>
    </p>
   </div>
   <div class='ocr_carea' id='block_1_23' title="bbox 2131 799 3788 862">
    <p class='ocr_par' dir='ltr' id='par_1_23' title="bbox 2131 799 3788 862">
     <span class='ocr_line' id='line_1_23' title="bbox 2131 799 3788 862; baseline -0.005 0"><span class='ocrx_word' id='word_1_151' title='bbox 2131 814 2356 862; x_wconf 62' lang='lat' dir='ltr'>(eterna:</span> <span class='ocrx_word' id='word_1_152' title='bbox 2381 806 2761 862; x_wconf 85' lang='lat' dir='ltr'>beatitudinis</span> <span class='ocrx_word' id='word_1_153' title='bbox 2783 804 3076 859; x_wconf 90' lang='lat' dir='ltr'>abstinere</span> <span class='ocrx_word' id='word_1_154' title='bbox 3098 802 3380 856; x_wconf 88' lang='lat' dir='ltr'>debemus</span> <span class='ocrx_word' id='word_1_155' title='bbox 3407 801 3478 855; x_wconf 89' lang='lat' dir='ltr'>ab</span> <span class='ocrx_word' id='word_1_156' title='bbox 3505 799 3788 854; x_wconf 88' lang='lat' dir='ltr'>omnibus</span> 
     </span>
    </p>
   </div>
   <div class='ocr_carea' id='block_1_24' title="bbox 2133 889 3790 966">
    <p class='ocr_par' dir='ltr' id='par_1_24' title="bbox 2133 889 3790 966">
     <span class='ocr_line' id='line_1_24' title="bbox 2133 889 3790 966; baseline -0.005 -16"><span class='ocrx_word' id='word_1_157' title='bbox 2133 897 2314 961; x_wconf 88' lang='lat' dir='ltr'>vitiis,</span> <span class='ocrx_word' id='word_1_158' title='bbox 2339 896 2514 951; x_wconf 88' lang='lat' dir='ltr'>etiam</span> <span class='ocrx_word' id='word_1_159' title='bbox 2538 895 2908 966; x_wconf 84' lang='lat' dir='ltr'>cogitatione,</span> <span class='ocrx_word' id='word_1_160' title='bbox 2933 891 3184 946; x_wconf 82' lang='lat' dir='ltr'>maxime</span> <span class='ocrx_word' id='word_1_161' title='bbox 3206 894 3401 944; x_wconf 91' lang='lat' dir='ltr'>autem</span> <span class='ocrx_word' id='word_1_162' title='bbox 3425 889 3497 943; x_wconf 90' lang='lat' dir='ltr'>ab</span> <span class='ocrx_word' id='word_1_163' title='bbox 3525 889 3790 943; x_wconf 91' lang='lat' dir='ltr'>immun-</span> 
     </span>
    </p>
   </div>
   <div class='ocr_carea' id='block_1_25' title="bbox 2135 984 2614 1055">
    <p class='ocr_par' dir='ltr' id='par_1_25' title="bbox 2135 984 2614 1055">
     <span class='ocr_line' id='line_1_25' title="bbox 2135 984 2614 1055; baseline -0.008 -16"><span class='ocrx_word' id='word_1_164' title='bbox 2135 985 2281 1040; x_wconf 89' lang='lat' dir='ltr'>ditia</span> <span class='ocrx_word' id='word_1_165' title='bbox 2311 984 2614 1055; x_wconf 86' lang='lat' dir='ltr'>corporali.</span> 
     </span>
    </p>
   </div>
   <div class='ocr_carea' id='block_1_26' title="bbox 2207 1067 3794 1144">
    <p class='ocr_par' dir='ltr' id='par_1_26' title="bbox 2207 1067 3794 1144">
     <span class='ocr_line' id='line_1_26' title="bbox 2207 1067 3794 1144; baseline -0.005 -16"><span class='ocrx_word' id='word_1_166' title='bbox 2207 1074 2355 1144; x_wconf 83' lang='lat'>(613)</span> <span class='ocrx_word' id='word_1_167' title='bbox 2387 1073 2665 1144; x_wconf 86' lang='lat' dir='ltr'>Sequitur</span> <span class='ocrx_word' id='word_1_168' title='bbox 2697 1090 2709 1126; x_wconf 89' lang='lat'>:</span> <span class='ocrx_word' id='word_1_169' title='bbox 2743 1075 2851 1140; x_wconf 85' lang='lat' dir='ltr'>Ego</span> <span class='ocrx_word' id='word_1_170' title='bbox 2874 1073 3046 1140; x_wconf 87' lang='lat' dir='ltr'>igitur</span> <span class='ocrx_word' id='word_1_171' title='bbox 3064 1073 3141 1126; x_wconf 81' lang='lat' dir='ltr'>sic</span> <span class='ocrx_word' id='word_1_172' title='bbox 3165 1085 3348 1133; x_wconf 86' lang='lat' dir='ltr'>curro,</span> <span class='ocrx_word' id='word_1_173' title='bbox 3373 1073 3481 1124; x_wconf 89' lang='lat' dir='ltr'>etc.</span> <span class='ocrx_word' id='word_1_174' title='bbox 3520 1067 3794 1122; x_wconf 68' lang='lat' dir='ltr'>Praemis-</span> 
     </span>
    </p>
   </div>
   <div class='ocr_carea' id='block_1_27' title="bbox 2137 1157 3798 1228">
    <p class='ocr_par' dir='ltr' id='par_1_27' title="bbox 2137 1157 3798 1228">
     <span class='ocr_line' id='line_1_27' title="bbox 2137 1157 3798 1228; baseline -0.006 -9"><span class='ocrx_word' id='word_1_175' title='bbox 2137 1164 2222 1220; x_wconf 89' lang='lat' dir='ltr'>sis</span> <span class='ocrx_word' id='word_1_176' title='bbox 2252 1162 2763 1227; x_wconf 86' lang='lat' dir='ltr'>similitudinibus,</span> <span class='ocrx_word' id='word_1_177' title='bbox 2797 1163 2906 1215; x_wconf 89' lang='lat' dir='ltr'>sub</span> <span class='ocrx_word' id='word_1_178' title='bbox 2935 1161 3154 1216; x_wconf 88' lang='lat' dir='ltr'>eisdem</span> <span class='ocrx_word' id='word_1_179' title='bbox 3209 1158 3592 1228; x_wconf 86' lang='lat' dir='ltr'>semetipsum</span> <span class='ocrx_word' id='word_1_180' title='bbox 3629 1157 3798 1227; x_wconf 89' lang='lat' dir='ltr'>ponit</span> 
     </span>
    </p>
   </div>
   <div class='ocr_carea' id='block_1_28' title="bbox 2140 1247 3796 1324">
    <p class='ocr_par' dir='ltr' id='par_1_28' title="bbox 2140 1247 3796 1324">
     <span class='ocr_line' id='line_1_28' title="bbox 2140 1247 3796 1324; baseline -0.005 -16"><span class='ocrx_word' id='word_1_181' title='bbox 2140 1252 2494 1324; x_wconf 86' lang='lat' dir='ltr'>exemplum,</span> <span class='ocrx_word' id='word_1_182' title='bbox 2526 1251 2772 1306; x_wconf 89' lang='lat' dir='ltr'>dicendo</span> <span class='ocrx_word' id='word_1_183' title='bbox 2797 1269 2809 1306; x_wconf 89' lang='lat'><strong>:</strong></span> <span class='ocrx_word' id='word_1_184' title='bbox 2845 1255 2954 1320; x_wconf 83' lang='lat' dir='ltr'>Ego</span> <span class='ocrx_word' id='word_1_185' title='bbox 2976 1252 3164 1322; x_wconf 88' lang='lat' dir='ltr'>igitur</span> <span class='ocrx_word' id='word_1_186' title='bbox 3189 1251 3271 1304; x_wconf 75' lang='lat' dir='ltr'>sic</span> <span class='ocrx_word' id='word_1_187' title='bbox 3298 1263 3478 1317; x_wconf 88' lang='lat' dir='ltr'>curro,</span> <span class='ocrx_word' id='word_1_188' title='bbox 3501 1249 3614 1302; x_wconf 85' lang='lat' dir='ltr'>etc.</span> <span class='ocrx_word' id='word_1_189' title='bbox 3653 1247 3796 1301; x_wconf 86' lang='lat' dir='ltr'>Cur-</span> 
     </span>
    </p>
   </div>
   <div class='ocr_carea' id='block_1_29' title="bbox 2142 1339 3793 1412">
    <p class='ocr_par' dir='ltr' id='par_1_29' title="bbox 2142 1339 3793 1412">
     <span class='ocr_line' id='line_1_29' title="bbox 2142 1339 3793 1412; baseline -0.005 -16"><span class='ocrx_word' id='word_1_190' title='bbox 2142 1359 2205 1396; x_wconf 89' lang='lat' dir='ltr'>ro</span> <span class='ocrx_word' id='word_1_191' title='bbox 2235 1341 2378 1395; x_wconf 83' lang='lat' dir='ltr'>dicit</span> <span class='ocrx_word' id='word_1_192' title='bbox 2408 1345 2644 1412; x_wconf 86' lang='lat' dir='ltr'>propter</span> <span class='ocrx_word' id='word_1_193' title='bbox 2691 1339 2970 1402; x_wconf 86' lang='lat' dir='ltr'>stadium,</span> <span class='ocrx_word' id='word_1_194' title='bbox 3021 1355 3204 1410; x_wconf 85' lang='lat' dir='ltr'>pugno</span> <span class='ocrx_word' id='word_1_195' title='bbox 3255 1341 3487 1409; x_wconf 87' lang='lat' dir='ltr'>propter</span> <span class='ocrx_word' id='word_1_196' title='bbox 3517 1350 3793 1408; x_wconf 84' lang='lat' dir='ltr'>agonem.</span> 
     </span>
    </p>
   </div>
   <div class='ocr_carea' id='block_1_30' title="bbox 2141 1421 3797 1497">
    <p class='ocr_par' dir='ltr' id='par_1_30' title="bbox 2141 1421 3797 1497">
     <span class='ocr_line' id='line_1_30' title="bbox 2141 1421 3797 1497; baseline -0.006 -13"><span class='ocrx_word' id='word_1_197' title='bbox 2141 1429 2422 1484; x_wconf 89' lang='lat' dir='ltr'>Currebat</span> <span class='ocrx_word' id='word_1_198' title='bbox 2455 1429 2560 1484; x_wconf 85' lang='lat' dir='ltr'>iste</span> <span class='ocrx_word' id='word_1_199' title='bbox 2588 1445 2695 1483; x_wconf 89' lang='lat' dir='ltr'>non</span> <span class='ocrx_word' id='word_1_200' title='bbox 2724 1430 2784 1482; x_wconf 87' lang='lat' dir='ltr'>in</span> <span class='ocrx_word' id='word_1_201' title='bbox 2808 1429 3096 1496; x_wconf 85' lang='lat' dir='ltr'>incertum,</span> <span class='ocrx_word' id='word_1_202' title='bbox 3129 1426 3268 1497; x_wconf 88' lang='lat' dir='ltr'>quia</span> <span class='ocrx_word' id='word_1_203' title='bbox 3293 1425 3432 1480; x_wconf 92' lang='lat' dir='ltr'>certi</span> <span class='ocrx_word' id='word_1_204' title='bbox 3462 1421 3692 1493; x_wconf 89' lang='lat' dir='ltr'>aliquid</span> <span class='ocrx_word' id='word_1_205' title='bbox 3724 1421 3797 1475; x_wconf 93' lang='lat' dir='ltr'>de</span> 
     </span>
    </p>
   </div>
   <div class='ocr_carea' id='block_1_31' title="bbox 2144 1511 3794 1587">
    <p class='ocr_par' dir='ltr' id='par_1_31' title="bbox 2144 1511 3794 1587">
     <span class='ocr_line' id='line_1_31' title="bbox 2144 1511 3794 1587; baseline -0.007 -12"><span class='ocrx_word' id='word_1_206' title='bbox 2144 1535 2252 1575; x_wconf 88' lang='lat' dir='ltr'>sua</span> <span class='ocrx_word' id='word_1_207' title='bbox 2279 1517 2560 1574; x_wconf 90' lang='lat' dir='ltr'>electione</span> <span class='ocrx_word' id='word_1_208' title='bbox 2591 1518 2873 1572; x_wconf 88' lang='lat' dir='ltr'>audierat.</span> <span class='ocrx_word' id='word_1_209' title='bbox 2930 1515 3254 1587; x_wconf 82' lang='lat' dir='ltr'>Pugnabat,</span> <span class='ocrx_word' id='word_1_210' title='bbox 3307 1530 3420 1568; x_wconf 91' lang='lat' dir='ltr'>non</span> <span class='ocrx_word' id='word_1_211' title='bbox 3467 1511 3794 1584; x_wconf 88' lang='lat' dir='ltr'>pueriliter.</span> 
     </span>
    </p>
   </div>
   <div class='ocr_carea' id='block_1_32' title="bbox 2146 1598 3798 1678">
    <p class='ocr_par' dir='ltr' id='par_1_32' title="bbox 2146 1598 3798 1678">
     <span class='ocr_line' id='line_1_32' title="bbox 2146 1598 3798 1678; baseline -0.005 -15"><span class='ocrx_word' id='word_1_212' title='bbox 2146 1607 2292 1664; x_wconf 88' lang='lat' dir='ltr'>Nam</span> <span class='ocrx_word' id='word_1_213' title='bbox 2325 1607 2489 1678; x_wconf 90' lang='lat' dir='ltr'>pueri</span> <span class='ocrx_word' id='word_1_214' title='bbox 2544 1605 2878 1661; x_wconf 89' lang='lat' dir='ltr'>dimicando</span> <span class='ocrx_word' id='word_1_215' title='bbox 2929 1621 3064 1660; x_wconf 88' lang='lat' dir='ltr'>aera</span> <span class='ocrx_word' id='word_1_216' title='bbox 3096 1603 3395 1658; x_wconf 82' lang='lat' dir='ltr'>verberare</span> <span class='ocrx_word' id='word_1_217' title='bbox 3423 1601 3637 1667; x_wconf 88' lang='lat' dir='ltr'>solent,</span> <span class='ocrx_word' id='word_1_218' title='bbox 3670 1598 3798 1654; x_wconf 66' lang='lat' dir='ltr'>ista:</span> 
     </span>
    </p>
   </div>
   <div class='ocr_carea' id='block_1_33' title="bbox 381 1687 3799 1797">
    <p class='ocr_par' dir='ltr' id='par_1_33' title="bbox 381 1687 3799 1797">
     <span class='ocr_line' id='line_1_33' title="bbox 381 1687 3799 1797; baseline -0.005 -37"><span class='ocrx_word' id='word_1_219' title='bbox 381 1687 565 1774; x_wconf 82' lang='lat' dir='ltr'>scere,</span> <span class='ocrx_word' id='word_1_220' title='bbox 595 1721 772 1776; x_wconf 89' lang='lat' dir='ltr'>quam</span> <span class='ocrx_word' id='word_1_221' title='bbox 823 1704 1138 1771; x_wconf 84' lang='lat' dir='ltr'>nesciebat,</span> <span class='ocrx_word' id='word_1_222' title='bbox 1172 1709 1228 1758; x_wconf 90' lang='lat' dir='ltr'>et</span> <span class='ocrx_word' id='word_1_223' title='bbox 1275 1702 1473 1758; x_wconf 88' lang='lat' dir='ltr'>labore</span> <span class='ocrx_word' id='word_1_224' title='bbox 1504 1702 1873 1774; x_wconf 83' lang='lat' dir='ltr'>prepriarum</span> <span class='ocrx_word' id='word_1_225' title='bbox 1903 1716 2032 1753; x_wconf 89' lang='lat' dir='ltr'>ma-</span> <span class='ocrx_word' id='word_1_226' title='bbox 2067 1733 2114 1797; x_wconf 80' lang='grc' dir='ltr'><strong>Β</strong></span> <span class='ocrx_word' id='word_1_227' title='bbox 2142 1713 2276 1751; x_wconf 88' lang='lat' dir='ltr'>vero</span> <span class='ocrx_word' id='word_1_228' title='bbox 2310 1713 2443 1750; x_wconf 93' lang='lat' dir='ltr'>non.</span> <span class='ocrx_word' id='word_1_229' title='bbox 2478 1696 2625 1758; x_wconf 86' lang='lat' dir='ltr'>Quia</span> <span class='ocrx_word' id='word_1_230' title='bbox 2654 1711 2867 1766; x_wconf 90' lang='lat' dir='ltr'>corpus</span> <span class='ocrx_word' id='word_1_231' title='bbox 2914 1709 3090 1748; x_wconf 90' lang='lat' dir='ltr'>suum</span> <span class='ocrx_word' id='word_1_232' title='bbox 3135 1691 3461 1763; x_wconf 83' lang='lat' dir='ltr'>castigabat</span> <span class='ocrx_word' id='word_1_233' title='bbox 3489 1692 3666 1754; x_wconf 88' lang='lat' dir='ltr'>fame,</span> <span class='ocrx_word' id='word_1_234' title='bbox 3699 1687 3799 1743; x_wconf 91' lang='lat' dir='ltr'>siti</span> 
     </span>
    </p>
   </div>
   <div class='ocr_carea' id='block_1_34' title="bbox 385 1792 978 1848">
    <p class='ocr_par' dir='ltr' id='par_1_34' title="bbox 385 1792 978 1848">
     <span class='ocr_line' id='line_1_34' title="bbox 385 1792 978 1848; baseline -0.005 0"><span class='ocrx_word' id='word_1_235' title='bbox 385 1810 570 1848; x_wconf 92' lang='lat' dir='ltr'>nuum</span> <span class='ocrx_word' id='word_1_236' title='bbox 604 1792 978 1848; x_wconf 88' lang='lat' dir='ltr'>sustentari?</span> 
     </span>
    </p>
   </div>
   <div class='ocr_carea' id='block_1_35' title="bbox 459 1877 2040 1953">
    <p class='ocr_par' dir='ltr' id='par_1_35' title="bbox 459 1877 2040 1953">
     <span class='ocr_line' id='line_1_35' title="bbox 459 1877 2040 1953; baseline -0.006 -15"><span class='ocrx_word' id='word_1_237' title='bbox 459 1882 736 1953; x_wconf 89' lang='lat' dir='ltr'>Sequitur</span> <span class='ocrx_word' id='word_1_238' title='bbox 765 1897 777 1937; x_wconf 94' lang='lat'><strong>:</strong></span> <span class='ocrx_word' id='word_1_239' title='bbox 812 1882 1099 1950; x_wconf 80' lang='lat' dir='ltr'>Omnibus,</span> <span class='ocrx_word' id='word_1_240' title='bbox 1133 1880 1187 1934; x_wconf 92' lang='lat' dir='ltr'>id</span> <span class='ocrx_word' id='word_1_241' title='bbox 1224 1885 1331 1946; x_wconf 89' lang='lat' dir='ltr'>est,</span> <span class='ocrx_word' id='word_1_242' title='bbox 1362 1879 1602 1946; x_wconf 72' lang='lat' dir='ltr'>Judaais,</span> <span class='ocrx_word' id='word_1_243' title='bbox 1636 1877 1952 1949; x_wconf 83' lang='lat' dir='ltr'>gentilibus</span> <span class='ocrx_word' id='word_1_244' title='bbox 1983 1878 2040 1930; x_wconf 91' lang='lat' dir='ltr'>et</span> 
     </span>
    </p>
   </div>
   <div class='ocr_carea' id='block_1_36' title="bbox 388 1965 2037 2040">
    <p class='ocr_par' dir='ltr' id='par_1_36' title="bbox 388 1965 2037 2040">
     <span class='ocr_line' id='line_1_36' title="bbox 388 1965 2037 2040; baseline -0.002 -17"><span class='ocrx_word' id='word_1_245' title='bbox 388 1969 661 2039; x_wconf 86' lang='lat' dir='ltr'>infirmis,</span> <span class='ocrx_word' id='word_1_246' title='bbox 693 1971 880 2025; x_wconf 82' lang='lat' dir='ltr'>omnia</span> <span class='ocrx_word' id='word_1_247' title='bbox 899 1972 1090 2040; x_wconf 79' lang='lat' dir='ltr'>factus.</span> <span class='ocrx_word' id='word_1_248' title='bbox 1127 1970 1241 2023; x_wconf 90' lang='lat' dir='ltr'>Hoc</span> <span class='ocrx_word' id='word_1_249' title='bbox 1268 1969 1407 2023; x_wconf 88' lang='lat' dir='ltr'>dicit</span> <span class='ocrx_word' id='word_1_250' title='bbox 1431 1986 1545 2022; x_wconf 92' lang='lat' dir='ltr'>non</span> <span class='ocrx_word' id='word_1_251' title='bbox 1578 1965 1842 2022; x_wconf 88' lang='lat' dir='ltr'>simulati</span> <span class='ocrx_word' id='word_1_252' title='bbox 1874 1981 2037 2020; x_wconf 91' lang='lat' dir='ltr'>men-</span> 
     </span>
    </p>
   </div>
   <div class='ocr_carea' id='block_1_37' title="bbox 388 2055 2036 2128">
    <p class='ocr_par' dir='ltr' id='par_1_37' title="bbox 388 2055 2036 2128">
     <span class='ocr_line' id='line_1_37' title="bbox 388 2055 2036 2128; baseline -0.003 -15"><span class='ocrx_word' id='word_1_253' title='bbox 388 2057 541 2113; x_wconf 90' lang='lat' dir='ltr'>dacii</span> <span class='ocrx_word' id='word_1_254' title='bbox 592 2057 864 2128; x_wconf 84' lang='lat' dir='ltr'>falsitate,</span> <span class='ocrx_word' id='word_1_255' title='bbox 923 2059 1024 2113; x_wconf 91' lang='lat' dir='ltr'>sed</span> <span class='ocrx_word' id='word_1_256' title='bbox 1081 2057 1301 2112; x_wconf 86' lang='lat' dir='ltr'>veracis</span> <span class='ocrx_word' id='word_1_257' title='bbox 1360 2055 1754 2111; x_wconf 89' lang='lat' dir='ltr'>miserationis</span> <span class='ocrx_word' id='word_1_258' title='bbox 1804 2055 2036 2125; x_wconf 89' lang='lat' dir='ltr'>pietate,</span> 
     </span>
    </p>
   </div>
   <div class='ocr_carea' id='block_1_38' title="bbox 389 2142 2034 2217">
    <p class='ocr_par' dir='ltr' id='par_1_38' title="bbox 389 2142 2034 2217">
     <span class='ocr_line' id='line_1_38' title="bbox 389 2142 2034 2217; baseline -0.003 -16"><span class='ocrx_word' id='word_1_259' title='bbox 389 2148 528 2217; x_wconf 84' lang='lat' dir='ltr'>quia</span> <span class='ocrx_word' id='word_1_260' title='bbox 557 2147 618 2201; x_wconf 91' lang='lat' dir='ltr'>in</span> <span class='ocrx_word' id='word_1_261' title='bbox 652 2146 928 2202; x_wconf 91' lang='lat' dir='ltr'>omnibus</span> <span class='ocrx_word' id='word_1_262' title='bbox 961 2145 1078 2200; x_wconf 90' lang='lat' dir='ltr'>illis</span> <span class='ocrx_word' id='word_1_263' title='bbox 1109 2161 1235 2200; x_wconf 91' lang='lat' dir='ltr'>esse</span> <span class='ocrx_word' id='word_1_264' title='bbox 1266 2145 1526 2216; x_wconf 90' lang='lat' dir='ltr'>potuisse</span> <span class='ocrx_word' id='word_1_265' title='bbox 1561 2159 1623 2199; x_wconf 85' lang='lat' dir='ltr'>se</span> <span class='ocrx_word' id='word_1_266' title='bbox 1655 2142 2034 2214; x_wconf 88' lang='lat' dir='ltr'>intelligebat,</span> 
     </span>
    </p>
   </div>
   <div class='ocr_carea' id='block_1_39' title="bbox 387 2230 2035 2290">
    <p class='ocr_par' dir='ltr' id='par_1_39' title="bbox 387 2230 2035 2290">
     <span class='ocr_line' id='line_1_39' title="bbox 387 2230 2035 2290; baseline -0.002 -2"><span class='ocrx_word' id='word_1_267' title='bbox 387 2235 497 2290; x_wconf 88' lang='lat' dir='ltr'>nisi</span> <span class='ocrx_word' id='word_1_268' title='bbox 532 2234 728 2289; x_wconf 90' lang='lat' dir='ltr'>divina</span> <span class='ocrx_word' id='word_1_269' title='bbox 760 2234 966 2288; x_wconf 87' lang='lat' dir='ltr'>fuisset</span> <span class='ocrx_word' id='word_1_270' title='bbox 997 2233 1398 2288; x_wconf 89' lang='lat' dir='ltr'>misericordia</span> <span class='ocrx_word' id='word_1_271' title='bbox 1425 2231 1727 2286; x_wconf 89' lang='lat' dir='ltr'>liberatus.</span> <span class='ocrx_word' id='word_1_272' title='bbox 1763 2231 1851 2285; x_wconf 89' lang='lat' dir='ltr'>Fit</span> <span class='ocrx_word' id='word_1_273' title='bbox 1879 2230 2035 2285; x_wconf 88' lang='lat' dir='ltr'>enim</span> 
     </span>
    </p>
   </div>
   <div class='ocr_carea' id='block_1_40' title="bbox 386 2317 2034 2393">
    <p class='ocr_par' dir='ltr' id='par_1_40' title="bbox 386 2317 2034 2393">
     <span class='ocr_line' id='line_1_40' title="bbox 386 2317 2034 2393; baseline -0.002 -17"><span class='ocrx_word' id='word_1_274' title='bbox 386 2321 602 2393; x_wconf 89' lang='lat' dir='ltr'>aliquis</span> <span class='ocrx_word' id='word_1_275' title='bbox 633 2324 912 2377; x_wconf 88' lang='lat' dir='ltr'>veraciter</span> <span class='ocrx_word' id='word_1_276' title='bbox 942 2321 1049 2376; x_wconf 90' lang='lat' dir='ltr'>hoc</span> <span class='ocrx_word' id='word_1_277' title='bbox 1072 2323 1225 2392; x_wconf 89' lang='lat' dir='ltr'>quod</span> <span class='ocrx_word' id='word_1_278' title='bbox 1256 2320 1351 2374; x_wconf 88' lang='lat' dir='ltr'>ille</span> <span class='ocrx_word' id='word_1_279' title='bbox 1373 2319 1582 2388; x_wconf 87' lang='lat' dir='ltr'>est,cui</span> <span class='ocrx_word' id='word_1_280' title='bbox 1606 2319 1728 2373; x_wconf 90' lang='lat' dir='ltr'>vult</span> <span class='ocrx_word' id='word_1_281' title='bbox 1750 2317 2034 2384; x_wconf 88' lang='lat' dir='ltr'>misereri,</span> 
     </span>
    </p>
   </div>
   <div class='ocr_carea' id='block_1_41' title="bbox 387 2405 2034 2480">
    <p class='ocr_par' dir='ltr' id='par_1_41' title="bbox 387 2405 2034 2480">
     <span class='ocr_line' id='line_1_41' title="bbox 387 2405 2034 2480; baseline -0.002 -14"><span class='ocrx_word' id='word_1_282' title='bbox 387 2410 580 2480; x_wconf 85' lang='lat' dir='ltr'>siejus</span> <span class='ocrx_word' id='word_1_283' title='bbox 612 2408 865 2464; x_wconf 90' lang='lat' dir='ltr'>miseriis</span> <span class='ocrx_word' id='word_1_284' title='bbox 895 2408 1199 2464; x_wconf 90' lang='lat' dir='ltr'>subveniat</span> <span class='ocrx_word' id='word_1_285' title='bbox 1227 2413 1289 2462; x_wconf 91' lang='lat' dir='ltr'>ut</span> <span class='ocrx_word' id='word_1_286' title='bbox 1307 2407 1741 2462; x_wconf 85' lang='lat' dir='ltr'>suis.Fitetiam</span> <span class='ocrx_word' id='word_1_287' title='bbox 1761 2408 1914 2478; x_wconf 90' lang='lat' dir='ltr'>quod</span> <span class='ocrx_word' id='word_1_288' title='bbox 1939 2405 2034 2462; x_wconf 89' lang='lat' dir='ltr'>ille</span> 
     </span>
    </p>
   </div>
   <div class='ocr_carea' id='block_1_42' title="bbox 386 2496 2032 2567">
    <p class='ocr_par' dir='ltr' id='par_1_42' title="bbox 386 2496 2032 2567">
     <span class='ocr_line' id='line_1_42' title="bbox 386 2496 2032 2567; baseline -0.003 -13"><span class='ocrx_word' id='word_1_289' title='bbox 386 2503 494 2564; x_wconf 89' lang='lat' dir='ltr'>est,</span> <span class='ocrx_word' id='word_1_290' title='bbox 521 2515 636 2554; x_wconf 92' lang='lat' dir='ltr'>non</span> <span class='ocrx_word' id='word_1_291' title='bbox 660 2497 910 2553; x_wconf 89' lang='lat' dir='ltr'>fallendo</span> <span class='ocrx_word' id='word_1_292' title='bbox 935 2499 1204 2562; x_wconf 89' lang='lat' dir='ltr'>eum,sed</span> <span class='ocrx_word' id='word_1_293' title='bbox 1237 2502 1300 2551; x_wconf 90' lang='lat' dir='ltr'>ut</span> <span class='ocrx_word' id='word_1_294' title='bbox 1321 2496 1590 2567; x_wconf 91' lang='lat' dir='ltr'>seipsum</span> <span class='ocrx_word' id='word_1_295' title='bbox 1607 2496 2032 2550; x_wconf 88' lang='lat' dir='ltr'>considerando</span> 
     </span>
    </p>
   </div>
   <div class='ocr_carea' id='block_1_43' title="bbox 386 2585 2037 2657">
    <p class='ocr_par' dir='ltr' id='par_1_43' title="bbox 386 2585 2037 2657">
     <span class='ocr_line' id='line_1_43' title="bbox 386 2585 2037 2657; baseline -0.002 -15"><span class='ocrx_word' id='word_1_296' title='bbox 386 2591 443 2642; x_wconf 90' lang='lat' dir='ltr'>et</span> <span class='ocrx_word' id='word_1_297' title='bbox 471 2586 662 2642; x_wconf 91' lang='lat' dir='ltr'>illum.</span> <span class='ocrx_word' id='word_1_298' title='bbox 715 2587 1024 2657; x_wconf 89' lang='lat' dir='ltr'>Sequitur:</span> <span class='ocrx_word' id='word_1_299' title='bbox 1079 2585 1276 2640; x_wconf 86' lang='lat' dir='ltr'>Omnia</span> <span class='ocrx_word' id='word_1_300' title='bbox 1320 2587 1489 2657; x_wconf 83' lang='lat' dir='ltr'>facio.</span> <span class='ocrx_word' id='word_1_301' title='bbox 1543 2585 1777 2650; x_wconf 86' lang='lat' dir='ltr'>Quare?</span> <span class='ocrx_word' id='word_1_302' title='bbox 1807 2589 2037 2654; x_wconf 82' lang='lat' dir='ltr'>Propter</span> 
     </span>
    </p>
   </div>
   <div class='ocr_carea' id='block_1_44' title="bbox 388 2671 2039 2745">
    <p class='ocr_par' dir='ltr' id='par_1_44' title="bbox 388 2671 2039 2745">
     <span class='ocr_line' id='line_1_44' title="bbox 388 2671 2039 2745; baseline -0.003 -16"><span class='ocrx_word' id='word_1_303' title='bbox 388 2675 770 2745; x_wconf 85' lang='lat' dir='ltr'>Evangelium.</span> <span class='ocrx_word' id='word_1_304' title='bbox 801 2674 887 2728; x_wconf 86' lang='lat' dir='ltr'>Ad</span> <span class='ocrx_word' id='word_1_305' title='bbox 920 2672 1056 2744; x_wconf 91' lang='lat' dir='ltr'>quid</span> <span class='ocrx_word' id='word_1_306' title='bbox 1083 2672 1107 2725; x_wconf 87' lang='lat'><strong>?</strong></span> <span class='ocrx_word' id='word_1_307' title='bbox 1142 2675 1205 2728; x_wconf 90' lang='lat' dir='ltr'>Ut</span> <span class='ocrx_word' id='word_1_308' title='bbox 1231 2673 1508 2743; x_wconf 84' lang='lat' dir='ltr'>particeps</span> <span class='ocrx_word' id='word_1_309' title='bbox 1556 2673 1673 2741; x_wconf 84' lang='lat' dir='ltr'>ejus</span> <span class='ocrx_word' id='word_1_310' title='bbox 1702 2671 1931 2740; x_wconf 80' lang='lat' dir='ltr'>efﬁciar.</span> <span class='ocrx_word' id='word_1_311' title='bbox 1968 2672 2039 2725; x_wconf 88' lang='lat' dir='ltr'>Et</span> 
     </span>
    </p>
   </div>
   <div class='ocr_carea' id='block_1_45' title="bbox 389 2759 2035 2832">
    <p class='ocr_par' dir='ltr' id='par_1_45' title="bbox 389 2759 2035 2832">
     <span class='ocr_line' id='line_1_45' title="bbox 389 2759 2035 2832; baseline -0.002 -16"><span class='ocrx_word' id='word_1_312' title='bbox 389 2767 477 2817; x_wconf 89' lang='lat' dir='ltr'>est</span> <span class='ocrx_word' id='word_1_313' title='bbox 499 2779 708 2818; x_wconf 88' lang='lat' dir='ltr'>sensus</span> <span class='ocrx_word' id='word_1_314' title='bbox 735 2780 747 2816; x_wconf 93' lang='lat'><strong>:</strong></span> <span class='ocrx_word' id='word_1_315' title='bbox 771 2761 863 2831; x_wconf 90' lang='lat' dir='ltr'>Ut,</span> <span class='ocrx_word' id='word_1_316' title='bbox 889 2759 1440 2832; x_wconf 86' lang='lat' dir='ltr'>sicut’Evangelium</span> <span class='ocrx_word' id='word_1_317' title='bbox 1463 2761 1738 2815; x_wconf 82' lang='lat' dir='ltr'>omnibus</span> <span class='ocrx_word' id='word_1_318' title='bbox 1763 2759 2035 2826; x_wconf 88' lang='lat' dir='ltr'>occurrit,</span> 
     </span>
    </p>
   </div>
   <div class='ocr_carea' id='block_1_46' title="bbox 390 2847 2013 2919">
    <p class='ocr_par' dir='ltr' id='par_1_46' title="bbox 390 2847 2013 2919">
     <span class='ocr_line' id='line_1_46' title="bbox 390 2847 2013 2919; baseline -0.002 -14"><span class='ocrx_word' id='word_1_319' title='bbox 390 2867 597 2906; x_wconf 88' lang='lat' dir='ltr'>omnes</span> <span class='ocrx_word' id='word_1_320' title='bbox 629 2849 753 2904; x_wconf 88' lang='lat' dir='ltr'>vult</span> <span class='ocrx_word' id='word_1_321' title='bbox 802 2849 1045 2919; x_wconf 88' lang='lat' dir='ltr'>salvare,</span> <span class='ocrx_word' id='word_1_322' title='bbox 1107 2849 1491 2919; x_wconf 92' lang='lat' dir='ltr'>omniumque</span> <span class='ocrx_word' id='word_1_323' title='bbox 1522 2847 1738 2902; x_wconf 87' lang='lat' dir='ltr'>clamat</span> <span class='ocrx_word' id='word_1_324' title='bbox 1766 2847 2013 2902; x_wconf 85' lang='lat' dir='ltr'>salutem</span> 
     </span>
    </p>
   </div>
   <div class='ocr_carea' id='block_1_47' title="bbox 387 2935 1929 3010">
    <p class='ocr_par' dir='ltr' id='par_1_47' title="bbox 387 2935 1929 3010">
     <span class='ocr_line' id='line_1_47' title="bbox 387 2935 1929 3010; baseline -0.003 -18"><span class='ocrx_word' id='word_1_325' title='bbox 387 2938 470 2994; x_wconf 90' lang='lat' dir='ltr'>ita</span> <span class='ocrx_word' id='word_1_326' title='bbox 499 2943 555 2993; x_wconf 90' lang='lat' dir='ltr'>et</span> <span class='ocrx_word' id='word_1_327' title='bbox 586 2943 783 3010; x_wconf 86' lang='lat' dir='ltr'>ego,ut</span> <span class='ocrx_word' id='word_1_328' title='bbox 815 2953 964 3003; x_wconf 89' lang='lat' dir='ltr'>mea,</span> <span class='ocrx_word' id='word_1_329' title='bbox 996 2942 1052 2992; x_wconf 90' lang='lat' dir='ltr'>et</span> <span class='ocrx_word' id='word_1_330' title='bbox 1081 2935 1364 3008; x_wconf 80' lang='lat' dir='ltr'>evangelii</span> <span class='ocrx_word' id='word_1_331' title='bbox 1409 2953 1527 2990; x_wconf 90' lang='lat' dir='ltr'>una</span> <span class='ocrx_word' id='word_1_332' title='bbox 1557 2935 1632 2990; x_wconf 89' lang='lat' dir='ltr'>sit</span> <span class='ocrx_word' id='word_1_333' title='bbox 1665 2935 1929 2990; x_wconf 89' lang='lat' dir='ltr'>intentio.</span> 
     </span>
    </p>
   </div>
   <div class='ocr_carea' id='block_1_48' title="bbox 460 3024 2036 3098">
    <p class='ocr_par' dir='ltr' id='par_1_48' title="bbox 460 3024 2036 3098">
     <span class='ocr_line' id='line_1_48' title="bbox 460 3024 2036 3098; baseline -0.003 -17"><span class='ocrx_word' id='word_1_334' title='bbox 460 3027 606 3098; x_wconf 81' lang='lat'>(612)</span> <span class='ocrx_word' id='word_1_335' title='bbox 634 3028 865 3082; x_wconf 74' lang='lat' dir='ltr'>Nescitis</span> <span class='ocrx_word' id='word_1_336' title='bbox 895 3026 1034 3098; x_wconf 88' lang='lat' dir='ltr'>quod</span> <span class='ocrx_word' id='word_1_337' title='bbox 1067 3026 1125 3080; x_wconf 87' lang='lat' dir='ltr'>hi</span> <span class='ocrx_word' id='word_1_338' title='bbox 1153 3027 1250 3095; x_wconf 84' lang='lat' dir='ltr'>qui</span> <span class='ocrx_word' id='word_1_339' title='bbox 1279 3027 1338 3080; x_wconf 87' lang='lat' dir='ltr'>in</span> <span class='ocrx_word' id='word_1_340' title='bbox 1367 3024 1566 3090; x_wconf 72' lang='lat' dir='ltr'>stadio,</span> <span class='ocrx_word' id='word_1_341' title='bbox 1598 3030 1707 3079; x_wconf 91' lang='lat' dir='ltr'>etc.</span> <span class='ocrx_word' id='word_1_342' title='bbox 1740 3024 1910 3078; x_wconf 87' lang='lat' dir='ltr'>Aliud</span> <span class='ocrx_word' id='word_1_343' title='bbox 1939 3039 2036 3094; x_wconf 85' lang='lat' dir='ltr'>ag-</span> 
     </span>
    </p>
   </div>
   <div class='ocr_carea' id='block_1_49' title="bbox 2149 1779 3802 1854">
    <p class='ocr_par' dir='ltr' id='par_1_49' title="bbox 2149 1779 3802 1854">
     <span class='ocr_line' id='line_1_49' title="bbox 2149 1779 3802 1854; baseline -0.005 -14"><span class='ocrx_word' id='word_1_344' title='bbox 2149 1789 2206 1840; x_wconf 88' lang='lat' dir='ltr'>et</span> <span class='ocrx_word' id='word_1_345' title='bbox 2236 1784 2328 1840; x_wconf 91' lang='lat' dir='ltr'>his</span> <span class='ocrx_word' id='word_1_346' title='bbox 2359 1783 2675 1850; x_wconf 89' lang='lat' dir='ltr'>similibus,</span> <span class='ocrx_word' id='word_1_347' title='bbox 2705 1783 2922 1854; x_wconf 87' lang='lat' dir='ltr'>quibus</span> <span class='ocrx_word' id='word_1_348' title='bbox 2944 1782 3212 1838; x_wconf 87' lang='lat' dir='ltr'>atteritur</span> <span class='ocrx_word' id='word_1_349' title='bbox 3241 1797 3473 1850; x_wconf 90' lang='lat' dir='ltr'>corpus.</span> <span class='ocrx_word' id='word_1_350' title='bbox 3503 1779 3568 1833; x_wconf 83' lang='lat' dir='ltr'>Et</span> <span class='ocrx_word' id='word_1_351' title='bbox 3600 1780 3663 1832; x_wconf 85' lang='lat' dir='ltr'>in</span> <span class='ocrx_word' id='word_1_352' title='bbox 3691 1793 3802 1832; x_wconf 81' lang='lat' dir='ltr'>ser-</span> 
     </span>
    </p>
   </div>
   <div class='ocr_carea' id='block_1_50' title="bbox 2148 1867 3799 1942">
    <p class='ocr_par' dir='ltr' id='par_1_50' title="bbox 2148 1867 3799 1942">
     <span class='ocr_line' id='line_1_50' title="bbox 2148 1867 3799 1942; baseline -0.005 -14"><span class='ocrx_word' id='word_1_353' title='bbox 2148 1874 2371 1928; x_wconf 77' lang='lat' dir='ltr'>vitutem</span> <span class='ocrx_word' id='word_1_354' title='bbox 2428 1873 2636 1942; x_wconf 84' lang='lat' dir='ltr'>redigo,</span> <span class='ocrx_word' id='word_1_355' title='bbox 2687 1872 2788 1927; x_wconf 88' lang='lat' dir='ltr'>Dei</span> <span class='ocrx_word' id='word_1_356' title='bbox 2820 1871 3061 1940; x_wconf 88' lang='lat' dir='ltr'>scilicet,</span> <span class='ocrx_word' id='word_1_357' title='bbox 3110 1869 3200 1925; x_wconf 92' lang='lat' dir='ltr'>vel</span> <span class='ocrx_word' id='word_1_358' title='bbox 3261 1867 3492 1924; x_wconf 84' lang='lat' dir='ltr'>mentis.</span> <span class='ocrx_word' id='word_1_359' title='bbox 3525 1869 3604 1922; x_wconf 85' lang='lat' dir='ltr'>Ne</span> <span class='ocrx_word' id='word_1_360' title='bbox 3631 1869 3799 1937; x_wconf 79' lang='lat' dir='ltr'>forte,</span> 
     </span>
    </p>
   </div>
   <div class='ocr_carea' id='block_1_51' title="bbox 2147 1955 3800 2032">
    <p class='ocr_par' dir='ltr' id='par_1_51' title="bbox 2147 1955 3800 2032">
     <span class='ocr_line' id='line_1_51' title="bbox 2147 1955 3800 2032; baseline -0.005 -15"><span class='ocrx_word' id='word_1_361' title='bbox 2147 1979 2273 2017; x_wconf 89' lang='lat' dir='ltr'>cum</span> <span class='ocrx_word' id='word_1_362' title='bbox 2302 1964 2453 2028; x_wconf 81' lang='lat' dir='ltr'>aliis,</span> <span class='ocrx_word' id='word_1_363' title='bbox 2488 1966 2599 2026; x_wconf 83' lang='lat' dir='ltr'>etc,</span> <span class='ocrx_word' id='word_1_364' title='bbox 2630 1961 2774 2015; x_wconf 88' lang='lat' dir='ltr'>Vide</span> <span class='ocrx_word' id='word_1_365' title='bbox 2805 1965 3038 2032; x_wconf 65' lang='lat' dir='ltr'>quantas</span> <span class='ocrx_word' id='word_1_366' title='bbox 3062 1956 3667 2028; x_wconf 74' lang='lat' dir='ltr'>temeritatis,quantaa</span> <span class='ocrx_word' id='word_1_367' title='bbox 3699 1955 3800 2009; x_wconf 86' lang='lat' dir='ltr'>de-</span> 
     </span>
    </p>
   </div>
   <div class='ocr_carea' id='block_1_52' title="bbox 2150 2045 3802 2117">
    <p class='ocr_par' dir='ltr' id='par_1_52' title="bbox 2150 2045 3802 2117">
     <span class='ocr_line' id='line_1_52' title="bbox 2150 2045 3802 2117; baseline -0.005 -11"><span class='ocrx_word' id='word_1_368' title='bbox 2150 2051 2378 2106; x_wconf 69' lang='lat' dir='ltr'>mentias</span> <span class='ocrx_word' id='word_1_369' title='bbox 2410 2051 2528 2106; x_wconf 87' lang='lat' dir='ltr'>sint</span> <span class='ocrx_word' id='word_1_370' title='bbox 2558 2049 2845 2112; x_wconf 90' lang='lat' dir='ltr'>homines,</span> <span class='ocrx_word' id='word_1_371' title='bbox 2880 2066 2994 2104; x_wconf 91' lang='lat' dir='ltr'>non</span> <span class='ocrx_word' id='word_1_372' title='bbox 3035 2048 3317 2117; x_wconf 89' lang='lat' dir='ltr'>timendo,</span> <span class='ocrx_word' id='word_1_373' title='bbox 3352 2045 3554 2101; x_wconf 88' lang='lat' dir='ltr'>incerti</span> <span class='ocrx_word' id='word_1_374' title='bbox 3585 2045 3661 2100; x_wconf 91' lang='lat' dir='ltr'>de</span> <span class='ocrx_word' id='word_1_375' title='bbox 3692 2060 3802 2099; x_wconf 90' lang='lat' dir='ltr'>sua</span> 
     </span>
    </p>
   </div>
   <div class='ocr_carea' id='block_1_53' title="bbox 2147 2133 3803 2207">
    <p class='ocr_par' dir='ltr' id='par_1_53' title="bbox 2147 2133 3803 2207">
     <span class='ocr_line' id='line_1_53' title="bbox 2147 2133 3803 2207; baseline -0.004 -15"><span class='ocrx_word' id='word_1_376' title='bbox 2147 2138 2430 2194; x_wconf 84' lang='lat' dir='ltr'>electione</span> <span class='ocrx_word' id='word_1_377' title='bbox 2461 2139 2795 2206; x_wconf 88' lang='lat' dir='ltr'>existentes,</span> <span class='ocrx_word' id='word_1_378' title='bbox 2829 2155 2963 2193; x_wconf 88' lang='lat' dir='ltr'>cum</span> <span class='ocrx_word' id='word_1_379' title='bbox 2994 2137 3113 2204; x_wconf 92' lang='lat' dir='ltr'>ille,</span> <span class='ocrx_word' id='word_1_380' title='bbox 3148 2136 3248 2207; x_wconf 90' lang='lat' dir='ltr'>qui</span> <span class='ocrx_word' id='word_1_381' title='bbox 3271 2135 3492 2206; x_wconf 86' lang='lat' dir='ltr'>aliquid</span> <span class='ocrx_word' id='word_1_382' title='bbox 3525 2133 3669 2189; x_wconf 89' lang='lat' dir='ltr'>certi</span> <span class='ocrx_word' id='word_1_383' title='bbox 3701 2149 3803 2187; x_wconf 87' lang='lat' dir='ltr'>au-</span> 
     </span>
    </p>
   </div>
   <div class='ocr_carea' id='block_1_54' title="bbox 2147 2223 3800 2298">
    <p class='ocr_par' dir='ltr' id='par_1_54' title="bbox 2147 2223 3800 2298">
     <span class='ocr_line' id='line_1_54' title="bbox 2147 2223 3800 2298; baseline -0.002 -17"><span class='ocrx_word' id='word_1_384' title='bbox 2147 2227 2355 2293; x_wconf 89' lang='lat' dir='ltr'>dierat,</span> <span class='ocrx_word' id='word_1_385' title='bbox 2375 2228 2704 2283; x_wconf 87' lang='lat' dir='ltr'>timebat.ln</span> <span class='ocrx_word' id='word_1_386' title='bbox 2730 2244 2844 2298; x_wconf 92' lang='lat' dir='ltr'>quo</span> <span class='ocrx_word' id='word_1_387' title='bbox 2868 2231 3182 2282; x_wconf 89' lang='lat' dir='ltr'>monentur</span> <span class='ocrx_word' id='word_1_388' title='bbox 3203 2241 3427 2288; x_wconf 87' lang='lat' dir='ltr'>omnes,</span> <span class='ocrx_word' id='word_1_389' title='bbox 3450 2227 3514 2278; x_wconf 86' lang='lat' dir='ltr'>ut</span> <span class='ocrx_word' id='word_1_390' title='bbox 3534 2223 3800 2278; x_wconf 89' lang='lat' dir='ltr'>timendo</span> 
     </span>
    </p>
   </div>
   <div class='ocr_carea' id='block_1_55' title="bbox 2146 2314 3802 2388">
    <p class='ocr_par' dir='ltr' id='par_1_55' title="bbox 2146 2314 3802 2388">
     <span class='ocr_line' id='line_1_55' title="bbox 2146 2314 3802 2388; baseline -0.005 -16"><span class='ocrx_word' id='word_1_391' title='bbox 2146 2321 2403 2387; x_wconf 73' lang='lat' dir='ltr'>sperent,</span> <span class='ocrx_word' id='word_1_392' title='bbox 2435 2322 2491 2372; x_wconf 93' lang='lat' dir='ltr'>et</span> <span class='ocrx_word' id='word_1_393' title='bbox 2520 2319 2810 2388; x_wconf 86' lang='lat' dir='ltr'>sperando</span> <span class='ocrx_word' id='word_1_394' title='bbox 2832 2315 3096 2381; x_wconf 88' lang='lat' dir='ltr'>timeant,</span> <span class='ocrx_word' id='word_1_395' title='bbox 3131 2320 3420 2386; x_wconf 89' lang='lat' dir='ltr'>quatenus</span> <span class='ocrx_word' id='word_1_396' title='bbox 3441 2329 3578 2383; x_wconf 88' lang='lat' dir='ltr'>spes</span> <span class='ocrx_word' id='word_1_397' title='bbox 3611 2314 3802 2366; x_wconf 70' lang='lat' dir='ltr'>foveat</span> 
     </span>
    </p>
   </div>
   <div class='ocr_carea' id='block_1_56' title="bbox 2146 2399 3800 2475">
    <p class='ocr_par' dir='ltr' id='par_1_56' title="bbox 2146 2399 3800 2475">
     <span class='ocr_line' id='line_1_56' title="bbox 2146 2399 3800 2475; baseline -0.003 -17"><span class='ocrx_word' id='word_1_398' title='bbox 2146 2404 2502 2474; x_wconf 83' lang='lat' dir='ltr'>laborantes,</span> <span class='ocrx_word' id='word_1_399' title='bbox 2535 2411 2590 2460; x_wconf 93' lang='lat' dir='ltr'>et</span> <span class='ocrx_word' id='word_1_400' title='bbox 2613 2405 2790 2460; x_wconf 90' lang='lat' dir='ltr'>timor</span> <span class='ocrx_word' id='word_1_401' title='bbox 2811 2404 3009 2460; x_wconf 89' lang='lat' dir='ltr'>incitet</span> <span class='ocrx_word' id='word_1_402' title='bbox 3031 2403 3410 2475; x_wconf 88' lang='lat' dir='ltr'>negligentes.</span> <span class='ocrx_word' id='word_1_403' title='bbox 3440 2400 3605 2456; x_wconf 90' lang='lat' dir='ltr'>Unde</span> <span class='ocrx_word' id='word_1_404' title='bbox 3635 2399 3800 2455; x_wconf 87' lang='lat' dir='ltr'>Psal-</span> 
     </span>
    </p>
   </div>
   <div class='ocr_carea' id='block_1_57' title="bbox 2148 2489 3804 2563">
    <p class='ocr_par' dir='ltr' id='par_1_57' title="bbox 2148 2489 3804 2563">
     <span class='ocr_line' id='line_1_57' title="bbox 2148 2489 3804 2563; baseline -0.003 -15"><span class='ocrx_word' id='word_1_405' title='bbox 2148 2494 2324 2548; x_wconf 84' lang='lat' dir='ltr'>mista</span> <span class='ocrx_word' id='word_1_406' title='bbox 2349 2511 2360 2548; x_wconf 90' lang='lat'><strong>:</strong></span> <span class='ocrx_word' id='word_1_407' title='bbox 2397 2495 2501 2562; x_wconf 84' lang='lat' dir='ltr'>Qui</span> <span class='ocrx_word' id='word_1_408' title='bbox 2528 2496 2723 2549; x_wconf 85' lang='lat' dir='ltr'>timent</span> <span class='ocrx_word' id='word_1_409' title='bbox 2753 2495 3067 2559; x_wconf 84' lang='lat' dir='ltr'>Dominum,</span> <span class='ocrx_word' id='word_1_410' title='bbox 3099 2499 3452 2563; x_wconf 77' lang='lat' dir='ltr'>speraverant</span> <span class='ocrx_word' id='word_1_411' title='bbox 3478 2492 3540 2547; x_wconf 85' lang='lat' dir='ltr'>in</span> <span class='ocrx_word' id='word_1_412' title='bbox 3568 2489 3804 2545; x_wconf 83' lang='lat' dir='ltr'>Domino</span> 
     </span>
    </p>
   </div>
   <div class='ocr_carea' id='block_1_58' title="bbox 2146 2583 2642 2654">
    <p class='ocr_par' dir='ltr' id='par_1_58' title="bbox 2146 2583 2642 2654">
     <span class='ocr_line' id='line_1_58' title="bbox 2146 2583 2642 2654; baseline 0.002 -18"><span class='ocrx_word' id='word_1_413' title='bbox 2146 2583 2318 2650; x_wconf 74' lang='lat' dir='ltr'>(Psal.</span> <span class='ocrx_word' id='word_1_414' title='bbox 2352 2600 2494 2650; x_wconf 82' lang='lat' dir='ltr'>CXVI,</span> <span class='ocrx_word' id='word_1_415' title='bbox 2532 2583 2642 2654; x_wconf 87' lang='grc'>11),</span> 
     </span>
    </p>
   </div>
   <div class='ocr_carea' id='block_1_59' title="bbox 2221 2667 3807 2742">
    <p class='ocr_par' dir='ltr' id='par_1_59' title="bbox 2221 2667 3807 2742">
     <span class='ocr_line' id='line_1_59' title="bbox 2221 2667 3807 2742; baseline -0.002 -18"><span class='ocrx_word' id='word_1_416' title='bbox 2221 2671 2368 2742; x_wconf 85' lang='grc'>(614)</span> <span class='ocrx_word' id='word_1_417' title='bbox 2399 2671 2558 2740; x_wconf 79' lang='lat' dir='ltr'>(CAP.</span> <span class='ocrx_word' id='word_1_418' title='bbox 2611 2672 2703 2742; x_wconf 83' lang='lat' dir='ltr'>X.)</span> <span class='ocrx_word' id='word_1_419' title='bbox 2753 2669 3080 2726; x_wconf 63' lang='lat' dir='ltr'>Premissis</span> <span class='ocrx_word' id='word_1_420' title='bbox 3138 2668 3633 2725; x_wconf 89' lang='lat' dir='ltr'>similitudinibus</span> <span class='ocrx_word' id='word_1_421' title='bbox 3665 2667 3807 2723; x_wconf 86' lang='lat' dir='ltr'>sub-</span> 
     </span>
    </p>
   </div>
   <div class='ocr_carea' id='block_1_60' title="bbox 2141 2755 3808 2831">
    <p class='ocr_par' dir='ltr' id='par_1_60' title="bbox 2141 2755 3808 2831">
     <span class='ocr_line' id='line_1_60' title="bbox 2141 2755 3808 2831; baseline -0.002 -16"><span class='ocrx_word' id='word_1_422' title='bbox 2141 2760 2343 2831; x_wconf 88' lang='lat' dir='ltr'>junxit</span> <span class='ocrx_word' id='word_1_423' title='bbox 2372 2759 2702 2830; x_wconf 86' lang='lat' dir='ltr'>exemplum</span> <span class='ocrx_word' id='word_1_424' title='bbox 2752 2759 2980 2815; x_wconf 90' lang='lat' dir='ltr'>Veteris</span> <span class='ocrx_word' id='word_1_425' title='bbox 3036 2758 3395 2814; x_wconf 88' lang='lat' dir='ltr'>Testamenti</span> <span class='ocrx_word' id='word_1_426' title='bbox 3441 2757 3704 2812; x_wconf 84' lang='lat' dir='ltr'>attinens</span> <span class='ocrx_word' id='word_1_427' title='bbox 3737 2755 3808 2812; x_wconf 87' lang='lat' dir='ltr'>ad</span> 
     </span>
    </p>
   </div>
   <div class='ocr_carea' id='block_1_61' title="bbox 2149 2849 3809 2916">
    <p class='ocr_par' dir='ltr' id='par_1_61' title="bbox 2149 2849 3809 2916">
     <span class='ocr_line' id='line_1_61' title="bbox 2149 2849 3809 2916; baseline -0.004 -12"><span class='ocrx_word' id='word_1_428' title='bbox 2149 2850 2414 2904; x_wconf 90' lang='lat' dir='ltr'>eamdem</span> <span class='ocrx_word' id='word_1_429' title='bbox 2450 2865 2594 2915; x_wconf 90' lang='lat' dir='ltr'>rem,</span> <span class='ocrx_word' id='word_1_430' title='bbox 2627 2849 2866 2905; x_wconf 87' lang='lat' dir='ltr'>dicens:</span> <span class='ocrx_word' id='word_1_431' title='bbox 2900 2850 3032 2904; x_wconf 86' lang='lat' dir='ltr'>Noto</span> <span class='ocrx_word' id='word_1_432' title='bbox 3062 2849 3212 2903; x_wconf 85' lang='lat' dir='ltr'>enim</span> <span class='ocrx_word' id='word_1_433' title='bbox 3255 2863 3345 2903; x_wconf 75' lang='lat' dir='ltr'>vos</span> <span class='ocrx_word' id='word_1_434' title='bbox 3375 2849 3660 2916; x_wconf 83' lang='lat' dir='ltr'>ignorare,</span> <span class='ocrx_word' id='word_1_435' title='bbox 3698 2851 3809 2900; x_wconf 86' lang='lat' dir='ltr'>etc.</span> 
     </span>
    </p>
   </div>
   <div class='ocr_carea' id='block_1_62' title="bbox 2148 2936 3816 3009">
    <p class='ocr_par' dir='ltr' id='par_1_62' title="bbox 2148 2936 3816 3009">
     <span class='ocr_line' id='line_1_62' title="bbox 2148 2936 3816 3009; baseline -0.003 -16"><span class='ocrx_word' id='word_1_436' title='bbox 2148 2938 2308 3001; x_wconf 89' lang='lat' dir='ltr'>Quod</span> <span class='ocrx_word' id='word_1_437' title='bbox 2346 2937 2598 3009; x_wconf 87' lang='lat' dir='ltr'>qualiter</span> <span class='ocrx_word' id='word_1_438' title='bbox 2629 2943 2859 3009; x_wconf 90' lang='lat' dir='ltr'>gestum</span> <span class='ocrx_word' id='word_1_439' title='bbox 2891 2937 2987 3003; x_wconf 91' lang='lat' dir='ltr'>sit,</span> <span class='ocrx_word' id='word_1_440' title='bbox 3023 2936 3404 2992; x_wconf 83' lang='lat' dir='ltr'>manifestum</span> <span class='ocrx_word' id='word_1_441' title='bbox 3434 2940 3546 3005; x_wconf 90' lang='lat' dir='ltr'>est,</span> <span class='ocrx_word' id='word_1_442' title='bbox 3579 2938 3641 2989; x_wconf 91' lang='lat' dir='ltr'>et</span> <span class='ocrx_word' id='word_1_443' title='bbox 3670 2950 3816 3004; x_wconf 89' lang='lat' dir='ltr'>quo-</span> 
     </span>
    </p>
   </div>
   <div class='ocr_carea' id='block_1_63' title="bbox 2154 3023 3812 3098">
    <p class='ocr_par' dir='ltr' id='par_1_63' title="bbox 2154 3023 3812 3098">
     <span class='ocr_line' id='line_1_63' title="bbox 2154 3023 3812 3098; baseline -0.002 -18"><span class='ocrx_word' id='word_1_444' title='bbox 2154 3027 2325 3081; x_wconf 92' lang='lat' dir='ltr'>modo</span> <span class='ocrx_word' id='word_1_445' title='bbox 2356 3027 2698 3098; x_wconf 88' lang='lat' dir='ltr'>spiritaliter</span> <span class='ocrx_word' id='word_1_446' title='bbox 2737 3025 3047 3094; x_wconf 88' lang='lat' dir='ltr'>sentiatur,</span> <span class='ocrx_word' id='word_1_447' title='bbox 3081 3025 3293 3096; x_wconf 87' lang='lat' dir='ltr'>partim</span> <span class='ocrx_word' id='word_1_448' title='bbox 3319 3025 3446 3096; x_wconf 89' lang='lat' dir='ltr'>jam</span> <span class='ocrx_word' id='word_1_449' title='bbox 3477 3023 3812 3095; x_wconf 87' lang='lat' dir='ltr'>cognitum.</span> 
     </span>
    </p>
   </div>
   <div class='ocr_carea' id='block_1_64' title="bbox 390 3093 3819 3187">
    <p class='ocr_par' dir='ltr' id='par_1_64' title="bbox 390 3093 3819 3187">
     <span class='ocr_line' id='line_1_64' title="bbox 390 3093 3819 3187; baseline -0.001 -17"><span class='ocrx_word' id='word_1_450' title='bbox 390 3093 674 3187; x_wconf 85' lang='lat' dir='ltr'>greditur,</span> <span class='ocrx_word' id='word_1_451' title='bbox 708 3116 854 3170; x_wconf 89' lang='lat' dir='ltr'>dans</span> <span class='ocrx_word' id='word_1_452' title='bbox 883 3093 1356 3182; x_wconf 72' lang='lat' dir='ltr'>similitudinem,</span> <span class='ocrx_word' id='word_1_453' title='bbox 1395 3131 1521 3185; x_wconf 63' lang='lat' dir='ltr'>qua:</span> <span class='ocrx_word' id='word_1_454' title='bbox 1555 3131 1671 3168; x_wconf 91' lang='lat' dir='ltr'>non</span> <span class='ocrx_word' id='word_1_455' title='bbox 1705 3112 1894 3167; x_wconf 92' lang='lat' dir='ltr'>solum</span> <span class='ocrx_word' id='word_1_456' title='bbox 1928 3093 2038 3166; x_wconf 80' lang='lat' dir='ltr'>Co-</span> <span class='ocrx_word' id='word_1_457' title='bbox 2070 3093 2112 3158; x_wconf 62' lang='grc' dir='ltr'>(ἶ</span> <span class='ocrx_word' id='word_1_458' title='bbox 2155 3093 2406 3169; x_wconf 77' lang='lat' dir='ltr'>Intentio</span> <span class='ocrx_word' id='word_1_459' title='bbox 2457 3119 2652 3170; x_wconf 89' lang='lat' dir='ltr'>tamen</span> <span class='ocrx_word' id='word_1_460' title='bbox 2695 3114 2827 3184; x_wconf 86' lang='lat' dir='ltr'>ejus</span> <span class='ocrx_word' id='word_1_461' title='bbox 2885 3093 3187 3169; x_wconf 77' lang='lat' dir='ltr'>intuenda.</span> <span class='ocrx_word' id='word_1_462' title='bbox 3241 3093 3492 3168; x_wconf 80' lang='lat' dir='ltr'>Intentio</span> <span class='ocrx_word' id='word_1_463' title='bbox 3541 3093 3675 3182; x_wconf 84' lang='lat' dir='ltr'>ejus</span> <span class='ocrx_word' id='word_1_464' title='bbox 3710 3111 3819 3166; x_wconf 85' lang='lat' dir='ltr'>fuit</span> 
     </span>
    </p>
   </div>
   <div class='ocr_carea' id='block_1_65' title="bbox 390 3201 2044 3270">
    <p class='ocr_par' dir='ltr' id='par_1_65' title="bbox 390 3201 2044 3270">
     <span class='ocr_line' id='line_1_65' title="bbox 390 3201 2044 3270; baseline -0.002 -12"><span class='ocrx_word' id='word_1_465' title='bbox 390 3203 648 3270; x_wconf 90' lang='lat' dir='ltr'>rinthiis,</span> <span class='ocrx_word' id='word_1_466' title='bbox 677 3205 777 3259; x_wconf 87' lang='lat' dir='ltr'>sed</span> <span class='ocrx_word' id='word_1_467' title='bbox 801 3204 1076 3258; x_wconf 90' lang='lat' dir='ltr'>omnibus</span> <span class='ocrx_word' id='word_1_468' title='bbox 1100 3203 1368 3258; x_wconf 86' lang='lat' dir='ltr'>convenit</span> <span class='ocrx_word' id='word_1_469' title='bbox 1393 3201 1758 3256; x_wconf 87' lang='lat' dir='ltr'>Christianis.</span> <span class='ocrx_word' id='word_1_470' title='bbox 1777 3201 2044 3256; x_wconf 88' lang='lat' dir='ltr'>Stadium</span> 
     </span>
    </p>
   </div>
   <div class='ocr_carea' id='block_1_66' title="bbox 389 3288 2044 3364">
    <p class='ocr_par' dir='ltr' id='par_1_66' title="bbox 389 3288 2044 3364">
     <span class='ocr_line' id='line_1_66' title="bbox 389 3288 2044 3364; baseline -0.004 -16"><span class='ocrx_word' id='word_1_471' title='bbox 389 3309 645 3364; x_wconf 87' lang='lat' dir='ltr'>namque</span> <span class='ocrx_word' id='word_1_472' title='bbox 679 3292 902 3347; x_wconf 90' lang='lat' dir='ltr'>dictum</span> <span class='ocrx_word' id='word_1_473' title='bbox 925 3297 1012 3346; x_wconf 88' lang='lat' dir='ltr'>est</span> <span class='ocrx_word' id='word_1_474' title='bbox 1042 3309 1076 3347; x_wconf 90' lang='lat' dir='ltr'>a</span> <span class='ocrx_word' id='word_1_475' title='bbox 1097 3291 1314 3362; x_wconf 78' lang='lat' dir='ltr'>stando,</span> <span class='ocrx_word' id='word_1_476' title='bbox 1337 3291 1408 3346; x_wconf 92' lang='lat' dir='ltr'>ob</span> <span class='ocrx_word' id='word_1_477' title='bbox 1434 3291 1564 3356; x_wconf 93' lang='lat' dir='ltr'>hoc,</span> <span class='ocrx_word' id='word_1_478' title='bbox 1597 3289 1874 3360; x_wconf 90' lang='lat' dir='ltr'>quoniam</span> <span class='ocrx_word' id='word_1_479' title='bbox 1905 3288 2044 3343; x_wconf 89' lang='lat' dir='ltr'>Her-</span> 
     </span>
    </p>
   </div>
   <div class='ocr_carea' id='block_1_67' title="bbox 389 3379 2046 3450">
    <p class='ocr_par' dir='ltr' id='par_1_67' title="bbox 389 3379 2046 3450">
     <span class='ocr_line' id='line_1_67' title="bbox 389 3379 2046 3450; baseline -0.004 -13"><span class='ocrx_word' id='word_1_480' title='bbox 389 3381 548 3437; x_wconf 90' lang='lat' dir='ltr'>cules</span> <span class='ocrx_word' id='word_1_481' title='bbox 578 3397 694 3436; x_wconf 93' lang='lat' dir='ltr'>uno</span> <span class='ocrx_word' id='word_1_482' title='bbox 727 3379 990 3435; x_wconf 88' lang='lat' dir='ltr'>anhelitu</span> <span class='ocrx_word' id='word_1_483' title='bbox 1022 3384 1256 3434; x_wconf 85' lang='lat' dir='ltr'>centum</span> <span class='ocrx_word' id='word_1_484' title='bbox 1308 3379 1513 3450; x_wconf 85' lang='lat' dir='ltr'>viginti</span> <span class='ocrx_word' id='word_1_485' title='bbox 1545 3379 1805 3449; x_wconf 88' lang='lat' dir='ltr'>quinque</span> <span class='ocrx_word' id='word_1_486' title='bbox 1838 3393 2046 3448; x_wconf 89' lang='lat' dir='ltr'>passus</span> 
     </span>
    </p>
   </div>
   <div class='ocr_carea' id='block_1_68' title="bbox 391 3466 2042 3537">
    <p class='ocr_par' dir='ltr' id='par_1_68' title="bbox 391 3466 2042 3537">
     <span class='ocr_line' id='line_1_68' title="bbox 391 3466 2042 3537; baseline -0.004 -13"><span class='ocrx_word' id='word_1_487' title='bbox 391 3470 666 3534; x_wconf 89' lang='lat' dir='ltr'>cucurrit,</span> <span class='ocrx_word' id='word_1_488' title='bbox 701 3468 757 3522; x_wconf 91' lang='lat' dir='ltr'>id</span> <span class='ocrx_word' id='word_1_489' title='bbox 785 3472 893 3532; x_wconf 88' lang='lat' dir='ltr'>est,</span> <span class='ocrx_word' id='word_1_490' title='bbox 927 3472 1188 3522; x_wconf 85' lang='lat' dir='ltr'>octavam</span> <span class='ocrx_word' id='word_1_491' title='bbox 1213 3472 1434 3537; x_wconf 89' lang='lat' dir='ltr'>partem</span> <span class='ocrx_word' id='word_1_492' title='bbox 1466 3466 1808 3533; x_wconf 89' lang='lat' dir='ltr'>milliarii,et</span> <span class='ocrx_word' id='word_1_493' title='bbox 1837 3466 2000 3519; x_wconf 88' lang='lat' dir='ltr'>stetit</span> <span class='ocrx_word' id='word_1_494' title='bbox 2029 3482 2042 3531; x_wconf 90' lang='lat'><strong>;</strong></span> 
     </span>
    </p>
   </div>
   <div class='ocr_carea' id='block_1_69' title="bbox 395 3553 2044 3612">
    <p class='ocr_par' dir='ltr' id='par_1_69' title="bbox 395 3553 2044 3612">
     <span class='ocr_line' id='line_1_69' title="bbox 395 3553 2044 3612; baseline -0.004 0"><span class='ocrx_word' id='word_1_495' title='bbox 395 3563 455 3612; x_wconf 91' lang='lat' dir='ltr'>et</span> <span class='ocrx_word' id='word_1_496' title='bbox 486 3556 615 3611; x_wconf 91' lang='lat' dir='ltr'>ideo</span> <span class='ocrx_word' id='word_1_497' title='bbox 649 3573 682 3610; x_wconf 89' lang='lat' dir='ltr'>a</span> <span class='ocrx_word' id='word_1_498' title='bbox 705 3555 897 3609; x_wconf 80' lang='lat' dir='ltr'>stando</span> <span class='ocrx_word' id='word_1_499' title='bbox 927 3555 1162 3610; x_wconf 90' lang='lat' dir='ltr'>dicitur.</span> <span class='ocrx_word' id='word_1_500' title='bbox 1211 3553 1506 3608; x_wconf 90' lang='lat' dir='ltr'>Transivit</span> <span class='ocrx_word' id='word_1_501' title='bbox 1548 3553 1722 3609; x_wconf 89' lang='lat' dir='ltr'>etiam</span> <span class='ocrx_word' id='word_1_502' title='bbox 1757 3553 1877 3608; x_wconf 62' lang='lat' dir='ltr'>haec</span> <span class='ocrx_word' id='word_1_503' title='bbox 1908 3569 2044 3606; x_wconf 92' lang='lat' dir='ltr'>con-</span> 
     </span>
    </p>
   </div>
   <div class='ocr_carea' id='block_1_70' title="bbox 394 3640 2046 3714">
    <p class='ocr_par' dir='ltr' id='par_1_70' title="bbox 394 3640 2046 3714">
     <span class='ocr_line' id='line_1_70' title="bbox 394 3640 2046 3714; baseline -0.003 -14"><span class='ocrx_word' id='word_1_504' title='bbox 394 3645 645 3700; x_wconf 90' lang='lat' dir='ltr'>suetudo</span> <span class='ocrx_word' id='word_1_505' title='bbox 663 3644 733 3698; x_wconf 90' lang='lat' dir='ltr'>ad</span> <span class='ocrx_word' id='word_1_506' title='bbox 750 3644 1196 3709; x_wconf 82' lang='lat' dir='ltr'>Romam,utsex</span> <span class='ocrx_word' id='word_1_507' title='bbox 1214 3642 1475 3698; x_wconf 90' lang='lat' dir='ltr'>millibus</span> <span class='ocrx_word' id='word_1_508' title='bbox 1488 3658 1768 3714; x_wconf 90' lang='lat' dir='ltr'>passuum</span> <span class='ocrx_word' id='word_1_509' title='bbox 1791 3640 2046 3696; x_wconf 89' lang='lat' dir='ltr'>stadium</span> 
     </span>
    </p>
   </div>
   <div class='ocr_carea' id='block_1_71' title="bbox 395 3730 2044 3806">
    <p class='ocr_par' dir='ltr' id='par_1_71' title="bbox 395 3730 2044 3806">
     <span class='ocr_line' id='line_1_71' title="bbox 395 3730 2044 3806; baseline -0.002 -18"><span class='ocrx_word' id='word_1_510' title='bbox 395 3733 771 3799; x_wconf 90' lang='lat' dir='ltr'>diceretur,et</span> <span class='ocrx_word' id='word_1_511' title='bbox 793 3732 850 3787; x_wconf 91' lang='lat' dir='ltr'>in</span> <span class='ocrx_word' id='word_1_512' title='bbox 875 3732 1044 3788; x_wconf 88' lang='lat' dir='ltr'>metis</span> <span class='ocrx_word' id='word_1_513' title='bbox 1067 3732 1390 3787; x_wconf 89' lang='lat' dir='ltr'>stadiorum</span> <span class='ocrx_word' id='word_1_514' title='bbox 1415 3731 1739 3803; x_wconf 80' lang='lat' dir='ltr'>ponebatur</span> <span class='ocrx_word' id='word_1_515' title='bbox 1757 3730 2044 3806; x_wconf 59' lang='lat' dir='ltr'>brgvium,</span> 
     </span>
    </p>
   </div>
   <div class='ocr_carea' id='block_1_72' title="bbox 394 3822 2045 3893">
    <p class='ocr_par' dir='ltr' id='par_1_72' title="bbox 394 3822 2045 3893">
     <span class='ocr_line' id='line_1_72' title="bbox 394 3822 2045 3893; baseline -0.002 -16"><span class='ocrx_word' id='word_1_516' title='bbox 394 3823 452 3877; x_wconf 92' lang='lat' dir='ltr'>id</span> <span class='ocrx_word' id='word_1_517' title='bbox 486 3827 575 3877; x_wconf 89' lang='lat' dir='ltr'>est</span> <span class='ocrx_word' id='word_1_518' title='bbox 605 3822 909 3893; x_wconf 62' lang='lat' dir='ltr'>premium</span> <span class='ocrx_word' id='word_1_519' title='bbox 936 3839 948 3888; x_wconf 90' lang='lat'><strong>;</strong></span> <span class='ocrx_word' id='word_1_520' title='bbox 977 3826 1035 3876; x_wconf 89' lang='lat' dir='ltr'>et</span> <span class='ocrx_word' id='word_1_521' title='bbox 1082 3826 1380 3876; x_wconf 89' lang='lat' dir='ltr'>currentes</span> <span class='ocrx_word' id='word_1_522' title='bbox 1425 3825 1558 3875; x_wconf 90' lang='lat' dir='ltr'>ante</span> <span class='ocrx_word' id='word_1_523' title='bbox 1611 3825 2045 3891; x_wconf 80' lang='lat' dir='ltr'>imperatorem,</span> 
     </span>
    </p>
   </div>
   <div class='ocr_carea' id='block_1_73' title="bbox 394 3908 2049 3983">
    <p class='ocr_par' dir='ltr' id='par_1_73' title="bbox 394 3908 2049 3983">
     <span class='ocr_line' id='line_1_73' title="bbox 394 3908 2049 3983; baseline -0.001 -18"><span class='ocrx_word' id='word_1_524' title='bbox 394 3910 497 3982; x_wconf 90' lang='lat' dir='ltr'>qui</span> <span class='ocrx_word' id='word_1_525' title='bbox 518 3911 682 3983; x_wconf 87' lang='lat' dir='ltr'>prius</span> <span class='ocrx_word' id='word_1_526' title='bbox 705 3909 1302 3980; x_wconf 68' lang='lat' dir='ltr'>veniebat,praemium</span> <span class='ocrx_word' id='word_1_527' title='bbox 1323 3908 2049 3981; x_wconf 87' lang='lat' dir='ltr'>accipiebat.Assimilatur</span> 
     </span>
    </p>
   </div>
   <div class='ocr_carea' id='block_1_74' title="bbox 393 3997 2048 4070">
    <p class='ocr_par' dir='ltr' id='par_1_74' title="bbox 393 3997 2048 4070">
     <span class='ocr_line' id='line_1_74' title="bbox 393 3997 2048 4070; baseline -0.001 -15"><span class='ocrx_word' id='word_1_528' title='bbox 393 4003 586 4055; x_wconf 89' lang='lat' dir='ltr'>autem</span> <span class='ocrx_word' id='word_1_529' title='bbox 611 3999 867 4055; x_wconf 88' lang='lat' dir='ltr'>stadium</span> <span class='ocrx_word' id='word_1_530' title='bbox 895 4015 1051 4054; x_wconf 92' lang='lat' dir='ltr'>nunc</span> <span class='ocrx_word' id='word_1_531' title='bbox 1083 3997 1215 4054; x_wconf 82' lang='lat' dir='ltr'>fidei</span> <span class='ocrx_word' id='word_1_532' title='bbox 1245 4017 1257 4067; x_wconf 91' lang='lat'><strong>;</strong></span> <span class='ocrx_word' id='word_1_533' title='bbox 1292 3998 1429 4070; x_wconf 87' lang='lat' dir='ltr'>quia</span> <span class='ocrx_word' id='word_1_534' title='bbox 1451 3998 1605 4053; x_wconf 88' lang='lat' dir='ltr'>sicut</span> <span class='ocrx_word' id='word_1_535' title='bbox 1635 3997 1715 4052; x_wconf 92' lang='lat' dir='ltr'>ibi</span> <span class='ocrx_word' id='word_1_536' title='bbox 1750 3997 1938 4066; x_wconf 89' lang='lat' dir='ltr'>multi,</span> <span class='ocrx_word' id='word_1_537' title='bbox 1967 3998 2048 4054; x_wconf 91' lang='lat' dir='ltr'>ita</span> 
     </span>
    </p>
   </div>
   <div class='ocr_carea' id='block_1_75' title="bbox 392 4087 2045 4158">
    <p class='ocr_par' dir='ltr' id='par_1_75' title="bbox 392 4087 2045 4158">
     <span class='ocr_line' id='line_1_75' title="bbox 392 4087 2045 4158; baseline -0.002 -13"><span class='ocrx_word' id='word_1_538' title='bbox 392 4093 448 4145; x_wconf 90' lang='lat' dir='ltr'>et</span> <span class='ocrx_word' id='word_1_539' title='bbox 478 4089 535 4144; x_wconf 90' lang='lat' dir='ltr'>in</span> <span class='ocrx_word' id='word_1_540' title='bbox 565 4089 752 4144; x_wconf 87' lang='lat' dir='ltr'>stadio</span> <span class='ocrx_word' id='word_1_541' title='bbox 784 4087 919 4144; x_wconf 84' lang='lat' dir='ltr'>ﬁdei</span> <span class='ocrx_word' id='word_1_542' title='bbox 969 4087 1141 4143; x_wconf 87' lang='lat' dir='ltr'>multi</span> <span class='ocrx_word' id='word_1_543' title='bbox 1171 4087 1531 4142; x_wconf 89' lang='lat' dir='ltr'>discurrunt.</span> <span class='ocrx_word' id='word_1_544' title='bbox 1566 4091 1676 4142; x_wconf 86' lang='lat' dir='ltr'>Per</span> <span class='ocrx_word' id='word_1_545' title='bbox 1703 4104 1908 4154; x_wconf 90' lang='lat' dir='ltr'>unum,</span> <span class='ocrx_word' id='word_1_546' title='bbox 1944 4088 2045 4158; x_wconf 88' lang='lat' dir='ltr'>qui</span> 
     </span>
    </p>
   </div>
   <div class='ocr_carea' id='block_1_76' title="bbox 394 4174 2042 4249">
    <p class='ocr_par' dir='ltr' id='par_1_76' title="bbox 394 4174 2042 4249">
     <span class='ocr_line' id='line_1_76' title="bbox 394 4174 2042 4249; baseline -0.001 -17"><span class='ocrx_word' id='word_1_547' title='bbox 394 4178 696 4249; x_wconf 67' lang='lat' dir='ltr'>praemium</span> <span class='ocrx_word' id='word_1_548' title='bbox 730 4177 1280 4248; x_wconf 87' lang='lat' dir='ltr'>accipiebat,unitas</span> <span class='ocrx_word' id='word_1_549' title='bbox 1318 4174 1584 4230; x_wconf 73' lang='lat' dir='ltr'>Ecclesiae</span> <span class='ocrx_word' id='word_1_550' title='bbox 1619 4175 1725 4230; x_wconf 89' lang='lat' dir='ltr'>rite</span> <span class='ocrx_word' id='word_1_551' title='bbox 1755 4176 2042 4246; x_wconf 85' lang='lat' dir='ltr'>signatur.</span> 
     </span>
    </p>
   </div>
   <div class='ocr_carea' id='block_1_77' title="bbox 393 4263 2046 4336">
    <p class='ocr_par' dir='ltr' id='par_1_77' title="bbox 393 4263 2046 4336">
     <span class='ocr_line' id='line_1_77' title="bbox 393 4263 2046 4336; baseline -0.002 -15"><span class='ocrx_word' id='word_1_552' title='bbox 393 4267 504 4322; x_wconf 91' lang='lat' dir='ltr'>Sed</span> <span class='ocrx_word' id='word_1_553' title='bbox 538 4283 752 4336; x_wconf 87' lang='lat' dir='ltr'>magna</span> <span class='ocrx_word' id='word_1_554' title='bbox 809 4264 1090 4318; x_wconf 87' lang='lat' dir='ltr'>distantia</span> <span class='ocrx_word' id='word_1_555' title='bbox 1137 4270 1226 4317; x_wconf 89' lang='lat' dir='ltr'>est</span> <span class='ocrx_word' id='word_1_556' title='bbox 1284 4264 1434 4318; x_wconf 91' lang='lat' dir='ltr'>inter</span> <span class='ocrx_word' id='word_1_557' title='bbox 1486 4263 1629 4317; x_wconf 88' lang='lat' dir='ltr'>illud</span> <span class='ocrx_word' id='word_1_558' title='bbox 1679 4264 1960 4329; x_wconf 88' lang='lat' dir='ltr'>stadium,</span> <span class='ocrx_word' id='word_1_559' title='bbox 1991 4268 2046 4318; x_wconf 90' lang='lat' dir='ltr'>et</span> 
     </span>
    </p>
   </div>
   <div class='ocr_carea' id='block_1_78' title="bbox 395 4351 2044 4417">
    <p class='ocr_par' dir='ltr' id='par_1_78' title="bbox 395 4351 2044 4417">
     <span class='ocr_line' id='line_1_78' title="bbox 395 4351 2044 4417; baseline -0.001 -9"><span class='ocrx_word' id='word_1_560' title='bbox 395 4353 574 4408; x_wconf 90' lang='lat' dir='ltr'>istud.</span> <span class='ocrx_word' id='word_1_561' title='bbox 604 4354 686 4408; x_wconf 90' lang='lat' dir='ltr'>Ibi</span> <span class='ocrx_word' id='word_1_562' title='bbox 717 4353 873 4407; x_wconf 91' lang='lat' dir='ltr'>enim</span> <span class='ocrx_word' id='word_1_563' title='bbox 906 4352 1002 4406; x_wconf 90' lang='lat' dir='ltr'>ille</span> <span class='ocrx_word' id='word_1_564' title='bbox 1032 4351 1401 4406; x_wconf 89' lang='lat' dir='ltr'>solummodo</span> <span class='ocrx_word' id='word_1_565' title='bbox 1426 4353 1722 4407; x_wconf 82' lang='lat' dir='ltr'>fructuosa</span> <span class='ocrx_word' id='word_1_566' title='bbox 1750 4355 2044 4417; x_wconf 88' lang='lat' dir='ltr'>currebat,</span> 
     </span>
    </p>
   </div>
   <div class='ocr_carea' id='block_1_79' title="bbox 2155 3200 3815 3278">
    <p class='ocr_par' dir='ltr' id='par_1_79' title="bbox 2155 3200 3815 3278">
     <span class='ocr_line' id='line_1_79' title="bbox 2155 3200 3815 3278; baseline -0.002 -20"><span class='ocrx_word' id='word_1_567' title='bbox 2155 3203 2461 3258; x_wconf 89' lang='lat' dir='ltr'>ostendere</span> <span class='ocrx_word' id='word_1_568' title='bbox 2515 3202 2826 3258; x_wconf 80' lang='lat' dir='ltr'>Corinthiis</span> <span class='ocrx_word' id='word_1_569' title='bbox 2883 3201 3030 3257; x_wconf 89' lang='lat' dir='ltr'>nihil</span> <span class='ocrx_word' id='word_1_570' title='bbox 3089 3203 3386 3278; x_wconf 50' lang='lat' dir='ltr'>prodesse.</span> <span class='ocrx_word' id='word_1_571' title='bbox 3419 3200 3815 3272; x_wconf 89' lang='lat' dir='ltr'>baptismum,</span> 
     </span>
    </p>
   </div>
   <div class='ocr_carea' id='block_1_80' title="bbox 2157 3288 3812 3364">
    <p class='ocr_par' dir='ltr' id='par_1_80' title="bbox 2157 3288 3812 3364">
     <span class='ocr_line' id='line_1_80' title="bbox 2157 3288 3812 3364; baseline -0.002 -17"><span class='ocrx_word' id='word_1_572' title='bbox 2157 3295 2588 3364; x_wconf 87' lang='lat' dir='ltr'>perceptionem</span> <span class='ocrx_word' id='word_1_573' title='bbox 2615 3291 2874 3364; x_wconf 85' lang='lat' dir='ltr'>mysterii</span> <span class='ocrx_word' id='word_1_574' title='bbox 2889 3291 3147 3363; x_wconf 90' lang='lat' dir='ltr'>corporis</span> <span class='ocrx_word' id='word_1_575' title='bbox 3167 3289 3544 3362; x_wconf 87' lang='lat' dir='ltr'>etsanguinis</span> <span class='ocrx_word' id='word_1_576' title='bbox 3565 3288 3812 3354; x_wconf 88' lang='lat' dir='ltr'>Christi,</span> 
     </span>
    </p>
   </div>
   <div class='ocr_carea' id='block_1_81' title="bbox 2156 3377 3812 3452">
    <p class='ocr_par' dir='ltr' id='par_1_81' title="bbox 2156 3377 3812 3452">
     <span class='ocr_line' id='line_1_81' title="bbox 2156 3377 3812 3452; baseline -0.002 -17"><span class='ocrx_word' id='word_1_577' title='bbox 2156 3398 2261 3436; x_wconf 89' lang='lat' dir='ltr'>nec</span> <span class='ocrx_word' id='word_1_578' title='bbox 2295 3385 2519 3450; x_wconf 68' lang='lat' dir='ltr'>caetera,</span> <span class='ocrx_word' id='word_1_579' title='bbox 2553 3398 2679 3452; x_wconf 67' lang='lat' dir='ltr'>quae</span> <span class='ocrx_word' id='word_1_580' title='bbox 2710 3382 2769 3435; x_wconf 90' lang='lat' dir='ltr'>in</span> <span class='ocrx_word' id='word_1_581' title='bbox 2819 3380 3077 3436; x_wconf 90' lang='lat' dir='ltr'>Ecclesia</span> <span class='ocrx_word' id='word_1_582' title='bbox 3118 3379 3506 3446; x_wconf 85' lang='lat' dir='ltr'>celebrantur,</span> <span class='ocrx_word' id='word_1_583' title='bbox 3539 3378 3589 3433; x_wconf 92' lang='lat' dir='ltr'>si</span> <span class='ocrx_word' id='word_1_584' title='bbox 3622 3377 3812 3450; x_wconf 86' lang='lat' dir='ltr'>negli-</span> 
     </span>
    </p>
   </div>
   <div class='ocr_carea' id='block_1_82' title="bbox 2157 3466 3816 3542">
    <p class='ocr_par' dir='ltr' id='par_1_82' title="bbox 2157 3466 3816 3542">
     <span class='ocr_line' id='line_1_82' title="bbox 2157 3466 3816 3542; baseline -0.002 -18"><span class='ocrx_word' id='word_1_585' title='bbox 2157 3474 2357 3542; x_wconf 88' lang='lat' dir='ltr'>genter</span> <span class='ocrx_word' id='word_1_586' title='bbox 2378 3469 3154 3540; x_wconf 87' lang='lat' dir='ltr'>viverent,quemadmodum</span> <span class='ocrx_word' id='word_1_587' title='bbox 3174 3485 3278 3524; x_wconf 86' lang='lat' dir='ltr'>nec</span> <span class='ocrx_word' id='word_1_588' title='bbox 3303 3467 3418 3524; x_wconf 90' lang='lat' dir='ltr'>illis</span> <span class='ocrx_word' id='word_1_589' title='bbox 3441 3466 3816 3539; x_wconf 84' lang='lat' dir='ltr'>negligenter</span> 
     </span>
    </p>
   </div>
   <div class='ocr_carea' id='block_1_83' title="bbox 2158 3555 3815 3632">
    <p class='ocr_par' dir='ltr' id='par_1_83' title="bbox 2158 3555 3815 3632">
     <span class='ocr_line' id='line_1_83' title="bbox 2158 3555 3815 3632; baseline 0.001 -22"><span class='ocrx_word' id='word_1_590' title='bbox 2158 3557 2402 3612; x_wconf 90' lang='lat' dir='ltr'>vivendo</span> <span class='ocrx_word' id='word_1_591' title='bbox 2436 3557 2534 3613; x_wconf 89' lang='lat' dir='ltr'>illa</span> <span class='ocrx_word' id='word_1_592' title='bbox 2553 3558 2752 3613; x_wconf 90' lang='lat' dir='ltr'>omnia</span> <span class='ocrx_word' id='word_1_593' title='bbox 2775 3557 3117 3632; x_wconf 86' lang='lat' dir='ltr'>profuerunt</span> <span class='ocrx_word' id='word_1_594' title='bbox 3137 3575 3265 3629; x_wconf 73' lang='lat' dir='ltr'>quas</span> <span class='ocrx_word' id='word_1_595' title='bbox 3284 3556 3377 3612; x_wconf 91' lang='lat' dir='ltr'>hic</span> <span class='ocrx_word' id='word_1_596' title='bbox 3399 3555 3541 3611; x_wconf 87' lang='lat' dir='ltr'>dicit</span> <span class='ocrx_word' id='word_1_597' title='bbox 3566 3559 3815 3626; x_wconf 82' lang='lat' dir='ltr'>Aposto-</span> 
     </span>
    </p>
   </div>
   <div class='ocr_carea' id='block_1_84' title="bbox 2159 3643 3818 3717">
    <p class='ocr_par' dir='ltr' id='par_1_84' title="bbox 2159 3643 3818 3717">
     <span class='ocr_line' id='line_1_84' title="bbox 2159 3643 3818 3717; baseline -0.001 -17"><span class='ocrx_word' id='word_1_598' title='bbox 2159 3644 2291 3713; x_wconf 91' lang='lat' dir='ltr'>lus;</span> <span class='ocrx_word' id='word_1_599' title='bbox 2325 3647 2493 3717; x_wconf 89' lang='lat' dir='ltr'>quasi</span> <span class='ocrx_word' id='word_1_600' title='bbox 2524 3647 2776 3700; x_wconf 89' lang='lat' dir='ltr'>diceret:</span> <span class='ocrx_word' id='word_1_601' title='bbox 2812 3647 2973 3701; x_wconf 88' lang='lat' dir='ltr'>Sicut</span> <span class='ocrx_word' id='word_1_602' title='bbox 3019 3645 3104 3700; x_wconf 92' lang='lat' dir='ltr'>illi</span> <span class='ocrx_word' id='word_1_603' title='bbox 3159 3646 3273 3701; x_wconf 90' lang='lat' dir='ltr'>ista</span> <span class='ocrx_word' id='word_1_604' title='bbox 3297 3643 3495 3700; x_wconf 90' lang='lat' dir='ltr'>omnia</span> <span class='ocrx_word' id='word_1_605' title='bbox 3524 3643 3818 3699; x_wconf 85' lang='lat' dir='ltr'>habentes</span> 
     </span>
    </p>
   </div>
   <div class='ocr_carea' id='block_1_85' title="bbox 2161 3731 3817 3805">
    <p class='ocr_par' dir='ltr' id='par_1_85' title="bbox 2161 3731 3817 3805">
     <span class='ocr_line' id='line_1_85' title="bbox 2161 3731 3817 3805; baseline -0.001 -17"><span class='ocrx_word' id='word_1_606' title='bbox 2161 3735 2584 3789; x_wconf 86' lang='lat' dir='ltr'>murmurando</span> <span class='ocrx_word' id='word_1_607' title='bbox 2615 3735 2932 3805; x_wconf 90' lang='lat' dir='ltr'>perierunt,</span> <span class='ocrx_word' id='word_1_608' title='bbox 2983 3735 3064 3789; x_wconf 92' lang='lat' dir='ltr'>ita</span> <span class='ocrx_word' id='word_1_609' title='bbox 3096 3739 3152 3789; x_wconf 89' lang='lat' dir='ltr'>et</span> <span class='ocrx_word' id='word_1_610' title='bbox 3182 3751 3282 3790; x_wconf 89' lang='lat' dir='ltr'>vos</span> <span class='ocrx_word' id='word_1_611' title='bbox 3331 3731 3704 3805; x_wconf 85' lang='lat' dir='ltr'>negligenter</span> <span class='ocrx_word' id='word_1_612' title='bbox 3733 3732 3817 3786; x_wconf 84' lang='lat' dir='ltr'>vi-</span> 
     </span>
    </p>
   </div>
   <div class='ocr_carea' id='block_1_86' title="bbox 2159 3822 3815 3894">
    <p class='ocr_par' dir='ltr' id='par_1_86' title="bbox 2159 3822 3815 3894">
     <span class='ocr_line' id='line_1_86' title="bbox 2159 3822 3815 3894; baseline -0.001 -16"><span class='ocrx_word' id='word_1_613' title='bbox 2159 3824 2342 3878; x_wconf 87' lang='lat' dir='ltr'>vendo</span> <span class='ocrx_word' id='word_1_614' title='bbox 2367 3823 2646 3878; x_wconf 91' lang='lat' dir='ltr'>habentes</span> <span class='ocrx_word' id='word_1_615' title='bbox 2668 3823 2782 3878; x_wconf 89' lang='lat' dir='ltr'>ista</span> <span class='ocrx_word' id='word_1_616' title='bbox 2799 3823 3083 3894; x_wconf 90' lang='lat' dir='ltr'>peribitis.</span> <span class='ocrx_word' id='word_1_617' title='bbox 3115 3823 3270 3880; x_wconf 92' lang='lat' dir='ltr'>Unde</span> <span class='ocrx_word' id='word_1_618' title='bbox 3295 3823 3352 3876; x_wconf 89' lang='lat' dir='ltr'>in</span> <span class='ocrx_word' id='word_1_619' title='bbox 3378 3822 3774 3892; x_wconf 86' lang='lat' dir='ltr'>sequentibus</span> <span class='ocrx_word' id='word_1_620' title='bbox 3801 3839 3815 3876; x_wconf 86' lang='lat'><strong>:</strong></span> 
     </span>
    </p>
   </div>
   <div class='ocr_carea' id='block_1_87' title="bbox 2159 3912 3816 3982">
    <p class='ocr_par' dir='ltr' id='par_1_87' title="bbox 2159 3912 3816 3982">
     <span class='ocr_line' id='line_1_87' title="bbox 2159 3912 3816 3982; baseline -0.001 -16"><span class='ocrx_word' id='word_1_621' title='bbox 2159 3913 2261 3967; x_wconf 86' lang='lat' dir='ltr'>Sed</span> <span class='ocrx_word' id='word_1_622' title='bbox 2291 3929 2398 3966; x_wconf 84' lang='lat' dir='ltr'>non</span> <span class='ocrx_word' id='word_1_623' title='bbox 2434 3913 2495 3965; x_wconf 83' lang='lat' dir='ltr'>in</span> <span class='ocrx_word' id='word_1_624' title='bbox 2511 3913 2770 3982; x_wconf 77' lang='lat' dir='ltr'>pluribus</span> <span class='ocrx_word' id='word_1_625' title='bbox 2791 3927 2979 3966; x_wconf 82' lang='lat' dir='ltr'>eorum</span> <span class='ocrx_word' id='word_1_626' title='bbox 3002 3912 3397 3982; x_wconf 85' lang='lat' dir='ltr'>beneplacztum</span> <span class='ocrx_word' id='word_1_627' title='bbox 3420 3915 3499 3965; x_wconf 83' lang='lat' dir='ltr'>est</span> <span class='ocrx_word' id='word_1_628' title='bbox 3532 3915 3668 3977; x_wconf 85' lang='lat' dir='ltr'>Deo,</span> <span class='ocrx_word' id='word_1_629' title='bbox 3704 3915 3816 3966; x_wconf 88' lang='lat' dir='ltr'>etc.</span> 
     </span>
    </p>
   </div>
   <div class='ocr_carea' id='block_1_88' title="bbox 2159 3999 3817 4072">
    <p class='ocr_par' dir='ltr' id='par_1_88' title="bbox 2159 3999 3817 4072">
     <span class='ocr_line' id='line_1_88' title="bbox 2159 3999 3817 4072; baseline 0 -18"><span class='ocrx_word' id='word_1_630' title='bbox 2159 4001 2394 4071; x_wconf 87' lang='lat' dir='ltr'>thuod</span> <span class='ocrx_word' id='word_1_631' title='bbox 2411 3999 2795 4072; x_wconf 89' lang='lat' dir='ltr'>spiritualiter</span> <span class='ocrx_word' id='word_1_632' title='bbox 2815 4000 2934 4054; x_wconf 90' lang='lat' dir='ltr'>sint</span> <span class='ocrx_word' id='word_1_633' title='bbox 2951 3999 3674 4072; x_wconf 86' lang='lat' dir='ltr'>intelligenda,subdendo</span> <span class='ocrx_word' id='word_1_634' title='bbox 3693 4016 3817 4054; x_wconf 80' lang='lat' dir='ltr'>ma-</span> 
     </span>
    </p>
   </div>
   <div class='ocr_carea' id='block_1_89' title="bbox 2159 4089 3812 4159">
    <p class='ocr_par' dir='ltr' id='par_1_89' title="bbox 2159 4089 3812 4159">
     <span class='ocr_line' id='line_1_89' title="bbox 2159 4089 3812 4159; baseline -0.001 -16"><span class='ocrx_word' id='word_1_635' title='bbox 2159 4090 2415 4158; x_wconf 87' lang='lat' dir='ltr'>nifestat,</span> <span class='ocrx_word' id='word_1_636' title='bbox 2445 4090 2684 4145; x_wconf 86' lang='lat' dir='ltr'>dicens:</span> <span class='ocrx_word' id='word_1_637' title='bbox 2749 4089 3017 4144; x_wconf 85' lang='lat' dir='ltr'>Bibebant</span> <span class='ocrx_word' id='word_1_638' title='bbox 3062 4095 3249 4145; x_wconf 86' lang='lat' dir='ltr'>autem</span> <span class='ocrx_word' id='word_1_639' title='bbox 3283 4089 3349 4143; x_wconf 67' lang='lat' dir='ltr'>.le</span> <span class='ocrx_word' id='word_1_640' title='bbox 3395 4090 3670 4159; x_wconf 67' lang='lat' dir='ltr'>spiritali,</span> <span class='ocrx_word' id='word_1_641' title='bbox 3706 4095 3812 4143; x_wconf 90' lang='lat' dir='ltr'>etc.</span> 
     </span>
    </p>
   </div>
   <div class='ocr_carea' id='block_1_90' title="bbox 2162 4176 3819 4249">
    <p class='ocr_par' dir='ltr' id='par_1_90' title="bbox 2162 4176 3819 4249">
     <span class='ocr_line' id='line_1_90' title="bbox 2162 4176 3819 4249; baseline -0.001 -17"><span class='ocrx_word' id='word_1_642' title='bbox 2162 4176 2262 4232; x_wconf 89' lang='lat' dir='ltr'>Ubi</span> <span class='ocrx_word' id='word_1_643' title='bbox 2289 4178 2872 4234; x_wconf 85' lang='lat' dir='ltr'>animadvertendum</span> <span class='ocrx_word' id='word_1_644' title='bbox 2896 4178 3034 4249; x_wconf 90' lang='lat' dir='ltr'>quia</span> <span class='ocrx_word' id='word_1_645' title='bbox 3056 4196 3171 4233; x_wconf 91' lang='lat' dir='ltr'>non</span> <span class='ocrx_word' id='word_1_646' title='bbox 3194 4178 3512 4249; x_wconf 85' lang='lat' dir='ltr'>dicit,petra</span> <span class='ocrx_word' id='word_1_647' title='bbox 3533 4178 3819 4248; x_wconf 76' lang='lat' dir='ltr'>signiﬁcat</span> 
     </span>
    </p>
   </div>
   <div class='ocr_carea' id='block_1_91' title="bbox 2158 4265 3814 4339">
    <p class='ocr_par' dir='ltr' id='par_1_91' title="bbox 2158 4265 3814 4339">
     <span class='ocr_line' id='line_1_91' title="bbox 2158 4265 3814 4339; baseline 0 -19"><span class='ocrx_word' id='word_1_648' title='bbox 2158 4265 2438 4321; x_wconf 74' lang='lat' dir='ltr'>Christum</span> <span class='ocrx_word' id='word_1_649' title='bbox 2468 4267 2590 4333; x_wconf 87' lang='lat' dir='ltr'>sed,</span> <span class='ocrx_word' id='word_1_650' title='bbox 2622 4275 2760 4333; x_wconf 84' lang='lat' dir='ltr'>erat,</span> <span class='ocrx_word' id='word_1_651' title='bbox 2815 4268 2954 4338; x_wconf 89' lang='lat' dir='ltr'>quia</span> <span class='ocrx_word' id='word_1_652' title='bbox 3002 4284 3112 4323; x_wconf 87' lang='lat' dir='ltr'>non</span> <span class='ocrx_word' id='word_1_653' title='bbox 3168 4273 3350 4339; x_wconf 84' lang='lat' dir='ltr'>petra,</span> <span class='ocrx_word' id='word_1_654' title='bbox 3402 4267 3501 4322; x_wconf 89' lang='lat' dir='ltr'>sed</span> <span class='ocrx_word' id='word_1_655' title='bbox 3537 4267 3814 4322; x_wconf 89' lang='lat' dir='ltr'>Christus</span> 
     </span>
    </p>
   </div>
   <div class='ocr_carea' id='block_1_92' title="bbox 2158 4355 3816 4428">
    <p class='ocr_par' dir='ltr' id='par_1_92' title="bbox 2158 4355 3816 4428">
     <span class='ocr_line' id='line_1_92' title="bbox 2158 4355 3816 4428; baseline -0.001 -19"><span class='ocrx_word' id='word_1_656' title='bbox 2158 4372 2371 4426; x_wconf 85' lang='lat' dir='ltr'>aquam</span> <span class='ocrx_word' id='word_1_657' title='bbox 2407 4357 2696 4427; x_wconf 86' lang='lat' dir='ltr'>produxit.</span> <span class='ocrx_word' id='word_1_658' title='bbox 2754 4361 2862 4410; x_wconf 87' lang='lat' dir='ltr'>Per</span> <span class='ocrx_word' id='word_1_659' title='bbox 2905 4355 3013 4411; x_wconf 89' lang='lat' dir='ltr'>hoc</span> <span class='ocrx_word' id='word_1_660' title='bbox 3072 4357 3225 4428; x_wconf 89' lang='lat' dir='ltr'>quod</span> <span class='ocrx_word' id='word_1_661' title='bbox 3257 4361 3419 4428; x_wconf 88' lang='lat' dir='ltr'>petra</span> <span class='ocrx_word' id='word_1_662' title='bbox 3449 4356 3816 4427; x_wconf 86' lang='lat' dir='ltr'>sequebatur</span> 
     </span>
    </p>
   </div>
   <div class='ocr_carea' id='block_1_93' title="bbox 396 4440 3810 4518">
    <p class='ocr_par' dir='ltr' id='par_1_93' title="bbox 396 4440 3810 4518">
     <span class='ocr_line' id='line_1_93' title="bbox 396 4440 3810 4518; baseline 0 -22"><span class='ocrx_word' id='word_1_663' title='bbox 396 4443 496 4514; x_wconf 91' lang='lat' dir='ltr'>qui</span> <span class='ocrx_word' id='word_1_664' title='bbox 521 4441 824 4514; x_wconf 74' lang='lat' dir='ltr'>praemium</span> <span class='ocrx_word' id='word_1_665' title='bbox 849 4440 1168 4512; x_wconf 89' lang='lat' dir='ltr'>accipiebat</span> <span class='ocrx_word' id='word_1_666' title='bbox 1195 4482 1208 4507; x_wconf 97' lang='lat'>,</span> <span class='ocrx_word' id='word_1_667' title='bbox 1233 4440 1290 4494; x_wconf 93' lang='lat' dir='ltr'>in</span> <span class='ocrx_word' id='word_1_668' title='bbox 1315 4441 1425 4494; x_wconf 91' lang='lat' dir='ltr'>isto</span> <span class='ocrx_word' id='word_1_669' title='bbox 1453 4457 1582 4495; x_wconf 91' lang='lat' dir='ltr'>vero</span> <span class='ocrx_word' id='word_1_670' title='bbox 1603 4457 1806 4496; x_wconf 89' lang='lat' dir='ltr'>omnes</span> <span class='ocrx_word' id='word_1_671' title='bbox 1827 4443 1927 4513; x_wconf 90' lang='lat' dir='ltr'>qui</span> <span class='ocrx_word' id='word_1_672' title='bbox 1954 4460 2044 4497; x_wconf 90' lang='lat' dir='ltr'>ra-</span> <span class='ocrx_word' id='word_1_673' title='bbox 2077 4455 2122 4518; x_wconf 84' lang='lat' dir='ltr'><strong>D</strong></span> <span class='ocrx_word' id='word_1_674' title='bbox 2155 4460 2252 4498; x_wconf 85' lang='lat' dir='ltr'>eos</span> <span class='ocrx_word' id='word_1_675' title='bbox 2287 4461 2474 4515; x_wconf 88' lang='lat' dir='ltr'>usque</span> <span class='ocrx_word' id='word_1_676' title='bbox 2532 4447 2601 4499; x_wconf 85' lang='lat' dir='ltr'>ad</span> <span class='ocrx_word' id='word_1_677' title='bbox 2663 4447 2807 4500; x_wconf 79' lang='lat' dir='ltr'>fines</span> <span class='ocrx_word' id='word_1_678' title='bbox 2868 4445 3255 4500; x_wconf 84' lang='lat' dir='ltr'>Moabitarum</span> <span class='ocrx_word' id='word_1_679' title='bbox 3312 4445 3508 4516; x_wconf 73' lang='lat' dir='ltr'>(Exod.</span> <span class='ocrx_word' id='word_1_680' title='bbox 3554 4462 3700 4513; x_wconf 69' lang='grc' dir='ltr'>ινιτ,</span> <span class='ocrx_word' id='word_1_681' title='bbox 3733 4445 3810 4514; x_wconf 86' lang='lat'>6),</span> 
     </span>
    </p>
   </div>
   <div class='ocr_carea' id='block_1_94' title="bbox 397 4529 2047 4601">
    <p class='ocr_par' dir='ltr' id='par_1_94' title="bbox 397 4529 2047 4601">
     <span class='ocr_line' id='line_1_94' title="bbox 397 4529 2047 4601; baseline 0.001 -15"><span class='ocrx_word' id='word_1_682' title='bbox 397 4529 753 4586; x_wconf 88' lang='lat' dir='ltr'>tionabiliter</span> <span class='ocrx_word' id='word_1_683' title='bbox 775 4530 1047 4596; x_wconf 90' lang='lat' dir='ltr'>amando,</span> <span class='ocrx_word' id='word_1_684' title='bbox 1069 4533 1125 4583; x_wconf 89' lang='lat' dir='ltr'>et</span> <span class='ocrx_word' id='word_1_685' title='bbox 1152 4529 1457 4599; x_wconf 90' lang='lat' dir='ltr'>sperando,</span> <span class='ocrx_word' id='word_1_686' title='bbox 1493 4533 1549 4583; x_wconf 90' lang='lat' dir='ltr'>et</span> <span class='ocrx_word' id='word_1_687' title='bbox 1570 4530 1722 4585; x_wconf 89' lang='lat' dir='ltr'>bona</span> <span class='ocrx_word' id='word_1_688' title='bbox 1753 4531 2047 4601; x_wconf 79' lang='lat' dir='ltr'>operando</span> 
     </span>
    </p>
   </div>
   <div class='ocr_carea' id='block_1_95' title="bbox 399 4617 2045 4690">
    <p class='ocr_par' dir='ltr' id='par_1_95' title="bbox 399 4617 2045 4690">
     <span class='ocr_line' id='line_1_95' title="bbox 399 4617 2045 4690; baseline -0.001 -16"><span class='ocrx_word' id='word_1_689' title='bbox 399 4619 756 4686; x_wconf 87' lang='lat' dir='ltr'>discurrunt,</span> <span class='ocrx_word' id='word_1_690' title='bbox 791 4617 1097 4690; x_wconf 81' lang='lat' dir='ltr'>praemium</span> <span class='ocrx_word' id='word_1_691' title='bbox 1125 4617 1251 4670; x_wconf 60' lang='lat' dir='ltr'>vitae</span> <span class='ocrx_word' id='word_1_692' title='bbox 1279 4618 1487 4671; x_wconf 70' lang='lat' dir='ltr'>futura:</span> <span class='ocrx_word' id='word_1_693' title='bbox 1530 4623 1669 4672; x_wconf 87' lang='lat' dir='ltr'>sunt</span> <span class='ocrx_word' id='word_1_694' title='bbox 1699 4619 2045 4690; x_wconf 87' lang='lat' dir='ltr'>percepturi.</span> 
     </span>
    </p>
   </div>
   <div class='ocr_carea' id='block_1_96' title="bbox 399 4705 2049 4778">
    <p class='ocr_par' dir='ltr' id='par_1_96' title="bbox 399 4705 2049 4778">
     <span class='ocr_line' id='line_1_96' title="bbox 399 4705 2049 4778; baseline 0 -16"><span class='ocrx_word' id='word_1_695' title='bbox 399 4708 469 4762; x_wconf 92' lang='lat' dir='ltr'>Et</span> <span class='ocrx_word' id='word_1_696' title='bbox 498 4707 636 4778; x_wconf 91' lang='lat' dir='ltr'>quia</span> <span class='ocrx_word' id='word_1_697' title='bbox 667 4707 892 4762; x_wconf 88' lang='lat' dir='ltr'>dixerat</span> <span class='ocrx_word' id='word_1_698' title='bbox 931 4705 1400 4772; x_wconf 89' lang='lat' dir='ltr'>similitudinem,</span> <span class='ocrx_word' id='word_1_699' title='bbox 1446 4707 1754 4777; x_wconf 87' lang='lat' dir='ltr'>subjunxit</span> <span class='ocrx_word' id='word_1_700' title='bbox 1782 4707 2049 4763; x_wconf 85' lang='lat' dir='ltr'>exhorta-</span> 
     </span>
    </p>
   </div>
   <div class='ocr_carea' id='block_1_97' title="bbox 398 4795 2046 4866">
    <p class='ocr_par' dir='ltr' id='par_1_97' title="bbox 398 4795 2046 4866">
     <span class='ocr_line' id='line_1_97' title="bbox 398 4795 2046 4866; baseline 0.001 -18"><span class='ocrx_word' id='word_1_701' title='bbox 398 4795 637 4863; x_wconf 90' lang='lat' dir='ltr'>tionem,</span> <span class='ocrx_word' id='word_1_702' title='bbox 673 4796 918 4850; x_wconf 91' lang='lat' dir='ltr'>dicendo</span> <span class='ocrx_word' id='word_1_703' title='bbox 950 4812 961 4849; x_wconf 94' lang='lat'><strong>:</strong></span> <span class='ocrx_word' id='word_1_704' title='bbox 995 4797 1075 4849; x_wconf 79' lang='lat' dir='ltr'>sic</span> <span class='ocrx_word' id='word_1_705' title='bbox 1095 4796 1324 4864; x_wconf 84' lang='lat' dir='ltr'>currite,</span> <span class='ocrx_word' id='word_1_706' title='bbox 1359 4799 1492 4866; x_wconf 90' lang='lat' dir='ltr'>etc.,</span> <span class='ocrx_word' id='word_1_707' title='bbox 1518 4796 1570 4850; x_wconf 91' lang='lat' dir='ltr'>id</span> <span class='ocrx_word' id='word_1_708' title='bbox 1597 4801 1686 4851; x_wconf 93' lang='lat' dir='ltr'>est</span> <span class='ocrx_word' id='word_1_709' title='bbox 1706 4797 1788 4851; x_wconf 91' lang='lat' dir='ltr'>sic</span> <span class='ocrx_word' id='word_1_710' title='bbox 1811 4802 1873 4850; x_wconf 79' lang='lat' dir='ltr'>ut</span> <span class='ocrx_word' id='word_1_711' title='bbox 1902 4812 2046 4852; x_wconf 87' lang='lat' dir='ltr'>com-</span> 
     </span>
    </p>
   </div>
   <div class='ocr_carea' id='block_1_98' title="bbox 392 4883 2045 4958">
    <p class='ocr_par' dir='ltr' id='par_1_98' title="bbox 392 4883 2045 4958">
     <span class='ocr_line' id='line_1_98' title="bbox 392 4883 2045 4958; baseline -0.001 -18"><span class='ocrx_word' id='word_1_712' title='bbox 392 4885 767 4958; x_wconf 82' lang='lat' dir='ltr'>prehendatis.</span> <span class='ocrx_word' id='word_1_713' title='bbox 801 4884 1119 4952; x_wconf 85' lang='lat' dir='ltr'>Subjunxit</span> <span class='ocrx_word' id='word_1_714' title='bbox 1167 4883 1409 4939; x_wconf 87' lang='lat' dir='ltr'>alteram</span> <span class='ocrx_word' id='word_1_715' title='bbox 1455 4884 1926 4953; x_wconf 89' lang='lat' dir='ltr'>similitudinem,</span> <span class='ocrx_word' id='word_1_716' title='bbox 1961 4884 2045 4938; x_wconf 86' lang='lat' dir='ltr'>di-</span> 
     </span>
    </p>
   </div>
   <div class='ocr_carea' id='block_1_99' title="bbox 393 4974 2044 5046">
    <p class='ocr_par' dir='ltr' id='par_1_99' title="bbox 393 4974 2044 5046">
     <span class='ocr_line' id='line_1_99' title="bbox 393 4974 2044 5046; baseline 0.001 -18"><span class='ocrx_word' id='word_1_717' title='bbox 393 4975 614 5030; x_wconf 90' lang='lat' dir='ltr'>cendo:</span> <span class='ocrx_word' id='word_1_718' title='bbox 677 4974 864 5028; x_wconf 81' lang='lat' dir='ltr'>Omnis</span> <span class='ocrx_word' id='word_1_719' title='bbox 909 4976 1093 5026; x_wconf 84' lang='lat' dir='ltr'>autem</span> <span class='ocrx_word' id='word_1_720' title='bbox 1150 4975 1246 5043; x_wconf 83' lang='lat' dir='ltr'>qui</span> <span class='ocrx_word' id='word_1_721' title='bbox 1293 4976 1352 5028; x_wconf 82' lang='lat' dir='ltr'>in</span> <span class='ocrx_word' id='word_1_722' title='bbox 1383 4990 1551 5046; x_wconf 86' lang='lat' dir='ltr'>agone</span> <span class='ocrx_word' id='word_1_723' title='bbox 1607 4976 1902 5043; x_wconf 81' lang='lat' dir='ltr'>contendit,</span> <span class='ocrx_word' id='word_1_724' title='bbox 1935 4980 2044 5030; x_wconf 91' lang='lat' dir='ltr'>etc.</span> 
     </span>
    </p>
   </div>
   <div class='ocr_carea' id='block_1_100' title="bbox 394 5061 2043 5136">
    <p class='ocr_par' dir='ltr' id='par_1_100' title="bbox 394 5061 2043 5136">
     <span class='ocr_line' id='line_1_100' title="bbox 394 5061 2043 5136; baseline -0.001 -16"><span class='ocrx_word' id='word_1_725' title='bbox 394 5067 539 5136; x_wconf 78' lang='lat' dir='ltr'>Agon</span> <span class='ocrx_word' id='word_1_726' title='bbox 573 5063 730 5120; x_wconf 91' lang='lat' dir='ltr'>enim</span> <span class='ocrx_word' id='word_1_727' title='bbox 765 5061 978 5127; x_wconf 73' lang='lat' dir='ltr'>Graece,</span> <span class='ocrx_word' id='word_1_728' title='bbox 1015 5061 1218 5117; x_wconf 88' lang='lat' dir='ltr'>Latine</span> <span class='ocrx_word' id='word_1_729' title='bbox 1267 5063 1480 5118; x_wconf 89' lang='lat' dir='ltr'>dicitur</span> <span class='ocrx_word' id='word_1_730' title='bbox 1504 5068 1803 5132; x_wconf 86' lang='lat' dir='ltr'>certamen,</span> <span class='ocrx_word' id='word_1_731' title='bbox 1834 5081 2043 5136; x_wconf 80' lang='lat' dir='ltr'>pugna,</span> 
     </span>
    </p>
   </div>
   <div class='ocr_carea' id='block_1_101' title="bbox 392 5152 2043 5224">
    <p class='ocr_par' dir='ltr' id='par_1_101' title="bbox 392 5152 2043 5224">
     <span class='ocr_line' id='line_1_101' title="bbox 392 5152 2043 5224; baseline 0 -16"><span class='ocrx_word' id='word_1_732' title='bbox 392 5155 539 5210; x_wconf 85' lang='lat' dir='ltr'>lucta</span> <span class='ocrx_word' id='word_1_733' title='bbox 571 5159 746 5224; x_wconf 89' lang='lat' dir='ltr'>atque</span> <span class='ocrx_word' id='word_1_734' title='bbox 793 5153 1101 5222; x_wconf 71' lang='lat' dir='ltr'>conﬂictus.</span> <span class='ocrx_word' id='word_1_735' title='bbox 1152 5152 1294 5206; x_wconf 84' lang='lat' dir='ltr'>Nam</span> <span class='ocrx_word' id='word_1_736' title='bbox 1349 5152 1502 5206; x_wconf 90' lang='lat' dir='ltr'>sicut</span> <span class='ocrx_word' id='word_1_737' title='bbox 1530 5157 1655 5206; x_wconf 90' lang='lat' dir='ltr'>erat</span> <span class='ocrx_word' id='word_1_738' title='bbox 1680 5155 2043 5208; x_wconf 88' lang='lat' dir='ltr'>consuetudo</span> 
     </span>
    </p>
   </div>
   <div class='ocr_carea' id='block_1_102' title="bbox 389 5239 2041 5313">
    <p class='ocr_par' dir='ltr' id='par_1_102' title="bbox 389 5239 2041 5313">
     <span class='ocr_line' id='line_1_102' title="bbox 389 5239 2041 5313; baseline -0.001 -15"><span class='ocrx_word' id='word_1_739' title='bbox 389 5242 684 5313; x_wconf 85' lang='lat' dir='ltr'>currendi,</span> <span class='ocrx_word' id='word_1_740' title='bbox 712 5242 794 5297; x_wconf 88' lang='lat' dir='ltr'>ita</span> <span class='ocrx_word' id='word_1_741' title='bbox 817 5241 996 5296; x_wconf 81' lang='lat' dir='ltr'>etiam</span> <span class='ocrx_word' id='word_1_742' title='bbox 1018 5245 1075 5296; x_wconf 89' lang='lat' dir='ltr'>et</span> <span class='ocrx_word' id='word_1_743' title='bbox 1105 5239 1388 5296; x_wconf 84' lang='lat' dir='ltr'>luctandi.</span> <span class='ocrx_word' id='word_1_744' title='bbox 1416 5241 1525 5295; x_wconf 90' lang='lat' dir='ltr'>Sed</span> <span class='ocrx_word' id='word_1_745' title='bbox 1550 5239 1648 5295; x_wconf 91' lang='lat' dir='ltr'>ille</span> <span class='ocrx_word' id='word_1_746' title='bbox 1669 5241 1767 5312; x_wconf 89' lang='lat' dir='ltr'>qui</span> <span class='ocrx_word' id='word_1_747' title='bbox 1792 5241 2041 5296; x_wconf 90' lang='lat' dir='ltr'>luctatu-</span> 
     </span>
    </p>
   </div>
   <div class='ocr_carea' id='block_1_103' title="bbox 484 5451 1884 5525">
    <p class='ocr_par' dir='ltr' id='par_1_103' title="bbox 484 5451 1884 5525">
     <span class='ocr_line' id='line_1_103' title="bbox 484 5451 1884 5525; baseline 0 -17"><span class='ocrx_word' id='word_1_748' title='bbox 484 5457 608 5522; x_wconf 72' lang='lat'>(312)</span> <span class='ocrx_word' id='word_1_749' title='bbox 638 5456 738 5512; x_wconf 87' lang='lat' dir='ltr'>llic</span> <span class='ocrx_word' id='word_1_750' title='bbox 773 5457 831 5510; x_wconf 89' lang='lat' dir='ltr'>in</span> <span class='ocrx_word' id='word_1_751' title='bbox 864 5463 1058 5525; x_wconf 87' lang='lat' dir='ltr'>autog.</span> <span class='ocrx_word' id='word_1_752' title='bbox 1094 5468 1280 5523; x_wconf 85' lang='lat' dir='ltr'>marg.</span> <span class='ocrx_word' id='word_1_753' title='bbox 1315 5451 1528 5525; x_wconf 79' lang='lat' dir='ltr'>legitur</span> <span class='ocrx_word' id='word_1_754' title='bbox 1559 5469 1684 5523; x_wconf 88' lang='lat' dir='ltr'>cap.</span> <span class='ocrx_word' id='word_1_755' title='bbox 1717 5452 1884 5525; x_wconf 55' lang='lat' dir='ltr'>XLII.</span> 
     </span>
    </p>
   </div>
   <div class='ocr_carea' id='block_1_104' title="bbox 484 5523 1909 5600">
    <p class='ocr_par' dir='ltr' id='par_1_104' title="bbox 484 5523 1909 5600">
     <span class='ocr_line' id='line_1_104' title="bbox 484 5523 1909 5600; baseline -0.001 -18"><span class='ocrx_word' id='word_1_756' title='bbox 484 5531 611 5600; x_wconf 85' lang='lat'>613)</span> <span class='ocrx_word' id='word_1_757' title='bbox 646 5529 706 5582; x_wconf 92' lang='lat' dir='ltr'>In</span> <span class='ocrx_word' id='word_1_758' title='bbox 740 5531 934 5599; x_wconf 90' lang='lat' dir='ltr'>autog.</span> <span class='ocrx_word' id='word_1_759' title='bbox 970 5523 1154 5597; x_wconf 80' lang='lat' dir='ltr'>marg.</span> <span class='ocrx_word' id='word_1_760' title='bbox 1187 5525 1280 5580; x_wconf 91' lang='lat' dir='ltr'>hic</span> <span class='ocrx_word' id='word_1_761' title='bbox 1313 5523 1524 5594; x_wconf 85' lang='lat' dir='ltr'>legitur</span> <span class='ocrx_word' id='word_1_762' title='bbox 1553 5541 1678 5596; x_wconf 92' lang='lat' dir='ltr'>cap.</span> <span class='ocrx_word' id='word_1_763' title='bbox 1715 5524 1909 5580; x_wconf 85' lang='lat' dir='ltr'>XLIII.</span> 
     </span>
    </p>
   </div>
   <div class='ocr_carea' id='block_1_105' title="bbox 2159 4532 3776 4605">
    <p class='ocr_par' dir='ltr' id='par_1_105' title="bbox 2159 4532 3776 4605">
     <span class='ocr_line' id='line_1_105' title="bbox 2159 4532 3776 4605; baseline 0 -20"><span class='ocrx_word' id='word_1_764' title='bbox 2159 4532 2643 4605; x_wconf 80' lang='lat' dir='ltr'>praetigurabalur</span> <span class='ocrx_word' id='word_1_765' title='bbox 2663 4534 2928 4588; x_wconf 85' lang='lat' dir='ltr'>Christus</span> <span class='ocrx_word' id='word_1_766' title='bbox 2960 4533 3294 4589; x_wconf 89' lang='lat' dir='ltr'>nasciturus</span> <span class='ocrx_word' id='word_1_767' title='bbox 3339 4539 3473 4604; x_wconf 90' lang='lat' dir='ltr'>post</span> <span class='ocrx_word' id='word_1_768' title='bbox 3504 4533 3776 4605; x_wconf 83' lang='lat' dir='ltr'>Moysen.</span> 
     </span>
    </p>
   </div>
   <div class='ocr_carea' id='block_1_106' title="bbox 2229 4622 3817 4693">
    <p class='ocr_par' dir='ltr' id='par_1_106' title="bbox 2229 4622 3817 4693">
     <span class='ocr_line' id='line_1_106' title="bbox 2229 4622 3817 4693; baseline -0.001 -17"><span class='ocrx_word' id='word_1_769' title='bbox 2229 4623 2356 4678; x_wconf 72' lang='lat' dir='ltr'>Haec</span> <span class='ocrx_word' id='word_1_770' title='bbox 2386 4625 2568 4679; x_wconf 85' lang='lat' dir='ltr'>autem</span> <span class='ocrx_word' id='word_1_771' title='bbox 2597 4625 2784 4678; x_wconf 86' lang='lat' dir='ltr'>omnia</span> <span class='ocrx_word' id='word_1_772' title='bbox 2814 4625 2874 4676; x_wconf 86' lang='lat' dir='ltr'>in</span> <span class='ocrx_word' id='word_1_773' title='bbox 2901 4624 3101 4693; x_wconf 81' lang='lat' dir='ltr'>ﬁgura,</span> <span class='ocrx_word' id='word_1_774' title='bbox 3126 4629 3234 4678; x_wconf 89' lang='lat' dir='ltr'>etc.</span> <span class='ocrx_word' id='word_1_775' title='bbox 3256 4622 3356 4676; x_wconf 81' lang='lat' dir='ltr'>His</span> <span class='ocrx_word' id='word_1_776' title='bbox 3388 4622 3584 4678; x_wconf 80' lang='lat' dir='ltr'>verbis</span> <span class='ocrx_word' id='word_1_777' title='bbox 3615 4629 3817 4678; x_wconf 89' lang='lat' dir='ltr'>osten-</span> 
     </span>
    </p>
   </div>
   <div class='ocr_carea' id='block_1_107' title="bbox 2159 4709 3814 4782">
    <p class='ocr_par' dir='ltr' id='par_1_107' title="bbox 2159 4709 3814 4782">
     <span class='ocr_line' id='line_1_107' title="bbox 2159 4709 3814 4782; baseline 0.001 -19"><span class='ocrx_word' id='word_1_778' title='bbox 2159 4709 2246 4764; x_wconf 90' lang='lat' dir='ltr'>dit</span> <span class='ocrx_word' id='word_1_779' title='bbox 2281 4710 2448 4765; x_wconf 90' lang='lat' dir='ltr'>nobis</span> <span class='ocrx_word' id='word_1_780' title='bbox 2478 4709 2808 4781; x_wconf 88' lang='lat' dir='ltr'>exemplum</span> <span class='ocrx_word' id='word_1_781' title='bbox 2841 4711 3272 4782; x_wconf 86' lang='lat' dir='ltr'>allegorizandi.</span> <span class='ocrx_word' id='word_1_782' title='bbox 3297 4711 3610 4766; x_wconf 91' lang='lat' dir='ltr'>Monemur</span> <span class='ocrx_word' id='word_1_783' title='bbox 3634 4710 3814 4766; x_wconf 88' lang='lat' dir='ltr'>etiam</span> 
     </span>
    </p>
   </div>
   <div class='ocr_carea' id='block_1_108' title="bbox 2163 4797 3816 4871">
    <p class='ocr_par' dir='ltr' id='par_1_108' title="bbox 2163 4797 3816 4871">
     <span class='ocr_line' id='line_1_108' title="bbox 2163 4797 3816 4871; baseline 0.001 -19"><span class='ocrx_word' id='word_1_784' title='bbox 2163 4804 2224 4852; x_wconf 90' lang='lat' dir='ltr'>ut</span> <span class='ocrx_word' id='word_1_785' title='bbox 2257 4816 2367 4852; x_wconf 91' lang='lat' dir='ltr'>non</span> <span class='ocrx_word' id='word_1_786' title='bbox 2405 4799 2892 4869; x_wconf 90' lang='lat' dir='ltr'>concupiscamus</span> <span class='ocrx_word' id='word_1_787' title='bbox 2924 4800 3426 4868; x_wconf 77' lang='lat' dir='ltr'>quemadmodum</span> <span class='ocrx_word' id='word_1_788' title='bbox 3463 4797 3548 4853; x_wconf 90' lang='lat' dir='ltr'>illi</span> <span class='ocrx_word' id='word_1_789' title='bbox 3580 4799 3816 4871; x_wconf 64' lang='lat' dir='ltr'>Egypti</span> 
     </span>
    </p>
   </div>
   <div class='ocr_carea' id='block_1_109' title="bbox 2159 4887 3815 4959">
    <p class='ocr_par' dir='ltr' id='par_1_109' title="bbox 2159 4887 3815 4959">
     <span class='ocr_line' id='line_1_109' title="bbox 2159 4887 3815 4959; baseline 0.001 -19"><span class='ocrx_word' id='word_1_790' title='bbox 2159 4887 2602 4942; x_wconf 82' lang='lat' dir='ltr'>reminiscentes</span> <span class='ocrx_word' id='word_1_791' title='bbox 2627 4893 2863 4959; x_wconf 90' lang='lat' dir='ltr'>propter</span> <span class='ocrx_word' id='word_1_792' title='bbox 2882 4905 3050 4943; x_wconf 91' lang='lat' dir='ltr'>esum</span> <span class='ocrx_word' id='word_1_793' title='bbox 3074 4888 3338 4944; x_wconf 89' lang='lat' dir='ltr'>carnium</span> <span class='ocrx_word' id='word_1_794' title='bbox 3363 4888 3562 4956; x_wconf 77' lang='lat' dir='ltr'>(Exod.</span> <span class='ocrx_word' id='word_1_795' title='bbox 3589 4905 3707 4956; x_wconf 70' lang='lat' dir='ltr'>xw,</span> <span class='ocrx_word' id='word_1_796' title='bbox 3736 4889 3815 4958; x_wconf 89' lang='lat'>3),</span> 
     </span>
    </p>
   </div>
   <div class='ocr_carea' id='block_1_110' title="bbox 2160 4976 3817 5048">
    <p class='ocr_par' dir='ltr' id='par_1_110' title="bbox 2160 4976 3817 5048">
     <span class='ocr_line' id='line_1_110' title="bbox 2160 4976 3817 5048; baseline 0.001 -18"><span class='ocrx_word' id='word_1_797' title='bbox 2160 4992 2230 5030; x_wconf 91' lang='lat' dir='ltr'>ne</span> <span class='ocrx_word' id='word_1_798' title='bbox 2261 4978 2478 5047; x_wconf 88' lang='lat' dir='ltr'>pariter</span> <span class='ocrx_word' id='word_1_799' title='bbox 2510 4993 2834 5048; x_wconf 86' lang='lat' dir='ltr'>pereamus,</span> <span class='ocrx_word' id='word_1_800' title='bbox 2871 4993 3059 5048; x_wconf 74' lang='lat' dir='ltr'>neque</span> <span class='ocrx_word' id='word_1_801' title='bbox 3107 4976 3425 5032; x_wconf 77' lang='lat' dir='ltr'>idololatraa</span> <span class='ocrx_word' id='word_1_802' title='bbox 3456 4978 3817 5032; x_wconf 79' lang='lat' dir='ltr'>efﬁciamur.</span> 
     </span>
    </p>
   </div>
   <div class='ocr_carea' id='block_1_111' title="bbox 2156 5063 3820 5138">
    <p class='ocr_par' dir='ltr' id='par_1_111' title="bbox 2156 5063 3820 5138">
     <span class='ocr_line' id='line_1_111' title="bbox 2156 5063 3820 5138; baseline 0.002 -21"><span class='ocrx_word' id='word_1_803' title='bbox 2156 5063 2588 5120; x_wconf 88' lang='lat' dir='ltr'>Commemorat</span> <span class='ocrx_word' id='word_1_804' title='bbox 2603 5065 2755 5120; x_wconf 91' lang='lat' dir='ltr'>enim</span> <span class='ocrx_word' id='word_1_805' title='bbox 2779 5065 3093 5136; x_wconf 87' lang='lat' dir='ltr'>Apostolus</span> <span class='ocrx_word' id='word_1_806' title='bbox 3115 5065 3281 5120; x_wconf 89' lang='lat' dir='ltr'>illum</span> <span class='ocrx_word' id='word_1_807' title='bbox 3308 5065 3507 5120; x_wconf 89' lang='lat' dir='ltr'>locum</span> <span class='ocrx_word' id='word_1_808' title='bbox 3531 5065 3631 5120; x_wconf 92' lang='lat' dir='ltr'>ubi</span> <span class='ocrx_word' id='word_1_809' title='bbox 3659 5065 3820 5138; x_wconf 76' lang='lat' dir='ltr'><strong>Moy-</strong></span> 
     </span>
    </p>
   </div>
   <div class='ocr_carea' id='block_1_112' title="bbox 2156 5154 3820 5227">
    <p class='ocr_par' dir='ltr' id='par_1_112' title="bbox 2156 5154 3820 5227">
     <span class='ocr_line' id='line_1_112' title="bbox 2156 5154 3820 5227; baseline 0.001 -19"><span class='ocrx_word' id='word_1_810' title='bbox 2156 5171 2248 5209; x_wconf 88' lang='lat' dir='ltr'>ses</span> <span class='ocrx_word' id='word_1_811' title='bbox 2281 5161 2537 5210; x_wconf 89' lang='lat' dir='ltr'>montem</span> <span class='ocrx_word' id='word_1_812' title='bbox 2590 5154 2751 5212; x_wconf 90' lang='lat' dir='ltr'>Sinai</span> <span class='ocrx_word' id='word_1_813' title='bbox 2802 5155 3145 5222; x_wconf 87' lang='lat' dir='ltr'>ascendens,</span> <span class='ocrx_word' id='word_1_814' title='bbox 3195 5172 3328 5210; x_wconf 90' lang='lat' dir='ltr'>cum</span> <span class='ocrx_word' id='word_1_815' title='bbox 3382 5155 3642 5227; x_wconf 90' lang='lat' dir='ltr'>populus</span> <span class='ocrx_word' id='word_1_816' title='bbox 3672 5171 3820 5226; x_wconf 87' lang='lat' dir='ltr'>erga</span> 
     </span>
    </p>
   </div>
   <div class='ocr_carea' id='block_1_113' title="bbox 2155 5243 3810 5316">
    <p class='ocr_par' dir='ltr' id='par_1_113' title="bbox 2155 5243 3810 5316">
     <span class='ocr_line' id='line_1_113' title="bbox 2155 5243 3810 5316; baseline 0.002 -19"><span class='ocrx_word' id='word_1_817' title='bbox 2155 5248 2414 5299; x_wconf 90' lang='lat' dir='ltr'>montem</span> <span class='ocrx_word' id='word_1_818' title='bbox 2441 5243 2841 5311; x_wconf 88' lang='lat' dir='ltr'>remansisset,</span> <span class='ocrx_word' id='word_1_819' title='bbox 2867 5243 3240 5315; x_wconf 83' lang='lat' dir='ltr'>projicientcs</span> <span class='ocrx_word' id='word_1_820' title='bbox 3261 5261 3474 5299; x_wconf 89' lang='lat' dir='ltr'>aurum</span> <span class='ocrx_word' id='word_1_821' title='bbox 3497 5243 3558 5299; x_wconf 89' lang='lat' dir='ltr'>in</span> <span class='ocrx_word' id='word_1_822' title='bbox 3583 5245 3810 5316; x_wconf 88' lang='lat' dir='ltr'>ignem,</span> 
     </span>
    </p>
   </div>
   <div class='ocr_carea' id='block_1_114' title="bbox 2219 5454 3662 5529">
    <p class='ocr_par' dir='ltr' id='par_1_114' title="bbox 2219 5454 3662 5529">
     <span class='ocr_line' id='line_1_114' title="bbox 2219 5454 3662 5529; baseline 0.001 -18"><span class='ocrx_word' id='word_1_823' title='bbox 2219 5456 2366 5528; x_wconf 82' lang='grc'>(614)</span> <span class='ocrx_word' id='word_1_824' title='bbox 2400 5456 2456 5512; x_wconf 85' lang='lat' dir='ltr'>In</span> <span class='ocrx_word' id='word_1_825' title='bbox 2492 5460 2687 5528; x_wconf 85' lang='lat' dir='ltr'>autog.</span> <span class='ocrx_word' id='word_1_826' title='bbox 2724 5472 2910 5529; x_wconf 87' lang='lat' dir='ltr'>marg.</span> <span class='ocrx_word' id='word_1_827' title='bbox 2942 5454 3034 5511; x_wconf 90' lang='lat' dir='ltr'>hic</span> <span class='ocrx_word' id='word_1_828' title='bbox 3065 5454 3277 5529; x_wconf 87' lang='lat' dir='ltr'>legitur</span> <span class='ocrx_word' id='word_1_829' title='bbox 3305 5471 3433 5528; x_wconf 88' lang='lat' dir='ltr'>cap.</span> <span class='ocrx_word' id='word_1_830' title='bbox 3466 5455 3662 5513; x_wconf 84' lang='lat' dir='ltr'>XLIV.</span> 
     </span>
    </p>
   </div>
  </div>
