4060 6164
243 298 347 362 373

787 297 1211 363 EXPOSITIO
1256 299 1333 361 IN
1379 295 1810 361 EPISTOLAS
1862 298 2119 362 PAULI.
2163 332 2240 344 -—
2275 300 2350 361 1N
2400 297 2702 363 EPISTJ
2749 298 2852 359 AD
2898 298 3072 362 COR.

3523 294 3639 357 374

246 448 531 509 egressum
556 438 646 488 est
667 438 844 505 caput
888 434 1073 500 vituli,
1098 439 1154 489 et
1175 440 1306 505 post
1332 433 1790 489 immolationem
1816 440 1873 489 et
1902 435 1956 500 Α
1987 437 2057 493 Et
2085 444 2174 494 est
2199 453 2439 495 sensus:
2482 439 2627 505 Quia
2657 439 2753 495 illc
2784 456 2898 495 non
2941 436 3244 507 mentitur,
3276 438 3332 491 et
3356 452 3459 492 vos
3504 425 3633 506 qui~

240 523 643 581 comestionem
668 528 1048 579 surrexerunt
1074 522 1274 578 ludere
1302 525 1497 593 (Exod.
1523 542 1700 593 xxxii,
1723 525 1833 593 4οὸ)
1860 540 1872 578 :

239 615 378 671 unde
408 612 581 667 dicit:
613 613 762 667 Sedit
789 616 1047 683 populus.
1083 613 1185 667 Ubi
1219 615 1554 669 ostenditur
1586 615 1737 685 quod
1773 613 1877 668 hu-

229 702 545 776 juscemodi
581 700 774 755 cultus
816 708 872 755 et
920 702 1187 757 nefanda
1234 702 1420 774 epulae
1473 704 1542 757 ad
1576 702 1875 757 lasciviam

234 794 555 865 provocant.
594 791 897 845 Monemur
920 808 989 845 ne
1019 791 1161 846 talia
1191 809 1459 863 agamus,
1497 810 1565 847 ne
1607 792 1877 847 similiter

235 895 552 953 pereamus.

294 970 470 1039 Neque
520 970 876 1037 fornicemur,
910 974 1016 1023 etc.
1055 970 1216 1024 Illius
1272 970 1380 1023 loci
1430 970 1719 1035 meminit,
1775 970 1873 1043 ubi

233 1057 485 1115 Moabitae
518 1063 792 1112 ornautes
825 1059 975 1114 ﬁlias
1007 1076 1145 1114 suas
1172 1065 1498 1129 posuerunt
1527 1076 1623 1113 eas
1650 1065 1780 1114 ante
1810 1044 1873 1113 ﬁl-

225 1149 325 1203 lios
352 1147 551 1213 Israel,
585 1152 642 1201 et
675 1147 1154 1218 concupiscentes
1204 1150 1387 1219 (Nam.
1446 1149 1573 1216 xxv)
1610 1165 1871 1218 peccave-

229 1244 389 1292 runt:
426 1236 527 1291 ubi
559 1236 640 1290 ita
671 1236 885 1291 exarsit
918 1237 1000 1291 ira
1030 1236 1151 1305 Dei,
1188 1243 1250 1291 ut
1281 1236 1450 1291 multi
1486 1238 1739 1308 perirent
1772 1255 1784 1292 :
1818 1243 1873 1291 et

225 1327 408 1395 etiam,
449 1325 561 1379 nisi
596 1325 840 1379 Phinees
864 1325 1160 1380 adulteros
1184 1326 1517 1392 occidisset,
1554 1327 1869 1379 maximam

226 1420 435 1487 partem
466 1415 664 1485 populi
691 1415 960 1485 perderet.
980 1415 1144 1484 (Ibid.
1174 1416 1281 1483 11).
1306 1415 1612 1469 Monemur
1642 1430 1710 1468 ne
1735 1414 1871 1467 talia

220 1504 436 1575 agendo
491 1518 821 1574 pereamus.
857 1505 1041 1575 Neque
1096 1509 1366 1559 tentemus
1428 1504 1726 1567 Christum,
1759 1508 1867 1557 etc.

222 1594 354 1648 Cum
386 1593 535 1646 dicit
567 1609 666 1647 eos
702 1592 1000 1647 Christum
1054 1598 1334 1659 tentasse,
1370 1594 1697 1647 ostenditur
1738 1596 1870 1646 ante

218 1682 410 1747 fuisse,
452 1698 630 1753 quam
666 1698 732 1735 ex
764 1682 999 1753 Virgine
1044 1687 1402 1745 nasceretur,
1437 1688 1492 1736 et
1536 1686 1767 1751 Moysen
1804 1681 1867 1733 ﬁ-

219 1787 415 1843 guram
455 1770 670 1827 Christi
703 1776 1004 1841 gestasse;
1038 1788 1172 1826 nam
1218 1770 1302 1824 illi
1332 1772 1565 1842 Moysen
1616 1774 1869 1824 tantave-
1906 1807 1946 1869 Β

213 1866 364 1915 runt.
404 1860 718 1915 Monemur
749 1878 820 1915 ne
849 1860 989 1914 talia
1019 1860 1244 1931 agendo
1280 1875 1609 1930 pereamus.

276 1948 465 2017 Neque
498 1950 1006 2011 murmuraueritis,
1031 1953 1138 2001 etc.
1175 1948 1600 2002 Exterminator
1630 1946 1863 2001 illorum

212 2036 318 2090 fuit
363 2037 571 2092 hiatus
628 2042 794 2091 terrae
825 2038 1013 2106 (Num.
1048 2055 1127 2101 x1,
1186 2038 1317 2105 33):
1383 2037 1635 2091 maxime
1666 2042 1863 2090 autem

212 2130 411 2181 auctor
442 2125 773 2180 exterminii
801 2126 1072 2180 diabolus
1102 2126 1369 2180 existitit.
1395 2127 1520 2181 "me
1544 2135 1727 2179 autem
1757 2142 1866 2179 om-

208 2216 299 2269 nia
334 2216 399 2269 in
426 2215 628 2281 ﬁgura,
653 2218 759 2269 etc.
786 2214 1053 2270 Ostendit
1076 2214 1168 2268 hic
1192 2213 1686 2284 allegorizandum
1712 2230 1861 2268 esse.

205 2303 310 2357 Sed
345 2318 470 2357 non
507 2303 636 2357 ideo
676 2304 783 2357 hoc
816 2303 978 2369 dicit,
1013 2308 1077 2357 ut
1112 2320 1217 2358 nos
1243 2320 1311 2357 ea
1342 2320 1466 2374 qua:
1499 2302 1587 2357 lex
1618 2303 1866 2373 promit-

206 2390 274 2445 tit
306 2390 734 2462 percipiamus,
769 2393 869 2446 sed
904 2396 967 2446 ut
989 2392 1197 2447 certior
1240 2392 1506 2446 doctrina
1536 2390 1866 2462 evangelica

212 2480 523 2535 habeatur.
579 2481 646 2535 Et
703 2497 880 2550 quare
936 2481 1043 2535 hoc
1103 2480 1425 2553 scripserit,
1489 2481 1861 2535 manifestat:

212 2571 434 2641 Scripta
465 2577 596 2625 sunt
623 2578 807 2624 autem
837 2570 913 2624 ad
940 2572 1329 2626 correctionem
1350 2574 1611 2635 nostram,
1648 2573 1707 2623 in
1736 2585 1867 2639 quos

208 2660 343 2727 ﬁnes
374 2660 716 2715 swculorum
761 2659 1116 2724 devenerunt,
1162 2660 1221 2713 id
1252 2664 1361 2727 est,
1395 2660 1496 2729 qui
1531 2658 1709 2712 futuri
1741 2676 1864 2713 era-

211 2763 366 2813 mus,
404 2752 468 2802 et
499 2747 795 2803 credituri.

276 2837 601 2909 Sequitur:
635 2838 823 2908 Itaque
852 2840 951 2910 qui
976 2854 1033 2893 se
1063 2840 1345 2893 existimat
1376 2842 1544 2903 stare,
1579 2842 1689 2891 etc.
1720 2840 1863 2891 Tan-

203 2926 286 2998 git
318 2926 491 2981 enim
521 2926 611 2982 hic
645 2927 775 2983 illos
807 2927 1245 2998 quiidolothyta
1268 2927 1669 2995 comedebant,
1704 2925 1865 2997 parvi

199 3015 537 3086 pendentes
572 3014 915 3071 scandalum
946 3015 1180 3070 fratris:
1212 3020 1391 3069 terret
1422 3015 1620 3079 etiam,
1655 3031 1726 3067 ne
1751 3014 1863 3067 hu-

199 3119 383 3158 mana
445 3104 697 3159 scientia
753 3103 935 3158 inflati
984 3104 1216 3169 cadant,
1276 3108 1333 3157 et
1382 3104 1773 3173 superbiendo
1805 3103 1864 3155 in

196 3193 601 3248 tentationem
617 3192 895 3247 incidant.
916 3193 981 3246 Et
1011 3191 1139 3248 ideo
1154 3192 1458 3262 subjunxit
1484 3209 1495 3245 :
1522 3193 1762 3245 Tentatio
1775 3207 1866 3245 vos

190 3297 306 3336 non
336 3282 746 3350 apprehendat,
779 3288 886 3336 etc.
920 3282 1183 3335 Tentatio
1216 3280 1475 3335 humana
1504 3285 1594 3335 est
1627 3279 1865 3349 aliquod

191 3370 437 3424 malum
474 3368 757 3440 cogitare,
811 3368 1164 3424 diabolicum
1224 3374 1313 3423 est
1363 3370 1434 3423 ad
1468 3370 1866 3441 Operationem

190 3458 385 3529 perdu
397 3472 570 3523 cere;
595 3456 762 3527 quasi
786 3458 998 3513 diceret
1025 3458 1107 3512 :M
1117 3457 1276 3512 alum
1291 3458 1545 3527 cogitare
1560 3462 1797 3528 peccatu
1810 3474 1864 3511 m

191 3551 300 3614 est,
323 3546 706 3601 diabolicum
738 3563 868 3601 vero
891 3550 961 3601 ad
978 3547 1373 3617 operationem
1398 3547 1867 3617 perducere.Alio

192 3652 329 3691 vero
354 3650 579 3700 sensu,
612 3634 869 3690 humana
899 3636 1140 3690 tentatio
1172 3640 1283 3701 est,
1307 3652 1441 3690 cum
1475 3634 1604 3705 quis
1636 3636 1707 3690 ad
1734 3651 1867 3691 con-

196 3725 403 3780 silium
438 3727 708 3791 vocatus,
738 3725 796 3779 in
825 3724 948 3795 ipso
981 3724 1200 3779 labitur
1238 3724 1503 3790 consilio,
1534 3730 1597 3778 ut
1640 3724 1862 3779 malum

196 3814 417 3869 habeat
464 3812 732 3868 exitum:
768 3812 874 3867 hoc
899 3812 1226 3867 humanum
1259 3818 1365 3881 est,
1402 3813 1523 3867 sive
1556 3829 1691 3866 cum
1728 3814 1863 3883 quis

198 3904 556 3975 quempiam
576 3900 875 3955 hominem
892 3900 1143 3971 videns,j
1156 3901 1351 3955 udicat
1366 3917 1500 3955 eum
1514 3901 1729 3955 bonum
1743 3942 1756 3965 ,
1775 3901 1862 3955 vel

197 3992 450 4057 malum,
480 3988 670 4044 nullis
701 3988 933 4043 indiciis
956 3988 1354 4043 manifestum.

267 4081 619 4153 Sequitur:
668 4076 869 4132 Fidelis
926 4082 1092 4133 Deus.
1156 4076 1355 4132 Multis
1410 4076 1598 4132 modis
1657 4076 1866 4131 accidit

194 4170 470 4224 tentatio.
513 4168 805 4239 Quoniam
834 4182 945 4221 non
969 4168 1211 4237 patietur
1242 4182 1329 4220 vos
1360 4168 1582 4231 tentari,
1622 4170 1733 4221 etc.
1768 4166 1864 4220 Fi-

197 4258 343 4313 delis
370 4263 491 4323 est,
520 4256 667 4327 quia
690 4272 814 4326 qua:
830 4255 1138 4327 promittit,
1163 4256 1282 4310 falli
1304 4272 1417 4309 non
1438 4260 1704 4325 possunt,
1728 4272 1863 4309 nam

196 4365 308 4402 non
345 4347 589 4403 fallitur
616 4362 627 4410 ;
654 4345 806 4399 unde
828 4349 883 4398 et
914 4343 1101 4398 ﬁdelis
1133 4344 1329 4411 homo,
1355 4342 1491 4414 quia
1514 4343 1717 4414 implet
1739 4362 1863 4413 quae

196 4436 523 4507 promittit,
562 4438 621 4488 et
653 4432 796 4486 ﬁdes
827 4430 1042 4485 dicitur
1073 4431 1228 4501 quod
1254 4432 1374 4485 ﬁat.
1409 4431 1477 4484 Et
1502 4435 1589 4484 est
1621 4447 1859 4485 sensus:

1986 530 2117 584 dem
2152 547 2264 585 non
2302 529 2651 595 mentimini,
2704 530 2801 585 sed
2822 527 3204 584 credentesin
3226 525 3553 598 eum,quod
3576 523 3635 580 in

1986 618 2337 689 baptismate
2381 619 2755 689 promisistis,
2794 617 3049 689 implete,
3083 616 3138 671 id
3175 621 3281 682 est,
3317 614 3546 670 diabolo
3578 619 3638 669 et

1986 708 2259 777 operibus
2280 709 2407 777 ejus
2440 708 2863 763 abrenuntiata.
2888 709 3009 771 Quo
3033 704 3219 777 magis
3242 704 3492 776 quisque
3515 704 3636 759 ido-

1984 797 2057 852 lis
2092 798 2546 869 appropinquat.
2575 813 2641 849 eo
2674 797 2861 867 magis
2886 815 2919 851 a
2942 796 3055 851 Deo
3080 794 3315 850 recedit.
3335 794 3438 847 Est
3459 793 3635 848 etiam

1985 886 2221 941 difﬁcile
2253 890 2317 939 ut
2348 885 2446 955 qui
2482 884 2634 939 idola
2665 886 3036 956 frequentant
3062 902 3172 939 non
3194 882 3412 953 aliquid
3436 882 3633 953 magni

1985 980 2086 1031 aut
2115 975 2349 1029 virtutis
2384 976 2439 1027 in
2473 974 2557 1029 cis
2605 974 2997 1044 suspicentur.
3031 974 3391 1045 Quapropter
3422 971 3627 1043 fugite,

1984 1082 2099 1119 non
2135 1065 2325 1119 solum
2351 1063 2618 1133 pedibus,
2640 1062 2738 1116 sed
2761 1062 2937 1116 etiam
2964 1062 3250 1132 moribus,
3283 1066 3346 1115 ut
3376 1060 3626 1115 occasio-

1984 1170 2116 1207 nem
2149 1152 2379 1206 diabolo
2411 1169 2526 1206 non
2559 1151 2729 1205 detis.

2056 1242 2203 1313 (615)
2236 1242 2554 1311 Sequitur:
2590 1242 2651 1296 Ut
2678 1239 3040 1311 prudentibus
3071 1240 3279 1309 loquor.
3326 1240 3632 1295 Prudenti-

1980 1333 2091 1386 bus
2124 1331 2490 1401 loquebatur,
2526 1330 2663 1399 quia
2712 1327 3105 1399 phi1030phis,
3154 1332 3217 1381 ut
3248 1344 3354 1382 suo
3395 1327 3625 1398 judicio

1982 1418 2297 1490 probarent
2324 1434 2525 1471 verum
2556 1433 2683 1471 esse
2706 1417 2859 1487 quod
2890 1415 3121 1469 dicebat
3148 1433 3160 1481 ;
3186 1415 3354 1485 quasi
3378 1416 3628 1470 diceret:

1980 1508 2037 1562 Si
2071 1508 2388 1577 prudentes
2422 1506 2553 1571 esti,
2587 1506 2726 1576 quia
2760 1503 3111 1576 philosophi,
3144 1504 3283 1573 quia
3311 1502 3623 1569 dialectici,

1979 1614 2080 1651 vos
2123 1597 2404 1667 judicate,
2459 1596 2515 1648 id
2574 1600 2681 1659 est,
2735 1593 3065 1662 subjunctis
3111 1590 3626 1659 similitudinibus,

1979 1686 2133 1757 quod
2168 1685 2295 1739 dico
2327 1701 2527 1739 verum
2560 1700 2688 1738 esse
2712 1683 2971 1753 probate.
3007 1680 3324 1752 Sequitur:
3362 1679 3527 1734 Cutix
3546 1681 3634 1734 be-

1979 1775 2325 1839 nedictionis,
2355 1776 2445 1828 cui
2476 1772 2859 1836 benedz’cimus,
2898 1776 3007 1825 etc.
3042 1771 3111 1824 Et
3141 1773 3225 1824 est
3266 1786 3475 1824 sensus
3519 1786 3531 1823 :
3567 1766 3626 1824 Si

1978 1881 2083 1919 nos
2117 1869 2350 1934 propter
2379 1862 2865 1933 signiﬁcationem
2898 1859 3075 1915 unius
3110 1858 3307 1914 calicis
3338 1862 3394 1913 et
3444 1858 3621 1913 unius

1978 1953 2164 2025 panis,
2200 1953 2298 2023 qui
2332 1953 2442 2006 sub
2475 1968 2542 2006 ea
2569 1950 2934 2005 invocatione
2978 1949 3078 2003 uni
3129 1948 3244 2003 Deo
3276 1947 3622 2011 offeruntur,

1979 2059 2132 2097 unus
2164 2041 2332 2112 panis
2363 2046 2418 2095 et
2468 2056 2649 2093 unum
2701 2055 2913 2109 corpus
2961 2053 3189 2103 sumus,
3224 2036 3499 2106 quoniam
3529 2034 3622 2089 his

1978 2130 2424 2202 participamus,
2458 2134 2514 2183 et
2548 2127 2815 2181 Israelitae
2843 2124 3154 2180 carnaliter
3177 2124 3454 2190 viventes,
3487 2122 3625 2194 quia

1979 2219 2222 2284 hostias,
2256 2234 2385 2289 quae
2419 2217 2528 2271 sub
2562 2233 2679 2269 una
2700 2214 3064 2269 invocatione
3090 2213 3190 2267 uni
3214 2212 3328 2267 Deo
3351 2228 3527 2283 super
3550 2210 3628 2265 al-

1976 2313 2100 2362 tare
2135 2308 2481 2373 offeruntur,
2505 2303 3165 2374 comedunt,participes
3184 2304 3414 2367 sunt,et
3444 2316 3627 2354 unum

1978 2400 2153 2461 sunt;
2187 2396 2374 2450 videte
2416 2410 2552 2465 ergo
2588 2410 2657 2447 ne
2714 2392 2859 2447 forte
2890 2396 2947 2446 et
3005 2408 3123 2457 vos.
3160 2390 3259 2461 qui
3307 2388 3627 2461 idolothyta

1978 2484 2307 2551 comeditis,
2332 2499 2517 2538 unum
2549 2482 2679 2537 sitis
2710 2498 2842 2536 cum
2867 2480 2988 2536 illis
3015 2479 3114 2551 qui
3134 2478 3467 2535 sacrificant
3490 2493 3625 2532 cum

1976 2574 2111 2628 illis.

2048 2664 2195 2731 (616)
2228 2662 2432 2717 Verum
2470 2661 2609 2732 quia
2647 2660 2789 2714 vidit
2822 2676 2920 2714 eos
2954 2661 3202 2725 astutos,
3237 2660 3293 2712 et
3323 2655 3434 2712 sibi
3468 2654 3627 2711 calli-

1980 2753 2050 2807 de
2086 2752 2437 2822 respondere
2496 2767 2561 2805 ac
2619 2749 2847 2804 dicere:
2909 2747 2952 2803 Ο
2983 2745 3181 2814 Paule,
3234 2745 3281 2800 si
3312 2762 3413 2800 vos
3440 2761 3627 2800 unum

1977 2842 2140 2904 estis,
2174 2840 2328 2894 sicut
2358 2839 2526 2907 dicis,
2555 2842 2613 2892 et
2638 2836 2813 2891 Israel
2865 2835 3116 2890 carnalis
3166 2851 3349 2889 unum
3374 2838 3462 2889 est
3494 2850 3629 2889 cum

1978 2929 2167 2994 altari,
2202 2928 2301 2997 qui
2334 2927 2555 2980 hostias
2583 2926 2856 2992 comedit,
2880 2928 2937 2978 et
2968 2941 3073 2978 nos
3106 2939 3289 2977 unum
3321 2938 3449 2977 esse
3475 2921 3621 2976 dicis

1976 3033 2108 3070 cum
2143 3015 2235 3070 his
2267 3015 2366 3085 qui
2398 3013 2568 3069 idolis
2600 3012 2973 3078 sacriﬁcant;
3025 3012 3171 3081 (6E7)
3219 3025 3354 3081 ergo
3400 3008 3619 3080 aliquid

1981 3104 2177 3175 magni
2204 3104 2261 3157 in
2278 3102 2433 3157 idolo
2458 3100 2760 3173 intelligis,
2796 3100 2843 3155 si
2866 3100 2994 3170 ejus
3018 3098 3347 3153 sacriﬁcate
3360 3114 3466 3153 nos
3484 3113 3621 3168 par-

1899 3172 1942 3236 C
1982 3172 2189 3262 ticipes
2222 3207 2403 3245 unum
2454 3190 2745 3256 reddunt;
2804 3188 3049 3258 ideoque
3106 3186 3383 3257 praevenit
3419 3202 3621 3241 eorum

1982 3281 2284 3347 astutiam,
2318 3284 2373 3334 et
2401 3279 2566 3333 dixit:
2622 3277 2761 3345 Quid
2806 3293 2932 3347 ergo
2954 3280 2978 3328 .9
3023 3275 3304 3347 Numquid
3333 3276 3459 3330 dico
3488 3275 3625 3346 quod

1980 3369 2144 3423 idolis
2181 3369 2527 3423 immolatum
2555 3365 2894 3438 sitaliquid?
2923 3369 3033 3420 etc.
3056 3368 3176 3419 Hoc
3196 3368 3303 3429 est,
3333 3380 3447 3419 non
3468 3363 3619 3419 dico.

1978 3459 2047 3513 Et
2077 3459 2217 3529 quia
2263 3462 2527 3528 poterant
2577 3456 2960 3527 respondere:
3001 3454 3188 3517 Quare
3242 3468 3379 3523 ergo
3429 3452 3623 3507 dicis?

1980 3546 2300 3619 Respondit
2329 3547 2453 3617 ipse
2481 3564 2492 3599 :
2527 3542 2651 3600 Non
2677 3550 2741 3599 ut
2772 3543 2993 3614 aliquid
3026 3542 3121 3607 sit,
3153 3542 3248 3597 sed
3276 3556 3398 3612 qua
3428 3543 3623 3597 immo-

1977 3636 2095 3692 lant
2125 3640 2329 3707 gentes,
2353 3636 2693 3692 dazmonibus
2711 3634 3020 3697 immolant,
3054 3636 3105 3686 et
3130 3646 3241 3685 non
3273 3632 3423 3691 Deo;
3452 3629 3623 3701 quasi

1974 3725 2588 3795 diceret:Quamquam
2614 3723 2827 3777 nihisit
2854 3720 3094 3785 idolum,
3130 3717 3399 3774 diabolus
3422 3723 3619 3774 tamen

1974 3821 2061 3870 est
2092 3814 2337 3885 aliquid,
2372 3812 2493 3883 qui,
2528 3811 2827 3881 simplices
2852 3814 2907 3864 et
2939 3825 3146 3879 pravos
3176 3807 3444 3861 homines
3465 3807 3619 3861 deci-

1975 3904 2160 3973 piens,
2196 3901 2327 3954 fecit
2357 3916 2417 3955 se
2450 3900 2508 3952 in
2564 3899 2656 3952 his
2716 3896 2944 3952 adorari
2994 3901 3051 3949 et
3102 3909 3441 3964 quanquam
3472 3894 3615 3948 illud

1974 3991 2127 4061 quod
2160 3989 2403 4043 offertur
2442 3986 2519 4041 sit
2550 3986 2792 4055 aliquid,
2828 3983 2965 4053 quia
2993 3987 3260 4036 creatura
3289 3980 3389 4033 Dei
3422 3984 3531 4045 est,
3560 3984 3618 4035 et

1976 4080 2129 4133 bona
2159 4082 2268 4142 est,
2302 4087 2495 4130 tamen
2524 4079 2760 4144 propter
2788 4072 3075 4141 quasdam
3098 4069 3432 4122 daemonum
3456 4066 3615 4121 invo-

1972 4167 2248 4231 cationes,
2284 4165 2437 4235 quod
2469 4167 2557 4219 est
2588 4161 2873 4216 mundum
2903 4157 3165 4213 redditur
3195 4155 3569 4210 immundum
3598 4172 3610 4222 ;

1976 4261 2031 4311 ct
2061 4256 2188 4310 ideo
2223 4254 2354 4309 nolo
2376 4270 2475 4308 vos
2508 4249 2815 4305 immunda
2838 4246 3160 4310 comedere,
3192 4262 3263 4300 ne
3293 4244 3618 4299 immundis

1976 4344 2338 4399 daemonibus
2369 4339 2691 4397 sociemini.

2048 4435 2195 4504 (618)
2242 4434 2605 4502 QuaprOpter
2655 4445 2789 4483 mox
2818 4426 3046 4482 subdit:
3082 4424 3211 4479 Nolo
3258 4439 3346 4479 vos
3383 4422 3511 4491 ﬁeri
3537 4438 3619 4477 so-

195 4526 249 4579 Si
280 4542 386 4580 vos
422 4526 486 4578 in
517 4524 638 4577 ﬁde
670 4519 1128 4592 permanseritis,
1177 4519 1440 4591 implebit
1472 4520 1620 4590 quod
1655 4519 1867 4591 promi-
1897 4535 1942 4597 D
1974 4525 2087 4577 cios
2116 4522 2443 4586 daemonum,
2476 4524 2584 4574 etc.
2619 4519 2688 4573 Et
2718 4520 2806 4572 est
2835 4531 3083 4569 sensus:
3116 4512 3223 4575 Qui
3255 4510 3621 4566 deamonibus

198 4615 290 4669 sit.
325 4615 513 4679 Nam,
552 4610 663 4666 etsi
700 4610 854 4663 sinat
886 4614 949 4664 ut
982 4607 1243 4679 procellae
1270 4608 1655 4664 tentationum
1682 4608 1868 4663 insur-

198 4710 337 4775 gunt
369 4704 445 4759 ad
502 4703 767 4756 vestram
823 4699 1246 4770 probationem,
1298 4697 1346 4752 si
1395 4714 1493 4752 vos
1524 4698 1736 4765 triduo,
1769 4702 1870 4752 aut

198 4792 528 4862 quatriduo
566 4786 1054 4853 sustinueritis,et
1080 4787 1205 4857 ipse
1225 4786 1432 4840 viderit
1452 4804 1552 4841 vos
1574 4788 1721 4842 ferre
1754 4803 1868 4840 non

196 4896 390 4952 posse,
416 4896 537 4935 non
568 4878 819 4949 patietur
848 4891 936 4930 vos
968 4877 1173 4930 tentari
1200 4891 1371 4945 supra
1404 4876 1461 4929 id
1482 4876 1620 4945 quod
1649 4876 1868 4946 potestis

197 4970 482 5035 tolerare;
517 4970 631 5022 aut
648 4969 799 5020 certe
825 4963 1087 5018 funditus
1108 4962 1421 5035 extinguet,
1462 4968 1563 5018 aut
1585 4964 1864 5018 auxilium

195 5058 567 5125 ministabit,
621 5060 685 5109 ut
730 5054 878 5108 ferre
922 5052 1177 5123 possitis.
1235 5052 1301 5106 Et
1354 5052 1461 5106 hoc
1518 5053 1670 5122 quod
1730 5052 1870 5106 dicit

194 5148 281 5202 sed
310 5166 443 5203 cum
480 5144 795 5203 tentatione
821 5143 985 5212 faciet
1012 5148 1349 5211 proventum,
1384 5139 1491 5195 hoc
1522 5144 1629 5206 est,
1662 5140 1867 5195 minis-

194 5239 375 5293 trabit
407 5232 727 5293 solatium.

264 5326 571 5397 Sequitur
606 5338 619 5376 :
654 5323 885 5390 Propter
924 5319 1083 5390 quod,
1135 5318 1467 5386 charissimi,
1521 5321 1699 5389 fugite
1756 5323 1864 5374 etc.

290 5558 428 5629 615)
458 5556 531 5629 In
570 5556 992 5629 autogrmarg.
1026 5550 1120 5605 hic
1151 5549 1363 5629 legitur
1393 5567 1515 5621 cap.
1550 5553 1735 5629 gift.

290 5622 425 5701 616)
461 5628 578 5687 Hic
616 5625 674 5681 in
706 5622 900 5695 autog.
942 5639 1125 5695 marg.
1162 5622 1376 5694 legitur
1405 5640 1530 5695 cap.
1564 5624 1772 5681 XLVII.

1978 4612 2294 4681 sociantur,
2328 4628 2361 4664 a
2391 4610 2505 4663 Deo
2537 4609 2911 4677 elongantur;
2936 4606 2989 4657 et
3023 4600 3125 4671 qui
3148 4599 3387 4655 calicem
3409 4599 3621 4654 daemo-

1979 4718 2120 4755 num
2156 4699 2675 4767 bibunt,respuunt
2698 4692 2939 4747 calicem
2959 4688 3189 4745 Domini
3218 4707 3230 4756 ;
3257 4692 3314 4745 et
3335 4686 3436 4759 qui
3459 4703 3620 4743 men-

1978 4807 2074 4844 sas
2106 4790 2436 4843 daemonum
2469 4784 2738 4854 diligunt,
2772 4796 2986 4834 mensae
3017 4776 3248 4833 Domini
3278 4776 3618 4833 detrahunt.

1979 4879 2079 4933 Isti
2114 4892 2389 4946 namque,
2413 4874 2553 4927 dum
2585 4871 2706 4925 haec
2738 4870 3006 4941 agebant,
3027 4867 3217 4923 dicere
3240 4866 3400 4923 soliti
3420 4868 3614 4921 erant:

1979 4967 2039 5021 In
2073 4966 2181 5019 hoc
2218 4962 2524 5018 Dominum
2552 4959 2874 5027 imitamur,
2899 4956 3177 5027 quiaipse
3202 4972 3334 5011 cum
3359 4952 3617 5026 publica-

1976 5055 2070 5109 nis
2101 5060 2156 5108 et
2188 5049 2588 5123 peccatoribus
2620 5047 3033 5102 manducabat.
3074 5049 3137 5098 Et
3165 5044 3293 5100 ideo
3323 5041 3495 5097 dicit:
3532 5044 3619 5093 An

1974 5146 2307 5200 aemulamur
2344 5140 2631 5195 Dominum
2654 5141 2678 5190 .9
2708 5134 2880 5201 Quasi
2911 5134 3160 5189 diceret:
3193 5133 3252 5187 Si
3277 5132 3333 5185 in
3375 5130 3483 5183 hoc
3508 5133 3615 5181 Do-

1978 5233 2202 5288 minum
2231 5228 2501 5295 imitami,
2552 5226 2691 5299 quia
2740 5241 2873 5280 cum
2920 5220 3321 5294 peccatoribus
3366 5216 3618 5271 mandu-

1976 5323 2121 5377 catis
2154 5320 2211 5374 in
2244 5320 2351 5375 hoc
2384 5324 2579 5374 tamen
2612 5331 2727 5370 non
2751 5310 3088 5375 imitamini,
3122 5305 3261 5377 quia
3292 5302 3620 5377 idolothyta

2048 5553 2193 5621 (617)
2223 5550 2327 5605 Hic
2358 5550 2414 5603 in
2446 5552 2640 5618 autog.
2676 5557 2861 5622 marg.
2885 5538 3110 5622 legitur
3140 5553 3265 5610 cap.
3286 5536 3541 5622 μέχρι.

2048 5608 2193 5693 (618)
2228 5628 2292 5679 1n
2325 5626 2520 5692 autog.
2548 5608 2734 5687 marg-
2762 5608 2857 5669 hic
2885 5608 3098 5684 legitur
3127 5608 3254 5683 cap.
3286 5608 3472 5667 XLIX.
