4034 6166
325 258 446 326 3³75

1333 264 1668 329 ATTONIS
1713 262 2293 327 VERCELLENSIS
2341 263 2692 327 EPISCOPI

3621 264 3738 326 316

331 396 679 453 comeditis?
712 395 835 470 ipse
864 397 1021 454 enim
1053 415 1358 470 nunquam
1408 397 1623 471 legitur
1654 397 1976 470 idolothyta
2004 399 2058 465 Α
2086 395 2379 460 laudetur,
2431 396 2742 466 Sequitur:
2778 395 2908 451 Sine
2956 395 3252 468 offensione
3300 397 3465 450 estote
3515 394 3747 462 Judzis,

333 487 678 542 comedisse.
711 487 780 541 Et
809 487 857 542 si
891 489 1253 544 comedenda
1284 494 1497 553 essent,
1523 505 1628 543 suo
1654 492 1975 543 monstras-

335 579 427 630 set
455 573 740 646 exemplo.
774 576 920 647 Ergo
947 576 1083 649 quia
1115 576 1445 647 exemplum
1469 576 1795 643 ostenditis,
1822 577 1977 647 quod

333 663 615 719 Dominus
645 681 761 719 non
792 664 1066 730 ostendit,
1113 667 1364 736 fortiores
1405 666 1504 720 illo
1554 665 1718 720 estis.
1760 667 1820 720 In
1853 663 1980 736 qui-

332 751 586 808 busdam
616 753 1046 826 exemplaribus
1080 753 1415 810 invenitur:
1460 755 1541 810 An
1589 754 1658 809 ad
1688 753 1983 809 uelandum

334 841 630 898 Dominum
681 847 1075 914 provocamus?
1104 845 1174 898 Et
1231 847 1318 899 est
1367 860 1615 898 sensus:
1680 843 1830 898 Dum
1873 843 1985 897 ista

337 931 534 1004 agitis,
566 931 852 1003 numquid
896 949 1011 988 non
1061 933 1386 1003 provocatis
1417 932 1607 999 illum,
1645 936 1707 986 ut
1737 931 1980 986 ulcisca-

336 1024 435 1078 tur
461 1024 716 1076 vestrum
743 1024 766 1075 Ρ
795 1026 913 1077 Aut
942 1021 1210 1079 fortiores
1259 1021 1357 1079 illo
1389 1023 1564 1089 estis;
1601 1028 1659 1078 et
1697 1023 1824 1078 ideo
1870 1037 1985 1076 non

340 1110 570 1182 potest?

410 1218 716 1289 Sequitur:
767 1219 964 1274 Omnia
1017 1219 1160 1273 mihi
1208 1220 1390 1285 licent,
1426 1223 1560 1286 etc.,
1608 1219 1758 1273 sicut
1789 1235 1987 1290 supra.

335 1305 653 1378 Sequitur:
689 1307 857 1363 Omne
879 1307 1019 1378 quod
1066 1309 1126 1361 in
1169 1308 1395 1363 macello
1427 1310 1596 1374 venit,
1631 1312 1745 1362 etc.
1783 1306 1990 1361 Prohi-

335 1394 546 1450 buerat
573 1411 672 1450 eos
700 1395 1024 1468 idolothyta
1044 1397 1368 1461 comedere,
1402 1401 1458 1452 et
1483 1396 1810 1468 plurimum
1837 1413 1993 1451 coar-

340 1488 620 1554 ctaverat,
652 1485 797 1539 adeo
830 1489 892 1539 ut
931 1501 1077 1556 pene
1127 1485 1426 1540 videretur
1476 1486 1670 1556 ipsam
1721 1491 1992 1540 naturam

339 1573 674 1628 damnasse.
705 1574 773 1628 Et
803 1573 944 1645 quia
972 1591 1177 1630 carnes
1223 1574 1394 1630 idolis
1426 1573 1738 1630 immolatae
1774 1574 1830 1628 in
1867 1590 1991 1628 ma-

340 1660 486 1716 cello
517 1662 937 1732 vendebantur,
963 1680 1033 1718 ne
1055 1667 1156 1718 aut
1184 1663 1297 1734 ipsi
1331 1664 1581 1718 nimium
1606 1666 1993 1729 arctarentur,

340 1753 443 1805 aut
471 1754 683 1806 natura
713 1751 990 1806 damnata
1038 1752 1356 1819 videretur,
1387 1753 1750 1808 descendens
1782 1766 1992 1806 conce-
2026 1771 2074 1835 Β

341 1838 447 1894 dit.
483 1839 872 1912 0mne,inquit
902 1841 1046 1911 quod
1092 1843 1152 1896 in
1210 1842 1437 1896 macello
1482 1844 1652 1910 venit,
1703 1845 1812 1896 etc.
1850 1841 1997 1911 (619)

339 1928 450 1982 Sed
479 1944 661 1999 quare
683 1929 867 1999 jussit
895 1946 1010 1984 non
1064 1929 1424 2002 interrogare
1446 1930 1472 1983 ?
1513 1946 1584 1984 ne
1629 1929 1999 1984 Christianus

336 2016 843 2082 manil’estaretur,
879 2022 936 2073 et
975 2020 1045 2074 ad
1094 2018 1443 2074 derisionem
1486 2018 1647 2073 illius
1706 2017 1999 2089 quidquid

339 2108 494 2160 esset
531 2104 904 2162 immolatum
937 2107 1248 2162 diceretur.
1300 2108 1370 2162 Et
1419 2107 1558 2178 quia
1587 2106 1774 2162 voluit
1804 2111 1998 2162 osten-

345 2192 481 2248 dere
511 2192 656 2248 illud
679 2193 1020 2265 quodidolis
1040 2194 1383 2250 immolatur
1401 2201 1612 2250 natura
1629 2211 1756 2250 esse
1779 2195 1998 2250 bonum

348 2281 685 2352 subjunxit:
718 2284 944 2337 Domini
971 2291 1051 2338 est
1083 2293 1254 2350 terra,
1285 2288 1393 2338 etc.
1421 2301 1434 2351 ;
1470 2300 1535 2338 ac
1567 2284 1617 2338 si
1649 2283 1867 2338 diceret
1893 2301 1905 2338 :
1938 2281 1997 2336 Si

353 2368 582 2424 Domini
607 2373 696 2425 est
752 2375 929 2438 terra,
962 2375 1018 2426 et
1050 2371 1191 2426 illud
1239 2371 1493 2426 Domini.
1547 2376 1788 2444 Propter
1831 2372 2002 2441 cujus

361 2457 779 2514 conscientiam
822 2461 1070 2531 jusserit
1137 2476 1250 2516 non
1305 2460 1684 2532 interrogare,
1754 2460 2002 2515 inferius

359 2546 651 2603 ostendit:
712 2549 828 2604 Non
886 2557 1038 2603 tuam
1091 2547 1282 2619 inquit
1346 2548 1438 2603 sed
1491 2550 1742 2604 alterius.
1814 2550 2005 2613 Quare

357 2649 495 2706 ergo
527 2639 763 2707 propter
784 2635 1023 2692 alterius
1043 2636 1071 2690 ‘I
1089 2636 1170 2692 Ne
1191 2640 1291 2691 aut
1310 2637 1368 2690 in
1402 2636 1572 2692 idolis
1597 2638 1722 2692 suis
1750 2636 2002 2703 laetetur,

357 2727 460 2777 aut
489 2723 592 2778 des
639 2723 722 2778 illi
755 2725 1140 2788 occasionem,
1193 2729 1256 2780 ut
1302 2726 1685 2796 reprehendat
1717 2729 1775 2780 et
1813 2725 2000 2779 dicat:

356 2811 544 2875 Quare
574 2811 686 2868 iste
715 2812 937 2869 idolum
969 2819 1303 2869 exsecratur
1341 2814 1512 2885 cujus
1543 2813 1850 2869 immolata
1879 2818 2002 2868 tam

352 2897 604 2956 libenter
633 2901 933 2957 comedit?

422 3005 570 3079 (620)
603 3007 916 3079 Sequitur:
952 3008 1012 3064 Si
1041 3009 1134 3080 qui
1178 3012 1329 3064 vocat
1356 3025 1447 3064 vos
1495 3008 1828 3078 inﬁdelium,
1891 3012 2000 3064 etc.

352 3093 458 3150 His
481 3094 675 3152 verbis
705 3112 821 3151 non
854 3095 1004 3166 cogit
1033 3113 1132 3151 eos
1163 3095 1265 3164 ire,
1289 3097 1390 3151 sed
1415 3096 1473 3150 in
1497 3111 1700 3152 eorum
1733 3094 2002 3150 libertate

2088 490 2199 540 etc.
2232 493 2309 540 Ac
2342 485 2391 540 si
2419 484 2552 540 aliis
2580 485 2773 540 verbis
2806 484 2990 540 dicat:
3017 484 3238 540 Judaais
3269 483 3329 538 in
3357 484 3748 540 offensionem

2088 573 2248 640 estis,
2283 574 2420 645 quia
2453 573 2648 628 dicitis
2678 573 2888 628 habere
2920 589 3019 628 vos
3070 572 3258 645 legem
3306 577 3362 628 et
3406 571 3748 644 prophetas,

2091 667 2148 718 et
2200 662 2541 734 intelligere,
2598 667 2654 718 et
2700 662 3023 734 idolothyta
3069 661 3400 727 comeditis,
3452 663 3607 733 quod
3661 660 3751 716 illi

2092 757 2488 807 exsecrantur.
2523 751 2784 806 Gentibus
2807 752 3006 817 etiam,
3040 751 3180 822 quia
3227 767 3342 806 non
3391 750 3584 806 solum
3631 767 3753 806 non

2093 840 2430 911 increpatis,
2451 844 2514 894 ut
2535 839 2604 894 ab
2638 839 2728 894 his
2750 840 3041 909 recedant,
3057 840 3157 894 sed
3186 838 3550 894 occasionem
3569 839 3756 906 datis,

2095 929 2229 983 utin
2256 928 2372 984 illis
2389 928 3077 999 permaneant,quoniam
3102 928 3350 983 credunt
3370 943 3472 982 vos
3502 928 3562 982 in
3578 926 3758 983 idolis

2098 1016 2319 1088 aliquid
2369 1017 2566 1088 magni
2619 1016 2963 1088 intelligere.
3031 1021 3101 1073 Et
3150 1018 3398 1072 Ecclesia
3422 1020 3563 1077 Dei;
3616 1016 3764 1088 quia

2098 1105 2468 1177 simplicibus
2523 1105 2677 1160 datis
2734 1105 3124 1172 occasionem,
3177 1104 3265 1159 vel
3314 1104 3611 1171 imitandi,
3663 1105 3759 1159 vel

2099 1194 2570 1265 reprehendenti.
2605 1195 2921 1265 Sequitur:
2947 1194 3094 1249 Sicut
3124 1197 3174 1250 et
3193 1211 3292 1263 ego
3310 1211 3406 1265 per
3436 1199 3628 1250 omnia
3651 1210 3769 1249 om-

2098 1283 2266 1339 nibus
2307 1285 2515 1351 placeo.
2584 1282 2861 1354 Nunquid
2917 1283 3388 1354 persecutoribus
3435 1283 3766 1355 placebat?

2101 1373 2247 1428 Non.
2282 1373 2389 1427 Sed
2417 1373 2486 1428 de
2502 1373 2777 1427 omnibus
2791 1372 3519 1443 generibuserantﬁdeles,
3538 1373 3770 1443 quibus

2103 1460 2202 1516 ille
2235 1461 2518 1532 placebat.
2580 1461 2703 1516 Non
2737 1466 2825 1516 est
2878 1461 3208 1517 contrarius
3257 1461 3391 1526 sibi,
3450 1461 3596 1533 quia
3623 1460 3769 1517 alibi

2105 1550 2246 1605 dicit
2277 1565 2337 1604 se
2383 1567 2498 1605 non
2558 1548 2786 1621 placere
2846 1549 3209 1620 hominibus,
3270 1549 3547 1621 quoniam
3585 1550 3768 1606 linem

2107 1638 2302 1710 placiti
2318 1639 2410 1693 sui
2442 1655 2558 1694 non
2590 1638 2649 1692 in
2683 1637 3024 1694 hominibus
3056 1639 3470 1695 constituebat.

2178 1746 2326 1815 (622)
2353 1745 2508 1815 (CAP.
2542 1744 2661 1815 ΧΙ.)
2693 1745 3000 1815 Sequitur:
3040 1746 3156 1800 Non
3179 1759 3434 1816 quaerens
3454 1743 3602 1815 quod
3625 1744 3773 1799 mihi

2108 1834 2244 1888 utile
2273 1839 2369 1904 est,
2395 1838 2528 1888 etc..
2549 1850 2757 1905 usque,
2783 1835 2926 1888 sicut
2955 1849 3047 1904 ego
3078 1835 3389 1890 Christi.Et
3409 1838 3498 1888 est
3517 1847 3766 1888 sensus:

2111 1922 2275 1978 Sicut
2311 1922 2581 1978 Christus
2620 1939 2736 1977 non
2790 1939 2893 1993 pro
2927 1939 3012 1989 se,
3068 1923 3169 1978 sed
3203 1939 3307 1993 pro
3341 1926 3544 1977 nostra
3578 1922 3774 1977 salute

2111 2027 2342 2066 carnem
2377 2010 2654 2082 suscepit,
2686 2015 2742 2066 et
2768 2011 3082 2083 opprobria
3108 2012 3413 2077 sustinuit,
3437 2011 3519 2065 ita
3550 2015 3611 2065 et
3632 2027 3772 2082 apo-

2112 2099 2294 2156 stolos
2314 2116 2431 2155 non
2455 2115 2557 2170 pro
2589 2116 2670 2170 se,
2704 2099 2803 2154 sed
2835 2117 2938 2170 pro
2961 2099 3150 2155 salute
3183 2101 3412 2172 generis
3437 2099 3692 2154 humani
3716 2099 3774 2153 in

2113 2189 2402 2243 mundum
2435 2188 2684 2255 direxit;
2717 2188 2802 2244 sic
2823 2194 2879 2243 et
2909 2205 3010 2244 vos
3041 2190 3286 2244 fratrum
3319 2188 3580 2244 salutem
3613 2205 3776 2260 quie-

2113 2294 2238 2333 rere
2259 2278 2510 2332 studete.
2544 2278 2857 2348 Sequitur:
2890 2277 3074 2333 Laudo
3103 2294 3210 2346 vos,
3230 2282 3465 2350 fratres,
3490 2278 3638 2350 quod
3681 2295 3779 2349 per

2113 2368 2298 2421 omnia
2329 2382 2592 2421 memores
2620 2368 2730 2422 mei
2759 2368 2910 2436 estis,
2934 2372 3041 2421 ctc.
3068 2367 3196 2422 Haec
3226 2383 3439 2438 nempe
3463 2368 3652 2438 verba
3680 2385 3781 2439 per

2115 2454 2363 2510 ironiam
2395 2455 2550 2509 dicta
2580 2459 2737 2510 sunt.
2763 2456 2916 2510 Sane
2944 2455 3245 2510 sciendum
3269 2456 3412 2527 quia
3434 2460 3562 2511 erat
3583 2457 3782 2528 turpis

2114 2549 2170 2599 et
2198 2543 2512 2599 inhonesta
2560 2544 2922 2599 consuetudo
2973 2545 3128 2615 apud
3177 2543 3512 2600 Corinthios
3569 2550 3638 2600 ut
3668 2546 3778 2600 viri

2115 2632 2308 2687 criniti
2359 2633 2718 2699 incederent,
2776 2637 2833 2688 et
2881 2633 3157 2689 mulieres
3204 2650 3322 2688 non
3361 2633 3554 2689 velato
3586 2633 3781 2705 capite

2114 2721 2299 2776 Deum
2349 2727 2622 2776 orarent:
2661 2738 2845 2792 quam
2894 2722 3382 2778 consuetudinem
3430 2724 3782 2795 aggreditur

2112 2808 2428 2881 Apostolus
2474 2809 2896 2880 reprehendere
2952 2814 3010 2865 et
3063 2811 3363 2882 damnare,
3416 2810 3780 2867 inchoansa

2115 2898 2441 2970 primorum
2481 2897 2789 2955 hominum
2822 2898 3131 2955 creatione.
3161 2899 3254 2955 Ait
3282 2899 3443 2954 enim
3469 2918 3482 2955 :
3513 2901 3653 2956 Volo
3683 2916 3780 2954 vos

2113 2989 2272 3054 scire,
2305 2990 2416 3042 etc.
2452 2985 2626 3058 Caput
2658 2989 2772 3042 viri
2802 2987 3090 3050 Christus;
3121 2988 3270 3058 (623)
3319 2989 3465 3059 quia
3496 3004 3604 3060 per
3639 3005 3777 3044 eum

2116 3075 2314 3130 omnia
2339 3092 2352 3132 :
2384 3085 2548 3146 caput
2576 3077 2830 3132 mulieris
2854 3079 2942 3132 vir
2965 3097 2985 3143 ;
3015 3076 3153 3148 quia
3174 3077 3244 3132 de
3274 3077 3404 3148 ipso
3427 3083 3627 3133 creata
3659 3083 3777 3133 est:

352 3138 458 3150 --.ν
492 3138 675 3152 ..μνη
707 3138 821 3151 ..νη
855 3138 1004 3166 Wo“
1034 3138 1132 3151 νυ,
1167 3138 1265 3164 ....,
1289 3138 1390 3151 ..νυ
1415 3138 1473 3150 ...
1499 3138 1700 3152 ww...
1734 3138 2002 3150 mm“.--
2451 3138 2464 3146 .
2965 3138 2974 3143 -
3033 3138 3050 3148 .
3297 3138 3314 3148 .

352 3184 538 3256 ponit,
570 3188 635 3239 ut
660 3187 730 3240 ad
761 3184 1095 3258 exemplum
1143 3185 1397 3255 Domini,
1450 3185 1498 3240 si
1551 3201 1612 3240 se
1661 3183 2002 3257 agnoverint
2033 3138 2075 3204 Ο
2113 3168 2276 3258 σαρκί
2309 3164 2513 3258 chris“
2553 3165 2711 3258 θέαις,
2758 3165 2844 3220 V31
2893 3170 3127 3237 Propter
3174 3165 3637 3234 humanitatem:
3693 3165 3778 3221 νει

349 3273 631 3344 prodesse
661 3291 853 3346 posse,
875 3273 984 3330 hoc
1003 3278 1111 3343 est,
1141 3279 1243 3328 aut
1281 3274 1568 3346 exemplo,
1602 3279 1706 3329 aut
1734 3271 2001 3329 doctrina

350 3378 449 3418 eos
474 3362 688 3418 lucrari
740 3378 931 3434 posse,
972 3364 1208 3417 variant.
1258 3363 1574 3433 Sequitur:
1612 3364 1674 3418 Ut
1698 3362 1830 3434 quid
1853 3364 2003 3417 enim

353 3450 580 3505 libertas
608 3450 1048 3520 meajudicatur,
1069 3453 1180 3503 etc.
1205 3465 1218 3514 ;
1244 3467 1308 3504 ac
1337 3451 1385 3504 si
1411 3450 1568 3504 dicat
1608 3467 1620 3505 :
1656 3451 1829 3505 Liber
1846 3467 2000 3520 sum,

353 3537 495 3606 quia
525 3536 724 3592 omnia
753 3538 975 3592 munda
1003 3541 1060 3591 et
1088 3535 1246 3592 licita
1274 3537 1535 3609 intelligo
1562 3557 1576 3607 ς
1609 3554 1789 3608 quare
1821 3537 2000 3592 idolo-

351 3621 518 3695 thyta
569 3625 947 3691 comedendo,
983 3624 1164 3680 debeo
1198 3625 1337 3680 dare
1398 3625 1790 3691 occasionem,
1827 3631 1890 3680 ut
1919 3626 2002 3681 al-

351 3711 538 3766 terius
568 3727 660 3766 me
691 3713 1050 3768 conscientia
1091 3712 1313 3781 judicet
1333 3713 1360 3766 ?
1391 3713 1704 3784 Sequitur:
1739 3714 1803 3768 Et
1829 3717 1882 3768 si
1911 3731 2004 3785 ego

350 3815 478 3854 cum
499 3801 686 3869 gratia
715 3803 1007 3872 participe,
1040 3805 1146 3855 etc.
1173 3802 1241 3856 Et
1272 3805 1361 3857 est
1390 3816 1600 3857 sensus
1629 3803 1724 3858 :Si
1756 3818 1862 3874 ego
1893 3805 2003 3859 sub

350 3887 451 3943 Dei
481 3887 864 3957 invocatione,
899 3888 1304 3945 benedictione
1345 3905 1411 3944 ac
1439 3891 1830 3959 veneratione,
1865 3908 2001 3947 cum

348 3975 670 4048 gratiarum
703 3977 930 4033 actione
954 3977 1112 4032 licita
1133 3978 1410 4049 percipio,
1439 3994 1619 4049 quare
1642 3981 2000 4036 comedenda

349 4063 676 4137 idolothyta
703 4065 835 4122 aliis
856 4067 1035 4123 debeo
1057 4066 1420 4123 occasionem
1445 4068 1696 4139 prabere
1731 4069 2002 4141 blasphe-

349 4153 550 4208 mandi
578 4170 671 4208 me
688 4153 716 4207 ?

419 4258 567 4330 (621)
597 4259 904 4330 Sequitur:
932 4261 1055 4316 Sive
1083 4276 1208 4331 ergo
1236 4262 1607 4328 manducatis,
1642 4265 1756 4318 sive
1791 4265 1997 4331 bibitis,

349 4350 460 4402 etc.
492 4347 595 4402 His
644 4348 836 4403 verbis
885 4349 1320 4406 evidentissima
1364 4351 1652 4406 idolorum
1713 4353 1999 4408 sacriﬁcia

350 4442 610 4491 exsecrat
665 4441 722 4492 et
769 4437 1122 4494 condemnat
1170 4439 1504 4509 Apostolus.
1553 4441 1702 4508 Quid
1733 4441 1888 4497 enim
1923 4443 1995 4496 ad

351 4521 584 4580 laudem
618 4525 718 4581 Dei
741 4529 949 4581 attinet
969 4526 1289 4599 idolothyta
1309 4529 1649 4584 comedere?
1665 4529 1815 4584 Dum
1848 4529 2004 4586 enim

350 4612 724 4669 immolatum
755 4614 928 4671 idolis
951 4616 1296 4686 comeditur,
1321 4617 1528 4687 major,
1560 4617 1825 4689 inquam,
1847 4618 1896 4673 ei
1922 4619 2004 4672 in-

343 4701 506 4772 juria
532 4702 840 4775 irrogatur.
876 4703 934 4759 Si
962 4720 1097 4759 vero
1130 4705 1188 4759 in
1220 4704 1368 4777 lege,
1401 4705 1539 4772 luci,
1575 4711 1631 4761 et
1662 4723 1772 4761 arae
1800 4723 1864 4761 ac
1900 4707 2002 4762 de-

352 4787 524 4844 lubra
551 4789 774 4845 destrui
795 4807 861 4846 ac
891 4793 1213 4847 comminui
1238 4794 1544 4864 jubentur,
1595 4795 1750 4866 quod
1785 4795 1855 4850 ad
1883 4795 2006 4850 lau-

348 4877 482 4933 dem
516 4877 611 4933 Dei
643 4879 1211 4951 pertinet,quomodo
1244 4882 1565 4955 idolothyta
1595 4885 1895 4939 comedere
1927 4885 1999 4940 ad

347 4965 584 5022 laudem
617 4967 869 5022 attinet?
908 4969 1110 5024 Divina
1140 4971 1363 5026 scilicet
1410 4973 1520 5027 sub
1553 4973 1915 5028 invocatione
1944 4979 2001 5028 et

347 5055 752 5112 benedictione
779 5072 914 5111 cum
944 5057 1271 5130 gratiarum
1293 5061 1518 5116 actione
1541 5061 1886 5133 simpliciter
1914 5078 2002 5116 ce-

343 5141 588 5210 lebrare,
621 5149 679 5200 et
727 5145 1132 5217 indigentibus
1183 5148 1511 5204 necessaria
1557 5150 1893 5205 ministrare
1925 5149 1995 5203 ad

342 5229 576 5288 laudem
609 5234 709 5290 Dei
741 5235 1013 5307 pertinet,
1039 5234 1180 5307 quia
1204 5253 1272 5292 ex
1307 5236 1414 5293 hoc
1463 5238 1635 5293 datur
1663 5239 1820 5293 unde
1843 5238 1998 5293 Deus

609 5429 668 5506 in
703 5435 898 5503 autog.
931 5448 1120 5504 marg.
1271 5432 1487 5506 legitur
1507 5451 1632 5506 cap.
1669 5435 1728 5488 L.

433 5498 579 5576 (ΨΟ)
611 5502 670 5576 in
703 5498 895 5576 autog.
930 5498 1118 5575 marg.
1153 5503 1248 5559 hic
1269 5498 1481 5576 legitur
1513 5498 1638 5576 cap.
1671 5506 1757 5560 Ll.

424 5569 572 5641 (621)
604 5570 705 5626 llic
730 5572 786 5627 in
821 5569 1016 5646 a'utog.
1051 5569 1235 5649 marg.
1271 5569 1480 5648 legitur
1511 5569 1636 5648 cap.
1674 5577 1782 5633 LII.

2113 3254 2253 3325 quia
2285 3255 2356 3309 ab
2387 3269 2454 3309 eo
2480 3255 2736 3325 genitus.

2185 3361 2334 3429 (624)
2363 3360 2676 3430 Sequitur:
2732 3359 2919 3415 Omnis
2951 3363 3042 3416 vir
3089 3377 3274 3428 orans,
3324 3360 3384 3416 id
3414 3365 3525 3428 est,
3572 3362 3780 3433 prediv

2114 3465 2274 3517 cans,
2306 3457 2404 3504 aut
2432 3449 2852 3519 prophetans,id
2876 3451 3191 3517 est,futura
3212 3449 3560 3521 praedicens,
3599 3452 3780 3506 velato

2115 3540 2312 3609 capite,
2339 3537 2595 3609 deturpal
2624 3544 2789 3610 caput
2817 3539 3147 3610 suum,quia
3177 3539 3509 3610 ignominia
3551 3544 3646 3594 est
3670 3538 3778 3594 illi.

2114 3627 2424 3697 Sequitur:
2464 3628 2556 3682 Vir
2585 3643 2693 3682 non
2724 3628 2880 3682 debet
2928 3632 3112 3683 vetare
3140 3632 3303 3699 caput
3325 3644 3346 3688 ;
3379 3626 3658 3682 videlicet
3688 3627 3782 3683 sui

2115 3715 2322 3786 capitis
2344 3715 2670 3772 libertatem
2687 3717 3276 3788 ostendat.Sequitur:
3295 3717 3573 3783 Quoniam
3593 3719 3782 3788 imago

2113 3812 2165 3859 et
2191 3805 2371 3874 gloria
2401 3806 2499 3859 Dei
2528 3807 2622 3860 est.
2658 3804 2907 3871 Scilicet,
2933 3806 3072 3877 quia
3105 3805 3256 3860 sicut
3292 3821 3450 3860 unus
3485 3809 3646 3860 Deus
3670 3810 3782 3869 est,

2114 3908 2218 3963 per
2243 3909 2416 3964 quem
2449 3897 2508 3948 et
2539 3909 2608 3948 ex
2640 3910 2755 3964 quo
2787 3893 3006 3962 omnia,
3040 3893 3122 3949 sic
3153 3897 3210 3947 et
3239 3891 3369 3964 ipse
3421 3909 3613 3947 unum
3649 3892 3788 3947 fecit

2114 3979 2432 4051 hominem,
2468 3999 2536 4036 ex
2567 3999 2681 4052 quo
2707 3998 2912 4037 omnes
2953 3982 3260 4042 homines;
3307 3986 3365 4036 et
3394 3981 3525 4036 ideo
3559 3981 3668 4036 Dei
3701 3983 3791 4035 est

2112 4068 2319 4141 gloria,
2351 4070 2491 4141 quia
2522 4071 2592 4125 ad
2617 4069 2833 4125 diaboli
2865 4072 3055 4126 factus
3082 4075 3168 4125 est
3199 4068 3656 4139 contumeliam,
3682 4067 3784 4141 qui

2112 4176 2174 4214 se
2204 4158 2388 4214 voluit
2421 4159 2662 4225 elevare,
2697 4164 2761 4213 ut
2789 4165 2944 4215 esset
2974 4176 3150 4231 super
3179 4159 3401 4215 omnia.

2182 4265 2500 4337 Sequitur:
2549 4265 2750 4320 Mulier
2804 4267 2991 4334 gloria
3019 4269 3100 4320 est
3147 4265 3296 4325 viri;
3349 4263 3490 4335 quia
3524 4264 3598 4319 de
3651 4265 3784 4336 ipso

2117 4356 2268 4410 facta
2298 4360 2387 4410 est
2414 4373 2426 4421 ;
2462 4355 2613 4426 quod
2647 4359 2704 4409 et
2727 4354 2900 4408 latius
2933 4353 3270 4425 exsequitur
3291 4369 3484 4424 usque
3517 4352 3619 4407 ubi
3657 4355 3782 4408 ait:

2121 4443 2238 4498 Ideo
2267 4449 2586 4512 potestatem
2616 4443 3009 4512 (subauditur,
3031 4441 3364 4510 velaminis)
3384 4441 3537 4496 debet
3568 4442 3788 4496 habere

2115 4541 2341 4602 prepter
2371 4532 2620 4602 Angelos,
2673 4532 2726 4584 id
2775 4534 2881 4601 est,
2933 4535 3168 4602 propter
3221 4528 3642 4601 praedicatores
3690 4530 3782 4584 vel

2117 4620 2383 4676 caelestes
2411 4619 2672 4691 angelos,
2710 4619 2806 4690 qui
2831 4619 3036 4674 adesse
3055 4635 3170 4674 non
3191 4618 3675 4688 dubitantur,ubi
3693 4618 3784 4672 di-

2119 4709 2252 4764 vina
2282 4707 2540 4764 cmlestia
2559 4707 2948 4764 celebrantur.
2983 4706 3085 4762 Vel
3118 4713 3270 4763 certe
3300 4706 3572 4762 velamen
3603 4707 3787 4762 debet

2115 4798 2349 4868 habere,
2382 4797 2490 4852 hoc
2521 4809 2633 4867 est,
2665 4802 2900 4868 propter
2929 4797 3180 4867 primam
3229 4795 3784 4868 transgressionem

2116 4886 2540 4956 subjectionem
2573 4890 2922 4941 monstrare.
2952 4885 3256 4940 Enimvero
3281 4900 3353 4939 ne
3384 4883 3671 4939 mulieres
3697 4883 3787 4938 ni-

2117 4975 2298 5029 mium
2325 4975 2598 5045 subjecta:
2628 4975 3047 5040 viderentur,et
3061 4989 3234 5045 super
3255 4989 3353 5028 eas
3386 4973 3645 5027 nimium
3669 4973 3786 5026 viri

2115 5063 2552 5132 extollerentur,
2573 5063 2702 5117 ideo
2727 5061 3063 5131 subjunxit:
3098 5063 3273 5132 Neque
3292 5063 3382 5116 vir
3399 5065 3522 5116 sine
3539 5061 3790 5116 muliere

2113 5153 2170 5206 in
2202 5153 2434 5208 Domino
2457 5168 2478 5213 ,·
2503 5150 2656 5220 quod
2684 5153 2740 5204 et
2772 5148 3146 5218 confirmans,
3175 5146 3337 5217 dicit,
3365 5147 3569 5201 Omnia
3589 5157 3788 5202 autem

2111 5256 2180 5294 ea:
2208 5242 2340 5296 Deo.
2373 5239 2535 5303 Quod
2562 5255 2716 5302 vero,
2767 5237 2908 5292 sicut
2947 5240 2998 5292 et
3029 5239 3115 5291 vir
3154 5251 3255 5307 per
3283 5236 3603 5306 mulierem,
3657 5252 3785 5290 non

2184 5437 2330 5572 (6'32)
2360 5438 2420 5491 In
2453 5437 2648 5504 autog.
2683 5446 2869 5502 marg.
2905 5430 2998 5511 hic
3028 5430 3243 5503 legitur
3267 5447 3394 5501 cap.
3429 5428 3552 5485 LIII

2184 5507 2310 5572 (623
2362 5509 2424 5562 In
2458 5512 2654 5572 autog.
2690 5519 2874 5572 marg.
2912 5502 3008 5558 hic
3036 5501 3252 5572 legitur
3273 5518 3400 5572 cap.
3434 5499 3552 5572 LlV

2183 5499 2328 5575 (623)
2362 5509 2424 5562 In
2458 5499 2654 5576 autog.
2690 5499 2874 5576 marg.
2912 5502 3008 5558 hic
3034 5499 3252 5576 legitur
3273 5499 3400 5573 cap.
3434 5499 3577 5576 LLV.

2185 5571 2331 5649 (62:1)
2361 5579 2465 5634 llic
2497 5578 2555 5634 in
2587 5571 2780 5648 autog.
2816 5571 3000 5646 marg.
3034 5571 3246 5647 legitur
3273 5571 3401 5646 cap.
3434 5571 3540 5628 LX.
