4034 6166
346 291 464 353 379

1366 298 1702 362 ATTONIS
1751 295 2338 358 VERCELLENSIS
2382 297 2732 362 EPISCOPI

3634 302 3748 366 380

346 428 446 484 sed
478 427 628 484 infra
660 445 884 485 coenam
927 430 1169 486 tradidit
1227 436 1293 487 ut
1347 433 1562 506 legitur
1594 450 1605 489 :
1643 433 1992 490 Cwnantibus
2024 430 2076 496 Α
2108 432 2354 498 batur,et
2370 433 2793 490 rel.Sciendum
2817 436 2958 508 quia
2975 439 3292 508 utrumque
3310 435 3618 509 discipulis
3639 443 3753 494 tra-

345 523 532 574 autem
565 520 680 575 illis
713 521 922 590 (Matth.
955 539 1110 588 xxvr,
1167 525 1280 595 26).
1336 530 1469 590 etc.,
1505 526 1558 579 id
1595 530 1702 596 est,
1735 531 1992 580 comesto

345 611 592 680 agno.Et
612 610 758 666 bene
784 612 1185 684 quidem,quia
1210 630 1574 685 consequens
1599 619 1722 670 erat
1745 620 1805 669 ut
1827 620 1991 670 vetus

346 698 570 754 Pascha
601 700 889 766 finiretur,
941 703 1337 774 deincepS'ad
1373 722 1585 760 novum
1618 704 1990 761 transiretur.

345 788 459 844 Nec
493 790 670 845 etiam
697 792 769 846 ob
801 791 908 847 hoc
941 793 1388 863 reprehenditur
1431 794 1706 863 Ecclesia,
1743 795 1880 866 quia
1900 796 1988 866 je-

341 879 489 947 juna
516 880 758 951 percipit
790 906 802 946 ;
833 881 984 950 ideo,
1042 883 1179 954 quia
1211 900 1446 938 necesse
1494 889 1583 939 est
1642 890 1704 938 ut
1736 884 1991 956 primum

347 968 545 1023 anima
576 969 823 1040 spiritali
873 970 1000 1025 cibo
1051 971 1339 1043 signetur,
1389 975 1732 1043 potmodum
1782 990 1992 1045 corpus

344 1057 641 1112 communi
674 1062 1326 1116 sustenteturJ’ertetur
1352 1063 1506 1128 enim
1533 1063 1685 1134 quod
1713 1063 1830 1116 haec
1855 1080 1992 1117 con-

344 1146 591 1200 suetudo
622 1148 777 1218 apud
809 1149 1118 1221 [Egyptum
1156 1156 1435 1206 servetur.
1472 1152 1572 1206 Die
1603 1152 1992 1207 Sabbatorum

344 1235 676 1307 congregati
711 1238 781 1291 ad
815 1239 1718 1311 vesperum,aliiesurientes,alii
1754 1243 1896 1296 ebrii
1921 1242 1990 1296 ad

344 1324 783 1394 percipiendum
818 1343 1032 1399 corpus
1063 1330 1358 1384 accedant.
1384 1330 1571 1385 Etiam
1596 1330 1863 1386 nonnulli
1889 1348 1991 1402 pro

345 1411 559 1468 habilis
581 1413 708 1468 vitae
739 1415 844 1469 viri
876 1417 1317 1472 tradideruntut
1341 1419 1521 1474 semel
1553 1419 1610 1474 in
1645 1419 1882 1486 anno,id
1905 1426 1993 1476 est

343 1516 582 1572 vespere
616 1503 946 1560 festivitatis
979 1507 1311 1576 Paschte,ob
1333 1510 1637 1564 certiorem
1670 1508 1990 1564 veneratio-

345 1606 740 1656 nem,omnem
766 1593 1021 1664 primum
1048 1595 1243 1651 cibum
1279 1599 1810 1666 sumerent,deinde
1836 1615 1992 1670 mys-

341 1677 556 1733 terium
589 1680 844 1752 corporis
869 1687 924 1737 et
953 1685 1517 1756 sanguinis,tantum
1544 1691 1751 1742 utante
1776 1703 1990 1741 nonam

329 1765 630 1867 jfjunium
648 1770 1162 1867 noncs-olverentEt
1179 1775 1502 1830 notandum
1520 1776 1656 1847 quia
1673 1780 1991 1846 utrumque
2022 1803 2070 1867 B

341 1855 623 1912 Dominus
655 1859 897 1914 tradidit
927 1861 1256 1933 discipulis,
1284 1880 1495 1936 corpus
1528 1868 1583 1920 et
1612 1865 1984 1936 sanguinem,

341 1946 618 2015 quoniam
652 1951 968 2020 utrumque
1000 1955 1276 2022 suscepit,
1310 1958 1366 2008 et
1396 1954 1652 2008 animam
1686 1958 1743 2009 et
1773 1971 1985 2026 corpus

340 2038 398 2089 et
429 2037 746 2108 utrumque
776 2037 1020 2094 salvavit
1053 2058 1066 2107 ;
1093 2058 1228 2096 nam
1255 2042 1521 2113 sicutper
1541 2059 1749 2114 panem
1775 2059 1987 2114 corpus

338 2123 421 2178 ita
435 2126 895 2197 persanguinem
919 2129 1114 2184 anima
1132 2129 1498 2202 signatur.Et
1520 2132 1825 2187 sciendum
1851 2133 1990 2202 quia

339 2211 449 2267 hoc
481 2220 914 2270 sacramentum
948 2217 1226 2272 ultimum
1259 2220 1501 2274 tradidit
1537 2238 1550 2286 ;
1582 2238 1717 2275 nam
1753 2221 1988 2285 tradito,

340 2300 539 2354 statim
571 2301 716 2356 abiit
743 2304 814 2357 ad
847 2303 1038 2360 locum
1099 2307 1198 2361 ubi
1257 2313 1380 2362 erat
1436 2309 1756 2364 tradendus
1792 2324 1806 2365 :
1839 2313 1895 2363 et
1924 2325 1988 2364 eo

335 2388 509 2443 modo
540 2391 1032 2459 quemadmodum
1067 2394 1114 2449 si
1148 2396 1281 2467 quis
1317 2412 1455 2468 erga
1513 2397 1689 2452 tinem
1721 2396 1848 2452 vitae
1883 2396 1988 2452 ali-

339 2478 497 2548 quod
529 2477 808 2535 dilectum
842 2499 1057 2538 munus
1089 2483 1367 2552 alicui,ad
1392 2486 1851 2542 recordationem
1875 2485 1988 2552 sui,

338 2566 514 2621 donet
532 2568 858 2649 amico.Sed
885 2573 1152 2645 nunquid
1169 2573 1292 2646 ipse
1311 2575 1671 2647 prospiciens
1691 2592 1804 2630 non
1831 2592 1990 2630 com-

342 2657 739 2726 pungitur,vel
772 2659 947 2715 etiam
982 2663 1051 2716 ad
1085 2661 1374 2735 lacrymas
1404 2663 1990 2735 provocatur?Simi-

340 2743 475 2799 liter
505 2750 560 2800 et
591 2762 697 2801 nos
728 2749 1275 2818 sanctiﬁcantes,vel
1308 2753 1694 2826 percipientes
1727 2753 1835 2808 hoc
1867 2770 1990 2825 my-

342 2831 581 2903 terium,
615 2838 926 2908 compungi
953 2839 1040 2894 vel
1074 2841 1144 2895 ad
1178 2841 1466 2914 lacrymas
1498 2843 1794 2914 provocari
1828 2841 1994 2897 debe-

346 2923 577 2977 mus.Et
611 2922 746 2980 hinc
770 2930 859 2981 est
885 2928 1038 2998 quod
1063 2931 1334 2986 sacerdos
1356 2931 1504 2986 dans
1534 2930 1618 2986 illi
1644 2931 1990 3004 mysterium

343 3011 441 3084 qui
474 3011 726 3084 ignorat,
755 3015 898 3070 dicit
931 3033 943 3070 :
979 3017 1185 3090 Accipe
1214 3037 1428 3092 corpus
1464 3037 1476 3074 z
1510 3020 1773 3092 proficiet
1802 3019 1907 3074 tibi
1931 3019 1988 3074 in

346 3101 521 3156 vitam
553 3106 850 3172 aeternam,
889 3109 952 3160 ut
983 3106 1078 3162 ille
1125 3108 1368 3165 audiens
1399 3127 1633 3182 corpus,
1669 3109 1988 3174 tremiscat,

343 3194 402 3246 et
431 3207 561 3246 cum
597 3194 917 3250 reverentia
947 3199 1122 3268 atque
1151 3199 1372 3268 pudore
1405 3198 1701 3272 percipiat.

416 3280 527 3336 Sed
547 3281 848 3339 sciendum
875 3285 1013 3356 quia
1034 3303 1147 3340 non
1163 3288 1436 3360 praecepit
1457 3288 1745 3343 Dominus
1757 3287 1992 3358 quando

350 3368 764 3441 perciperetur,
789 3373 1066 3444 quoniam
1100 3373 1148 3429 si
1181 3375 1749 3447 precepisset,aliter
1772 3375 1994 3445 absque

345 3456 665 3514 offensione
694 3475 822 3514 esse
843 3477 958 3516 non
979 3467 1204 3532 posset;
1229 3464 1330 3519 sed
1353 3469 1547 3519 tamen
1576 3463 1824 3536 qualiter
1845 3480 1993 3534 prae-

347 3545 521 3614 cepit,
551 3550 607 3598 et
639 3547 920 3618 apostolis
951 3550 1184 3620 quando
1210 3551 1649 3623 percipiendum
1673 3557 1830 3607 esset
1856 3550 1992 3604 reli-

350 3631 496 3701 quit.
532 3632 693 3688 Unde
725 3651 838 3691 non
898 3636 1200 3694 dubitatur
1246 3639 1318 3693 ab
1375 3639 1657 3710 apostolis
1714 3638 1991 3693 tradiium

347 3719 531 3776 fuisse
561 3721 642 3776 ita
673 3723 1134 3796 percipiendum.
1166 3729 1297 3782 Jam
1350 3744 1463 3784 non.
1513 3731 1595 3783 est
1649 3730 1995 3784 Dominicam

347 3824 559 3864 cwnam
590 3812 945 3882 manducare,
980 3813 1036 3868 id
1070 3820 1159 3870 est
1211 3833 1328 3871 non
1386 3815 1546 3872 illam
1605 3817 1992 3888 Dominicam,

349 3897 452 3952 sed
484 3904 735 3955 vestram
769 3902 1026 3958 sumitis.
1086 3904 1156 3959 Et
1217 3904 1325 3961 hoc
1376 3907 1612 3978 exponit
1641 3907 1944 3962 subdendo
1978 3923 1992 3960 :

351 3985 770 4060 Unusquisque
819 4008 978 4046 suam
1024 4009 1256 4060 caenam,
1319 3999 1428 4049 etc.
1465 4012 1477 4062 ;
1511 3999 1560 4051 et
1583 3998 1728 4051 alius
1776 3996 1996 4066 quidem

347 4081 544 4132 esurit.
579 4079 730 4136 alius
759 4090 944 4136 autem
972 4082 1155 4139 ebrius
1201 4087 1297 4139 est.
1351 4085 1614 4156 Nunquid
1669 4085 1853 4142 domos
1881 4099 1991 4139 non

349 4167 559 4223 habetis
588 4169 744 4224 ?etc.
777 4171 953 4234 Quasi
985 4171 1204 4228 diceret
1237 4198 1251 4240 ;
1282 4173 1560 4245 Nunquid
1617 4192 1733 4230 non
1765 4175 1992 4230 habetis

351 4255 452 4310 ubi
483 4272 827 4311 communes
858 4258 1017 4314 cibos
1061 4262 1356 4332 percipere
1412 4261 1650 4332 possitis
1678 4263 1704 4316 ‘2
1735 4262 1992 4318 Habetis.

352 4344 540 4408 Quare
570 4360 705 4416 ergo
732 4361 956 4400 coenam
988 4345 1046 4401 in
1098 4347 1353 4402 Ecclesia
1410 4349 1716 4405 celebratis
1743 4350 1770 4404 ‘I
1801 4354 1901 4406 aut
1922 4351 1994 4406 ob

350 4431 461 4488 hoc
494 4432 777 4500 facitis,ut
806 4452 904 4490 vos
936 4435 1146 4492 divites
1175 4438 1757 4506 ostendatis,autnon
1777 4441 1994 4497 baben-

351 4524 440 4577 tes
471 4524 844 4581 cont'undatis
865 4524 894 4579 ?
924 4526 1064 4594 Quid
1093 4526 1273 4582 dicam
1301 4528 1450 4582 vobis
1479 4533 1503 4582 .9
1531 4530 1719 4586 Lauda
1740 4548 1852 4599 vos,
1885 4535 1993 4587 etc.
2027 4545 2074 4608 ι)

355 4613 531 4676 Quasi
564 4613 781 4669 diceret
813 4629 824 4668 :
861 4613 1019 4671 Talis
1050 4617 1202 4672 actio
1234 4633 1348 4672 non
1383 4617 1694 4674 laudabilis
1726 4620 1993 4686 habetur,

2103 523 2270 590 didit,
2304 524 2361 598 id
2393 530 2480 579 est
2512 541 2718 598 panem
2752 526 3061 598 etivinum,
3095 525 3370 598 quoniam
3433 531 3754 596 utrumque

2102 595 2378 666 suscepit,
2412 601 2465 650 et
2500 595 2740 650 salvavit
2770 597 2825 649 id
2859 602 2965 664 est,
3001 595 3257 652 animam
3291 602 3347 652 et
3376 614 3606 668 corpus.
3643 595 3756 653 Per

2101 702 2310 756 panem
2332 702 2674 757 corpus,pcr
2695 687 2895 740 vinum
2922 687 3120 740 anima
3151 687 3753 758 designatur.Novum

2103 775 2243 829 dicit
2274 775 2534 841 calicem,
2570 775 2637 829 ad
2675 775 3112 830 distinctionem
3145 776 3375 830 veteris.
3399 776 3621 831 Mortem
3649 777 3755 832 Do-

2101 865 2246 917 mini
2276 863 2709 933 annuntiabitis,
2746 865 2892 929 Quid
2926 868 3013 918 est
3041 862 3197 918 enim
3239 868 3482 919 mortem
3517 865 3755 920 Domini

2102 953 2472 1019 annuntiare,
2512 953 2620 1008 nisi
2655 954 2722 1007 ad
2759 955 3105 1008 memoriam
3164 970 3449 1021 revocare,
3500 956 3656 1025 quod
3690 955 3760 1009 ﬁt

2103 1047 2202 1098 aut
2233 1059 2365 1097 cum
2390 1059 2822 1114 consecramus,
2857 1047 2957 1098 aut
2979 1060 3111 1098 cum
3148 1043 3502 1114 percipimus
3533 1061 3760 1115 corpus

2103 1133 2290 1205 ipsius
2322 1132 2349 1185 ’ἶ
2378 1134 2554 1188 Donec
2583 1133 2944 1200 veniat,bene
2975 1132 3114 1186 dicit
3145 1131 3284 1204 quia
3318 1138 3629 1204 postquam
3654 1132 3760 1188 ille

2102 1221 2347 1293 venerit,
2382 1223 2501 1276 hcce
2534 1223 2811 1295 mysteria
2841 1240 2956 1278 non
2989 1222 3461 1278 celebrabuntur.

2175 1313 2322 1384 (628)
2350 1316 2531 1384 Itaque
2560 1313 2869 1384 quicunque
2914 1312 3210 1368 manducat
3260 1329 3480 1383 panem,
3515 1317 3624 1367 etc.
3659 1316 3760 1366 In-

2105 1403 2277 1476 digne
2309 1403 2554 1474 percipit
2577 1402 2674 1474 qui
2701 1420 2814 1456 non
2849 1403 3172 1457 secundum
3199 1401 3607 1457 auctoritatem
3640 1405 3763 1456 tra-

2103 1491 2296 1547 dentis
2329 1491 2479 1545 sumi
2491 1492 2674 1545 t.Rcus
2701 1492 2815 1544 nrit
2845 1491 3092 1560 corporis
3118 1493 3168 1544 et
3196 1490 3484 1557 sanguinis
3505 1490 3759 1554 Domini,-

2103 1580 2240 1651 quia
2268 1579 2358 1634 sui
2392 1584 2588 1633 reatus
2621 1579 2676 1632 in
2709 1577 3078 1649 perceptione
3125 1576 3459 1632 accumulat
3490 1593 3758 1648 poenam,

2103 1668 2240 1740 quia
2272 1669 2534 1722 futurum
2558 1666 2638 1720 illi
2662 1666 2957 1738 judicium
2989 1670 3338 1736 reservatur,
3362 1665 3420 1720 in
3453 1682 3567 1736 quo
3591 1663 3760 1720 illius

2103 1757 2332 1813 occulta
2361 1756 2919 1822 manifestabuntur,
2952 1760 3009 1810 et
3039 1756 3085 1810 si
3135 1755 3309 1827 digne
3365 1753 3455 1810 vel
3510 1753 3762 1826 indigne

2103 1846 2380 1919 percepit.
2415 1846 2607 1901 Probet
2636 1848 2843 1912 autem,
2877 1849 2986 1899 etc.
3023 1844 3082 1898 Id
3113 1847 3224 1913 est,
3256 1843 3586 1914 investiget,
3621 1859 3756 1914 per-

2103 1937 2321 2009 quirat,
2354 1935 2402 1989 si
2431 1935 2644 2007 dignus
2675 1939 2764 1989 est
2795 1934 3113 2006 percipere,
3144 1939 3201 1988 et
3245 1938 3388 1987 tunc
3445 1931 3758 2004 percipiat,

2103 2026 2247 2081 Nam
2283 2026 2390 2080 hoc
2422 2023 2765 2096 mysterium
2799 2022 2913 2077 tale
2943 2026 3051 2092 est,
3086 2026 3148 2077 ut
3175 2022 3349 2094 digne
3383 2021 3763 2093 percipienti-

2105 2117 2215 2171 bus
2247 2112 2767 2184 salutem,indigne
2797 2128 2932 2166 vero
2964 2128 3193 2184 poenam
3228 2109 3759 2180 ministret,quem-

2105 2205 2422 2260 admodum
2455 2202 2639 2259 Judaa.
2667 2201 2852 2256 Judas
2901 2201 3056 2256 enim
3102 2202 3417 2271 postquam
3473 2197 3759 2270 percepit,

2105 2295 2354 2349 Satanas
2387 2291 2648 2347 introivit
2682 2291 2738 2345 in
2768 2289 2937 2345 illum
2972 2291 3123 2361 (Luc.
3151 2305 3288 2354 mn,
3319 2288 3353 2342 3
3389 2306 3402 2355 ;
3433 2289 3598 2343 Joan.
3634 2305 3760 2353 xm,

2099 2382 2293 2454 27).Et
2323 2382 2371 2436 si
2401 2381 2499 2436 ille
2531 2381 2631 2452 qui
2652 2379 2893 2452 indigne
2924 2377 3172 2450 suscipit
3203 2378 3273 2432 ad
3308 2377 3759 2432 damnationem

2102 2471 2368 2543 suscipit,
2403 2470 2587 2525 multo
2615 2469 2803 2541 magis
2834 2467 3136 2539 indignus,
3170 2465 3227 2520 id
3258 2469 3367 2532 est,
3422 2465 3520 2536 qui
3553 2463 3762 2536 aliqua

2100 2561 2480 2617 immunditia
2512 2557 2816 2631 polluitur,
2856 2559 2974 2612 Non
3022 2556 3334 2611 discernens
3385 2554 3533 2626 (629)
3560 2570 3761 2625 corpus

2103 2653 2160 2707 id
2194 2655 2301 2718 est,
2335 2651 2532 2706 cibum
2565 2667 2599 2704 a
2627 2646 2871 2714 cibo,vel
2893 2645 3262 2703 solummodo
3293 2660 3512 2716 purum
3542 2659 3762 2715 panem

2101 2757 2229 2797 esse
2264 2745 2450 2812 putat.

2171 2829 2292 2886 Ideo
2323 2830 2468 2883 inter
2496 2842 2586 2882 vos
2617 2826 2778 2881 multi
2809 2826 3042 2896 inﬁrmi,
3075 2827 3186 2878 etc.
3221 2823 3307 2889 Et,
3342 2821 3484 2894 quia
3533 2820 3766 2876 dixerat

2103 2918 2396 2990 superius.
2433 2919 2758 2988 Quicunque
2788 2914 3109 2983 manducet,
3143 2916 3278 2982 etc.,
3339 2915 3403 2965 ut
3433 2910 3654 2965 certior
3687 2909 3763 2963 il-

2101 3007 2216 3062 lius
2251 3006 2505 3061 narratio
2538 3005 2899 3069 redderetur,
2949 3000 3257 3072 subjunxit
3288 3019 3300 3056 :
3333 2998 3457 3056 Ideo
3489 2999 3638 3054 inter
3672 3015 3765 3054 vas

2102 3094 2680 3162 multi,etc.lnﬁrmos
2702 3093 2860 3162 dicit,
2889 3092 3029 3164 quia
3058 3091 3159 3146 alii
3190 3089 3346 3146 febre
3377 3089 3767 3156 vexabantur,

2021 3174 2064 3240 C
2105 3183 2203 3239 alii
2237 3182 2697 3241 debilitabantur
2727 3181 2823 3236 alii
2844 3184 3030 3236 morte
3045 3179 3304 3252 corporis
3327 3178 3764 3250 plectebantur.

2105 3273 2216 3328 Sed
2249 3289 2428 3344 quare
2460 3271 2568 3327 hoc
2599 3272 2669 3326 ad
2705 3271 3052 3326 memoriam
3083 3266 3338 3323 revocat?
3373 3266 3442 3322 Ut
3471 3265 3584 3338 ipsi
3619 3264 3766 3320 alio-

2103 3379 2234 3417 rum
2269 3361 2497 3435 ﬂagella
2528 3361 2832 3416 audientes
2865 3359 3388 3430 corrigerentur,ut
3413 3354 3566 3409 illud
3601 3355 3771 3409 :Pes-

2103 3454 2290 3507 tilente
2315 3452 2614 3524 ﬂagellato,
2633 3451 2870 3506 astutior
2897 3448 3151 3503 redditur
3177 3447 3392 3517 sapiens
3423 3446 3613 3508 (Prov.
3646 3461 3768 3509 xxx,

2103 3543 2193 3613 25)
2223 3566 2236 3608 ;
2268 3545 2325 3596 et
2357 3559 2369 3596 ε
2404 3541 2707 3597 Laetabitur
2727 3541 2931 3611 justus,
2963 3554 3088 3592 cum
3144 3535 3346 3590 viderit
3377 3534 3561 3605 (Psal.
3626 3550 3766 3600 Lvn,

2106 3632 2214 3702 1|),
2247 3634 2356 3685 etc.

2177 3719 2331 3787 Quod
2355 3720 2407 3774 si
2424 3719 2800 3789 nosmetipsos,
2829 3721 2937 3772 etc.
2973 3716 3044 3771 Et
3099 3715 3267 3784 bene,
3329 3710 3469 3783 quia
3527 3708 3631 3765 ille
3666 3709 3772 3779 qui

2105 3825 2244 3864 suas
2274 3808 2531 3864 actiones
2548 3807 2733 3863 malas
2749 3804 3118 3878 agnoscendo
3142 3800 3771 3874 corrigitetemendat,

2105 3916 2138 3955 a
2168 3899 2282 3954 Deo
2315 3914 2432 3952 non
2455 3897 2777 3968 judicatur.
2844 3898 2993 3949 Dum
3035 3891 3349 3961 judicamus
3404 3898 3614 3954 autem,
3649 3892 3770 3944 etc.

2105 3987 2227 4044 Sive
2258 4005 2292 4042 a
2325 3989 2548 4043 Domino
2570 3985 2918 4056 judicamur,
2945 3984 3112 4037 sivea
3140 3981 3370 4036 Domino
3398 3976 3772 4048 corripimur,

2105 4077 2419 4133 dicendum
2451 4081 2541 4130 est
2572 4075 2710 4145 quia
2743 4073 2837 4128 ille
2877 4072 3049 4142 cujus
3098 4073 3228 4124 acta
3271 4066 3673 4139 ﬂagellantur,
3710 4065 3776 4120 in

2106 4171 2396 4238 crepatur,
2429 4169 2493 4218 ut
2524 4164 2887 4219 emendetur.
2937 4162 2999 4217 Ut
3052 4175 3162 4214 non
3221 4174 3344 4213 cum
3401 4157 3502 4212 hoc
3557 4155 3775 4210 rnundo

2104 4256 2453 4321 damnemur,
2494 4253 2547 4308 id
2601 4256 2710 4320 est,
2763 4267 2898 4307 cum
2950 4247 3290 4304 inﬁdelibus
3337 4246 3455 4301 sive
3491 4243 3774 4316 paganis.

2106 4345 2270 4402 Unde
2299 4344 2440 4400 dicit
2468 4341 2745 4413 Origenes
2779 4357 2792 4395 :
2827 4339 2934 4406 Qui
2967 4337 3205 4409 indigne
3230 4334 3319 4391 vel
3382 4333 3777 4406 impudenter

2105 4433 2372 4506 percipit,
2407 4433 2476 4487 ab
2511 4429 2733 4485 inﬁdeli
2763 4428 2850 4483 vel
2885 4443 3111 4499 pagano
3142 4424 3226 4481 nil
3254 4423 3452 4480 distat.

2180 4523 2326 4593 (630)
2366 4524 2554 4592 Itaque
2594 4521 2828 4588 fratres:
2878 4519 3007 4583 mei,
3066 4519 3174 4571 etc.
3237 4513 3430 4569 Finita
3485 4512 3777 4582 increpa-

2106 4610 2472 4678 tione,donat
2499 4608 2581 4663 eis
2600 4605 2910 4662 consilium
2935 4605 3074 4677 quid
3102 4603 3180 4659 sit
3200 4600 3778 4675 agendum,dicens;

359 4702 418 4757 id
450 4707 557 4768 est,
591 4720 703 4757 non
734 4702 875 4758 estis
908 4703 1069 4777 digni
1098 4703 1292 4770 laude,
1317 4723 1382 4761 eo
1415 4709 1568 4778 quod
1599 4709 1658 4763 in
1683 4709 1991 4766 Ecclesiam

2110 4702 2311 4772 Itaque,
2344 4701 2544 4766 fratres
2569 4698 2679 4752 mei
2708 4699 2796 4751 etc
2831 4715 2867 4764 ,ς
2903 4694 2959 4750 id
2993 4697 3100 4763 est,
3133 4691 3348 4748 oblatio
3395 4695 3595 4746 vestra
3656 4692 3780 4746 sub

354 4791 697 4847 convenitis.

428 4881 576 4953 (4327)
605 4884 712 4953 Ego
741 4884 888 4938 enim
916 4885 1103 4955 accepi
1142 4901 1175 4940 a
1205 4888 1463 4951 Domino,
1518 4891 1626 4943 etc.
1677 4889 1724 4942 A
1753 4887 1998 4944 Domino

353 4971 465 5027 iste
496 4971 740 5042 accepit,
773 4989 886 5028 non
921 4989 953 5027 a
982 4973 1212 5030 Christo
1244 4974 1480 5031 homine
1519 4977 1711 5033 adhuc
1743 4978 1996 5046 mortali,

353 5065 419 5121 ut
450 5060 659 5129 caeteri,
694 5061 849 5117 sicut
877 5061 1001 5133 ipse
1055 5062 1197 5117 dicit
1229 5080 1241 5118 :
1274 5068 1392 5119 Non
1425 5065 1496 5120 ab
1553 5065 1773 5122 homine
1817 5069 2001 5137 accepi

356 5151 516 5208 illud.
550 5152 634 5208 vet
661 5151 846 5206 didici
875 5150 1014 5222 (Gal.
1049 5169 1088 5220 1,
1124 5153 1194 5218 1),
1230 5158 1339 5208 etc.
1369 5154 1477 5208 Sed
1535 5155 1663 5210 ideo
1693 5173 1726 5209 a
1772 5157 2000 5212 Domino

357 5239 514 5307 dicit,
547 5247 612 5296 ut
641 5240 860 5297 arctius
891 5240 948 5295 in
982 5258 1184 5296 eorum
1208 5242 1485 5299 cordibus
1507 5244 1824 5301 inculcaret
1847 5247 1999 5317 quod

355 5327 582 5392 dicebat
616 5346 628 5386 :
664 5331 932 5402 Quoniam
966 5330 1224 5386 Dominus
1252 5332 1402 5387 Jesus
1423 5333 1484 5388 in
1511 5349 1619 5405 qua
1645 5338 1800 5390 nocte
1819 5334 1999 5390 trade-

427 5567 575 5688 $627)
617 5567 682 5621 In
712 5573 907 5640 autog.
934 5583 1122 5638 marg.
1156 5564 1250 5646 hic
1286 5563 1497 5646 legitur
1520 5578 1645 5633 cap.
1683 5561 1851 5617 LVII.

448 5641 578 5688 6‘28)
611 5639 671 5688 ln
704 5643 901 5688 autne-
936 5654 1122 5688 mam-
1158 5638 1254 5688 hic
1283 5633 1499 5688 legitur
1522 5650 1648 5688 can.
1684 5633 1851 5688 LVII]

448 5633 578 5712 628)
610 5639 672 5696 ln
704 5633 901 5712 autog.
936 5633 1122 5710 marg.
1158 5636 1254 5693 hic
1283 5633 1499 5708 legitur
1522 5650 1648 5706 cap.
1684 5633 1878 5690 LVIII.

430 5695 442 5712 \

2110 4788 2286 4844 unius
2315 4787 2417 4842 Dei
2442 4785 2808 4840 invocatione
2839 4782 3256 4850 sanctificatur,
3291 4785 3347 4836 et
3376 4797 3492 4835 non
3523 4780 3784 4852 propria

2109 4879 2396 4934 habeatur
2448 4875 2548 4930 sed
2582 4873 2914 4929 communis
2962 4873 3294 4944 deputetur.
3319 4871 3380 4924 Si
3406 4871 3533 4941 quis
3565 4871 3781 4934 esurit,

2110 4968 2258 5024 domi
2285 4965 2594 5035 manducet,
2627 4964 2684 5018 id
2720 4967 2830 5028 est,
2863 4962 2911 5017 si
2946 4961 3080 5034 quis
3110 4959 3424 5032 impatiens
3457 4963 3570 5028 est,
3601 4975 3778 5013 com-

2112 5074 2321 5114 munes
2352 5055 2511 5111 cibos
2541 5054 2600 5109 in
2633 5055 2804 5110 domo
2835 5052 3134 5125 percipiat,
3150 5055 3207 5107 et
3234 5067 3351 5106 non
3383 5064 3520 5106 cum
3540 5048 3784 5104 sancti-

2111 5149 2300 5203 ﬁcatis
2324 5147 2538 5217 jungat
2569 5160 2793 5199 orenam
2827 5143 2885 5197 in
2919 5141 3161 5198 ecclesia
3193 5159 3205 5196 ε
3244 5142 3304 5198 Ut
3332 5155 3444 5195 non
3503 5141 3562 5193 in
3613 5138 3789 5210 judi-

2110 5240 2260 5292 cium
2291 5234 2652 5300 oonveniatzs,
2683 5232 2743 5286 id
2795 5237 2904 5300 est,
2967 5235 3031 5286 ut
3088 5228 3188 5286 ubi
3246 5228 3470 5302 putatis
3499 5227 3787 5285 invenire

2111 5327 2460 5398 profectum,
2491 5321 2800 5379 inveniatis
2830 5322 3140 5378 defectum.

2203 5556 2328 5627 629)
2359 5553 2532 5628 Vulg.
2565 5553 2897 5627 dijudieans.

2203 5557 2328 5627 629)
2359 5557 2532 5628 Vulg.
2565 5557 2897 5627 dijudieans.

2183 5557 2337 5703 I630)
2367 5630 2434 5686 In
2465 5629 2662 5700 autog.
2695 5642 2883 5698 marg.
2914 5622 3010 5683 hic
3040 5621 3254 5697 legitur
3282 5636 3410 5695 cap.
3445 5619 3588 5680 LIX.
