4080 6174
243 242 342 306 381

799 242 1219 307 EXPOSITIO
1264 245 1340 303 IN
1386 242 1821 305 El‘lS'l‘Ol.AS
1872 245 2127 308 PAULI.
2172 247 2357 308 --ΙΝ
2404 248 2656 312 EPIST.
2701 249 2722 311 Ι
2770 248 2876 310 AD
2922 246 3095 308 COR.

3544 245 3661 308 382

308 377 531 445 Caetera,
563 393 685 431 cum
718 394 931 443 venero,
963 378 1263 447 disponam.
1300 377 1482 432 Multa
1514 378 1677 433 enim
1711 384 1879 434 erant
1906 390 1960 447 Α
1992 378 2152 433 Facit
2180 384 2237 434 et
2265 381 2545 437 adversus
2575 381 2993 453 Arium,quiet
3010 379 3227 451 gradus
3256 376 3316 434 in
3341 378 3657 450 Trinitate,

244 468 304 523 de
333 466 655 520 ministerio
710 467 972 521 Ecclesiae
1002 467 1266 535 dicenda,
1299 473 1354 521 et
1403 467 1534 521 ideo
1594 484 1707 521 non
1762 472 1884 523 erat

245 572 590 625 consequens
607 572 705 624 per
725 556 1030 625 epistolam
1046 572 1144 610 eos
1170 556 1703 611 docere.Generalis
1726 558 1880 611 enim

246 644 488 701 Ecclesia
520 644 678 698 illius
709 651 998 715 praecepta
1022 651 1230 700 servat.
1252 647 1319 700 Et
1352 646 1481 701 ideo
1507 647 1799 717 promittit
1822 663 1881 699 se

244 739 559 799 venturum,
585 738 786 803 etquae
820 750 1057 789 necesse
1080 741 1245 789 erant
1265 735 1599 790 docturum.
1626 737 1772 790 Nam
1796 752 1883 790 ve-

244 823 425 878 niente
448 822 565 887 illo,
594 822 717 875 viva
739 838 875 877 voce
899 823 1221 894 disposuit;
1248 824 1400 878 unde
1435 841 1550 878 non
1580 824 1883 879 dubitatur

244 914 304 968 ab
328 911 599 982 Apostolo
632 911 1068 968 ecclesiasticus
1098 914 1238 967 ordo
1270 914 1521 969 traditus
1544 916 1713 986 (631).
1750 916 1883 969 Erat

243 1017 482 1071 namque
513 1003 875 1056 consuetudo
908 1002 966 1055 in
1011 1003 1325 1073 primordio
1358 1002 1653 1068 Ecclesize,
1688 1009 1749 1057 ut
1782 1004 1878 1073 qui

242 1090 865 1160 credebant,baptizati,
891 1092 1067 1146 etiam
1092 1091 1289 1147 ﬁdeles
1311 1092 1520 1156 effecti,
1556 1093 1885 1163 acciperent

243 1180 476 1252 gratiam
511 1179 784 1250 loquendi
819 1180 1633 1253 omnibuslinguis,videlicet
1658 1182 1887 1246 ideo,ut

244 1268 421 1340 magis
451 1268 754 1339 magisque
786 1270 859 1323 ad
894 1270 1069 1324 fidem
1104 1271 1481 1325 confluerent.
1507 1271 1616 1325 Sed
1642 1270 1883 1340 quia,si-

242 1363 329 1413 cut
356 1358 450 1412 hic
474 1357 787 1428 Apostolus
838 1359 981 1412 dicit
1016 1377 1026 1413 :
1058 1360 1232 1429 Signa
1259 1376 1363 1430 pro
1393 1359 1736 1428 inﬁdelibus,
1773 1374 1884 1413 non

243 1446 481 1515 ﬁdelibus
511 1448 555 1516 (I
586 1446 705 1502 Cor.
738 1464 850 1513 xw,
890 1450 1145 1518 22),jam
1173 1438 1416 1503 dilatata
1450 1449 1583 1518 ﬁde,
1611 1448 1883 1519 plurimis

241 1537 405 1591 etiam
434 1536 867 1591 conﬂuentibus
897 1537 968 1591 ad
1004 1537 1426 1603 crudelitatem,
1452 1553 1681 1592 cessare
1711 1538 1886 1609 ccepit

240 1623 355 1694 ipsa
404 1625 784 1680 consuetudo.
836 1624 1119 1679 Corinthii
1161 1642 1315 1691 vero,
1348 1642 1483 1680 cum
1526 1626 1653 1695 jam
1688 1631 1887 1681 essent

1996 473 2051 521 et
2085 468 2293 522 Filium
2322 470 2604 527 minorem
2628 477 2818 540 Patre,
2843 475 2901 525 et
2921 470 3206 540 Spiritum
3234 475 3503 523 sanctum
3530 487 3652 525 am-

1994 556 2185 610 bobus
2228 559 2499 612 asseruit.
2536 562 2696 625 Quod
2733 560 2860 614 ideo
2911 559 3257 613 confirmare
3292 558 3651 630 nitebantur,

1994 646 2153 714 quod
2188 662 2421 717 semper
2453 647 2621 702 Pater
2660 650 2716 702 in
2748 649 2940 719 primo
2996 648 3117 701 loco
3148 652 3485 717 poneretur,
3519 663 3653 701 cum

1995 732 2091 787 hic
2124 735 2181 787 in
2218 735 2406 805 primo
2462 736 2714 807 Spiritus
2758 742 3022 805 sanctus,
3056 735 3199 790 etin
3252 735 3456 790 ultimo
3490 736 3656 791 Pater

1994 830 2268 892 ponatur.
2300 824 2403 879 Per
2435 825 2750 881 divisiones
2782 826 3126 897 gratiarum,
3150 824 3651 879 ministrationum

1998 915 2174 981 atque
2209 908 2636 984 operationum,
2666 916 2812 969 forte
2842 915 3073 969 diversa
3103 914 3157 968 in
3183 913 3441 968 Ecclesia
3473 912 3655 968 voluit

1995 1000 2245 1072 intelligi
2289 1003 2502 1072 ol'licia,
2536 1020 2787 1074 quorum
2838 1004 3174 1057 varietatem
3208 1003 3483 1071 ostendit,
3517 1018 3651 1056 cum

1999 1106 2131 1144 mox
2152 1092 2484 1163 subjungit:
2511 1095 2811 1165 Unicuique
2828 1093 2988 1147 datur
3016 1094 3395 1163 manifestatio
3413 1092 3651 1162 Spiritus

1997 1179 2067 1233 ad
2099 1181 2415 1247 utilitatem,
2450 1181 2535 1236 vel
2568 1200 2685 1237 sua:
2720 1182 2950 1249 salutis,
2987 1182 3071 1237 vel
3106 1181 3366 1238 Ecclesia:
3399 1182 3649 1237 aedifica-

1996 1267 2196 1323 tionis.

2071 1358 2347 1427 Sequitur
2377 1376 2390 1413 :
2428 1361 2539 1413 Alii
2570 1360 2789 1431 quidem
2837 1378 2933 1433 per
2961 1360 3243 1431 Spiritum
3274 1360 3445 1415 datur
3473 1374 3653 1416 sermo

1994 1448 2303 1516 sapientiae,
2336 1449 2440 1503 alii
2468 1466 2647 1504 sermo
2670 1451 2934 1507 scientiae.
2964 1449 3279 1504 Dicitenim
3314 1450 3519 1503 beatus
3538 1450 3651 1502 Au-

1996 1535 2272 1604 gustinus
2304 1538 2458 1607 quod
2493 1537 2669 1592 distet
2696 1538 2847 1593 inter
2863 1538 3215 1611 sapientiam
3249 1543 3307 1591 et
3323 1537 3649 1592 scientiam.

1997 1623 2315 1694 Sapientia,
2348 1627 2557 1698 inquit,
2593 1634 2681 1683 est
2712 1628 3043 1683 divinarum
3076 1627 3351 1699 cognitio,
3384 1624 3647 1690 scientia,

239 1714 547 1780 credentes,
573 1719 768 1768 tamen
802 1713 942 1785 quia
965 1714 1154 1768 adhuc
1176 1720 1344 1769 erant
1374 1719 1668 1769 amatores
1700 1714 1885 1785 philo-
1917 1748 1965 1814 Β
1995 1711 2412 1782 humanarum,
2457 1721 2715 1772 attamen
2768 1735 2882 1772 non
2916 1717 3155 1771 illarum
3204 1732 3352 1786 quas
3400 1713 3646 1779 scimus,

240 1803 475 1873 sophicae
496 1803 789 1872 doctrinas,
817 1803 927 1858 hoc
951 1804 1171 1858 donum
1196 1805 1389 1873 majus
1413 1803 1690 1858 omnibus
1714 1803 1882 1871 judi-

237 1892 451 1957 cabant,
487 1897 544 1947 et
594 1892 916 1963 plurimum
954 1891 1106 1946 idem
1156 1893 1372 1947 habere
1422 1892 1882 1958 desiderabant;

240 1980 381 2035 unde
410 1986 467 2035 et
497 1980 552 2034 hi
574 1980 674 2051 qui
709 1981 961 2035 habeant
985 1980 1386 2052 despiciebant
1412 1997 1525 2035 non
1565 1980 1883 2045 habentes;

238 2070 310 2124 illi
340 2086 470 2125 vero
502 2070 600 2141 qui
635 2086 748 2124 non
783 2070 1077 2124 habebant
1108 2068 1459 2137 dejiciebant
1492 2085 1576 2138 se,
1612 2084 1726 2121 non
1759 2083 1883 2121 cre-

238 2159 431 2213 dentes
461 2159 704 2213 attinere
736 2158 807 2211 ad
856 2174 1088 2228 corpus,
1121 2156 1208 2212 vel
1242 2162 1399 2211 certe
1447 2155 1886 2210 aemulabantur

236 2247 334 2302 hos
364 2248 463 2318 qui
496 2264 607 2302 non
642 2246 959 2301 habebant.

302 2337 449 2405 (632)
475 2336 627 2407 (CAP.
663 2335 810 2401 XII.)
843 2334 960 2389 Hoc
1010 2350 1218 2405 nempe
1266 2333 1609 2405 aggreditur
1636 2334 1882 2402 Aposto-

238 2428 324 2481 lus
354 2426 775 2497 reprehendere
793 2425 850 2478 in
875 2422 1305 2493 illis,inchoans
1331 2422 1489 2493 loqui
1519 2423 1589 2476 de
1611 2421 1884 2492 spiritua-

232 2512 399 2568 libus.
436 2513 531 2569 Ait
569 2514 725 2569 enim
763 2532 774 2568 :
809 2515 883 2568 De
911 2513 1296 2583 spiritualibns
1346 2512 1469 2567 nolo
1504 2527 1593 2566 vos
1624 2513 1882 2578 ignorare

232 2604 854 2672 (subauditur,donis).
888 2607 966 2656 De
998 2602 1213 2673 quibus
1234 2601 1874 2671 locuturus,priemisit:

225 2692 528 2763 antiquam
579 2708 779 2747 eorum
832 2691 1354 2759 conversationem,
1408 2691 1611 2745 dicens
1646 2707 1657 2744 :
1691 2690 1877 2760 Scitis,

220 2782 344 2851 quia
374 2798 501 2836 cum
533 2785 716 2850 gentes
768 2783 954 2836 essetis
987 2782 1155 2851 (633),
1189 2785 1298 2835 etc.
1349 2779 1448 2835 Ille
1480 2780 1697 2850 quippe
1724 2781 1876 2834 anti-

212 2886 388 2939 quam
424 2870 929 2926 conversationem
960 2870 1091 2924 ideo
1113 2886 1212 2923 eos
1246 2868 1544 2923 reminisci
1578 2869 1779 2938 voluit,
1814 2876 1879 2926 ut

206 2958 517 3030 superbire
568 2960 939 3027 desisterent,
973 2961 1029 3012 et
1058 2958 1117 3011 in
1173 2957 1509 3011 humilitate
1540 2973 1879 3027 permanere

200 3048 519 3103 studerent
548 3048 637 3103 vel
669 3053 823 3102 certe
846 3051 913 3101 ut
943 3046 1096 3101 sicut
1128 3044 1291 3117 prius
1313 3046 1385 3099 ad
1418 3045 1743 3116 impulsum
1768 3048 1877 3101 dae-

1997 1801 2134 1870 quid
2168 1804 2289 1856 auri
2323 1805 2531 1873 quidve
2563 1806 2809 1877 argenti,
2845 1811 2985 1876 quot
3015 1805 3189 1860 etiam
3224 1808 3281 1857 et
3311 1802 3515 1874 quales
3546 1802 3644 1856 ha-

1995 1890 2202 1945 bemus
2236 1892 2582 1959 fundos,sed
2615 1894 2712 1949 illa
2735 1900 2819 1949 est
2852 1912 2979 1965 qua:
3004 1892 3274 1947 consistit
3299 1892 3357 1946 in
3392 1894 3645 1961 quatuor

1994 1977 2331 2045 virtutibus,
2365 1981 2582 2051 quibus
2634 1982 2715 2036 nil
2766 1982 2969 2037 utilius
3022 1982 3080 2035 in
3112 1981 3231 2034 vita
3275 1978 3640 2041 hominibus,

1997 2066 2105 2121 hoc
2136 2072 2242 2137 est,
2278 2086 2393 2141 qua
2423 2074 2478 2125 et
2510 2071 2829 2141 prudentia:
2854 2071 3141 2124 discimus
3174 2067 3554 2133 intellectum,
3589 2070 3645 2119 et

1986 2156 2233 2226 justitiaa
2264 2160 2651 2229 sanctitatem,
2690 2166 2746 2213 et
2776 2158 3136 2214 fortitudinis
3171 2158 3367 2223 robur,
3401 2172 3466 2211 ac
3498 2159 3644 2210 tem-

1993 2246 2267 2315 perantiae
2299 2248 2496 2302 decus.

2066 2334 2381 2405 Sequitur:
2420 2336 2589 2391 Alteri
2618 2338 2770 2406 ﬁdes.
2804 2336 2912 2391 llla
2949 2335 3219 2391 videlicet
3254 2352 3387 2407 qua,
3423 2332 3643 2404 pudore

1992 2421 2238 2492 abjecto,
2263 2423 2439 2479 libere
2470 2424 2810 2480 conﬁteatur
2837 2425 2993 2496 quod
3024 2425 3289 2480 credidit.
3319 2424 3434 2479 Alii
3455 2423 3644 2493 gratia

1987 2513 2289 2567 sanitatum
2315 2531 2327 2568 :
2353 2530 2470 2584 qua
2501 2513 2873 2569 infirmitates
2896 2520 3058 2569 curet
3088 2531 3154 2569 ac
3186 2514 3441 2569 morbos.
3474 2511 3639 2567 Unde

1990 2599 2194 2656 Petrus
2228 2619 2240 2656 :
2273 2604 2475 2668 zEnca,
2508 2611 2669 2658 sanat
2702 2607 2752 2658 te
2785 2604 3065 2658 Dominus.
3097 2604 3215 2657 Alii
3243 2603 3484 2673 operatio
3516 2603 3632 2655 vir-

1988 2692 2167 2743 tutum
2211 2691 2362 2760 (καίει.
2419 2709 2492 2757 ix,
2528 2693 2656 2761 31:);
2693 2691 2933 2757 scilicet,
2968 2696 3033 2747 ut
3079 2693 3373 2747 daemones
3403 2690 3641 2761 ejiciant

1986 2778 2101 2832 Alii
2125 2780 2455 2849 prophetia,-
2499 2786 2562 2834 ut
2595 2782 2791 2835 futura
2824 2781 3224 2852 pronuntient.
3250 2780 3365 2833 Alii
3392 2779 3642 2834 discretio

1986 2869 2283 2936 spirituum
2302 2885 2322 2929 ;
2354 2873 2577 2932 ut,cum
2611 2868 2808 2939 aliqua
2832 2869 3115 2933 audit,vel
3146 2867 3501 2939 legit,possit
3520 2867 3637 2923 dis-

1990 2970 2223 3009 cernere
2254 2956 2425 3025 cujus
2456 2956 2576 3010 sint
2606 2957 2870 3027 spiritus.
2906 2958 3018 3012 Alii
3044 2973 3249 3028 genera
3278 2957 3634 3023 linguarum;

1990 3047 2052 3095 ut
2081 3042 2328 3097 diversis
2358 3042 2577 3113 linguis
2609 3043 3033 3115 loquatur.Alii
3050 3045 3426 3115 interpretatio
3442 3058 3639 3099 sermo-

196 3152 453 3191 monum
490 3138 567 3192 ad
601 3136 863 3191 diversos
894 3134 1284 3189 trahebantur
1314 3148 1562 3199 errores,
1596 3133 1679 3187 sic
1710 3149 1875 3189 econ-
1908 3106 1949 3171 C
1987 3145 2121 3182 num
2145 3147 2166 3191 ,'
2202 3136 2262 3183 ut
2314 3148 2447 3184 cum
2500 3131 2700 3203 aliqua
2750 3132 3044 3203 leguntur,
3082 3130 3167 3187 vel
3211 3132 3510 3197 dicuntur,
3562 3130 3633 3185 ad

191 3226 372 3281 trario
379 3226 526 3296 jam
542 3224 829 3285 conversi,
851 3239 986 3278 cum
1008 3220 1643 3292 haberentevangelicas
1660 3222 1874 3276 doctri-
1987 3218 2309 3287 profectum
2334 3218 2584 3274 aliorum
2617 3219 2930 3276 salubriter
2948 3222 3008 3276 in
3041 3222 3284 3276 alteram
3317 3217 3634 3291 possitlin-

188 3330 269 3369 ne
310 3311 694 3382 magistrum
718 3327 783 3364 ac
807 3308 1706 3379 doctorem,sequerenturillum
1730 3326 1874 3381 quo-
1986 3321 2166 3376 gnam
2200 3307 2534 3362 transferre.

184 3415 442 3472 cunque
466 3414 575 3453 eos
598 3398 827 3454 trahere
849 3398 1036 3453 vellet.
1056 3396 1216 3452 Unde
1235 3398 1291 3451 in
1312 3398 1667 3469 quibusdam
1687 3414 1874 3454 exem-
2058 3395 2335 3465 Sequitur
2368 3412 2379 3449 :
2414 3400 2550 3452 Haec
2586 3406 2769 3452 autem
2796 3401 2985 3453 omnia
3016 3400 3274 3469 operatur
3301 3413 3445 3452 unus
3475 3401 3637 3469 atque

186 3488 476 3561 pluribus
516 3485 811 3540 invenitur
831 3486 1296 3541 :Simutacrorum
1322 3489 1560 3555 formam
1589 3487 1865 3543 habentes.
1981 3483 2125 3538 idem
2156 3484 2414 3554 Spiritus,
2433 3490 2541 3538 etc.
2559 3486 2663 3540 His
2694 3486 2885 3543 verbis
2913 3486 3174 3542 ostendit
3196 3486 3479 3541 unitatem
3504 3487 3632 3542 Tri-

188 3578 375 3647 Cujus
414 3574 511 3630 rei
546 3573 796 3645 quisque
825 3573 1015 3628 cultor
1045 3578 1154 3643 est,
1185 3573 1342 3629 illius
1374 3575 1623 3629 formam
1657 3575 1869 3631 habere
1981 3571 2263 3639 nitatis,et
2295 3573 2617 3628 trinitatem
2644 3574 3195 3647 unitatis,quoniam
3228 3574 3443 3630 dicitur
3464 3575 3635 3631 Pater

189 3667 435 3721 dicitur.
479 3668 552 3717 Et
600 3663 740 3733 quia
786 3663 883 3717 isti
906 3663 1034 3732 jam
1088 3664 1350 3718 conversi
1399 3669 1582 3729 erant,
1618 3665 1865 3720 formam
1978 3660 2152 3730 Deus,
2187 3667 2242 3715 et
2276 3662 2455 3717 Filius
2494 3667 2662 3727 Deus,
2698 3668 2754 3718 et
2782 3665 3032 3736 Spiritus
3082 3668 3323 3720 sanctus
3354 3664 3529 3733 Deus,
3563 3680 3629 3719 ac

192 3751 506 3825 Evangelii
540 3752 751 3807 habere
782 3752 1091 3820 debebant,
1117 3750 1226 3807 hoc
1256 3756 1364 3818 est,
1392 3752 1582 3807 lucem
1615 3770 1863 3825 evange-
1977 3748 2226 3820 singulis
2259 3752 2508 3821 quisque
2526 3752 2773 3816 Deus,et
2803 3759 2999 3809 tamen
3022 3760 3140 3808 tres
3170 3769 3326 3808 unus
3351 3755 3623 3818 Deus-A0.

191 3841 307 3899 lica;
341 3840 642 3898 doctrinae
675 3840 732 3893 in
768 3856 879 3895 sua
909 3840 1347 3894 conversatione
1378 3843 1702 3896 ostendere.
1977 3853 2079 3906 per
2102 3837 2229 3902 hoc,
2254 3840 2411 3907 quod
2433 3844 2709 3909 operatur
2731 3841 2917 3904 Pater,
2939 3845 3213 3910 operatur
3232 3840 3412 3895 Filius
3427 3844 3483 3894 et
3503 3841 3629 3909 Spie

258 3931 561 4002 Sequitur
594 3946 606 3983 :
639 3928 760 3984 Ideo
792 3936 980 3982 notum
1012 3927 1162 3983 vobis
1189 3930 1355 3996 facio,
1392 3932 1501 3983 etc.
1539 3928 1603 3982 Et
1633 3934 1720 3983 est
1742 3947 1866 3985 sen-

191 4038 287 4077 sus
322 4039 334 4076 :
374 4018 498 4085 Qui
554 4018 832 4088 spiritum
864 4017 963 4070 Dei
1019 4016 1210 4082 habet,
1247 4016 1391 4071 nihil
1426 4034 1761 4088 perversum
1794 4019 1864 4073 de

192 4109 449 4166 Domino
483 4106 671 4163 sentit
698 4124 710 4172 ;
745 4111 803 4161 et
851 4105 950 4176 qui
982 4110 1134 4160 recte
1165 4104 1380 4176 aliquid
1436 4107 1507 4160 de
1536 4105 1634 4161 illo
1666 4107 1861 4177 sentit,

192 4216 298 4256 non
325 4198 451 4256 nisi
480 4214 593 4270 per
612 4195 861 4268 gratiam
885 4194 1137 4264 Spiritus
1159 4195 1345 4250 sancti
1371 4196 1863 4267 agnoscit.Sequi-

192 4294 281 4344 tur
314 4308 327 4344 :
366 4292 439 4345 Et
474 4301 650 4341 nemo
679 4289 853 4352 potest
883 4284 1086 4353 dicere,
1119 4284 1378 4338 Dominus
1419 4286 1592 4350 Iesus,
1620 4290 1727 4340 etc.
1762 4286 1864 4341 Hic
1974 4279 2342 4350 apertissime
2372 4282 2829 4349 demonstratur,
2865 4300 2998 4337 cum
3040 4283 3238 4339 omnia
3268 4282 3472 4339 dividit
3503 4300 3616 4339 non

190 4380 376 4435 oritur
405 4374 675 4449 quastio
696 4390 874 4445 quare
900 4373 1073 4438 dicat,
1101 4376 1271 4428 Nemo
1298 4382 1466 4443 potest
1493 4373 1692 4439 dicere,
1726 4391 1859 4430 cum
1972 4369 2045 4423 ad
2077 4369 2411 4441 imperium,
2442 4371 2541 4426 sed
2572 4370 2885 4427 voluntate.
2912 4371 3075 4427 Unde
3106 4373 3281 4427 etiam
3314 4373 3618 4427 attenden-

191 4467 486 4524 Dominus
523 4465 688 4519 dicat
722 4482 734 4520 :
767 4465 883 4519 Non
931 4464 1109 4518 omnis
1142 4463 1238 4532 qui
1265 4462 1395 4515 dicit
1445 4464 1608 4527 mihi,
1642 4464 1869 4519 Domine
1898 4474 1943 4537 Ι)
1975 4458 2115 4512 dum
2149 4462 2237 4512 est
2266 4475 2444 4529 quare
2497 4459 2596 4530 qui
2632 4460 2829 4515 minus
2877 4460 3103 4532 accipit,
3135 4461 3221 4516 vel
3256 4476 3317 4515 se
3348 4461 3619 4532 dejicere,

1976 4546 2061 4603 vel
2091 4546 2255 4602 alteri
2290 4548 2547 4603 invidere
2580 4566 2691 4603 non
2724 4550 2948 4619 debeat,
2972 4551 3139 4619 quasi
3170 4550 3450 4621 majorem
3485 4567 3616 4622 par-

1974 4639 2091 4691 tem
2127 4637 2633 4708 praeoccupaverit,
2669 4653 2801 4691 cum
2837 4636 2962 4707 ipse
2993 4646 3165 4709 prout
3195 4638 3319 4693 vult
3344 4639 3619 4695 omnibus

1974 4725 2211 4780 dividat.
2245 4726 2300 4779 Si
2334 4725 2487 4780 enim
2521 4725 2899 4781 invidendum
2932 4731 3104 4797 esset,
3129 4728 3322 4800 potius
3353 4728 3619 4784 inviden-

1972 4814 2113 4868 dum
2146 4814 2261 4869 Deo
2297 4830 2471 4884 quam
2506 4812 2752 4870 homini.

2045 4904 2189 4969 Quia
2222 4902 2393 4973 ccepit
2434 4901 2596 4973 loqui
2642 4902 2712 4959 de
2744 4904 3018 4960 varietate
3050 4906 3404 4978 spiritalium
3437 4906 3617 4959 dono-

1976 5009 2130 5056 rum,
2164 4996 2229 5046 ut
2254 5008 2321 5046 ea
2352 4991 2567 5047 arctius
2599 4994 3056 5060 commendaret,
3082 4995 3385 5064 subjunxit
3413 4990 3617 5047 simili-

1976 3924 2121 3979 ritus
2144 3931 2412 3993 sanctus;
2445 3942 2580 3997 ergo
2613 3932 2669 3981 et
2700 3926 2877 3982 totius
2908 3927 3211 3982 Trinitatis
3235 3944 3350 3981 una
3380 3931 3468 3980 est
3490 3943 3625 3997 ope-

1976 4012 2160 4079 ratio;
2198 4014 2349 4067 unde
2380 4030 2512 4067 cum
2566 4014 2835 4084 superius
2881 4015 3125 4069 dixisset
3157 4019 3337 4069 Deum
3368 4018 3623 4082 Patrem,

1975 4106 2030 4157 et
2060 4101 2244 4156 Deum
2279 4101 2516 4163 Filium,
2544 4118 2657 4157 non
2681 4107 2875 4157 tamen
2907 4102 3095 4175 piguit
3120 4102 3308 4158 dicere
3339 4101 3623 4174 Spiritum

1974 4195 2241 4246 sanctum
2275 4192 2471 4247 omnia
2495 4192 2770 4248 dividere.
2795 4197 2913 4249 Hac
2944 4193 3118 4249 etiam
3151 4194 3443 4250 sententia
3470 4194 3623 4250 Deus

190 4556 394 4627 (Matth.
433 4573 547 4623 v11,
583 4554 699 4624 21),
751 4558 859 4608 etc.
890 4552 1000 4607 Sed
1048 4551 1126 4605 ibi
1163 4552 1355 4607 dicere
1412 4568 1514 4623 pro
1563 4569 1704 4608 sono
1735 4558 1864 4609 tan-

188 4649 329 4712 tum,
366 4647 471 4701 hic
508 4658 626 4716 pro
659 4643 844 4697 facere
873 4639 1220 4712 intelligitur
1246 4640 1523 4711 positum.
1549 4642 1859 4712 Sequitur:

188 4736 509 4793 Divisiones
541 4734 862 4804 gratiarum
913 4733 1061 4799 sunt,
1093 4735 1204 4785 etc.
1240 4728 1340 4783 His
1390 4730 1579 4785 verbis
1609 4732 1865 4788 ostendit

184 4825 512 4896 Apostolus
547 4837 671 4876 non
695 4819 979 4891 Spiritum
1001 4822 1293 4883 sanctum,
1313 4818 1412 4872 sed
1437 4819 1589 4873 dona
1618 4821 1746 4890 ejus
1770 4822 1862 4875 div

184 4913 316 4984 vidi,
352 4913 525 4970 verbi
560 4907 778 4981 gratia,
813 4923 917 4962 ceu
943 4906 1051 4977 sol,
1075 4906 1174 4976 qui
1205 4907 1314 4961 etsi
1348 4923 1451 4976 per
1480 4908 1706 4963 diversa
1736 4909 1862 4965 loca

184 5004 371 5061 radios
408 5018 567 5059 suos
624 4996 921 5060 diffundit,
955 5011 1067 5049 non
1117 5000 1313 5050 tamen
1365 4995 1662 5051 dividitur.
1701 4999 1769 5052 Et
1799 5003 1863 5053 ut

184 5089 368 5163 ipsius
407 5093 586 5147 dona
624 5103 739 5141 non
791 5083 1150 5151 hominibus,
1182 5085 1282 5139 sed
1318 5084 1433 5139 Deo
1465 5085 1856 5152 ascribantur,

184 5174 377 5243 gratiae
412 5170 741 5227 vocantur.
778 5165 937 5221 Facit
967 5163 1059 5219 hic
1089 5163 1254 5219 locus
1285 5165 1564 5220 adversus
1595 5167 1856 5221 Macedo-

186 5260 370 5329 nium,
403 5260 518 5332 qui
553 5254 798 5327 negavit
845 5253 1128 5325 Spiritum
1177 5258 1447 5308 sanctum
1477 5271 1605 5310 esse
1648 5254 1855 5313 Deum.

251 5422 405 5491 (631)
438 5412 1031 5491 Notaecclesiastici
1080 5412 1302 5469 ordinis
1356 5414 1729 5471 traditionem
1782 5418 1853 5473 ab

190 5486 475 5563 apostolis
508 5486 791 5545 derivari.

254 5566 410 5636 (332)
446 5568 518 5621 In
554 5564 761 5631 autog.
795 5573 978 5630 marg.
1012 5556 1104 5613 hic
1134 5556 1347 5630 legitur
1377 5574 1503 5630 cap.
1538 5558 1645 5616 LX.

1972 5081 2233 5136 tudinem
2266 5081 2527 5152 corporis
2559 5086 2613 5135 et
2646 5081 3066 5139 membrorum.
3102 5083 3195 5137 Ait
3223 5082 3377 5137 enim
3412 5096 3425 5133 :
3458 5078 3615 5133 Sicut

1969 5172 2119 5225 enim
2146 5187 2337 5242 corpus
2367 5187 2542 5225 unum
2571 5175 2665 5241 est,
2696 5174 2745 5226 et
2792 5174 3037 5227 membra
3087 5173 3245 5225 habet
3273 5168 3467 5234 multa,
3502 5171 3610 5222 etc.

1968 5263 2035 5315 Et
2065 5248 2155 5315 est
2183 5276 2392 5316 sensus
2425 5276 2438 5315 :
2471 5259 2528 5314 Si
2558 5264 2785 5316 tantum
2842 5256 3025 5315 unum
3069 5260 3222 5313 esset
3254 5255 3608 5325 membrum,

2037 5419 2185 5493 (633)
2214 5419 2278 5475 In
2309 5424 2503 5493 autog.
2540 5437 2722 5490 marg.
2756 5417 2850 5474 hic
2901 5416 3113 5488 legitur
3141 5413 3431 5471 Dominica
3455 5418 3613 5472 vacat

1958 5495 2081 5562 post
2106 5492 2243 5549 Pen.
