4060 6164
366 353 482 415 383

1381 355 1718 418 ATTONIS
1764 356 2348 420 VERCELLENSIS
2395 359 2753 422 EPISCOPI

3661 357 3784 418 384

361 493 485 566 jam
519 508 632 548 non
674 495 826 548 esset
875 509 1108 566 corpus,
1143 493 1250 550 hoc
1298 497 1404 560 est,
1440 511 1573 566 pars
1605 512 1718 550 non
1769 501 1922 551 esset
1955 495 2010 550 in
2041 491 2096 558 Α
2127 493 2248 548 haec
2299 493 2558 549 abundat
2609 495 2924 564 frumento,
2957 497 3059 547 aut
3109 491 3265 558 vino,
3295 489 3398 546 illa
3445 505 3577 546 vero
3629 489 3783 556 oleo,

369 587 526 639 toto:
565 587 622 637 at
651 599 784 638 vero
816 583 956 655 quia
988 585 1174 640 multa
1195 589 1334 639 sunt
1365 587 1647 652 membra,
1679 589 1735 641 et
1765 586 2013 655 diversa,

373 686 438 725 ex
473 670 619 742 ipsis
640 671 888 727 diversis
913 674 1358 746 compaginatur
1379 691 1560 728 unum
1589 692 1835 744 corpus;
1861 677 2016 729 unde

372 763 428 814 et
459 760 674 814 dicitur
703 777 933 832 corpus,
957 763 1042 816 vel
1073 767 1224 816 certe
1245 765 1398 832 quod
1433 769 1770 834 corruptum
1799 769 2011 834 pereat.

373 849 698 919 Sequitur:
733 855 818 904 Ita
866 855 916 905 et
949 851 1212 906 Christus.
1248 853 1420 915 Quasi
1470 853 1714 916 dixisset
1769 879 1782 910 :
1837 853 2019 908 Multa

374 943 512 994 sunt
533 939 794 994 membra
816 939 1189 1006 Christi,cum
1217 941 1710 1012 quibusChristus
1726 960 1907 996 unum
1933 947 2020 998 est

373 1044 604 1099 corpus.
630 1027 1008 1100 Quapropter,
1031 1031 1367 1100 exponendo
1395 1031 1544 1099 quod
1569 1030 1668 1094 ait,
1694 1033 1770 1086 ita
1787 1037 1838 1086 et
1861 1032 2016 1086 Chri-

373 1122 504 1182 stus,
537 1117 878 1190 subjungit:
907 1119 1134 1173 Etenim
1163 1121 1220 1173 in
1251 1137 1360 1173 uno
1391 1123 1596 1192 spiritu
1625 1137 1804 1176 omnes
1833 1139 1926 1176 nos
1960 1124 2020 1176 in

373 1222 542 1260 unum
574 1223 767 1276 corpus
799 1209 1072 1278 baptizati
1099 1225 1304 1262 sumus.
1339 1209 1406 1262 Et
1446 1213 1534 1264 est
1567 1227 1776 1264 sensus
1811 1227 1822 1263 :
1859 1211 2022 1265 Sicut

373 1311 488 1348 uno
510 1294 720 1352 eniritu
743 1296 938 1350 omnia
966 1295 1601 1367 viviﬁcantureorporis
1635 1300 1916 1364 membra,
1936 1300 2019 1354 sic

374 1387 646 1438 etomnes
665 1385 760 1454 qui
779 1401 879 1454 per
893 1385 1138 1455 gratiam
1169 1385 1534 1456 baptismatis
1559 1387 1814 1442 renatiin
1837 1405 2020 1442 unum

377 1472 730 1527 conveniunt
768 1489 998 1544 corpus,
1033 1491 1148 1529 uno
1181 1475 1388 1546 spiritu
1441 1475 1824 1531 vivificautur.
1861 1477 2022 1532 Unde

377 1565 466 1616 est
496 1561 634 1632 quia
665 1561 714 1614 si
746 1561 978 1632 aliquod
1014 1563 1342 1618 membrum
1376 1565 1632 1636 corporis
1663 1566 2022 1632 abscidatur,

380 1665 494 1703 non
519 1649 644 1718 jam
665 1650 735 1703 ab
759 1649 885 1720 ipso
907 1649 1114 1722 spiritu
1131 1653 1492 1720 viviﬁcatur;
1531 1654 1612 1710 sic
1635 1659 1690 1709 et
1711 1655 1808 1724 qui
1839 1671 1872 1708 a
1892 1671 2022 1709 cor-

381 1753 517 1807 pore
547 1737 816 1793 Ecclesim
848 1740 1190 1810 absciditur,
1225 1759 1338 1796 non
1363 1743 1488 1813 jam
1523 1743 1812 1798 vivificare
1845 1759 2024 1798 mere-

2126 583 2208 638 sic
2241 587 2295 638 et
2327 584 2395 637 de
2426 584 2668 638 caeteris.
2725 583 3022 638 Invenitur
3066 581 3451 636 nihilominus
3481 580 3536 634 in
3575 579 3783 634 mundi

2127 672 2451 727 elementis.
2489 673 2650 728 Unde
2685 673 2944 727 mundus
2967 689 3141 738 unus,
3169 671 3280 726 nisi
3303 687 3371 724 ex
3401 669 3652 724 diversis
3673 669 3788 724 ele-

2130 762 2390 816 mentis?
2421 762 2566 816 Nam
2599 763 2648 817 si
2701 777 2931 832 semper
2978 761 3136 816 calor
3165 765 3338 826 esset,
3375 765 3438 813 ut
3469 760 3526 812 in
3557 765 3782 824 aestate,

2129 855 2229 904 aut
2259 867 2485 922 semper
2517 850 2724 922 frigus,
2761 855 2824 903 ut
2855 856 2910 904 in
2963 848 3173 914 hieme,
3207 857 3361 904 terra
3393 847 3618 902 fructus
3651 863 3784 918 pro-

2128 940 2339 996 ducere
2371 957 2485 994 non
2527 945 2745 1010 posset.
2793 940 3156 1010 Quapropter
3181 937 3307 1009 ipsa
3337 936 3646 992 diversitas
3679 934 3790 990 ele-

2129 1035 2460 1084 mentorum
2483 1029 2803 1100 quamdam
2829 1027 2966 1082 facit
2989 1025 3352 1097 temperiem.
3379 1026 3472 1080 Sic
3494 1030 3550 1080 et
3573 1025 3630 1078 in
3657 1041 3785 1079 me-

2129 1117 2303 1178 tallis.
2336 1119 2476 1171 dum
2511 1116 2832 1186 aurum,vel
2865 1120 3175 1186 argentum
3203 1115 3518 1186 pretiosius
3549 1119 3640 1168 est
3671 1113 3788 1168 fer-

2131 1224 2214 1276 ro,
2249 1207 2464 1260 ferrum
2499 1223 2630 1261 vero
2667 1206 2874 1260 utilius
2907 1211 2994 1260 est
3023 1205 3330 1259 ambobus.

2203 1314 2496 1384 Sequitur.
2533 1313 2590 1366 Si
2619 1314 2827 1367 dixerit
2873 1313 3026 1366 auris
3055 1329 3073 1366 :
3105 1311 3220 1366 Non
3269 1327 3394 1364 sum
3431 1311 3638 1376 oculus,
3673 1315 3791 1364 etc.

2131 1403 2237 1457 Per
2269 1401 2520 1464 oculum,
2559 1406 2614 1456 et
2660 1419 2900 1456 manum
2953 1399 3237 1454 sublimes
3289 1401 3344 1454 in
3397 1399 3656 1454 Ecclesia
3689 1399 3796 1453 de-

2135 1490 2442 1562 signantur
2471 1509 2482 1556 ;
2519 1507 2618 1562 per
2641 1507 2863 1554 aurem,
2882 1489 3202 1544 mediocres
3231 1507 3242 1556 ;
3277 1505 3380 1560 per
3402 1489 3606 1559 pedem
3629 1503 3791 1552 vero,

2136 1580 2386 1634 minimi.
2435 1579 2502 1634 Hi
2554 1595 2807 1650 quoque,
2853 1578 2991 1649 quia
3040 1594 3276 1647 parvam
3327 1577 3578 1647 gratiam
3631 1592 3794 1631 acce-

2133 1675 2365 1739 perunt,
2399 1686 2514 1724 non
2565 1684 2627 1723 se
2667 1669 2879 1723 debent
2925 1668 3197 1738 dejicere,
3246 1682 3434 1736 neque
3463 1665 3790 1736 despicere,

2135 1773 2320 1828 neque
2353 1758 2584 1812 credere
2639 1773 2752 1811 non
2785 1755 3030 1810 attinere
3059 1755 3130 1810 ad
3161 1771 3373 1824 corpus
3407 1771 3420 1808 :
3453 1769 3614 1822 nam,
3649 1754 3792 1823 quia

381 1829 496 1928 t‘ur.
527 1825 740 1882 Volens
785 1829 1000 1900 quippe
1047 1831 1352 1887 ostendere
1401 1833 1553 1886 unde
1586 1833 2026 1904 compaginetur

2142 1825 2401 1900 membra
2431 1850 2588 1912 sunt,
2626 1846 2696 1900 ad
2731 1861 2943 1915 corpus
2962 1845 3162 1916 utique
3185 1843 3454 1898 attinent.
3480 1842 3788 1912 Sequitur:

383 1914 650 1970 Ecclesiae
683 1932 912 1988 corpus,
945 1919 1283 1988 subjunxit:
1321 1921 1444 1975 Sive
1471 1921 1672 1988 Judaei,
1705 1924 1818 1976 sive
1845 1923 2022 1992 genti-

382 2003 476 2074 les,
511 2008 620 2059 etc.
659 2005 848 2061 Pauca
877 2011 1068 2062 tamen
1103 2007 1247 2062 dixit
1275 2010 1376 2064 sed
1423 2027 1526 2074 per
1557 2009 1676 2064 haec
1709 2027 1894 2082 pauca
1922 2026 2026 2064 vo-

381 2091 489 2146 luit
517 2093 762 2166 intelligi
809 2095 1006 2151 omnia
1036 2114 1158 2166 quee
1190 2099 1260 2152 ad
1295 2099 1764 2168 conjunctionem
1798 2105 1852 2154 et
1883 2116 2024 2154 con-

381 2181 686 2238 nexionem
721 2183 901 2252 hujus
926 2187 1183 2256 corporis
1214 2186 1736 2259 attinent,excepto
1771 2193 2024 2259 peccato.

458 2288 732 2358 Sequitur
763 2306 775 2343 :
809 2291 871 2343 Et
899 2305 1080 2346 omnes
1111 2308 1217 2345 uno
1248 2294 1452 2362 spiritu
1477 2296 1652 2364 potati
1678 2311 1887 2364 sumus,
1919 2295 2028 2350 hoc

389 2379 479 2430 est
509 2376 812 2448 potionati.
843 2379 989 2432 Sane
1020 2379 1348 2450 sciendum,
1374 2381 1512 2451 quia
1543 2381 1690 2436 solet
1719 2377 1932 2452 aliquis
1963 2399 2032 2436 ex

387 2480 506 2520 una
535 2465 764 2533 potione
799 2466 998 2522 multis
1029 2467 1158 2522 aliis
1191 2469 1486 2540 propinari
1521 2487 1535 2524 :
1565 2471 1722 2525 verbi
1752 2471 1958 2542 gratia,
1979 2471 2031 2526 si

385 2551 598 2610 habeat
627 2554 814 2610 multa
859 2555 1114 2624 vascula,
1147 2561 1202 2612 et
1251 2557 1520 2629 imparia,
1553 2575 1684 2614 cum
1735 2560 2028 2631 potionem

386 2642 680 2708 diffundit,
712 2644 1084 2700 vasculorum
1118 2645 1447 2702 considerat
1493 2647 1906 2718 capacitatem;
1946 2649 2030 2703 sic

387 2735 445 2786 et
475 2735 626 2786 Deus
670 2731 921 2803 singulis
957 2734 1128 2802 juxta
1156 2735 1534 2806 capacitatem
1569 2753 1736 2790 suam
1781 2737 2028 2808 gratiam

388 2819 816 2876 subministrat.
849 2821 1150 2893 Sequitur:
1169 2823 1306 2878 Nam
1334 2827 1386 2878 et
1405 2841 1594 2895 corpus
1623 2841 1732 2880 non
1753 2835 1830 2881 est
1858 2841 2032 2880 unum

387 2909 718 2974 membrum,
748 2909 842 2966 sed
868 2911 1148 2966 multa.Et
1177 2916 1265 2967 est
1293 2913 1608 2968 sensus:Si
1643 2930 1828 2968 unum
1851 2929 2030 2968 mem-

382 2997 554 3052 brum
603 3003 779 3068 esset,
819 2999 946 3070 jam
1012 3017 1126 3054 non
1184 3006 1339 3056 esset
1385 3019 1618 3074 corpus,
1669 3003 1774 3057 hoc
1820 3006 1929 3070 est,
1980 3002 2030 3057 si

383 3085 791 3158 unusquisque
820 3087 1018 3142 omnia
1067 3089 1242 3160 dona,
1271 3107 1591 3162 omnesque
1639 3091 1857 3162 gratias
1889 3090 2033 3146 acci-

385 3179 566 3245 peret,
601 3193 716 3230 non
748 3193 930 3232 unum
962 3183 1116 3234 esset
1145 3195 1377 3250 corpus,
1411 3181 1512 3234 sed
1546 3180 1752 3235 multa.

456 3281 733 3353 Sequitur
765 3300 776 3338 :
807 3283 866 3338 Si
907 3284 1114 3340 dixerit
1159 3303 1272 3356 pes,
1306 3290 1414 3342 etc.
1448 3285 1598 3342 Dicit
1645 3287 1850 3342 beatus
1881 3303 2031 3358 papa

386 3371 701 3442 Gregorius
732 3373 871 3442 quia
901 3390 1001 3444 per
1047 3375 1384 3429 varietatem
1435 3375 1714 3446 corporis,
1749 3393 1813 3430 ac
1845 3392 2030 3430 mem-

387 3458 650 3525 brorum,
680 3459 932 3516 varietas
961 3463 1303 3532 designatur
1332 3463 1686 3534 spiritalium
1719 3465 2030 3518 donorum.

387 3545 572 3600 Habet
617 3563 872 3618 namque
903 3549 1156 3604 Ecclesia
1186 3550 1519 3618 nonnullos,
1554 3551 1654 3621 qui
1687 3556 1824 3606 sunt
1857 3552 2030 3618 oculi,

391 3635 586 3690 futura
633 3637 1050 3706 praevidendo:
1103 3643 1243 3692 sunt
1287 3643 1345 3694 et
1391 3656 1582 3708 aures,
1617 3639 2034 3710 magistrorum

392 3729 676 3795 praecepta
725 3724 1028 3780 humiliter
1073 3727 1467 3798 suscipiendo,
1500 3732 1558 3782 et
1595 3743 1785 3792 nares,
1819 3729 1972 3782 bona
2003 3744 2036 3781 a

389 3810 562 3866 malis
613 3812 1016 3880 diseernendo,
1051 3819 1110 3870 et
1158 3832 1223 3870 os
1271 3816 1510 3887 quidem
1559 3816 1928 3871 admonendo
1978 3819 2036 3870 et

389 3899 765 3968 exhortando,
781 3907 838 3958 et
863 3903 1231 3972 manus,aliis
1253 3904 1642 3960 ministrando
1667 3923 1680 3972 ;
1707 3905 1882 3976 pedes
1903 3922 2034 3960 vero

389 3995 548 4056 sunt,
585 4007 686 4061 pro
719 3990 908 4048 salute
937 3991 1186 4048 aliorum
1235 3993 1639 4050 discurrendo.
1677 3993 1776 4049 Ille
1827 4010 2036 4065 nempe

389 4095 680 4150 supernus
711 4081 1011 4137 ordinator
1046 4082 1130 4138 sic
1161 4083 1500 4154 qualitatem
1535 4083 1822 4138 ordinavit
1852 4099 2034 4138 mem-

387 4167 651 4234 brorum,
683 4173 750 4224 ut
777 4169 1023 4225 invicem
1071 4171 1180 4226 sibi
1214 4172 1412 4226 omnia
1441 4173 1853 4226 subderentur.
1889 4173 2034 4226 Nam

389 4255 542 4310 oculi
591 4272 704 4310 non
737 4256 848 4310 sibi
897 4258 1088 4314 solum
1137 4259 1350 4325 vident,
1385 4261 1486 4314 sed
1537 4261 1812 4314 omnibus
1861 4277 2039 4314 mem-

389 4342 533 4396 bris.
567 4341 658 4397 Sic
709 4347 766 4398 et
795 4349 1018 4400 catera.
1053 4347 1336 4402 Similiter
1365 4353 1422 4402 et
1464 4346 1804 4418 qualitatem
1838 4347 2035 4419 dispo-

390 4431 510 4484 suit
549 4431 900 4498 animarum,
939 4439 1004 4488 ut
1053 4449 1155 4504 per
1203 4433 1594 4490 humilitatem
1647 4436 1892 4492 invicem
1925 4437 2036 4490 sibi

387 4520 585 4574 omnia
615 4521 880 4578 membra
910 4522 1176 4578 Ecclesia
1197 4524 1588 4579 subderentur
1607 4540 1618 4579 :
1637 4525 1792 4579 verbi
1825 4525 2034 4596 gratia,

387 4606 484 4664 ille
531 4609 888 4682 quicunque,
937 4613 1080 4668 dum
1135 4613 1321 4668 cernit
1379 4618 1432 4668 te
1491 4613 1704 4667 habere
1759 4595 2030 4684 gratiam,
2065 4595 2112 4658 Ι)

387 4711 562 4766 quam
593 4697 719 4768 ipse
769 4717 883 4754 non
931 4701 1122 4766 habet,
1174 4703 1448 4758 subditur
1497 4701 1628 4770 tibi,
1679 4701 1949 4756 similiter
1979 4707 2036 4757 et

387 4787 450 4838 tu
483 4782 586 4840 illi.
622 4786 784 4842 Unde
817 4789 1022 4844 Petrus
1050 4791 1386 4860 Apostolus,
1408 4789 2032 4862 unusquisque,inquit,

385 4873 528 4928 sicut
556 4877 760 4944 accepit
807 4879 1064 4944 gratiam
1112 4881 1155 4947 (l
1205 4881 1349 4936 Petr.
1405 4899 1479 4946 1v,
1529 4881 1638 4951 10),
1689 4885 1800 4934 etc.
1837 4878 2036 4936 Multis

387 4961 590 5018 formis
621 4963 829 5033 gratia,
863 4982 990 5035 quae
1021 4971 1158 5021 tunc
1207 4974 1358 5024 recte
1389 4969 1620 5036 dicitur,
1655 4969 2034 5024 administra-

383 5056 502 5118 tur,
536 5051 584 5106 si
616 5051 826 5124 gratia,
859 5069 1036 5124 quam
1071 5054 1274 5126 habes,
1309 5074 1409 5128 per
1439 5058 1834 5114 humilitatem
1870 5057 2036 5112 alteri

385 5139 684 5198 tribuitur.
734 5141 874 5197 llinc
925 5143 1080 5197 idem
1133 5143 1348 5199 Paulus
1378 5145 1458 5199 ait
1510 5163 1521 5200 :
1573 5152 1680 5202 Per
1707 5147 2037 5201 charitate-m

387 5228 626 5300 Spiritus
653 5231 856 5287 servile
903 5233 1138 5287 invicem
1173 5233 1312 5302 (Gal.
1343 5251 1396 5303 γ,
1435 5235 1540 5304 13).
1575 5236 1736 5290 Tunc
1767 5252 1872 5290 nos
1903 5253 2034 5306 per-

387 5317 534 5372 fecte
565 5319 821 5376 charitas
853 5338 888 5376 a
909 5321 1054 5393 jugo
1089 5321 1308 5392 peccati
1359 5321 1588 5386 liberat,
1621 5341 1752 5378 cum
1785 5324 2034 5380 aliorum

387 5408 630 5477 gratias,
655 5411 822 5480 quasi
853 5414 1118 5482 proprias
1149 5411 1522 5480 deputamus,
1548 5419 1606 5466 et
1629 5419 1859 5468 nostras
1883 5413 2035 5480 aliis,

387 5495 556 5566 quasi
589 5496 820 5553 illorum
865 5499 1128 5570 prOprias
1161 5499 1666 5557 administramus.
1701 5507 1828 5558 Haec
1859 5503 2034 5559 etiam

387 5585 662 5656 qualitas,
695 5593 932 5659 prOpter
963 5589 1245 5644 unitatem
1278 5605 1344 5644 ac
1374 5592 1765 5660 concordiam,
1802 5597 1873 5649 ab
1905 5595 2031 5665 ipso

387 5672 718 5730 ordinatore
749 5675 806 5730 in
841 5677 1176 5748 regionibus
1213 5679 1498 5752 disposita
1545 5680 1858 5752 invenitur,
1889 5683 2030 5740 dum

2133 1933 2194 1988 Si
2244 1938 2418 1988 totum
2460 1951 2654 2005 corpus
2697 1935 2906 1998 oculus,
2965 1937 3076 1988 etc.
3137 1933 3201 1986 Et.
3249 1935 3338 1988 est
3385 1947 3598 1986 sensus
3655 1948 3668 1984 :
3725 1929 3790 1984 Si

2137 2039 2292 2077 unus
2323 2039 2527 2077 omnes
2559 2023 2778 2094 gratias
2830 2022 3170 2090 accepisset,
3205 2020 3500 2090 quomodo
3533 2017 3793 2073 Ecclesia

2138 2129 2348 2183 corpus
2381 2111 2598 2166 Christi
2629 2111 2833 2166 fieret?
2863 2110 3140 2181 Sequitur
3167 2127 3179 2164 :
3205 2110 3362 2164 Nunc
3394 2113 3582 2164 autem
3611 2109 3794 2178 posuit

2143 2206 2284 2256 Deus
2314 2201 2579 2268 membra,
2613 2205 2723 2254 etc.
2757 2199 2895 2264 Quis
2936 2201 3062 2270 jam
3093 2215 3206 2253 non
3239 2197 3434 2252 videat
3459 2213 3572 2268 quo
3601 2199 3792 2266 Apos-

2137 2289 2238 2344 toli
2273 2290 2516 2344 intentio
2566 2289 2818 2343 tendat?
2849 2287 3129 2342 Videlicet
3159 2304 3192 2341 a
3241 2285 3638 2341 similitudine
3669 2301 3794 2339 cor-

2141 2378 2297 2450 poris
2332 2376 2600 2442 humani,
2629 2376 2840 2432 transit
2867 2377 2938 2431 ad
2963 2375 3456 2430 manil‘estandam
3489 2374 3793 2428 veritatem

2141 2467 2400 2538 corporis
2449 2465 2754 2536 spiritalis,
2789 2466 2848 2520 id
2897 2469 3008 2534 est,
3041 2464 3330 2520 Ecclesiae.
3370 2463 3800 2533 Unumquodque

2141 2571 2350 2622 eorum,
2386 2555 2548 2622 dicit,
2583 2557 2726 2610 sicut
2759 2554 2926 2610 voluit
2945 2571 2966 2615 ,'
2999 2553 3139 2624 quia
3168 2551 3487 2624 unicuique
3519 2551 3796 2622 gratiam,

2142 2661 2316 2716 quam
2347 2643 2550 2714 voluit,
2586 2643 2854 2698 contulit.

2213 2751 2490 2821 Sequitur
2521 2768 2533 2805 :
2573 2751 2721 2817 Quod
2749 2751 2800 2806 si
2828 2755 3006 2806 essent
3037 2751 3220 2804 omnia
3261 2765 3436 2802 unum
3463 2747 3796 2814 membrum,

2141 2842 2236 2895 ubi
2263 2843 2504 2910 corpus?
2553 2839 2668 2893 Hoc
2717 2843 2852 2894 est:
2889 2839 2946 2893 Si
3007 2855 3211 2893 omnes
3261 2839 3459 2892 omnia
3505 2838 3660 2890 dona
3691 2836 3800 2891 ha-

2141 2929 2362 2991 berent,
2395 2929 2548 2982 unde
2587 2943 2656 2982 ex
2709 2927 2952 2982 diversis
3003 2925 3284 2982 membris
3333 2941 3516 2980 unum
3575 2941 3796 2995 corpus

2143 3017 2306 3072 ﬁeret
2353 3015 2662 3072 Ecclesiae?
2715 3017 2782 3070 Et
2837 3016 2965 3072 ideo
3015 3016 3337 3088 sequitur:
3397 3015 3553 3069 Nunc
3605 3019 3796 3068 autem

2139 3107 2320 3160 multa
2365 3105 2580 3176 quidem
2627 3105 2898 3175 membra,
2947 3108 3054 3161 etc.
3101 3104 3412 3176 sequitur:
3457 3105 3574 3158 Non
3623 3109 3800 3174 potest

2141 3195 2324 3250 dicere
2369 3195 2558 3250 oculus
2603 3196 2803 3248 manui
2831 3211 2849 3248 :
2883 3199 3066 3265 Opera
3097 3197 3194 3248 tua
3245 3209 3354 3248 non
3405 3193 3630 3260 indigeo
3663 3211 3686 3245 .·
3715 3191 3797 3245 vi-

2142 3283 2370 3348 delicet,
2415 3283 2555 3353 quia
2587 3299 2800 3338 manus
2831 3299 2942 3338 non
2975 3282 3088 3338 sibi
3115 3281 3332 3350 solum,
3365 3283 3462 3337 sed
3515 3281 3800 3336 omnibus

2143 3371 2423 3428 membris
2449 3371 2736 3426 laborant.
2762 3373 2858 3427 Sic
2887 3375 2945 3426 et
2974 3372 3151 3442 pedes
3169 3387 3284 3426 non
3318 3370 3426 3426 sibi
3451 3369 3794 3424 ambulant:

2141 3461 2297 3515 unde
2343 3465 2400 3514 et
2449 3477 2582 3514 mox
2633 3460 2946 3532 sequitur:
2981 3460 3086 3514 Aut
3133 3467 3300 3528 caput
3347 3457 3624 3530 pedibus:
3675 3461 3798 3514 Non

2141 3551 2268 3604 estis
2297 3549 2608 3604 necessarii.
2643 3550 2750 3603 Per
2789 3549 3024 3604 oculum
3055 3549 3340 3614 videlicet,
3375 3551 3432 3602 et
3465 3551 3666 3617 caput,
3703 3563 3800 3600 su-

2143 3636 2352 3692 blimes
2403 3638 2460 3691 in
2505 3637 2757 3692 Ecclesia
2787 3639 3207 3710 designantur;
3243 3653 3344 3708 per
3374 3651 3638 3704 manum,
3675 3651 3800 3690 me-

2143 3727 2405 3794 diocres;
2443 3731 2498 3781 et
2549 3742 2652 3797 per
2681 3727 2878 3797 pedes,
2927 3727 3178 3780 minimi.
3209 3726 3320 3780 Sed
3369 3725 3468 3796 qui
3501 3723 3796 3779 sublimes

2143 3819 2301 3884 sunt,
2337 3832 2450 3870 non
2479 3819 2726 3887 possunt
2757 3816 2950 3871 dicere
2981 3815 3393 3878 mediocribus,
3419 3819 3521 3868 aut
3551 3814 3751 3884 parvis
3781 3829 3794 3866 :

2145 3904 2268 3958 Non
2301 3904 2442 3959 estis
2489 3903 2660 3959 nobis
2707 3903 3055 3970 necessarii;
3091 3903 3250 3974 quia,
3283 3902 3394 3957 nisi
3443 3901 3644 3957 adsint
3677 3901 3800 3966 isti,

2146 3991 2246 4063 qui
2265 3993 2542 4056 serviant,
2558 3995 2759 4048 eorum
2783 3991 3294 4064 deciditdignitas:
3313 3991 3562 4045 istorum
3581 4005 3800 4061 nempe

2145 4080 2417 4135 exercitio
2447 4080 2530 4134 illi
2595 4080 2996 4150 sublevantur,
3030 4085 3087 4135 et
3117 4079 3394 4150 obsequio
3425 4096 3438 4134 :
3473 4077 3632 4134 verbi
3667 4094 3802 4150 gra-

2145 4169 2249 4234 tia,
2303 4169 2479 4223 habet
2527 4185 2626 4222 rex
2684 4185 2918 4239 corpus,
2983 4170 3162 4224 duces
3216 4167 3501 4234 videlicet,
3551 4167 3802 4222 comites

2147 4261 2322 4322 atque
2351 4258 2620 4313 tribunos
2647 4275 2659 4312 :
2693 4259 2848 4312 inter
2877 4257 2998 4312 hmo
3023 4257 3290 4312 membra
3312 4255 3489 4311 habet
3509 4259 3567 4311 et
3597 4255 3802 4326 pedes,

2147 4347 2364 4402 milites
2391 4365 2404 4414 ;
2439 4347 2538 4402 sed
2573 4363 2686 4402 non
2719 4351 2912 4418 potest
2943 4346 3169 4401 dicere:
3197 4345 3320 4402 Non
3353 4344 3495 4400 esti
3519 4343 3666 4398 mihi
3697 4359 3802 4398 ne-

2148 4436 2406 4505 cessarii,
2459 4453 2590 4490 cum
2641 4436 2830 4507 magis
2875 4435 2966 4490 his
3015 4434 3293 4505 indigeat,
3323 4433 3482 4488 velut
3527 4433 3802 4504 pedibus,

2149 4525 2248 4596 qui
2307 4541 2420 4595 prae
2471 4525 2600 4578 aliis
2653 4526 2934 4580 membris
2985 4524 3412 4579 necessariores
3461 4527 3620 4588 sunt,
3655 4539 3802 4594 quo-

2145 4613 2328 4678 niam,
2362 4613 2410 4667 si
2447 4629 2548 4667 nec
2597 4613 2818 4683 oculos,
2853 4629 2958 4668 nec
3005 4629 3197 4682 aures,
3231 4617 3332 4667 aut
3363 4627 3532 4667 nares
3565 4612 3798 4682 habeat,

2145 4701 2392 4773 pedibus
2441 4701 2742 4756 ambulare
2791 4706 3000 4772 potest,
3051 4707 3107 4756 et
3155 4701 3352 4756 cibum
3403 4715 3688 4772 quaerere.
3735 4701 3802 4755 Et

2143 4789 2272 4844 ideo
2303 4787 2634 4860 subjunxit:
2657 4789 2762 4844 Sed
2789 4792 2960 4844 multo
2991 4792 3166 4860 magis
3197 4805 3322 4860 quae
3347 4790 3606 4844 uidentur
3623 4805 3798 4844 mem-

2147 4881 2244 4934 bra
2271 4879 2517 4948 corporis
2547 4881 2720 4932 nostri
2751 4877 3066 4949 inﬁrmiora
3095 4894 3228 4948 esse,
3251 4880 3620 4934 necessariam
3647 4885 3802 4942 sunt,

2145 4976 2198 5022 et
2246 4981 2372 5038 quae
2418 4971 2676 5038 putamus
2731 4967 3074 5040 ignobiliora
3123 4981 3257 5034 esse,
3307 4971 3416 5022 etc.
3471 4965 3804 5022 Inﬁrmiora

2146 5060 2203 5112 et
2233 5055 2582 5128 ignobiliora
2635 5057 2899 5112 membra
2929 5057 3106 5127 pedes
3153 5053 3425 5127 appellat,
3459 5071 3631 5125 quos,
3667 5069 3804 5108 cum

2145 5145 2456 5200 videantur
2483 5161 2610 5201 esse
2641 5146 2712 5200 ad
2758 5145 3256 5216 comparationem
3290 5143 3542 5199 aliorum
3577 5141 3804 5197 inﬁrmi

2145 5239 2204 5288 et
2231 5233 2539 5304 ignobiles,
2556 5234 2957 5290 abumlantiore
2973 5233 3178 5289 honore
3207 5232 3632 5301 circumdamus,
3657 5247 3804 5302 quo-

2149 5322 2305 5377 niam
2339 5327 2396 5378 et
2427 5323 2636 5394 pannis
2665 5328 2724 5378 et
2767 5321 3177 5378 calceamentis
3209 5322 3483 5392 tegimus.
3519 5319 3806 5376 Similiter

2145 5417 2202 5466 et
2233 5411 2332 5482 qui
2387 5427 2488 5482 per
2537 5413 2712 5484 pedes
2762 5411 3088 5483 signantur,
3123 5427 3460 5482 quanquam
3511 5409 3802 5482 ignobiles

2149 5499 2471 5566 videantur,
2498 5501 2894 5556 exhortatione
2923 5505 3119 5556 tamen
3153 5505 3209 5556 et
3233 5499 3636 5556 admonitione
3669 5515 3800 5570 pro-

2143 5589 2388 5644 vocandi
2420 5595 2578 5659 sunt,
2613 5607 2684 5647 ne
2727 5591 2872 5646 forte
2919 5605 2983 5645 se
3014 5591 3309 5662 dejiciant,
3343 5589 3648 5646 credentes
3681 5605 3796 5644 non

2145 5679 2396 5738 attinere
2428 5681 2499 5739 ad
2547 5698 2760 5754 corpus
2793 5699 2806 5740 :
2841 5679 3055 5753 quibus
3087 5697 3202 5738 non
3234 5679 3406 5738 debet
3455 5695 3586 5738 esse
3617 5695 3796 5748 curae,
