4080 6174
377 320 494 382 387
1393 312 1733 374 ATTONIS
1779 311 2366 374 VERCELLENSIS
2412 313 2762 375 EPISCOPI
3664 321 3785 380 388

373 454 690 521 invenitur,
724 454 781 505 et
807 448 955 505 forte
985 447 1136 515 ideo,
1161 447 1300 520 quia
1324 444 1484 502 nulla
1514 446 1624 501 erit
1651 443 1983 518 ignorantia
2008 467 2024 511 ;
2056 444 2108 511 Α
2138 446 2339 511 credit,
2365 445 2421 501 id
2455 451 2563 515 est,
2596 444 2915 516 implenda,
2948 446 3005 502 in
3034 445 3245 503 divinis
3272 447 3437 504 libris
3466 464 3595 521 qua:
3647 466 3787 522 pro-

371 559 508 600 nam
538 538 798 596 ofﬁcium
830 536 1043 610 linguas
1074 537 1204 593 ideo
1246 544 1594 590 conces'sum
1626 540 1736 601 est,
1779 539 1845 588 ut
1891 550 2033 588 suos
2147 533 2475 589 mittuntur.
2510 536 2706 591 Omnia
2735 539 2917 607 sperat
2950 553 3085 592 vera
3138 553 3265 592 esse
3324 553 3450 607 quae
3507 539 3793 595 dicuntur

381 636 544 689 actus
577 628 844 684 homines
876 626 1008 682 aliis
1041 623 1595 701 manifestent,quia
1640 624 2026 693 ignorantur:
2143 622 2311 694 (641).
2338 622 2588 679 Charitas
2617 641 2902 697 nunquam
2931 625 3167 695 excidet,
3200 626 3254 680 id
3288 636 3397 694 est,
3430 643 3546 683 non
3568 629 3796 699 patitur

378 727 522 777 tunc
547 735 682 775 vero
712 733 828 774 non
859 716 969 772 erit
998 729 1254 780 necesse,
1285 712 1424 783 quia
1453 711 1637 767 deerit
1674 710 2027 783 ignorantia.
2146 728 2347 766 casum
2382 710 2471 767 vel
2504 713 2737 768 ruinam
2762 731 2776 782 ;
2806 730 2939 769 nam
2960 714 3265 771 humilitas
3286 732 3589 787 nunquam
3609 717 3790 789 cadit,

448 811 644 865 Factus
671 824 788 863 sum
818 805 964 860 velut
994 819 1065 859 aes
1093 817 1317 870 sonans,
1350 805 1464 856 etc.
1510 801 1605 857 Ais
1655 800 1811 856 enim
1885 799 2032 852 irra-
2146 799 2402 856 charitas
2424 818 2678 873 namque
2703 802 2925 874 absque
2946 802 3277 859 humilitate
3296 821 3426 860 esse
3464 822 3576 860 non
3599 811 3795 878 potest

375 890 1332 958 tionabileelementumest,etnisi
1352 894 1780 963 tangatur,non
1821 890 1991 943 sonat
2017 893 2033 945 ἲ
2144 888 2461 944 Humilitas
2491 890 2673 957 enim,
2700 907 2815 962 quo
2846 890 3104 946 coelestia
3132 897 3489 964 penetrat,eo
3518 912 3583 951 se
3608 901 3790 952 terre-

378 979 1178 1049 cumverosonueritmullius
1195 977 1786 1049 aedificationisatque
1810 976 2031 1031 utilita-
2145 977 2238 1032 nis
2268 976 2550 1034 inhaerere
2580 985 2785 1051 putat;
2816 984 2870 1035 et
2901 996 3017 1051 quo
3047 980 3622 1054 altioraconscendit,
3637 1000 3706 1041 eo
3727 1001 3793 1041 se

374 1080 455 1151 tis
484 1073 715 1139 existit;
748 1070 1022 1126 similiter
1049 1069 1148 1140 qui
1182 1070 1461 1124 omnibus
1492 1067 1713 1139 linguis
1771 1066 2035 1135 loquitur
2145 1065 2203 1120 in
2236 1064 2459 1124 intimis
2489 1068 2805 1124 consistere
2834 1069 3169 1125 aestimat.Si
3200 1072 3358 1126 enim
3381 1072 3789 1142 superioribus

376 1169 598 1236 absque
627 1159 910 1217 charitate
942 1157 1165 1213 nullius
1194 1163 1284 1213 est
1312 1157 1609 1211 utilitatis.
1639 1157 1704 1211 Et
1732 1158 1785 1211 si
1803 1156 2034 1210 habeam
2137 1154 2443 1228 jungatur,
2476 1157 2677 1213 excidit
2707 1158 2854 1229 (642)
2884 1157 3199 1231 legendum
3226 1177 3239 1227 ;
3272 1159 3533 1216 siautem
3555 1161 3798 1218 inferio-

364 1251 733 1327 propheliam,
762 1247 821 1302 id
853 1250 961 1313 est,
990 1249 1057 1301 ut
1082 1245 1284 1299 futura
1312 1244 1644 1316 praedicam,
1685 1246 1739 1297 et
1786 1244 2034 1296 noverim
2143 1242 2328 1311 ribus,
2346 1246 2583 1302 excidet.

368 1341 630 1415 mysteria
670 1339 878 1407 omnia,
913 1335 969 1390 id
1004 1338 1115 1402 est,
1148 1332 1370 1398 divina,
1400 1340 1452 1388 et
1478 1346 1694 1387 omnem
1722 1331 1979 1386 scientiam

2210 1333 2337 1389 Sive
2385 1336 2688 1407 prophetiae
2734 1337 3172 1407 evacuabuntur,
3231 1342 3340 1394 etc.
3392 1338 3572 1395 Aliter
3628 1340 3791 1397 enim

370 1432 716 1492 humanam,
747 1434 799 1482 et
822 1424 1049 1480 habeam
1080 1438 1295 1483 omnem
1326 1420 1507 1492 ﬁdem.
1542 1419 1688 1475 Nota
1709 1419 1847 1491 quia
1877 1435 2031 1475 eam-
2138 1422 2437 1494 praphetim
2466 1425 2896 1492 evacuabuntur,
2928 1425 3098 1481 aliter
3123 1429 3420 1483 cessabunt
3473 1429 3697 1500 linguis,
3730 1435 3796 1487 et

373 1522 507 1577 dem
541 1514 981 1590 appellatﬁdem
998 1526 1437 1582 omnem,quam
1453 1509 1737 1563 Dominus
1760 1508 1818 1562 in
1844 1507 2028 1562 Evan-
2141 1508 2315 1566 aliter
2341 1512 2572 1568 scientia
2602 1513 2936 1570 destruetur.
2983 1515 3102 1570 Duo
3134 1515 3412 1587 praedicta
3447 1519 3796 1585 cessabunt,

374 1608 527 1683 gelio
579 1621 758 1679 grano
815 1601 1039 1673 sinapis
1097 1598 1390 1655 assimilat
1448 1598 1649 1670 (Matth.
1733 1613 1868 1663 xvu,
1918 1596 2024 1662 19;
2139 1599 2278 1669 quia
2304 1599 2363 1654 in
2396 1600 2503 1656 hac
2532 1603 2801 1674 praesenti
2832 1603 2950 1659 vita
2997 1603 3309 1674 ﬁnientur;
3363 1604 3608 1662 scientia
3654 1623 3801 1664 vero

374 1700 501 1753 Luc.
527 1694 747 1766 xvn,6),
775 1708 890 1747 non
922 1693 1159 1763 propter
1180 1685 1769 1753 mediocritatem,sed
1793 1689 2032 1757 propter
2138 1689 2491 1755 destruetur,
2520 1690 2658 1762 quia
2685 1691 2743 1746 in
2774 1692 2970 1749 futuro
3001 1694 3495 1765 augmentabitur.
3527 1695 3597 1750 Et
3643 1712 3800 1768 qua-

370 1784 761 1858 integritatem
784 1776 1417 1878 .etv‘iv-acitatemJ‘lt-int‘a
1439 1776 1532 1831 hic
1555 1775 1771 1830 mentio
1809 1774 2026 1830 montis
2056 1812 2105 1878 B
2137 1777 2560 1878 liternsubdit:
2589 1781 2672 1836 Ea:
2692 1784 2851 1878 parte
2878 1783 3027 1837 enim
3048 1784 3446 1878 cognoscimus,
3489 1788 3600 1840 etc.
3634 1790 3797 1843 Bene

372 1876 457 1944 fit,
488 1873 668 1930 veluti
699 1876 756 1926 et
781 1870 861 1925 ibi
894 1867 1104 1939 (Matth.
1136 1883 1269 1935 xvn,
1310 1866 1415 1935 19).
2056 1865 2104 1878 ⁴¹
2137 1865 2245 1922 hoc
2275 1866 2437 1935 dicit,
2463 1867 2602 1940 quia
2632 1870 2831 1925 nullus
2864 1870 3148 1942 mortalis,
3181 1887 3249 1928 ac
3276 1873 3331 1927 in
3359 1873 3632 1944 presenti
3659 1874 3791 1931 vita

446 1964 783 2019 Charitatem
840 1966 1023 2014 autem
1079 1972 1189 2010 non
1243 1955 1493 2023 habeam,
1545 1952 1692 2007 nihil
1718 1968 1863 2008 sum.
1897 1952 2022 2007 Non
2134 1955 2386 2026 positus,
2420 1958 2669 2028 perfecte
2691 1974 3040 2029 cognoscere
3062 1964 3290 2033 potest;
3315 1960 3501 2017 multa
3520 1962 3677 2018 enim
3693 1963 3797 2019 hic

372 2058 544 2125 negat
572 2067 635 2107 se
666 2045 1133 2105 substantialiter
1161 2042 1417 2109 esse,sed
1449 2041 1509 2096 in
1538 2041 1864 2096 ministerio
1880 2058 2022 2112 pra-
2134 2051 2593 2114 cognoscuntur,
2626 2047 2727 2102 sed
2760 2053 2955 2103 tamen
2979 2036 3093 2104 non
3117 2050 3353 2117 omnia;
3377 2055 3437 2106 et
3462 2051 3590 2107 ideo
3610 2051 3791 2118 dicit;

369 2139 681 2197 dicationis
706 2136 852 2190 nihil
885 2150 947 2190 se
978 2150 1108 2189 esse
1142 2132 1299 2187 dicit.
1335 2132 1399 2185 Et
1427 2133 1481 2185 si
1508 2129 1856 2195 distribuero,
1908 2134 2020 2185 etc.
2132 2135 2174 2187 E
2192 2150 2217 2185 ε
2242 2138 2399 2205 parte
2456 2138 2852 2203 cognoscimus,
2902 2145 2953 2193 et
2980 2154 3053 2192 ea:
3096 2142 3255 2209 parte
3282 2141 3697 2212 prophetamus,
3731 2142 3792 2195 id

369 2230 519 2287 Nota
545 2228 684 2299 quia
709 2222 1186 2278 distributionem
1213 2220 1557 2275 facultatum
1583 2219 1863 2291 martyrio
1884 2235 2020 2273 con-
2132 2226 2241 2291 est,
2272 2221 2469 2277 futura
2501 2224 2910 2293 przedicimus:
2946 2224 3082 2279 Cum
3118 2234 3306 2281 autem
3361 2229 3575 2283 venerit
3636 2229 3792 2298 quod

362 2316 602 2390 jungit;
636 2313 732 2369 ubi
747 2308 1485 2381 ostenditurmagnimeriti
1501 2324 1629 2364 esse
1659 2306 2018 2365 distributio.
2126 2313 2434 2381 perlectum
2465 2314 2924 2379 est,evacuabitur
2951 2313 3093 2386 quod
3113 2323 3358 2387 exparte
3377 2325 3458 2372 est
3474 2334 3496 2378 ;
3516 2333 3633 2373 non
3660 2317 3798 2390 ipsa

371 2405 482 2461 Sed
518 2403 655 2475 quia
687 2401 875 2457 solent
904 2399 1143 2471 quidam
1176 2395 1450 2479 simulate
1472 2395 1580 2450 hoc
1605 2395 1798 2467 ipsum
1827 2411 2018 2466 agere,
2131 2399 2397 2470 scientia,
2430 2418 2555 2472 quae
2586 2418 2743 2458 nunc
2772 2402 3040 2469 habetur,
3073 2402 3133 2459 in
3166 2404 3362 2460 futuro
3405 2405 3800 2462 evacuabitur

367 2494 499 2549 ideo
529 2490 871 2563 subjunxit:
906 2488 1246 2543 Charitatem
1275 2488 1459 2541 autem
1485 2484 2020 2547 nonhabeam,nihil
2131 2488 2285 2560 quod
2315 2506 2383 2544 ex
2414 2495 2577 2560 parte
2606 2491 2820 2556 est,sed
2846 2492 3210 2564 imperfectio
3231 2482 3501 2564 ejusdem
3523 2494 3794 2550 scientiae

364 2583 510 2638 mihi
524 2578 874 2654 prodest.Sed
900 2575 1182 2633 simulate
1220 2574 1452 2629 duobus
1496 2573 1687 2629 modis
1718 2571 2015 2645 intelligo:
2129 2578 2484 2646 destruetur,
2519 2578 2658 2651 quia
2687 2581 3184 2652 augmentabitur.
3218 2582 3285 2637 Et
3336 2582 3473 2639 talis
3524 2588 3617 2639 est
3674 2582 3798 2639 ista

365 2671 507 2744 quia
532 2686 642 2726 sua
671 2667 1008 2732 tribuit,aut
1037 2664 1382 2735 martyrium
1397 2661 1631 2732 adit,vel
1671 2667 1824 2717 certe
1842 2678 2018 2734 appe-
2128 2667 2365 2734 locutio,
2398 2667 2897 2738 quemadmodum
2930 2670 2978 2725 si
3002 2671 3188 2726 nubes
3217 2676 3545 2744 Opponatur
3592 2670 3799 2741 soli,et

364 2761 476 2815 titu
510 2759 781 2814 humanae
810 2754 1025 2818 laudis,
1058 2757 1161 2808 aut
1191 2752 1461 2822 ﬁngendo
1492 2768 1554 2807 se
1580 2751 1856 2819 amicum,
1882 2767 2015 2806 cum
2126 2752 2256 2825 ipsa
2272 2752 2507 2808 claritas
2531 2754 2943 2825 abstrahatur;
2969 2758 3016 2812 si
3040 2774 3172 2813 vero
3194 2758 3579 2814 subtrahatur
3596 2760 3793 2815 nubes

368 2848 446 2905 sit
476 2845 773 2902 inimicus.
2126 2845 2319 2913 potest
2347 2841 2481 2914 quis
2513 2842 2738 2899 dicere:
2772 2845 3056 2902 Evacuata
3086 2850 3177 2902 est
3201 2847 3453 2903 charitas
3477 2846 3646 2915 solis;
3670 2865 3793 2904 non

439 2937 697 2992 Charitas
723 2935 945 3007 patiens
971 2939 1068 2995 est,
1109 2935 1218 2987 etc.
1278 2929 1690 2985 Nominaverat
1740 2930 2015 3001 superius
2125 2930 2283 3001 quod
2312 2930 2442 3003 ipsa
2471 2931 2708 2988 claritas
2741 2933 2817 2988 sit
2864 2939 3163 3004 evacuata,
3216 2936 3318 2991 sed
3376 2936 3790 3010 augmentatio

364 3026 705 3083 cbaritatem
729 3038 1060 3089 ;nuncvero
1074 3020 1341 3076 membra
1353 3018 1659 3075 cbaritatis
1673 3020 2009 3089 ostendens,
2121 3018 2403 3075 claritatis
2423 3021 2637 3077 dicitur
2652 3038 2966 3079 evacuasse
2989 3024 3484 3096 imperfectionem
3508 3026 3788 3095 ejusdem

363 3116 543 3172 dicit:
579 3114 833 3170 Charitas
860 3114 1076 3184 patiens
1102 3113 1200 3178 est,
1233 3115 1342 3165 etc.
1379 3108 1634 3173 Patiens,
1666 3107 1824 3162 mala
1884 3123 2008 3179 per-
2054 3180 2082 3184 Α
2120 3108 2426 3165 claritatis.
2453 3110 2521 3165 Et
2554 3109 2662 3167 hoc
2692 3110 2885 3183 ipsum
2918 3113 3623 3170 submissasimilitudine
3645 3132 3786 3171 ma-

360 3205 635 3271 ierendo;
670 3180 929 3272 benigna,
962 3202 1114 3256 bona
1146 3196 1753 3254 tribuendo.Charitas
1779 3196 2012 3251 Graacus
2041 3180 2085 3245 C
2123 3197 2381 3268 nifestat,
2416 3198 2648 3255 dicens:
2686 3180 2820 3255 Cum
2867 3218 3037 3257 essem
3083 3204 3371 3271 parvulus,
3421 3210 3532 3260 etc.
3602 3204 3771 3260 Hanc

359 3309 552 3351 sermo
584 3296 692 3358 est,
725 3295 782 3347 et
810 3290 1225 3361 interpretatur
1250 3287 1489 3342 dilectio.
1538 3283 1779 3340 Dilectio
1809 3290 2006 3340 autem
2117 3292 2460 3358 praesentem
2492 3288 2671 3344 vitam
2703 3288 3011 3347 assimulat
3039 3294 3193 3348 mtati
3231 3292 3470 3365 parvuli,
3497 3293 3773 3349 futuram

361 3380 599 3450 dicitur,
630 3397 696 3436 eo
729 3378 883 3452 quod
918 3379 1067 3433 duos
1098 3377 1251 3430 inter
1288 3392 1350 3430 se
1405 3374 1562 3445 liget.
1597 3373 1849 3429 Charitas
1896 3389 2008 3427 non
2114 3390 2248 3430 vero
2279 3376 2434 3431 aetati
2464 3376 2591 3432 viri.
2626 3378 2692 3433 Et
2723 3379 2888 3447 bene,
2918 3381 3057 3452 quia
3087 3387 3316 3437 tantum
3368 3381 3549 3438 distat
3631 3383 3795 3439 inter

362 3471 678 3533 tumulatur,
711 3468 769 3521 id
801 3470 911 3533 est,
944 3480 1059 3519 non
1097 3463 1338 3528 invidet,
1399 3463 1536 3533 quia
1588 3461 1841 3516 visibilis
1868 3478 2005 3515 con-
2116 3463 2267 3518 hanc
2297 3472 2641 3536 praesentem
2674 3467 2849 3523 vitam
2878 3475 2933 3524 et
2954 3471 3234 3534 futuram,
3263 3478 3552 3543 quantum
3616 3473 3790 3529 inter

361 3557 610 3624 temnit;
646 3557 765 3612 sive
797 3570 913 3609 non
944 3551 1274 3613 aemulatur,
1307 3551 1363 3605 id
1387 3556 1497 3616 est,
1531 3567 1644 3604 non
1680 3550 2008 3621 inﬂat,quia
2116 3557 2342 3607 atatem
2376 3555 2534 3625 parvi
2566 3561 2622 3609 et
2646 3558 3070 3628 magni.nSicut
3124 3560 3280 3615 enim
3342 3560 3596 3632 pueritia
3659 3579 3786 3618 non

363 3649 522 3702 caret
550 3642 1038 3716 superbia.Mater
1066 3639 1222 3695 enim
1256 3639 1577 3693 inﬂationis
1612 3638 1889 3709 superbia
1919 3642 2008 3693 est
2115 3640 2366 3695 destruit
2394 3641 2725 3711 infantiam,
2757 3651 2815 3700 et
2844 3647 3239 3704 adolescentia
3268 3649 3615 3721 pueritiam,
3671 3651 3784 3707 sed

359 3736 480 3791 Non
503 3735 617 3805 agit
640 3747 952 3804 perperam,
984 3730 1043 3785 id
1074 3732 1185 3794 est,
1217 3726 1595 3799 perversa,vel
1625 3727 2003 3795 distortuosa,
2114 3727 2263 3783 vires
2297 3735 2677 3801 augmentat:
2712 3732 2793 3788 ita
2822 3752 2928 3791 nec
2958 3737 3201 3791 scicntia
3256 3737 3451 3793 futura
3506 3738 3781 3794 destruit

362 3822 503 3896 quia
531 3821 591 3877 in
624 3820 785 3877 illum
814 3819 1197 3875 intentionem
1230 3833 1396 3872 suam
1431 3814 1694 3880 collocat,
1727 3815 1787 3870 in
1836 3817 2005 3887 cujus
2114 3815 2311 3885 istam,
2344 3818 2444 3874 sed
2494 3827 2853 3891 augmentat.
2916 3823 3232 3894 Subjunxit
3278 3825 3453 3881 etiam
3514 3826 3785 3883 alteram

357 3911 579 3986 regulis
609 3910 690 3966 nil
721 3910 1144 3965 distortuosum
1183 3905 1499 3961 invenitur.
1558 3906 1677 3961 Non
1732 3908 1913 3976 inﬂat,
1946 3907 2004 3961 id
2115 3903 2563 3961 similitudinem
2594 3909 2665 3963 ad
2700 3910 3039 3981 przndictum
3094 3914 3437 3969 attinentem
3497 3931 3785 3985 sensum,

358 4006 471 4069 est,
507 4016 618 4056 non
651 3999 935 4071 superbit.
962 3998 1080 4053 Non
1130 3999 1209 4051 est
1247 3996 1508 4064 ambiosa,
1540 3995 1597 4049 id
1638 3998 1746 4062 est,
1778 4000 2002 4067 tempo-
2112 3993 2347 4049 dicens:
2378 3995 2627 4051 Videmus
2644 4014 2791 4053 nunc
2814 4016 2911 4070 per
2928 4002 3210 4073 speculum
3241 4004 3295 4057 in
3322 4005 3783 4072 wnigmate,etc.

358 4091 502 4147 ralia
531 4086 1292 4155 contemnit,sivehonorem
1326 4084 1630 4155 regiminis
1678 4084 1835 4156 parvi
1862 4101 2002 4155 pen-
2114 4081 2215 4138 Ille
2245 4084 2401 4139 enim
2434 4086 2535 4157 qui
2569 4104 2669 4158 per
2698 4086 3004 4160 speculum
3033 4091 3188 4147 videt
3219 4108 3331 4147 non
3365 4109 3484 4147 rem
3532 4109 3774 4157 veram,

355 4180 472 4235 det.
503 4180 619 4234 Non
642 4178 843 4248 quaerit
865 4192 981 4249 quae
1010 4192 1110 4229 sua
1137 4178 1287 4242 sunt,
1322 4174 1377 4227 id
1411 4178 1517 4241 est,
1572 4172 1919 4243 temporalia
1946 4177 2005 4227 et
2113 4172 2212 4226 sed
2249 4189 2368 4228 rem
2400 4191 2543 4229 verae
2569 4175 2974 4233 similitudinis
3007 4180 3300 4252 prospicit.
3366 4179 3661 4236 Similiter
3712 4187 3777 4237 et

359 4266 700 4341 transitoria
729 4282 845 4320 non
870 4263 1254 4335 concupiscit,
1287 4261 1858 4333 sive,quiasua,quaa
1878 4260 2003 4317 sine
2112 4258 2361 4331 aenigma
2390 4261 2550 4317 aliud
2581 4263 2804 4336 aliquid
2854 4268 3129 4324 ostendit.
3190 4268 3334 4326 Nam
3383 4270 3642 4342 aenigma
3673 4276 3775 4327 est

361 4354 680 4411 oll‘ensiono
726 4353 942 4409 habere
997 4355 1245 4423 poterat,
1301 4349 1570 4421 largitur.
1628 4351 1745 4404 Non
1800 4353 2004 4419 cogitat
2112 4349 2362 4405 obscura
2392 4353 2683 4408 sententia
2712 4354 3015 4425 quodlibet
3046 4357 3202 4412 aliud
3235 4359 3677 4425 demonstrans,
3707 4359 3773 4413 id

356 4445 588 4500 malum.
621 4442 833 4515 Magna
863 4445 952 4497 est
998 4440 1182 4495 virtus
1212 4439 1535 4508 charitatis,
1568 4438 1850 4510 quoniam
1885 4456 1999 4495 non
2111 4443 2220 4507 est,
2255 4456 2367 4493 non
2391 4441 2621 4513 veritas,
2655 4443 2754 4497 sed
2786 4444 3109 4501 similitudo
3163 4451 3251 4501 est
3308 4447 3409 4513 rei,
3472 4453 3536 4501 ut
3624 4451 3786 4503 sunt

358 4533 546 4589 solum
583 4548 697 4588 non
727 4536 1002 4603 operatur
1032 4529 1276 4598 malum,
1308 4544 1509 4583 verum
1527 4528 1704 4583 etiam
1728 4544 1831 4583 nec
1852 4527 2005 4600 cogi-
2034 4548 2080 4612 Ι)
2114 4526 2408 4598 allegorici
2438 4545 2664 4586 sensus.
2700 4532 2845 4604 Ergo
2879 4549 2980 4605 per
3009 4534 3311 4606 speculum
3345 4536 3405 4590 in
3428 4534 3786 4608 aenigmate

355 4627 475 4688 tat;
509 4628 727 4690 tamen,
762 4620 810 4677 si
842 4620 911 4675 ad
946 4622 1199 4673 mentem
1220 4615 2004 4681 veniret,resecat.Quoniam
2113 4614 2405 4687 videmus,
2437 4618 2577 4689 quia
2606 4637 2719 4675 non
2756 4624 3004 4693 perfecte
3035 4625 3319 4695 gaudium
3377 4624 3508 4679 vitae
3552 4625 3790 4683 futurae

356 4716 495 4767 sunt
525 4708 789 4765 nonnulli
825 4709 926 4780 qui
956 4724 1071 4763 non
1104 4710 1443 4779 operantur,
1484 4707 1583 4763 sed
1618 4710 1812 4761 tamen
1847 4706 2005 4777 cogi-
2116 4705 2551 4775 cognoscimus.
2615 4708 2759 4763 Tunc
2810 4719 2994 4765 autem
3046 4711 3195 4783 [acie
3247 4712 3316 4767 ad
3348 4712 3595 4781 faciem;
3631 4714 3800 4784 quia

354 4800 532 4855 tando
565 4802 831 4871 pereunt.
865 4797 983 4852 Non
1038 4794 1241 4870 gaudet
1290 4810 1455 4863 super
1510 4795 1831 4864 iniquitate,
1886 4800 2005 4849 tam
2117 4796 2380 4847 nostrum
2400 4794 2973 4865 gaudiumJietitiam
3000 4804 3056 4852 et
3076 4799 3250 4854 finem
3277 4799 3460 4854 nostri
3482 4798 3795 4854 desiderii

357 4888 627 4945 facientis
656 4903 830 4956 quam
865 4882 1556 4957 patientis,quiaillorum
1591 4883 1803 4938 damna
1826 4881 2005 4938 veluti
2115 4879 2466 4936 videbimus.
2501 4882 2763 4954 Idipsum
2807 4887 3165 4952 manifestat,
3228 4888 3575 4943 subdendo:
3611 4890 3803 4942 Nunc

356 4994 465 5034 sua
495 4979 753 5049 deputat.
790 4973 1111 5045 Crngaudet
1142 4977 1325 5028 autem
1345 4974 1715 5036 veritati,tam
1741 4971 1967 5028 facienti

2185 4963 2491 5027 gnoscimus
2509 4979 2579 5018 ea:
2602 4973 2780 5035 parte,
2813 4971 2921 5020 etc.
2959 4967 3015 5022 ld
3046 4972 3154 5033 est,
3198 4984 3550 5040 cognoscam
3613 4968 3796 5024 sicut

353 5084 530 5138 quam
563 5065 934 5122 sustinentis.
971 5063 1177 5120 Omnia
1207 5062 1418 5135 suffert,
1452 5060 1540 5117 vel
1601 5062 1876 5125 sustinet,
1905 5067 2008 5117 aut
2115 5063 2454 5123 COBDOSCOI‘,
2488 5056 2545 5108 et
2567 5054 2773 5109 Videbo
2804 5060 2870 5110 ut
2898 5056 3115 5122 Videor,
3149 5063 3215 5113 ut
3240 5061 3497 5112 Joannes
3526 5075 3539 5113 ε
3600 5059 3805 5113 Vide-

349 5157 641 5227 patienter
652 5153 1128 5226 perferendo,aut
1148 5149 1630 5227 exspectando,ut
1649 5146 2007 5220 impleantui
2119 5138 2299 5194 bimus
2322 5158 2470 5211 curn,
2502 5144 2669 5198 sicuti
2696 5152 2774 5199 est
2804 5145 2849 5214 (I
2872 5146 3029 5201 Joan.
3064 5163 3146 5214 Ill,
3178 5148 3254 5219 2).

346 5225 413 5301 ea
428 5262 558 5317 qua
581 5225 1112 5316 promittuntur.Et
1137 5239 1247 5296 hoc
1266 5245 1356 5295 est
1385 5236 1543 5309 quod
1568 5225 1790 5308 subdit,
1817 5239 2007 5293 omnia
2197 5237 2352 5291 Nunc
2406 5234 2588 5287 autem
2644 5238 2892 5306 manent,
2938 5234 3089 5307 ﬁdes,
3148 5241 3260 5292 etc.
3317 5236 3375 5291 id
3402 5240 3511 5305 est,
3572 5236 3696 5293 hac
3732 5236 3808 5293 in

425 5417 575 5494 (641)
608 5418 798 5494 Verba
846 5416 1438 5494 omnia..._dieun.tur,
1480 5412 1679 5494 aliqua
1739 5413 2009 5494 videntur
2117 5413 2289 5494 credit
2318 5420 2577 5494 asperat
2602 5410 2944 5469 relationem
2988 5429 3156 5471 suam
3218 5413 3513 5489 propriam
3578 5415 3815 5473 sortiri

352 5484 812 5560 transpositione
867 5490 1087 5545 vitiata.
1114 5487 1446 5560 Legendum
1464 5484 1637 5560 enim
1696 5489 2004 5557 putarem:
2121 5488 2420 5560 poterunt.

352 5554 561 5623 Omnia
588 5569 792 5632 sperat.
816 5562 977 5629 idest
1006 5554 1304 5633 implenda,
1332 5560 1391 5633 in
1412 5556 1563 5633 divin
1576 5557 1641 5613 is.
1666 5554 1798 5633 etc”
1821 5560 2009 5633 omnia
2121 5554 2142 5560 “
2192 5558 2340 5631 (642)
2371 5560 2439 5612 Et
2470 5554 2553 5612 ita
2579 5554 2750 5630 Vulg.
2780 5556 2977 5629 habet,
3007 5556 3217 5616 excidit
3270 5574 3501 5633 nempe.

357 5633 534 5705 credit
553 5627 683 5694 vera
709 5646 848 5705 esse,
870 5627 987 5710 ἀνω
1006 5627 1309 5697 dicuntur;
1332 5629 1441 5688 hoo
1463 5627 1621 5691 enim
1642 5628 1813 5687 modo
1833 5631 2011 5691 verba
