4070 6168
265 331 370 392 389
827 326 1234 389 EXPOSITIO
1277 325 1351 386 1N
1393 295 1832 385 EPlS'l‘OLAS
1876 323 2132 387 PAULI.
2167 361 2244 370 -
2275 329 2352 388 IN
2402 330 2647 390 EPIST.
2696 330 2720 390 1
2765 333 2866 390 AD
2913 333 3086 395 eoa.

3535 340 3654 400 330

265 461 521 538 praesenti
547 460 666 515 vita
689 460 781 526 ;in
804 460 1001 514 futura
1019 475 1169 524 vero,
1195 459 1426 513 duabus
1465 448 1738 522 sublatis,
1763 457 1898 512 cha-
1930 460 1981 524 Α
2013 458 2083 511 ad
2117 460 2340 529 majora
2367 478 2467 516 vos
2501 479 2766 535 provoco,
2804 468 2866 518 ut
2898 465 3125 522 minora
3155 485 3268 523 non
3289 469 3653 540 prohibeam.

262 553 394 609 ritas
421 555 640 615 manet,
666 558 720 604 et
751 549 872 604 ideo
901 550 1096 616 maior.
1126 549 1272 602 Nam
1300 548 1432 601 fidei
1458 546 1720 601 succedit
1742 563 1898 618 spes,
2082 546 2360 618 Sequitur
2388 564 2400 600 :
2425 549 2563 603 Nam
2584 553 2769 621 major
2797 561 2875 607 est
2903 555 3001 622 qui
3027 555 3337 626 prophetat,
3365 574 3531 628 quam
3561 575 3656 630 qut

262 643 371 714 spei
401 656 534 694 vero
566 639 732 703 visio,
760 654 890 709 quae
919 637 1064 692 visio
1097 637 1358 692 charitas
1388 641 1498 704 est,
1531 640 1587 690 et
1616 636 1744 690 ideo
1777 653 1900 689 ma-
2012 635 2257 705 loquitur
2286 637 2512 706 linguis.
2547 639 2792 695 Multum
2823 642 3036 713 quippe
3094 660 3230 715 erga
3262 645 3417 700 hunc
3464 645 3658 703 locum

253 733 359 804 jor,
388 728 527 800 quia
553 728 667 783 ista
696 726 789 781 hic
823 725 1134 793 ﬁniuntur;
1167 725 1268 780 illa
1296 742 1428 780 vero
1455 725 1900 780 manet.Notan-
2013 724 2218 780 beatus
2250 725 2611 796 Augustinus
2641 727 2884 784 laborat.
2920 731 3068 786 Dicit
3090 734 3244 788 enim
3279 733 3529 806 intelligi
3561 737 3660 791 de-

262 820 417 882 dum,
450 817 586 885 quia
607 832 820 887 magna
841 815 1120 870 distantia
1147 819 1235 869 est
1263 814 1416 869 inter
1438 831 1530 869 res
1553 811 1902 884 temporales
2013 811 2168 876 bere,
2203 829 2304 884 per
2359 813 2611 885 linguas,
2674 817 2731 869 in
2791 821 3107 891 Scripturis
3165 821 3400 892 divinis,
3434 824 3662 879 occulta

264 911 315 963 et
343 903 670 977 spiritales:
707 903 1058 976 temporales
1089 904 1409 972 enim,cum
1443 920 1556 958 non
1591 903 1902 968 habentur,
2015 904 2189 967 atque
2223 901 2512 968 profunda
2541 918 2553 968 ;
2587 901 2788 973 lingua
2819 922 2972 974 vero,
3032 910 3363 964 membrum
3401 914 3663 982 corporis

264 994 512 1052 multum
536 993 974 1058 desiderantur;
1003 993 1049 1047 si
1073 1009 1204 1047 vero
1230 993 1576 1058 habeantur,
1600 991 1908 1044 fastidiunt
2017 987 2423 1052 denominans,
2441 995 2541 1043 aut
2564 991 2904 1060 signiﬁcans
2929 1013 3018 1050 res
3039 997 3287 1068 aliquas,
3309 1016 3419 1054 non
3445 1009 3661 1056 tamem

267 1081 1076 1156 atquevilescuntzspiritales
1095 1086 1451 1146 autem,cum
1471 1097 1582 1134 non
1599 1080 1906 1147 habentur,
2019 1076 2311 1131 efﬁciens:
2350 1093 2483 1149 ergo
2515 1095 2617 1150 per
2650 1081 2892 1134 membri
2930 1088 3411 1143 motumoccultae
3445 1107 3537 1145 res
3566 1091 3666 1146 de-

267 1176 462 1231 minus
483 1172 923 1236 desiderantur;
948 1187 1083 1226 cum
1109 1187 1239 1226 vero
1263 1168 1770 1240 habentur,magis
1788 1183 1907 1221 ma-
2020 1166 2349 1236 signantur.
2381 1167 2524 1222 Nam
2552 1168 2746 1222 multis
2771 1177 2909 1223 sunt
2925 1180 3097 1242 res,et
3127 1177 3586 1247 signiﬁcationes
3610 1181 3669 1235 in

267 1261 917 1334 gisquedesideriumin
945 1260 1112 1314 nobis
1130 1258 1476 1315 accendunt.
1499 1257 1912 1312 lndeanimad-
2021 1255 2338 1325 Scripturis
2370 1255 2603 1322 divinis,
2629 1274 2755 1328 qua:
2786 1275 2896 1312 non
2926 1260 3182 1332 idipsum
3208 1272 3368 1335 sunt,
3395 1270 3494 1324 sed
3510 1269 3669 1325 aliud

265 1351 607 1406 vertendum
629 1349 790 1420 quia,
816 1349 1060 1415 sinunc,
1081 1364 1215 1402 cum
1240 1363 1355 1401 non
1387 1347 1677 1411 videntur,
1711 1351 1766 1400 et
1797 1361 1909 1399 non
2022 1343 2381 1416 signiﬁcant.
2424 1345 2518 1399 Ha:
2551 1362 2783 1418 quoque
2815 1365 2915 1418 per
2946 1349 3209 1422 linguam
3245 1354 3667 1428 designantur;

268 1441 578 1503 habentur,
603 1443 794 1494 tamen
820 1435 1649 1509 diliguntur;quantumtune
1673 1433 1914 1505 diligen-
2023 1433 2161 1503 quia
2191 1431 2320 1503 ipsa
2351 1433 2691 1490 translative
2723 1436 2975 1507 ponitur.
3009 1443 3157 1512 Ergo
3179 1443 3366 1512 major
3420 1452 3511 1500 est
3542 1447 3659 1513 ille,

265 1533 379 1598 tur,
415 1544 552 1582 cum
586 1528 834 1598 quisque
863 1541 963 1580 eas
991 1525 1306 1580 electorum
1364 1523 1680 1578 habuerit?
1710 1523 1776 1576 Et
1808 1522 1914 1576 hoc
2025 1522 2124 1592 qui
2160 1523 2488 1594 prophetat,
2514 1523 2620 1578 hoc
2642 1530 2750 1591 est,
2786 1525 2885 1596 qui
2920 1527 3149 1583 occulta
3172 1531 3478 1588 diducidat
3498 1540 3676 1606 atque

267 1617 574 1674 sciendum
607 1617 747 1688 quia
775 1616 970 1685 majus
1001 1614 1250 1686 quisque
1283 1613 1604 1668 electorum
1638 1611 1914 1680 inveniet,
2027 1611 2385 1677 manifestat,
2435 1629 2610 1683 quam
2667 1615 2766 1684 qui
2817 1614 3019 1688 lingua
3072 1617 3353 1690 loquitur,
3417 1621 3524 1678 hoc
3563 1629 3675 1686 est,

266 1723 446 1778 quam
481 1706 712 1761 credere
741 1720 809 1759 ac
842 1719 1074 1775 sperare
1122 1701 1329 1774 possit.
1390 1702 1460 1756 Et
1513 1702 1641 1756 ideo
1683 1715 1918 1756 necesse

2029 1699 2129 1770 qui
2188 1699 2443 1771 proferre
2501 1701 2736 1770 quidem
2813 1703 3057 1772 occulta,
3137 1707 3239 1761 sed
3300 1709 3678 1766 manifestare

267 1801 356 1851 est
376 1800 445 1850 ut
466 1810 638 1850 nemo
658 1793 921 1848 ﬁdelium
946 1808 1007 1846 se
1028 1796 1257 1847 tantum
1282 1791 1532 1846 aestimet
1557 1791 1920 1859 credere,aut
1951 1834 1998 1896 B
2031 1804 2144 1841 non
2178 1793 2386 1859 potest.
2449 1789 2598 1843 Sunt
2659 1807 2910 1862 namque
2965 1794 3357 1864 corporalium
3390 1797 3673 1871 imagina-

265 1901 504 1957 Iperare
535 1883 626 1936 hic
657 1897 849 1954 posse,
883 1888 1171 1952 quantum
1205 1880 1323 1935 illic
1357 1879 1631 1934 inveniet.

337 1974 490 2044 (643)
524 1976 675 2039 (CAP.
710 1970 876 2041 XIV.)
897 1972 1206 2040 Sequitur:
1242 1969 1543 2024 Sectamini
1569 1970 1918 2024 charitatem.

267 2068 418 2118 Post
448 2061 682 2116 laudem
715 2058 1036 2127 cbaritatis,
1069 2058 1338 2112 hortatur
1365 2062 1420 2112 et
1454 2061 1666 2127 monet,
1701 2062 1766 2112 ut
1796 2074 1923 2112 sec-

266 2155 481 2206 tentur
509 2149 877 2210 charitatem,
896 2145 1063 2216 quasi
1096 2146 1311 2200 diceret
1335 2163 1346 2199 :
1383 2146 1513 2200 Jam
1534 2146 1672 2216 quia
1701 2150 1924 2200 tantam

267 2256 340 2296 ac
371 2239 554 2294 talem
589 2234 910 2308 agnovistis
958 2233 1324 2300 charitatem,
1372 2238 1434 2288 ut
1484 2234 1540 2287 in
1599 2235 1727 2303 ejus
1775 2235 1926 2288 bono

265 2328 489 2384 omnia
516 2327 668 2381 bona
696 2324 1038 2394 consistant,
1071 2327 1129 2377 et
1158 2323 1285 2377 sine
1327 2340 1394 2378 ea
1443 2322 1674 2377 nullum
1707 2323 1926 2378 bonum

267 2432 412 2473 esse
436 2419 645 2486 queat:
670 2413 961 2481 bortor,ut
981 2412 1284 2467 sectamini
1317 2426 1468 2467 eam.
1505 2416 1640 2467 Post
1660 2411 1926 2466 admoni-

265 2506 502 2561 tionem
551 2503 841 2567 hortatur,
892 2506 956 2556 ut
1007 2503 1182 2555 etiam
1235 2499 1522 2572 spiritalia
1559 2500 1928 2556 aemulentur.

268 2593 670 2656 .Emulamini,
703 2591 914 2661 inquit,
963 2591 1242 2660 spiritalia
1289 2589 1790 2656 (subaudiendum
1823 2592 1930 2657 est,

265 2684 479 2752 dona).
514 2679 814 2751 Spiritalia
844 2696 1098 2750 namque
1119 2678 1454 2734 varietatem
1481 2678 1798 2750 gratiarum
1833 2695 1930 2732 vo-

265 2777 391 2827 cat.
417 2771 528 2825 Sed
555 2769 694 2840 quia
715 2768 796 2822 illi
817 2769 1122 2824 audientes
1146 2767 1702 2839 spiritalia,possent
1723 2783 1938 2838 genera

263 2860 625 2932 linguarum
642 2857 1120 2930 intelligere,quaa
1144 2875 1258 2929 pra
1280 2857 1556 2912 omnibus
1574 2856 1939 2911 charismati-

266 2951 394 3005 bus
431 2949 661 3018 majora
685 2947 1051 3018 judicabant,
1085 2950 1140 3000 et
1171 2961 1310 3017 erga
1340 2963 1408 3000 ea
1438 2945 1758 3016 plurimum
1785 2943 1939 2998 avidi

265 3043 500 3103 erant;
521 3037 651 3092 ideo
679 3053 813 3091 mox
831 3035 1030 3091 subdit
1057 3051 1068 3090 :
1096 3036 1270 3106 Magis
1301 3039 1572 3102 autem,ut
1591 3032 1938 3104 praphetetis.

350 3126 675 3200 Sequitur:
710 3128 829 3198 Qui
846 3126 1000 3179 enim
1023 3125 1270 3194 loquitur
1301 3124 1512 3192 lingua,
1534 3129 1666 3188 etc.,
1700 3124 1810 3178 iste
1836 3139 1944 3177 non

2031 1876 2259 1943 tiones;
2338 1877 2437 1930 sed
2517 1879 2704 1948 major
2779 1885 2886 1945 est,
2978 1882 3078 1952 qui
3127 1899 3226 1938 eas
3309 1885 3676 1956 interpretari

2032 1969 2241 2034 potest,
2291 1982 2466 2036 quam
2500 1967 2597 2037 qui
2635 1967 2824 2022 videt:
2859 1971 3014 2024 verbi
3046 1972 3253 2042 gratia,
3286 1975 3430 2029 vidit
3462 1977 3682 2032 Pharao

2032 2052 2481 2124 imaginationes
2515 2055 2664 2126 (Gen.
2699 2075 2788 2120 XL,
2818 2059 2930 2126 41),
2984 2061 3127 2114 vidit
3183 2067 3240 2116 et
3302 2065 3596 2134 pincerna,
3629 2071 3686 2119 et

2036 2141 2321 2212 pistorum
2358 2143 2662 2213 princeps;
2694 2146 2791 2198 sed
2815 2145 3029 2210 Joseph
3056 2147 3148 2202 his
3170 2151 3447 2206 omnibus
3472 2154 3683 2221 major.

2038 2230 2139 2285 Ille
2170 2230 2366 2298 etiam,
2403 2231 2500 2302 qui
2526 2233 2583 2285 in
2612 2237 2859 2304 utraque
2891 2252 2949 2289 re
2983 2235 3277 2307 viget,uon
3310 2239 3499 2294 solum
3528 2239 3683 2311 aliis,

2039 2321 2137 2374 sed
2169 2335 2233 2374 eo
2266 2322 2470 2390 major,
2505 2321 2605 2391 qui
2667 2326 2893 2377 tantum
2925 2323 3467 2396 interpretationem
3519 2329 3683 2398 dicit,

2039 2409 2198 2463 velut
2219 2408 2442 2478 Daniel,
2467 2409 2566 2480 qui
2588 2411 2648 2464 in
2671 2416 2915 2482 utroque
2934 2413 3176 2484 polluit:
3213 2416 3336 2488 ipse
3383 2419 3599 2474 etenim
3632 2424 3690 2475 et

2043 2497 2404 2568 sapientibus
2429 2498 2740 2570 Babylonis
2757 2501 2960 2556 mortis
2975 2505 3319 2560 sententiam
3337 2506 3690 2563 incurrenti-

2044 2587 2176 2653 bus,
2211 2586 2349 2658 quia
2380 2589 2602 2657 probati
2638 2594 2795 2660 sunt,
2855 2593 3008 2662 quod
3069 2595 3466 2664 conjecturam
3501 2597 3694 2654 dicere

2044 2675 2378 2744 nequirent,
2411 2693 2544 2730 cum
2576 2678 2872 2733 somnium
2898 2683 3478 2749 nescirent,ostcndit
3498 2686 3692 2742 Nabu-

2047 2764 2412 2820 chodonosor
2443 2783 2554 2820 non
2591 2767 2782 2822 solum
2816 2769 3378 2843 interpretationem,
3408 2777 3509 2831 sed
3541 2794 3695 2832 som-

2051 2854 2235 2917 nium,
2288 2859 2364 2921 et,
2413 2855 2566 2924 quod
2621 2855 2710 2910 his
2758 2859 2950 2928 majus
3000 2866 3108 2926 est,
3171 2863 3570 2934 cogitationes.
3604 2866 3698 2921 Ait

2051 2943 2204 2997 enim
2234 2959 2246 2995 :
2283 2944 2376 3009 Tu,
2410 2959 2530 3012 rem,
2563 2946 2816 3011 coyitasti
2844 2948 2902 2999 in
2931 2951 3112 3002 stratu
3139 2952 3233 3003 tuo
3288 2951 3420 3021 quid
3445 2955 3698 3022 futurum

2051 3036 2185 3086 esset
2215 3039 2330 3102 post
2362 3037 2411 3086 te
2440 3032 2599 3103 (Dan.
2634 3049 2694 3102 ιι,
2724 3034 2838 3104 29),
2871 3044 2975 3089 etc.
3034 3037 3135 3091 Ille
3187 3038 3385 3105 etiam,
3435 3040 3535 3111 qui
3566 3041 3704 3096 licet

2058 3120 2332 3191 loquatur
2350 3119 2571 3191 lingua,
2596 3127 2790 3176 tamen
2811 3121 3179 3193 interpretari
3205 3129 3706 3199 potest,propbeta
3752 3128 3754 3130 ’

268 3217 616 3275 hominibus
649 3217 936 3286 loquitur;
960 3214 1097 3282 quia
1127 3229 1240 3267 non
1273 3214 1345 3267 ab
1379 3213 1716 3267 hominibus
1743 3211 1949 3266 intelli-
1979 3201 2021 3266 C
2063 3209 2302 3263 interior
2319 3225 2433 3263 non
2456 3213 2544 3264 est
2571 3235 2584 3276 ;
2615 3215 2672 3264 et
2694 3209 2821 3265 ideo
2845 3211 3185 3281 subjunxit:
3219 3214 3341 3270 Nisi
3365 3220 3507 3285 forte
3538 3219 3706 3271 inter-

269 3309 485 3381 gitur,
516 3306 610 3360 sed
642 3311 752 3360 Deo
785 3322 797 3370 ;
832 3303 973 3374 quia
1005 3305 1074 3356 ab
1108 3303 1236 3372 ipso
1268 3301 1744 3372 intelligitur,qui
1778 3301 1951 3355 etiam
2057 3307 2319 3369 pretetur.
2357 3299 2428 3352 Se
2457 3297 2650 3369 ipsum
2684 3299 2860 3353 etiam
2894 3299 3009 3355 illis
3066 3302 3312 3372 prmbuit
3349 3305 3705 3376 exemplum,

269 3394 541 3453 occulta
569 3392 761 3448 cordis
787 3393 962 3446 novit.
999 3391 1063 3444 Et
1085 3391 1214 3444 ideo
1243 3390 1548 3462 subjungit
1570 3408 1587 3444 :
1619 3391 1784 3444 Nemo
1805 3391 1953 3444 enim
2064 3389 2202 3440 dum
2236 3387 2573 3457 subjunxit:
2610 3392 2769 3442 Nunc
2798 3397 3000 3457 autem,
3032 3393 3251 3460 fratres,
3311 3396 3362 3448 si
3413 3411 3608 3450 venero
3639 3395 3708 3450 ad

263 3484 490 3550 audit,
525 3483 634 3538 hoc
664 3486 752 3536 est
779 3480 1055 3550 intelligit
1081 3482 1321 3550 :spizitu
1350 3485 1551 3546 autem,
1587 3480 1640 3534 id
1677 3485 1786 3549 est,
1822 3495 1954 3534 voce

267 3575 453 3636 sola,
480 3572 726 3642 loquitur
758 3571 1039 3640 mysteria.
1077 3572 1287 3622 Verum
1322 3568 1419 3638 qui
1454 3568 1951 3640 lingualoquitur,

273 3667 408 3720 Deo
426 3661 731 3730 loquitur;
764 3659 1011 3729 ideoque
1041 3656 1339 3725 adjunxit:
1363 3657 1502 3712 Nam
1531 3658 1629 3727 qui
1645 3656 1952 3728 prophetat,

271 3750 621 3808 hominibus
652 3749 892 3819 loquitur
914 3764 935 3809 ,·
966 3746 1104 3819 quia
1125 3747 1196 3800 ab
1214 3746 1556 3801 hominibus
1585 3746 1952 3819 intelligitur.

272 3841 450 3908 Quid
490 3838 667 3893 etiam
698 3837 996 3907 loquatur,
1060 3835 1397 3890 manifestat
1450 3837 1868 3904 mdiﬁcationem
1907 3839 1956 3890 et

271 3928 761 3991 exhortationem,
819 3929 870 3980 et
944 3926 1372 3979 consolationem
1430 3923 1678 3978 Multum
1740 3925 1959 3979 scilicet

270 4017 675 4072 aediﬁcantur
702 4011 992 4081 homines,
1016 4012 1154 4065 dum
1181 4010 1571 4082 quaestionum
1605 4009 1958 4064 solutionem

273 4105 590 4171 audiunt;
615 4102 856 4174 capiunt
875 4101 1053 4156 etiam
1081 4099 1636 4164 exhortationem,ut
1657 4098 1962 4168 proﬁciant

269 4198 338 4250 in
359 4193 627 4259 melius;
647 4207 920 4263 magnam
941 4187 1323 4244 nihilominus
1347 4192 1591 4242 sumunt
1612 4185 1959 4242 consolatio-

274 4300 460 4346 nem,
500 4282 646 4352 quia
677 4296 779 4352 spe
811 4280 1144 4334 futurorum
1167 4278 1450 4333 bonorum
1473 4276 1761 4348 patienter
1781 4277 1962 4348 perfe-

271 4378 434 4428 runt
473 4371 750 4426 adversa.
786 4368 949 4423 Unde
977 4367 1131 4422 idem
1164 4368 1224 4420 in
1258 4366 1504 4437 epistola
1536 4365 1604 4420 ad
1633 4367 1959 4420 Romanos:

274 4465 346 4520 Ut
402 4478 524 4534 per
583 4460 919 4530 patientiam
948 4461 998 4512 et
1062 4456 1489 4510 consolationem
1554 4455 1964 4525 Scripturarum

265 4570 446 4625 spem
486 4549 797 4604 habeamus
825 4549 999 4616 (Rom.
1033 4563 1124 4615 xv,
1159 4545 1230 4615 4).

351 4638 706 4713 Sequitur:
743 4638 850 4705 Qui
878 4637 1125 4706 loquitur
1154 4635 1364 4705 lingua,
1387 4635 1736 4704 semetipsum
1782 4633 1968 4702 aedi/i-

266 4742 390 4788 cat.
424 4731 525 4787 De
561 4728 660 4782 illo
687 4725 848 4792 dicit,
875 4724 995 4796 qui,
1030 4723 1184 4795 quod
1219 4721 1501 4793 loquitur,
1538 4721 1828 4793 intelligit.
1864 4723 1968 4789 Qui

267 4831 486 4877 autem
512 4818 830 4890 prOphetat,
859 4812 1435 4880 Ecclesiamzediﬁcat.
1460 4811 1560 4866 His
1584 4828 1815 4883 quoque
1845 4827 1967 4866 ver-

268 4912 375 4966 bis
414 4906 702 4965 ostendit
731 4903 986 4958 multum
1022 4902 1258 4972 quidem
1291 4901 1510 4955 distare
1540 4900 1968 4972 interlinguam

270 5005 337 5055 et
371 4993 799 5070 prophetiam,
826 4995 1053 5046 tantum
1077 4989 1342 5044 videlicet
1365 4989 1969 5060 interesse,quantum

272 5089 486 5144 refert
509 5082 928 5140 intersalutem
946 5080 1208 5143 unius,et
1222 5078 1692 5145 multorum,imo
1708 5079 1972 5132 omnium

267 5172 816 5244 Verumquiaipse
829 5168 1100 5242 superius
1113 5167 1358 5238 gratiam
1376 5166 1707 5238 linguarum
1721 5166 1872 5222 inter
1886 5185 1976 5222 va-

269 5267 592 5323 rietatem
611 5262 898 5317 donorum
913 5256 1344 5323 annumeravit;
1361 5255 1490 5310 ideo
1504 5257 1977 5313 condescendens

269 5349 727 5412 conceditillis
760 5349 920 5418 loqui
950 5347 1191 5418 linguis,
1225 5344 1424 5398 dicens
1451 5362 1463 5399 :
1503 5345 1622 5400 Volo
1654 5349 1840 5400 autem
1888 5363 1978 5402 vos

268 5458 503 5501 omnes
520 5432 1612 5510 loqutlinguis.Etutbocminusdonum
1628 5434 1978 5498 ostenderet,

271 5530 591 5590 addidit:
621 5529 798 5599 Magis
815 5522 1371 5596 autemprophetare;
1396 5521 1566 5593 quasi
1596 5523 1811 5580 diceret
1839 5541 1851 5582 :
1886 5523 1980 5580 Sic

356 5654 554 5740 (643)
584 5654 647 5710 In
678 5656 874 5728 autog.
907 5664 1094 5724 marg,
1113 5647 1206 5706 hic
1226 5645 1442 5721 logitur
1477 5661 1604 5724 cap.
1638 5647 1802 5706 LXII.

2065 3492 2154 3530 vos
2186 3477 2392 3547 tinguis
2423 3477 2664 3548 laqueus,
2697 3482 2803 3532 etc.
2837 3520 2854 3544 ,
2884 3481 3051 3550 quasi
3083 3481 3321 3536 diceret.
3367 3483 3428 3538 In
3462 3501 3555 3539 me
3584 3485 3706 3540 dis-

2064 3568 2173 3620 cite
2205 3566 2558 3636 exemplum,
2595 3567 2750 3636 quia,
2787 3568 2833 3622 si
2866 3585 3074 3624 venero
3101 3571 3168 3625 ad
3207 3588 3305 3627 vos
3344 3572 3562 3644 ignotis
3593 3573 3707 3630 lin-

2064 3655 2195 3727 guis
2226 3655 2489 3726 loquens,
2538 3655 2682 3710 nihil
2714 3657 2876 3712 vobis
2925 3659 3190 3729 prodere,
3231 3660 3568 3734 nulliusque
3615 3680 3712 3719 ero

2065 3744 2484 3811 azdiﬁcationis,
2520 3745 2628 3799 nisi
2664 3751 2764 3800 aut
2798 3748 3109 3818 prOphetas
3165 3752 3329 3806 vobis
3361 3768 3706 3824 exposuero,

2066 3837 2168 3886 aut
2199 3832 2442 3886 moralia
2473 3833 2741 3899 docuero,
2768 3839 2868 3887 aut
2889 3834 3086 3906 aliqua
3107 3838 3333 3892 occulta
3357 3840 3700 3896 revelavero.

2069 3920 2134 3972 Et
2163 3920 2271 3974 hoc
2301 3925 2390 3974 est
2422 3922 2574 3989 quod
2611 3921 2788 3975 dicit:
2820 3924 2947 3978 Nisi
2997 3925 3189 3995 loquar
3243 3931 3339 3980 aut
3394 3931 3455 3982 in
3501 3930 3719 3982 revela-

2069 4009 2238 4077 tione,
2284 4017 2380 4062 aut
2420 4009 2675 4075 scicntia,
2727 4015 2836 4064 etc.
2869 4013 2974 4065 Sed
3027 4012 3145 4066 haec
3193 4015 3392 4068 omnia
3423 4017 3492 4068 ad
3528 4032 3713 4070 unum

2070 4097 2396 4168 proiectura
2430 4096 2782 4164 referuntur,
2808 4100 3086 4169 quoniam
3112 4099 3206 4156 ille
3229 4101 3395 4156 docet
3420 4103 3520 4173 qui
3544 4103 3714 4158 intel-

2068 4185 2218 4256 ligit,
2250 4191 2308 4240 et
2338 4183 2434 4239 ille
2466 4185 2775 4256 prophetat
2807 4187 2905 4258 qui
2966 4188 3180 4244 revelat
3237 4193 3549 4263 mysteria:
3586 4209 3714 4264 quae

2070 4274 2199 4329 ideo
2232 4273 2372 4346 agit,
2408 4275 2546 4344 quia
2577 4274 2880 4331 scientiam
2916 4277 3111 4334 habet.

2143 4363 2458 4434 Postquam
2483 4380 2543 4418 se
2563 4363 2808 4435 prmbuit
2830 4367 3457 4440 exemplnm,adjunxit
3481 4376 3537 4427 et
3559 4372 3718 4427 aliud

2074 4453 2144 4507 de
2167 4452 2664 4508 irrationabilibus
2683 4471 2748 4508 ac
2772 4454 3236 4512 insensibilibus.
3269 4459 3718 4532 Tamen,inquit,

2000 4567 2041 4630 Ι)
2073 4557 2199 4613 quae
2225 4543 2345 4596 sine
2373 4543 2565 4596 anima
2595 4552 2724 4598 sunt
2757 4560 2934 4598 vocem
2963 4545 3186 4612 (lautia,
3241 4552 3350 4601 etc.
3411 4553 3487 4603 Ac
3510 4548 3558 4603 si
3591 4547 3723 4605 aliis

2077 4632 2268 4686 verbis
2298 4631 2550 4686 diceret:
2588 4632 2646 4686 Si
2681 4634 2836 4701 tibia,
2900 4639 3000 4687 aut
3054 4635 3294 4703 cithara,
3355 4641 3457 4692 aut
3500 4636 3723 4710 aliquid

2078 4721 2214 4785 tale,
2241 4737 2352 4775 non
2378 4721 2744 4784 distinctum,
2779 4723 2877 4775 sed
2911 4723 3220 4779 confusum
3246 4725 3468 4781 dederit
3488 4744 3722 4798 sonum,

2080 4810 2298 4864 nullius
2329 4815 2502 4864 erunt
2535 4809 2826 4875 utilitatis,
2859 4813 2997 4882 quia
3027 4830 3198 4869 aures
3232 4832 3345 4870 non
3388 4816 3724 4872 demulcent

2082 4897 2468 4954 audientium.
2504 4896 2682 4951 Multo
2717 4901 2902 4968 magis
2932 4918 3033 4956 vos
3056 4902 3278 4959 nullius
3297 4906 3461 4961 eritis
3481 4905 3725 4978 aediﬁca-

2083 4987 2278 5052 tionis,
2313 4990 2413 5040 aut
2446 4985 2751 5054 utilitatis;
2787 4988 2900 5043 nisi
2933 4991 3012 5044 ita
3041 4991 3388 5064 loquamini,
3423 4998 3486 5048 ut
3518 4989 3725 5045 intelli-

2084 5076 2323 5149 gamini.
2359 5077 2666 5146 Sequitur:
2727 5077 2937 5132 Etenim
2996 5082 3047 5135 si
3098 5083 3367 5136 incertam
3423 5095 3604 5135 vocem
3632 5077 3724 5134 det

2086 5167 2232 5231 tuba,
2253 5170 2360 5219 etc.
2384 5162 2530 5220 Nota
2552 5165 2692 5236 quia
2712 5165 2994 5222 incertam
3020 5169 3467 5241 dicit,quoniam
3489 5167 3729 5239 quidem

2086 5255 2261 5309 variis
2276 5253 2463 5308 modis
2483 5253 2635 5308 soliti
2655 5260 2821 5310 erant
2837 5257 3103 5312 homines
3123 5258 3278 5312 tubis
3299 5271 3504 5310 canere
3529 5272 3730 5312 :cane-

2089 5344 2229 5397 bant
2261 5341 2438 5412 enim,
2462 5347 2526 5397 ut
2547 5343 2940 5400 incitarentad
2964 5344 3331 5410 bellum,sive
3355 5348 3417 5398 ut
3439 5350 3734 5400 moverent

2089 5435 2300 5498 castra,
2331 5430 2419 5486 vel
2449 5432 2720 5503 ﬁgerent:
2756 5435 2911 5504 quod
2972 5435 3333 5488 monstratur
3377 5437 3435 5488 et
3495 5434 3551 5488 in
3581 5434 3730 5491 libro

2093 5519 2363 5593 Levitico,
2389 5525 2446 5578 et
2465 5521 2603 5578 Jesu
2625 5521 2800 5588 Nave,
2826 5525 3002 5596 atque
3023 5519 3650 5595 Machabmorum,sive
3671 5523 3732 5584 in
