  <div class='ocr_page' id='page_1' title='image "/cluster/home/n/w/nwhite01/storage/ocr_20150623/134/hvd.32044023361702/201.png"; bbox 0 0 4070 6168; ppageno 0'>
   <div class='ocr_carea' id='block_1_1' title="bbox 372 310 485 374">
    <p class='ocr_par' dir='ltr' id='par_1_1' title="bbox 372 310 485 374">
     <span class='ocr_line' id='line_1_1' title="bbox 372 310 485 374; baseline -0.027 -1"><span class='ocrx_word' id='word_1_1' title='bbox 372 310 485 374; x_wconf 83' lang='grc'>391</span> 
     </span>
    </p>
   </div>
   <div class='ocr_carea' id='block_1_2' title="bbox 1388 302 2757 368">
    <p class='ocr_par' dir='ltr' id='par_1_2' title="bbox 1388 302 2757 368">
     <span class='ocr_line' id='line_1_2' title="bbox 1388 302 2757 368; baseline -0.001 -1"><span class='ocrx_word' id='word_1_2' title='bbox 1388 306 1727 368; x_wconf 82' lang='lat' dir='ltr'>ATTONIS</span> <span class='ocrx_word' id='word_1_3' title='bbox 1776 302 2231 366; x_wconf 77' lang='lat' dir='ltr'>VERGELLEN</span> <span class='ocrx_word' id='word_1_4' title='bbox 2242 303 2359 364; x_wconf 91' lang='lat' dir='ltr'>SIS</span> <span class='ocrx_word' id='word_1_5' title='bbox 2404 302 2757 366; x_wconf 82' lang='lat' dir='ltr'>EPISCOPI</span> 
     </span>
    </p>
   </div>
   <div class='ocr_carea' id='block_1_3' title="bbox 3655 303 3773 365">
    <p class='ocr_par' dir='ltr' id='par_1_3' title="bbox 3655 303 3773 365">
     <span class='ocr_line' id='line_1_3' title="bbox 3655 303 3773 365; baseline 0 0"><span class='ocrx_word' id='word_1_6' title='bbox 3655 303 3773 365; x_wconf 77' lang='lat'>392</span> 
     </span>
    </p>
   </div>
   <div class='ocr_carea' id='block_1_4' title="bbox 376 435 3780 510">
    <p class='ocr_par' dir='ltr' id='par_1_4' title="bbox 376 435 3780 510">
     <span class='ocr_line' id='line_1_4' title="bbox 376 435 3780 510; baseline -0.002 -11"><span class='ocrx_word' id='word_1_7' title='bbox 376 443 541 499; x_wconf 91' lang='lat' dir='ltr'>mitio</span> <span class='ocrx_word' id='word_1_8' title='bbox 599 441 819 497; x_wconf 84' lang='lat' dir='ltr'>mensis</span> <span class='ocrx_word' id='word_1_9' title='bbox 872 444 929 496; x_wconf 91' lang='lat' dir='ltr'>et</span> <span class='ocrx_word' id='word_1_10' title='bbox 980 439 1406 507; x_wconf 88' lang='lat' dir='ltr'>solemnitatis;</span> <span class='ocrx_word' id='word_1_11' title='bbox 1468 439 1622 494; x_wconf 89' lang='lat' dir='ltr'>unde</span> <span class='ocrx_word' id='word_1_12' title='bbox 1688 436 2019 494; x_wconf 77' lang='lat' dir='ltr'>Psalmista.</span> <span class='ocrx_word' id='word_1_13' title='bbox 2052 438 2105 504; x_wconf 79' lang='grc' dir='ltr'>Α</span> <span class='ocrx_word' id='word_1_14' title='bbox 2137 440 2363 508; x_wconf 90' lang='lat' dir='ltr'>poterat</span> <span class='ocrx_word' id='word_1_15' title='bbox 2384 436 2538 493; x_wconf 90' lang='lat' dir='ltr'>idem</span> <span class='ocrx_word' id='word_1_16' title='bbox 2568 436 2881 509; x_wconf 83' lang='lat' dir='ltr'>Apostolus</span> <span class='ocrx_word' id='word_1_17' title='bbox 2934 436 3111 494; x_wconf 90' lang='lat' dir='ltr'>variis</span> <span class='ocrx_word' id='word_1_18' title='bbox 3162 435 3381 510; x_wconf 81' lang='lat' dir='ltr'>linguis</span> <span class='ocrx_word' id='word_1_19' title='bbox 3437 435 3621 508; x_wconf 87' lang='lat' dir='ltr'>loqui,</span> <span class='ocrx_word' id='word_1_20' title='bbox 3653 439 3780 493; x_wconf 86' lang='lat' dir='ltr'>tam</span> 
     </span>
    </p>
   </div>
   <div class='ocr_carea' id='block_1_5' title="bbox 376 527 2021 603">
    <p class='ocr_par' dir='ltr' id='par_1_5' title="bbox 376 527 2021 603">
     <span class='ocr_line' id='line_1_5' title="bbox 376 527 2021 603; baseline -0.005 -14"><span class='ocrx_word' id='word_1_21' title='bbox 376 533 582 603; x_wconf 77' lang='lat' dir='ltr'>Canite,</span> <span class='ocrx_word' id='word_1_22' title='bbox 614 532 895 603; x_wconf 90' lang='lat' dir='ltr'>inquit,in</span> <span class='ocrx_word' id='word_1_23' title='bbox 920 531 1082 585; x_wconf 85' lang='lat' dir='ltr'>initio</span> <span class='ocrx_word' id='word_1_24' title='bbox 1099 531 1300 585; x_wconf 89' lang='lat' dir='ltr'>mensis</span> <span class='ocrx_word' id='word_1_25' title='bbox 1323 529 1452 584; x_wconf 88' lang='lat' dir='ltr'>tuba</span> <span class='ocrx_word' id='word_1_26' title='bbox 1477 529 1646 600; x_wconf 71' lang='grc'>(644),</span> <span class='ocrx_word' id='word_1_27' title='bbox 1676 532 1788 583; x_wconf 87' lang='lat' dir='ltr'><strong>etc.</strong></span> <span class='ocrx_word' id='word_1_28' title='bbox 1830 527 1899 581; x_wconf 90' lang='lat' dir='ltr'>Et</span> <span class='ocrx_word' id='word_1_29' title='bbox 1929 531 2021 582; x_wconf 87' lang='lat' dir='ltr'>est</span> 
     </span>
    </p>
   </div>
   <div class='ocr_carea' id='block_1_6' title="bbox 377 615 2015 690">
    <p class='ocr_par' dir='ltr' id='par_1_6' title="bbox 377 615 2015 690">
     <span class='ocr_line' id='line_1_6' title="bbox 377 615 2015 690; baseline -0.005 -12"><span class='ocrx_word' id='word_1_30' title='bbox 377 634 613 678; x_wconf 82' lang='lat' dir='ltr'>sensus:</span> <span class='ocrx_word' id='word_1_31' title='bbox 638 620 801 676; x_wconf 85' lang='lat' dir='ltr'>Sicut</span> <span class='ocrx_word' id='word_1_32' title='bbox 820 619 1121 690; x_wconf 89' lang='lat' dir='ltr'>enim,nisi</span> <span class='ocrx_word' id='word_1_33' title='bbox 1142 619 1286 673; x_wconf 89' lang='lat' dir='ltr'>tuba</span> <span class='ocrx_word' id='word_1_34' title='bbox 1298 622 1517 674; x_wconf 89' lang='lat' dir='ltr'>certam</span> <span class='ocrx_word' id='word_1_35' title='bbox 1537 615 1672 672; x_wconf 88' lang='lat' dir='ltr'>belli</span> <span class='ocrx_word' id='word_1_36' title='bbox 1688 617 2015 683; x_wconf 87' lang='lat' dir='ltr'>detvocem,</span> 
     </span>
    </p>
   </div>
   <div class='ocr_carea' id='block_1_7' title="bbox 377 704 2021 781">
    <p class='ocr_par' dir='ltr' id='par_1_7' title="bbox 377 704 2021 781">
     <span class='ocr_line' id='line_1_7' title="bbox 377 704 2021 781; baseline -0.004 -15"><span class='ocrx_word' id='word_1_37' title='bbox 377 726 546 767; x_wconf 88' lang='lat' dir='ltr'>nemo</span> <span class='ocrx_word' id='word_1_38' title='bbox 576 727 638 766; x_wconf 88' lang='lat' dir='ltr'>se</span> <span class='ocrx_word' id='word_1_39' title='bbox 670 714 955 781; x_wconf 78' lang='lat' dir='ltr'>praeparat</span> <span class='ocrx_word' id='word_1_40' title='bbox 975 708 1045 763; x_wconf 90' lang='lat' dir='ltr'>ad</span> <span class='ocrx_word' id='word_1_41' title='bbox 1074 707 1291 763; x_wconf 91' lang='lat' dir='ltr'>bellum</span> <span class='ocrx_word' id='word_1_42' title='bbox 1320 725 1335 775; x_wconf 88' lang='lat'><strong>;</strong></span> <span class='ocrx_word' id='word_1_43' title='bbox 1360 707 1442 762; x_wconf 93' lang='lat' dir='ltr'>sic</span> <span class='ocrx_word' id='word_1_44' title='bbox 1465 711 1521 761; x_wconf 88' lang='lat' dir='ltr'>et</span> <span class='ocrx_word' id='word_1_45' title='bbox 1550 705 1712 760; x_wconf 87' lang='lat' dir='ltr'>vobis</span> <span class='ocrx_word' id='word_1_46' title='bbox 1736 704 2021 776; x_wconf 89' lang='lat' dir='ltr'>loquenti-</span> 
     </span>
    </p>
   </div>
   <div class='ocr_carea' id='block_1_8' title="bbox 374 794 2019 869">
    <p class='ocr_par' dir='ltr' id='par_1_8' title="bbox 374 794 2019 869">
     <span class='ocr_line' id='line_1_8' title="bbox 374 794 2019 869; baseline -0.004 -14"><span class='ocrx_word' id='word_1_47' title='bbox 374 801 509 867; x_wconf 85' lang='lat' dir='ltr'>bus,</span> <span class='ocrx_word' id='word_1_48' title='bbox 542 799 656 854; x_wconf 92' lang='lat' dir='ltr'>nisi</span> <span class='ocrx_word' id='word_1_49' title='bbox 687 798 768 853; x_wconf 90' lang='lat' dir='ltr'>ita</span> <span class='ocrx_word' id='word_1_50' title='bbox 801 796 1144 869; x_wconf 84' lang='lat' dir='ltr'>loquamini,</span> <span class='ocrx_word' id='word_1_51' title='bbox 1177 800 1242 851; x_wconf 93' lang='lat' dir='ltr'>ut</span> <span class='ocrx_word' id='word_1_52' title='bbox 1271 794 1705 867; x_wconf 89' lang='lat' dir='ltr'>intelligamini,</span> <span class='ocrx_word' id='word_1_53' title='bbox 1755 810 1925 848; x_wconf 91' lang='lat' dir='ltr'>nemo</span> <span class='ocrx_word' id='word_1_54' title='bbox 1958 809 2019 849; x_wconf 89' lang='lat' dir='ltr'>se</span> 
     </span>
    </p>
   </div>
   <div class='ocr_carea' id='block_1_9' title="bbox 376 881 2014 961">
    <p class='ocr_par' dir='ltr' id='par_1_9' title="bbox 376 881 2014 961">
     <span class='ocr_line' id='line_1_9' title="bbox 376 881 2014 961; baseline -0.003 -19"><span class='ocrx_word' id='word_1_55' title='bbox 376 891 663 961; x_wconf 71' lang='lat' dir='ltr'>praeparat</span> <span class='ocrx_word' id='word_1_56' title='bbox 684 887 753 941; x_wconf 91' lang='lat' dir='ltr'>ad</span> <span class='ocrx_word' id='word_1_57' title='bbox 770 884 1027 957; x_wconf 92' lang='lat' dir='ltr'>spiritale</span> <span class='ocrx_word' id='word_1_58' title='bbox 1039 884 1436 940; x_wconf 87' lang='lat' dir='ltr'>certamen.Et</span> <span class='ocrx_word' id='word_1_59' title='bbox 1454 883 1563 939; x_wconf 90' lang='lat' dir='ltr'>hoc</span> <span class='ocrx_word' id='word_1_60' title='bbox 1578 888 1664 938; x_wconf 88' lang='lat' dir='ltr'>est</span> <span class='ocrx_word' id='word_1_61' title='bbox 1677 883 1831 953; x_wconf 88' lang='lat' dir='ltr'>quod</span> <span class='ocrx_word' id='word_1_62' title='bbox 1847 881 2014 937; x_wconf 82' lang='lat' dir='ltr'>dicit:</span> 
     </span>
    </p>
   </div>
   <div class='ocr_carea' id='block_1_10' title="bbox 378 978 813 1043">
    <p class='ocr_par' dir='ltr' id='par_1_10' title="bbox 378 978 813 1043">
     <span class='ocr_line' id='line_1_10' title="bbox 378 978 813 1043; baseline -0.009 -11"><span class='ocrx_word' id='word_1_63' title='bbox 378 978 464 1032; x_wconf 87' lang='lat' dir='ltr'>Ita</span> <span class='ocrx_word' id='word_1_64' title='bbox 491 980 543 1032; x_wconf 87' lang='lat' dir='ltr'>et</span> <span class='ocrx_word' id='word_1_65' title='bbox 569 991 678 1043; x_wconf 88' lang='lat' dir='ltr'>vos,</span> <span class='ocrx_word' id='word_1_66' title='bbox 709 980 813 1029; x_wconf 85' lang='lat' dir='ltr'>etc.</span> 
     </span>
    </p>
   </div>
   <div class='ocr_carea' id='block_1_11' title="bbox 449 1058 2019 1136">
    <p class='ocr_par' dir='ltr' id='par_1_11' title="bbox 449 1058 2019 1136">
     <span class='ocr_line' id='line_1_11' title="bbox 449 1058 2019 1136; baseline -0.005 -15"><span class='ocrx_word' id='word_1_67' title='bbox 449 1063 958 1136; x_wconf 82' lang='lat' dir='ltr'>SequiturzEritis</span> <span class='ocrx_word' id='word_1_68' title='bbox 988 1062 1138 1117; x_wconf 86' lang='lat' dir='ltr'>enim</span> <span class='ocrx_word' id='word_1_69' title='bbox 1199 1064 1259 1116; x_wconf 90' lang='lat' dir='ltr'>in</span> <span class='ocrx_word' id='word_1_70' title='bbox 1305 1078 1434 1116; x_wconf 87' lang='lat' dir='ltr'>aere</span> <span class='ocrx_word' id='word_1_71' title='bbox 1490 1061 1788 1132; x_wconf 75' lang='lat' dir='ltr'>loquentes,</span> <span class='ocrx_word' id='word_1_72' title='bbox 1818 1058 1875 1114; x_wconf 90' lang='lat' dir='ltr'>id</span> <span class='ocrx_word' id='word_1_73' title='bbox 1909 1063 2019 1123; x_wconf 89' lang='lat' dir='ltr'>est,</span> 
     </span>
    </p>
   </div>
   <div class='ocr_carea' id='block_1_12' title="bbox 380 1149 2023 1225">
    <p class='ocr_par' dir='ltr' id='par_1_12' title="bbox 380 1149 2023 1225">
     <span class='ocr_line' id='line_1_12' title="bbox 380 1149 2023 1225; baseline -0.003 -18"><span class='ocrx_word' id='word_1_74' title='bbox 380 1153 545 1225; x_wconf 89' lang='lat' dir='ltr'>quasi</span> <span class='ocrx_word' id='word_1_75' title='bbox 570 1156 736 1207; x_wconf 92' lang='lat' dir='ltr'>vento</span> <span class='ocrx_word' id='word_1_76' title='bbox 757 1151 945 1206; x_wconf 85' lang='lat' dir='ltr'>inﬂati</span> <span class='ocrx_word' id='word_1_77' title='bbox 968 1167 1167 1205; x_wconf 92' lang='lat' dir='ltr'>vocem</span> <span class='ocrx_word' id='word_1_78' title='bbox 1190 1150 1548 1205; x_wconf 88' lang='lat' dir='ltr'>emittentes.</span> <span class='ocrx_word' id='word_1_79' title='bbox 1570 1149 1875 1220; x_wconf 81' lang='lat' dir='ltr'>Sequitur:</span> <span class='ocrx_word' id='word_1_80' title='bbox 1897 1149 2023 1203; x_wconf 89' lang='lat' dir='ltr'>Tam</span> 
     </span>
    </p>
   </div>
   <div class='ocr_carea' id='block_1_13' title="bbox 376 1238 2017 1313">
    <p class='ocr_par' dir='ltr' id='par_1_13' title="bbox 376 1238 2017 1313">
     <span class='ocr_line' id='line_1_13' title="bbox 376 1238 2017 1313; baseline -0.003 -17"><span class='ocrx_word' id='word_1_81' title='bbox 376 1243 570 1308; x_wconf 90' lang='lat' dir='ltr'>multa,</span> <span class='ocrx_word' id='word_1_82' title='bbox 596 1245 659 1295; x_wconf 87' lang='lat' dir='ltr'>ut</span> <span class='ocrx_word' id='word_1_83' title='bbox 675 1244 831 1313; x_wconf 89' lang='lat' dir='ltr'>puta,</span> <span class='ocrx_word' id='word_1_84' title='bbox 854 1256 1063 1312; x_wconf 87' lang='lat' dir='ltr'>genera</span> <span class='ocrx_word' id='word_1_85' title='bbox 1086 1239 1435 1309; x_wconf 82' lang='lat' dir='ltr'>linguarum,</span> <span class='ocrx_word' id='word_1_86' title='bbox 1459 1243 1566 1294; x_wconf 89' lang='lat' dir='ltr'>etc.</span> <span class='ocrx_word' id='word_1_87' title='bbox 1592 1238 1759 1293; x_wconf 89' lang='lat' dir='ltr'>Etest</span> <span class='ocrx_word' id='word_1_88' title='bbox 1775 1253 2017 1293; x_wconf 89' lang='lat' dir='ltr'>sensus:</span> 
     </span>
    </p>
   </div>
   <div class='ocr_carea' id='block_1_14' title="bbox 378 1324 2020 1399">
    <p class='ocr_par' dir='ltr' id='par_1_14' title="bbox 378 1324 2020 1399">
     <span class='ocr_line' id='line_1_14' title="bbox 378 1324 2020 1399; baseline -0.004 -13"><span class='ocrx_word' id='word_1_89' title='bbox 378 1330 437 1386; x_wconf 90' lang='lat' dir='ltr'>Si</span> <span class='ocrx_word' id='word_1_90' title='bbox 452 1329 626 1385; x_wconf 90' lang='lat' dir='ltr'>etiam</span> <span class='ocrx_word' id='word_1_91' title='bbox 643 1328 918 1383; x_wconf 89' lang='lat' dir='ltr'>omnibus</span> <span class='ocrx_word' id='word_1_92' title='bbox 932 1327 1245 1399; x_wconf 84' lang='lat' dir='ltr'>generibus</span> <span class='ocrx_word' id='word_1_93' title='bbox 1259 1325 1596 1399; x_wconf 84' lang='lat' dir='ltr'>linguarum</span> <span class='ocrx_word' id='word_1_94' title='bbox 1612 1324 2020 1397; x_wconf 89' lang='lat' dir='ltr'>loqueremini,</span> 
     </span>
    </p>
   </div>
   <div class='ocr_carea' id='block_1_15' title="bbox 377 1414 2018 1490">
    <p class='ocr_par' dir='ltr' id='par_1_15' title="bbox 377 1414 2018 1490">
     <span class='ocr_line' id='line_1_15' title="bbox 377 1414 2018 1490; baseline -0.003 -17"><span class='ocrx_word' id='word_1_95' title='bbox 377 1417 525 1473; x_wconf 86' lang='lat' dir='ltr'>nihil</span> <span class='ocrx_word' id='word_1_96' title='bbox 546 1418 849 1490; x_wconf 85' lang='lat' dir='ltr'>prodesset</span> <span class='ocrx_word' id='word_1_97' title='bbox 869 1416 1052 1486; x_wconf 88' lang='lat' dir='ltr'>vobis,</span> <span class='ocrx_word' id='word_1_98' title='bbox 1078 1415 1193 1470; x_wconf 90' lang='lat' dir='ltr'>nisi</span> <span class='ocrx_word' id='word_1_99' title='bbox 1214 1414 2018 1488; x_wconf 88' lang='lat' dir='ltr'>intelligeremini.Sequitur:</span> 
     </span>
    </p>
   </div>
   <div class='ocr_carea' id='block_1_16' title="bbox 377 1503 2020 1576">
    <p class='ocr_par' dir='ltr' id='par_1_16' title="bbox 377 1503 2020 1576">
     <span class='ocr_line' id='line_1_16' title="bbox 377 1503 2020 1576; baseline -0.005 -13"><span class='ocrx_word' id='word_1_100' title='bbox 377 1507 441 1563; x_wconf 87' lang='lat' dir='ltr'>Si</span> <span class='ocrx_word' id='word_1_101' title='bbox 458 1523 585 1576; x_wconf 87' lang='lat' dir='ltr'>ergo</span> <span class='ocrx_word' id='word_1_102' title='bbox 605 1508 849 1561; x_wconf 89' lang='lat' dir='ltr'>nesciero</span> <span class='ocrx_word' id='word_1_103' title='bbox 864 1506 1128 1559; x_wconf 86' lang='lat' dir='ltr'>virtutem</span> <span class='ocrx_word' id='word_1_104' title='bbox 1147 1506 1319 1571; x_wconf 82' lang='lat' dir='ltr'>vocis,</span> <span class='ocrx_word' id='word_1_105' title='bbox 1338 1509 1445 1560; x_wconf 85' lang='lat' dir='ltr'>etc.</span> <span class='ocrx_word' id='word_1_106' title='bbox 1470 1504 1688 1560; x_wconf 90' lang='lat' dir='ltr'>Verum</span> <span class='ocrx_word' id='word_1_107' title='bbox 1710 1507 1800 1559; x_wconf 89' lang='lat' dir='ltr'>est</span> <span class='ocrx_word' id='word_1_108' title='bbox 1824 1521 1835 1558; x_wconf 95' lang='lat'>:</span> <span class='ocrx_word' id='word_1_109' title='bbox 1858 1503 2020 1574; x_wconf 90' lang='lat' dir='ltr'>quia,</span> 
     </span>
    </p>
   </div>
   <div class='ocr_carea' id='block_1_17' title="bbox 302 1590 2020 1668">
    <p class='ocr_par' dir='ltr' id='par_1_17' title="bbox 302 1590 2020 1668">
     <span class='ocr_line' id='line_1_17' title="bbox 302 1590 2020 1668; baseline -0.003 -18"><span class='ocrx_word' id='word_1_110' title='bbox 302 1614 310 1622; x_wconf 95' lang='grc'><strong>·</strong></span> <span class='ocrx_word' id='word_1_111' title='bbox 378 1596 429 1651; x_wconf 88' lang='lat' dir='ltr'>si</span> <span class='ocrx_word' id='word_1_112' title='bbox 456 1596 657 1668; x_wconf 88' lang='lat' dir='ltr'>ignota</span> <span class='ocrx_word' id='word_1_113' title='bbox 678 1592 939 1665; x_wconf 90' lang='lat' dir='ltr'>qualibet</span> <span class='ocrx_word' id='word_1_114' title='bbox 965 1592 1169 1664; x_wconf 80' lang='lat' dir='ltr'>lingua</span> <span class='ocrx_word' id='word_1_115' title='bbox 1201 1592 1305 1647; x_wconf 86' lang='lat' dir='ltr'>tibi</span> <span class='ocrx_word' id='word_1_116' title='bbox 1336 1592 1635 1664; x_wconf 90' lang='lat' dir='ltr'>loquatur,</span> <span class='ocrx_word' id='word_1_117' title='bbox 1660 1596 1717 1647; x_wconf 91' lang='lat' dir='ltr'>et</span> <span class='ocrx_word' id='word_1_118' title='bbox 1740 1591 1866 1663; x_wconf 90' lang='lat' dir='ltr'>ipse</span> <span class='ocrx_word' id='word_1_119' title='bbox 1892 1590 2020 1657; x_wconf 87' lang='lat' dir='ltr'>tibi,</span> 
     </span>
    </p>
   </div>
   <div class='ocr_carea' id='block_1_18' title="bbox 377 1679 2021 1749">
    <p class='ocr_par' dir='ltr' id='par_1_18' title="bbox 377 1679 2021 1749">
     <span class='ocr_line' id='line_1_18' title="bbox 377 1679 2021 1749; baseline -0.002 -11"><span class='ocrx_word' id='word_1_120' title='bbox 377 1687 435 1738; x_wconf 89' lang='lat' dir='ltr'>et</span> <span class='ocrx_word' id='word_1_121' title='bbox 466 1687 526 1737; x_wconf 90' lang='lat' dir='ltr'>tu</span> <span class='ocrx_word' id='word_1_122' title='bbox 562 1681 643 1735; x_wconf 90' lang='lat' dir='ltr'>illi</span> <span class='ocrx_word' id='word_1_123' title='bbox 676 1682 964 1737; x_wconf 88' lang='lat' dir='ltr'>barbarus.</span> <span class='ocrx_word' id='word_1_124' title='bbox 996 1680 1063 1735; x_wconf 91' lang='lat' dir='ltr'>Et</span> <span class='ocrx_word' id='word_1_125' title='bbox 1092 1685 1180 1736; x_wconf 92' lang='lat' dir='ltr'>est</span> <span class='ocrx_word' id='word_1_126' title='bbox 1210 1698 1450 1736; x_wconf 89' lang='lat' dir='ltr'>sensus:</span> <span class='ocrx_word' id='word_1_127' title='bbox 1476 1680 1519 1736; x_wconf 91' lang='grc' dir='ltr'>Ο</span> <span class='ocrx_word' id='word_1_128' title='bbox 1564 1679 1872 1749; x_wconf 89' lang='lat' dir='ltr'>Corinthii,</span> <span class='ocrx_word' id='word_1_129' title='bbox 1905 1695 2021 1734; x_wconf 90' lang='lat' dir='ltr'>non</span> 
     </span>
    </p>
   </div>
   <div class='ocr_carea' id='block_1_19' title="bbox 378 1768 2101 1865">
    <p class='ocr_par' dir='ltr' id='par_1_19' title="bbox 378 1768 2101 1865">
     <span class='ocr_line' id='line_1_19' title="bbox 378 1768 2101 1865; baseline -0.003 -37"><span class='ocrx_word' id='word_1_130' title='bbox 378 1771 734 1865; x_wconf 81' lang='lat' dir='ltr'>studendum</span> <span class='ocrx_word' id='word_1_131' title='bbox 765 1775 852 1865; x_wconf 78' lang='lat' dir='ltr'>est</span> <span class='ocrx_word' id='word_1_132' title='bbox 872 1768 1661 1865; x_wconf 56' lang='lat' dir='ltr'>linguis,u_tignot_islinguis</span> <span class='ocrx_word' id='word_1_133' title='bbox 1684 1769 2017 1865; x_wconf 74' lang='lat' dir='ltr'>loquentes,</span> <span class='ocrx_word' id='word_1_134' title='bbox 2056 1801 2101 1865; x_wconf 76' lang='grc' dir='ltr'><strong>Β</strong></span> 
     </span>
    </p>
   </div>
   <div class='ocr_carea' id='block_1_20' title="bbox 378 1856 2026 1930">
    <p class='ocr_par' dir='ltr' id='par_1_20' title="bbox 378 1856 2026 1930">
     <span class='ocr_line' id='line_1_20' title="bbox 378 1856 2026 1930; baseline -0.003 -15"><span class='ocrx_word' id='word_1_135' title='bbox 378 1860 626 1916; x_wconf 88' lang='lat' dir='ltr'>invicem</span> <span class='ocrx_word' id='word_1_136' title='bbox 658 1859 887 1914; x_wconf 89' lang='lat' dir='ltr'>barbari</span> <span class='ocrx_word' id='word_1_137' title='bbox 919 1857 1256 1928; x_wconf 81' lang='lat' dir='ltr'>videamini,</span> <span class='ocrx_word' id='word_1_138' title='bbox 1286 1858 1385 1913; x_wconf 91' lang='lat' dir='ltr'>sed</span> <span class='ocrx_word' id='word_1_139' title='bbox 1417 1856 1612 1930; x_wconf 91' lang='lat' dir='ltr'>potius</span> <span class='ocrx_word' id='word_1_140' title='bbox 1650 1857 2026 1921; x_wconf 89' lang='lat' dir='ltr'>charitati,ut</span> 
     </span>
    </p>
   </div>
   <div class='ocr_carea' id='block_1_21' title="bbox 380 1946 2023 2018">
    <p class='ocr_par' dir='ltr' id='par_1_21' title="bbox 380 1946 2023 2018">
     <span class='ocr_line' id='line_1_21' title="bbox 380 1946 2023 2018; baseline -0.003 -13"><span class='ocrx_word' id='word_1_141' title='bbox 380 1950 439 2005; x_wconf 90' lang='lat' dir='ltr'>in</span> <span class='ocrx_word' id='word_1_142' title='bbox 464 1949 760 2005; x_wconf 90' lang='lat' dir='ltr'>communi</span> <span class='ocrx_word' id='word_1_143' title='bbox 779 1946 1074 2003; x_wconf 88' lang='lat' dir='ltr'>intellectu</span> <span class='ocrx_word' id='word_1_144' title='bbox 1096 1946 1393 2002; x_wconf 68' lang='lat' dir='ltr'>laetemini.</span> <span class='ocrx_word' id='word_1_145' title='bbox 1421 1949 1785 2018; x_wconf 85' lang='lat' dir='ltr'>Quapropter</span> <span class='ocrx_word' id='word_1_146' title='bbox 1815 1946 2023 2016; x_wconf 84' lang='lat' dir='ltr'>adjun-</span> 
     </span>
    </p>
   </div>
   <div class='ocr_carea' id='block_1_22' title="bbox 379 2037 2022 2109">
    <p class='ocr_par' dir='ltr' id='par_1_22' title="bbox 379 2037 2022 2109">
     <span class='ocr_line' id='line_1_22' title="bbox 379 2037 2022 2109; baseline -0.003 -15"><span class='ocrx_word' id='word_1_147' title='bbox 379 2040 499 2094; x_wconf 84' lang='lat' dir='ltr'>xit:</span> <span class='ocrx_word' id='word_1_148' title='bbox 532 2039 622 2094; x_wconf 88' lang='lat' dir='ltr'>Sic</span> <span class='ocrx_word' id='word_1_149' title='bbox 644 2046 696 2094; x_wconf 86' lang='lat' dir='ltr'>et</span> <span class='ocrx_word' id='word_1_150' title='bbox 724 2054 833 2107; x_wconf 89' lang='lat' dir='ltr'>vos,</span> <span class='ocrx_word' id='word_1_151' title='bbox 864 2038 1125 2109; x_wconf 88' lang='lat' dir='ltr'>quoniam</span> <span class='ocrx_word' id='word_1_152' title='bbox 1171 2037 1519 2092; x_wconf 68' lang='lat' dir='ltr'>aemulatores</span> <span class='ocrx_word' id='word_1_153' title='bbox 1548 2037 1853 2106; x_wconf 79' lang='lat' dir='ltr'>spirituum</span> <span class='ocrx_word' id='word_1_154' title='bbox 1878 2037 2022 2103; x_wconf 87' lang='lat' dir='ltr'>estis,</span> 
     </span>
    </p>
   </div>
   <div class='ocr_carea' id='block_1_23' title="bbox 380 2124 2028 2198">
    <p class='ocr_par' dir='ltr' id='par_1_23' title="bbox 380 2124 2028 2198">
     <span class='ocr_line' id='line_1_23' title="bbox 380 2124 2028 2198; baseline -0.003 -15"><span class='ocrx_word' id='word_1_155' title='bbox 380 2127 439 2183; x_wconf 90' lang='lat' dir='ltr'>id</span> <span class='ocrx_word' id='word_1_156' title='bbox 469 2131 557 2183; x_wconf 91' lang='lat' dir='ltr'>est</span> <span class='ocrx_word' id='word_1_157' title='bbox 578 2126 1023 2198; x_wconf 87' lang='lat' dir='ltr'>linguarum,ad</span> <span class='ocrx_word' id='word_1_158' title='bbox 1050 2124 1482 2194; x_wconf 53' lang='lat' dir='ltr'>mitiﬁcationem</span> <span class='ocrx_word' id='word_1_159' title='bbox 1529 2124 1767 2178; x_wconf 58' lang='lat' dir='ltr'>Ecclesia</span> <span class='ocrx_word' id='word_1_160' title='bbox 1796 2126 2028 2195; x_wconf 66' lang='lat' dir='ltr'>quaerite</span> 
     </span>
    </p>
   </div>
   <div class='ocr_carea' id='block_1_24' title="bbox 381 2213 2026 2285">
    <p class='ocr_par' dir='ltr' id='par_1_24' title="bbox 381 2213 2026 2285">
     <span class='ocr_line' id='line_1_24' title="bbox 381 2213 2026 2285; baseline -0.003 -13"><span class='ocrx_word' id='word_1_161' title='bbox 381 2225 443 2272; x_wconf 87' lang='lat' dir='ltr'>ut</span> <span class='ocrx_word' id='word_1_162' title='bbox 463 2215 848 2283; x_wconf 83' lang='lat' dir='ltr'>abundctis,id</span> <span class='ocrx_word' id='word_1_163' title='bbox 869 2219 977 2280; x_wconf 91' lang='lat' dir='ltr'>est,</span> <span class='ocrx_word' id='word_1_164' title='bbox 1003 2213 1364 2285; x_wconf 89' lang='lat' dir='ltr'>prophetetis</span> <span class='ocrx_word' id='word_1_165' title='bbox 1390 2232 1402 2281; x_wconf 92' lang='lat'><strong>;</strong></span> <span class='ocrx_word' id='word_1_166' title='bbox 1424 2230 1489 2269; x_wconf 90' lang='lat' dir='ltr'>ac</span> <span class='ocrx_word' id='word_1_167' title='bbox 1517 2213 1566 2268; x_wconf 89' lang='lat' dir='ltr'>si</span> <span class='ocrx_word' id='word_1_168' title='bbox 1588 2213 1831 2269; x_wconf 86' lang='lat' dir='ltr'>dixisset</span> <span class='ocrx_word' id='word_1_169' title='bbox 1856 2218 2026 2270; x_wconf 91' lang='lat' dir='ltr'>:Pro-</span> 
     </span>
    </p>
   </div>
   <div class='ocr_carea' id='block_1_25' title="bbox 382 2301 2027 2377">
    <p class='ocr_par' dir='ltr' id='par_1_25' title="bbox 382 2301 2027 2377">
     <span class='ocr_line' id='line_1_25' title="bbox 382 2301 2027 2377; baseline -0.002 -19"><span class='ocrx_word' id='word_1_170' title='bbox 382 2304 580 2377; x_wconf 89' lang='lat' dir='ltr'>pbetia</span> <span class='ocrx_word' id='word_1_171' title='bbox 605 2309 692 2359; x_wconf 91' lang='lat' dir='ltr'>est</span> <span class='ocrx_word' id='word_1_172' title='bbox 716 2303 1075 2358; x_wconf 83' lang='lat' dir='ltr'>abundantia</span> <span class='ocrx_word' id='word_1_173' title='bbox 1105 2302 1504 2357; x_wconf 72' lang='lat' dir='ltr'>aedificationis</span> <span class='ocrx_word' id='word_1_174' title='bbox 1530 2307 1588 2357; x_wconf 92' lang='lat' dir='ltr'>et</span> <span class='ocrx_word' id='word_1_175' title='bbox 1610 2301 2027 2367; x_wconf 87' lang='lat' dir='ltr'>utilitatis,non</span> 
     </span>
    </p>
   </div>
   <div class='ocr_carea' id='block_1_26' title="bbox 382 2390 2024 2463">
    <p class='ocr_par' dir='ltr' id='par_1_26' title="bbox 382 2390 2024 2463">
     <span class='ocr_line' id='line_1_26' title="bbox 382 2390 2024 2463; baseline -0.002 -15"><span class='ocrx_word' id='word_1_176' title='bbox 382 2393 443 2448; x_wconf 91' lang='lat' dir='ltr'>in</span> <span class='ocrx_word' id='word_1_177' title='bbox 474 2393 750 2448; x_wconf 85' lang='lat' dir='ltr'>varietate</span> <span class='ocrx_word' id='word_1_178' title='bbox 771 2390 1127 2463; x_wconf 88' lang='lat' dir='ltr'>linguarum.</span> <span class='ocrx_word' id='word_1_179' title='bbox 1166 2392 1528 2462; x_wconf 87' lang='lat' dir='ltr'>Quapropter</span> <span class='ocrx_word' id='word_1_180' title='bbox 1558 2407 1694 2445; x_wconf 85' lang='lat' dir='ltr'>mox</span> <span class='ocrx_word' id='word_1_181' title='bbox 1722 2390 2024 2461; x_wconf 88' lang='lat' dir='ltr'>sequitur:</span> 
     </span>
    </p>
   </div>
   <div class='ocr_carea' id='block_1_27' title="bbox 384 2477 2027 2552">
    <p class='ocr_par' dir='ltr' id='par_1_27' title="bbox 384 2477 2027 2552">
     <span class='ocr_line' id='line_1_27' title="bbox 384 2477 2027 2552; baseline -0.002 -15"><span class='ocrx_word' id='word_1_182' title='bbox 384 2484 449 2537; x_wconf 85' lang='lat' dir='ltr'>Et</span> <span class='ocrx_word' id='word_1_183' title='bbox 476 2482 596 2537; x_wconf 86' lang='lat' dir='ltr'>ideo</span> <span class='ocrx_word' id='word_1_184' title='bbox 617 2484 713 2552; x_wconf 86' lang='lat' dir='ltr'>qui</span> <span class='ocrx_word' id='word_1_185' title='bbox 732 2481 975 2550; x_wconf 85' lang='lat' dir='ltr'>loquitur</span> <span class='ocrx_word' id='word_1_186' title='bbox 996 2479 1207 2549; x_wconf 83' lang='lat' dir='ltr'>lingua,</span> <span class='ocrx_word' id='word_1_187' title='bbox 1238 2488 1358 2534; x_wconf 80' lang='lat' dir='ltr'>oret</span> <span class='ocrx_word' id='word_1_188' title='bbox 1387 2480 1445 2533; x_wconf 91' lang='lat' dir='ltr'>id</span> <span class='ocrx_word' id='word_1_189' title='bbox 1479 2484 1587 2546; x_wconf 87' lang='lat' dir='ltr'>est,</span> <span class='ocrx_word' id='word_1_190' title='bbox 1622 2477 1897 2551; x_wconf 88' lang='lat' dir='ltr'>loquatur</span> <span class='ocrx_word' id='word_1_191' title='bbox 1928 2480 2027 2544; x_wconf 89' lang='lat' dir='ltr'>ita,</span> 
     </span>
    </p>
   </div>
   <div class='ocr_carea' id='block_1_28' title="bbox 384 2567 2019 2643">
    <p class='ocr_par' dir='ltr' id='par_1_28' title="bbox 384 2567 2019 2643">
     <span class='ocr_line' id='line_1_28' title="bbox 384 2567 2019 2643; baseline -0.002 -16"><span class='ocrx_word' id='word_1_192' title='bbox 384 2577 451 2627; x_wconf 91' lang='lat' dir='ltr'>ut</span> <span class='ocrx_word' id='word_1_193' title='bbox 480 2572 891 2643; x_wconf 87' lang='lat' dir='ltr'>interpretetur</span> <span class='ocrx_word' id='word_1_194' title='bbox 917 2587 929 2636; x_wconf 92' lang='lat'><strong>;</strong></span> <span class='ocrx_word' id='word_1_195' title='bbox 964 2567 1084 2624; x_wconf 89' lang='lat' dir='ltr'>sive</span> <span class='ocrx_word' id='word_1_196' title='bbox 1115 2572 1249 2639; x_wconf 87' lang='lat' dir='ltr'>oret,</span> <span class='ocrx_word' id='word_1_197' title='bbox 1278 2567 1334 2622; x_wconf 91' lang='lat' dir='ltr'>id</span> <span class='ocrx_word' id='word_1_198' title='bbox 1367 2573 1476 2636; x_wconf 90' lang='lat' dir='ltr'>est,</span> <span class='ocrx_word' id='word_1_199' title='bbox 1510 2573 1778 2640; x_wconf 83' lang='lat' dir='ltr'>precetur</span> <span class='ocrx_word' id='word_1_200' title='bbox 1808 2568 2019 2623; x_wconf 90' lang='lat' dir='ltr'>Deum.</span> 
     </span>
    </p>
   </div>
   <div class='ocr_carea' id='block_1_29' title="bbox 379 2656 2030 2733">
    <p class='ocr_par' dir='ltr' id='par_1_29' title="bbox 379 2656 2030 2733">
     <span class='ocr_line' id='line_1_29' title="bbox 379 2656 2030 2733; baseline -0.002 -17"><span class='ocrx_word' id='word_1_201' title='bbox 379 2659 654 2733; x_wconf 79' lang='lat' dir='ltr'>Sequitur</span> <span class='ocrx_word' id='word_1_202' title='bbox 680 2677 693 2714; x_wconf 89' lang='lat'>:</span> <span class='ocrx_word' id='word_1_203' title='bbox 717 2659 851 2714; x_wconf 90' lang='lat' dir='ltr'>Nam</span> <span class='ocrx_word' id='word_1_204' title='bbox 882 2659 933 2714; x_wconf 91' lang='lat' dir='ltr'>si</span> <span class='ocrx_word' id='word_1_205' title='bbox 958 2673 1108 2713; x_wconf 87' lang='lat' dir='ltr'>orem</span> <span class='ocrx_word' id='word_1_206' title='bbox 1138 2658 1350 2728; x_wconf 83' lang='lat' dir='ltr'>lingua,</span> <span class='ocrx_word' id='word_1_207' title='bbox 1384 2656 1439 2711; x_wconf 92' lang='lat' dir='ltr'>id</span> <span class='ocrx_word' id='word_1_208' title='bbox 1493 2662 1601 2724; x_wconf 88' lang='lat' dir='ltr'>est,</span> <span class='ocrx_word' id='word_1_209' title='bbox 1659 2656 1887 2728; x_wconf 90' lang='lat' dir='ltr'>loquar,</span> <span class='ocrx_word' id='word_1_210' title='bbox 1918 2659 2030 2729; x_wconf 87' lang='lat' dir='ltr'>spi-</span> 
     </span>
    </p>
   </div>
   <div class='ocr_carea' id='block_1_30' title="bbox 384 2746 2031 2817">
    <p class='ocr_par' dir='ltr' id='par_1_30' title="bbox 384 2746 2031 2817">
     <span class='ocr_line' id='line_1_30' title="bbox 384 2746 2031 2817; baseline -0.004 -11"><span class='ocrx_word' id='word_1_211' title='bbox 384 2753 524 2806; x_wconf 89' lang='lat' dir='ltr'>ritus</span> <span class='ocrx_word' id='word_1_212' title='bbox 543 2764 712 2814; x_wconf 86' lang='lat' dir='ltr'>meus,</span> <span class='ocrx_word' id='word_1_213' title='bbox 735 2748 793 2802; x_wconf 92' lang='lat' dir='ltr'>id</span> <span class='ocrx_word' id='word_1_214' title='bbox 816 2752 927 2813; x_wconf 89' lang='lat' dir='ltr'>est,</span> <span class='ocrx_word' id='word_1_215' title='bbox 949 2763 1057 2801; x_wconf 85' lang='lat' dir='ltr'>vox</span> <span class='ocrx_word' id='word_1_216' title='bbox 1079 2763 1209 2801; x_wconf 88' lang='lat' dir='ltr'>mea</span> <span class='ocrx_word' id='word_1_217' title='bbox 1229 2746 1507 2817; x_wconf 87' lang='lat' dir='ltr'>loquitur,</span> <span class='ocrx_word' id='word_1_218' title='bbox 1532 2761 1685 2800; x_wconf 82' lang='lat' dir='ltr'>mens</span> <span class='ocrx_word' id='word_1_219' title='bbox 1708 2750 1895 2800; x_wconf 85' lang='lat' dir='ltr'>autem</span> <span class='ocrx_word' id='word_1_220' title='bbox 1913 2762 2031 2800; x_wconf 88' lang='lat' dir='ltr'>mea</span> 
     </span>
    </p>
   </div>
   <div class='ocr_carea' id='block_1_31' title="bbox 386 2832 2031 2909">
    <p class='ocr_par' dir='ltr' id='par_1_31' title="bbox 386 2832 2031 2909">
     <span class='ocr_line' id='line_1_31' title="bbox 386 2832 2031 2909; baseline -0.004 -15"><span class='ocrx_word' id='word_1_221' title='bbox 386 2841 505 2895; x_wconf 90' lang='lat' dir='ltr'>sine</span> <span class='ocrx_word' id='word_1_222' title='bbox 522 2839 713 2909; x_wconf 74' lang='lat' dir='ltr'>[ructu</span> <span class='ocrx_word' id='word_1_223' title='bbox 741 2844 838 2891; x_wconf 90' lang='lat' dir='ltr'>est.</span> <span class='ocrx_word' id='word_1_224' title='bbox 863 2835 944 2890; x_wconf 91' lang='lat' dir='ltr'>De</span> <span class='ocrx_word' id='word_1_225' title='bbox 976 2835 1075 2890; x_wconf 90' lang='lat' dir='ltr'>illo</span> <span class='ocrx_word' id='word_1_226' title='bbox 1106 2835 1370 2907; x_wconf 90' lang='lat' dir='ltr'>loquitur</span> <span class='ocrx_word' id='word_1_227' title='bbox 1397 2832 1733 2905; x_wconf 85' lang='lat' dir='ltr'>Apostolus,</span> <span class='ocrx_word' id='word_1_228' title='bbox 1768 2834 1867 2904; x_wconf 92' lang='lat' dir='ltr'>qui</span> <span class='ocrx_word' id='word_1_229' title='bbox 1900 2833 2031 2898; x_wconf 88' lang='lat' dir='ltr'>hoc,</span> 
     </span>
    </p>
   </div>
   <div class='ocr_carea' id='block_1_32' title="bbox 386 2921 2034 3000">
    <p class='ocr_par' dir='ltr' id='par_1_32' title="bbox 386 2921 2034 3000">
     <span class='ocr_line' id='line_1_32' title="bbox 386 2921 2034 3000; baseline -0.004 -17"><span class='ocrx_word' id='word_1_230' title='bbox 386 2928 541 3000; x_wconf 90' lang='lat' dir='ltr'>quod</span> <span class='ocrx_word' id='word_1_231' title='bbox 573 2941 841 2982; x_wconf 83' lang='lat' dir='ltr'>sermone</span> <span class='ocrx_word' id='word_1_232' title='bbox 870 2925 1107 2996; x_wconf 85' lang='lat' dir='ltr'>profert,</span> <span class='ocrx_word' id='word_1_233' title='bbox 1167 2940 1283 2978; x_wconf 90' lang='lat' dir='ltr'>non</span> <span class='ocrx_word' id='word_1_234' title='bbox 1315 2921 1588 2994; x_wconf 85' lang='lat' dir='ltr'>intelligit</span> <span class='ocrx_word' id='word_1_235' title='bbox 1631 2928 1843 2987; x_wconf 86' lang='lat' dir='ltr'>mente,</span> <span class='ocrx_word' id='word_1_236' title='bbox 1876 2921 2034 2977; x_wconf 90' lang='lat' dir='ltr'>velut</span> 
     </span>
    </p>
   </div>
   <div class='ocr_carea' id='block_1_33' title="bbox 386 3009 2030 3083">
    <p class='ocr_par' dir='ltr' id='par_1_33' title="bbox 386 3009 2030 3083">
     <span class='ocr_line' id='line_1_33' title="bbox 386 3009 2030 3083; baseline -0.005 -11"><span class='ocrx_word' id='word_1_237' title='bbox 386 3015 574 3072; x_wconf 87' lang='lat' dir='ltr'>Latini</span> <span class='ocrx_word' id='word_1_238' title='bbox 609 3014 867 3070; x_wconf 88' lang='lat' dir='ltr'>assolent</span> <span class='ocrx_word' id='word_1_239' title='bbox 895 3011 1168 3071; x_wconf 87' lang='lat' dir='ltr'>delectari</span> <span class='ocrx_word' id='word_1_240' title='bbox 1199 3028 1340 3067; x_wconf 91' lang='lat' dir='ltr'>sono</span> <span class='ocrx_word' id='word_1_241' title='bbox 1395 3010 1607 3083; x_wconf 77' lang='lat' dir='ltr'>linguae</span> <span class='ocrx_word' id='word_1_242' title='bbox 1658 3010 1887 3077; x_wconf 69' lang='lat' dir='ltr'>Graecae,</span> <span class='ocrx_word' id='word_1_243' title='bbox 1930 3009 2030 3082; x_wconf 91' lang='lat' dir='ltr'>qui</span> 
     </span>
    </p>
   </div>
   <div class='ocr_carea' id='block_1_34' title="bbox 2128 523 3787 598">
    <p class='ocr_par' dir='ltr' id='par_1_34' title="bbox 2128 523 3787 598">
     <span class='ocr_line' id='line_1_34' title="bbox 2128 523 3787 598; baseline 0 -17"><span class='ocrx_word' id='word_1_244' title='bbox 2128 543 2231 596; x_wconf 91' lang='lat' dir='ltr'>per</span> <span class='ocrx_word' id='word_1_245' title='bbox 2276 531 2573 593; x_wconf 87' lang='lat' dir='ltr'>naturam,</span> <span class='ocrx_word' id='word_1_246' title='bbox 2625 531 2689 581; x_wconf 90' lang='lat' dir='ltr'>ut</span> <span class='ocrx_word' id='word_1_247' title='bbox 2737 525 2997 593; x_wconf 67' lang='lat' dir='ltr'>Hebraea,</span> <span class='ocrx_word' id='word_1_248' title='bbox 3063 526 3227 598; x_wconf 84' lang='lat' dir='ltr'>Syra,</span> <span class='ocrx_word' id='word_1_249' title='bbox 3286 523 3575 595; x_wconf 72' lang='lat' dir='ltr'>Chaldea,</span> <span class='ocrx_word' id='word_1_250' title='bbox 3605 529 3787 597; x_wconf 86' lang='lat' dir='ltr'>atque</span> 
     </span>
    </p>
   </div>
   <div class='ocr_carea' id='block_1_35' title="bbox 2130 613 3783 687">
    <p class='ocr_par' dir='ltr' id='par_1_35' title="bbox 2130 613 3783 687">
     <span class='ocr_line' id='line_1_35' title="bbox 2130 613 3783 687; baseline -0.001 -17"><span class='ocrx_word' id='word_1_251' title='bbox 2130 614 2348 682; x_wconf 66' lang='lat' dir='ltr'>Graeca,</span> <span class='ocrx_word' id='word_1_252' title='bbox 2381 631 2559 686; x_wconf 89' lang='lat' dir='ltr'>quam</span> <span class='ocrx_word' id='word_1_253' title='bbox 2592 619 2648 670; x_wconf 91' lang='lat' dir='ltr'>et</span> <span class='ocrx_word' id='word_1_254' title='bbox 2680 614 2812 671; x_wconf 91' lang='lat' dir='ltr'>aliis</span> <span class='ocrx_word' id='word_1_255' title='bbox 2843 631 2945 686; x_wconf 87' lang='lat' dir='ltr'>per</span> <span class='ocrx_word' id='word_1_256' title='bbox 2972 615 3222 687; x_wconf 87' lang='lat' dir='ltr'>gratiam</span> <span class='ocrx_word' id='word_1_257' title='bbox 3273 613 3527 685; x_wconf 88' lang='lat' dir='ltr'>Spiritus</span> <span class='ocrx_word' id='word_1_258' title='bbox 3568 615 3783 681; x_wconf 87' lang='lat' dir='ltr'>sancti,</span> 
     </span>
    </p>
   </div>
   <div class='ocr_carea' id='block_1_36' title="bbox 2130 702 3791 775">
    <p class='ocr_par' dir='ltr' id='par_1_36' title="bbox 2130 702 3791 775">
     <span class='ocr_line' id='line_1_36' title="bbox 2130 702 3791 775; baseline 0.001 -18"><span class='ocrx_word' id='word_1_259' title='bbox 2130 712 2193 757; x_wconf 92' lang='lat' dir='ltr'>ut</span> <span class='ocrx_word' id='word_1_260' title='bbox 2222 703 2410 759; x_wconf 64' lang='lat' dir='ltr'>caeteri</span> <span class='ocrx_word' id='word_1_261' title='bbox 2441 702 2709 775; x_wconf 79' lang='lat' dir='ltr'>apostoli,</span> <span class='ocrx_word' id='word_1_262' title='bbox 2743 704 2895 759; x_wconf 88' lang='lat' dir='ltr'>sicut</span> <span class='ocrx_word' id='word_1_263' title='bbox 2926 703 2984 758; x_wconf 90' lang='lat' dir='ltr'>in</span> <span class='ocrx_word' id='word_1_264' title='bbox 3018 702 3179 759; x_wconf 87' lang='lat' dir='ltr'>Actis</span> <span class='ocrx_word' id='word_1_265' title='bbox 3207 719 3412 759; x_wconf 89' lang='lat' dir='ltr'>eorum</span> <span class='ocrx_word' id='word_1_266' title='bbox 3446 702 3682 774; x_wconf 81' lang='lat' dir='ltr'>legitur.</span> <span class='ocrx_word' id='word_1_267' title='bbox 3718 703 3791 758; x_wconf 87' lang='lat' dir='ltr'>Et</span> 
     </span>
    </p>
   </div>
   <div class='ocr_carea' id='block_1_37' title="bbox 2130 791 3792 865">
    <p class='ocr_par' dir='ltr' id='par_1_37' title="bbox 2130 791 3792 865">
     <span class='ocr_line' id='line_1_37' title="bbox 2130 791 3792 865; baseline 0 -18"><span class='ocrx_word' id='word_1_268' title='bbox 2130 793 2268 863; x_wconf 88' lang='lat' dir='ltr'>quia</span> <span class='ocrx_word' id='word_1_269' title='bbox 2292 793 2480 864; x_wconf 89' lang='lat' dir='ltr'>gratia</span> <span class='ocrx_word' id='word_1_270' title='bbox 2501 792 2837 865; x_wconf 89' lang='lat' dir='ltr'>linguarum</span> <span class='ocrx_word' id='word_1_271' title='bbox 2857 794 3098 847; x_wconf 88' lang='lat' dir='ltr'>domum</span> <span class='ocrx_word' id='word_1_272' title='bbox 3116 796 3204 847; x_wconf 90' lang='lat' dir='ltr'>est</span> <span class='ocrx_word' id='word_1_273' title='bbox 3222 792 3479 863; x_wconf 87' lang='lat' dir='ltr'>Spiritus</span> <span class='ocrx_word' id='word_1_274' title='bbox 3498 791 3792 859; x_wconf 89' lang='lat' dir='ltr'>sancti,ut</span> 
     </span>
    </p>
   </div>
   <div class='ocr_carea' id='block_1_38' title="bbox 2128 879 3671 954">
    <p class='ocr_par' dir='ltr' id='par_1_38' title="bbox 2128 879 3671 954">
     <span class='ocr_line' id='line_1_38' title="bbox 2128 879 3671 954; baseline -0.001 -18"><span class='ocrx_word' id='word_1_275' title='bbox 2128 881 2255 954; x_wconf 92' lang='lat' dir='ltr'>ipse</span> <span class='ocrx_word' id='word_1_276' title='bbox 2279 898 2457 953; x_wconf 84' lang='lat' dir='ltr'>supra</span> <span class='ocrx_word' id='word_1_277' title='bbox 2488 882 2765 947; x_wconf 90' lang='lat' dir='ltr'>ostendit,</span> <span class='ocrx_word' id='word_1_278' title='bbox 2797 881 2926 937; x_wconf 90' lang='lat' dir='ltr'>ideo</span> <span class='ocrx_word' id='word_1_279' title='bbox 2959 882 3105 937; x_wconf 85' lang='lat' dir='ltr'>bene</span> <span class='ocrx_word' id='word_1_280' title='bbox 3132 880 3352 953; x_wconf 86' lang='lat' dir='ltr'>gratias</span> <span class='ocrx_word' id='word_1_281' title='bbox 3385 881 3497 935; x_wconf 90' lang='lat' dir='ltr'>Deo</span> <span class='ocrx_word' id='word_1_282' title='bbox 3529 879 3671 952; x_wconf 90' lang='lat' dir='ltr'>agit.</span> 
     </span>
    </p>
   </div>
   <div class='ocr_carea' id='block_1_39' title="bbox 2201 969 3791 1043">
    <p class='ocr_par' dir='ltr' id='par_1_39' title="bbox 2201 969 3791 1043">
     <span class='ocr_line' id='line_1_39' title="bbox 2201 969 3791 1043; baseline 0 -18"><span class='ocrx_word' id='word_1_283' title='bbox 2201 970 2479 1042; x_wconf 86' lang='lat' dir='ltr'>Sequitur</span> <span class='ocrx_word' id='word_1_284' title='bbox 2502 987 2515 1035; x_wconf 86' lang='lat'><strong>;</strong></span> <span class='ocrx_word' id='word_1_285' title='bbox 2536 970 2644 1026; x_wconf 87' lang='lat' dir='ltr'>Sed</span> <span class='ocrx_word' id='word_1_286' title='bbox 2665 972 2724 1025; x_wconf 87' lang='lat' dir='ltr'>in</span> <span class='ocrx_word' id='word_1_287' title='bbox 2744 969 2989 1027; x_wconf 78' lang='lat' dir='ltr'>Ecclesia</span> <span class='ocrx_word' id='word_1_288' title='bbox 3002 970 3123 1026; x_wconf 87' lang='lat' dir='ltr'>volo</span> <span class='ocrx_word' id='word_1_289' title='bbox 3151 970 3389 1043; x_wconf 75' lang='lat' dir='ltr'>quinque</span> <span class='ocrx_word' id='word_1_290' title='bbox 3416 970 3583 1025; x_wconf 85' lang='lat' dir='ltr'>verba</span> <span class='ocrx_word' id='word_1_291' title='bbox 3613 986 3791 1025; x_wconf 82' lang='lat' dir='ltr'>sensu</span> 
     </span>
    </p>
   </div>
   <div class='ocr_carea' id='block_1_40' title="bbox 2130 1057 3790 1131">
    <p class='ocr_par' dir='ltr' id='par_1_40' title="bbox 2130 1057 3790 1131">
     <span class='ocr_line' id='line_1_40' title="bbox 2130 1057 3790 1131; baseline 0 -16"><span class='ocrx_word' id='word_1_292' title='bbox 2130 1075 2246 1115; x_wconf 87' lang='lat' dir='ltr'>meo</span> <span class='ocrx_word' id='word_1_293' title='bbox 2278 1060 2451 1129; x_wconf 87' lang='lat' dir='ltr'>loqui,</span> <span class='ocrx_word' id='word_1_294' title='bbox 2484 1063 2591 1114; x_wconf 86' lang='lat' dir='ltr'>etc.</span> <span class='ocrx_word' id='word_1_295' title='bbox 2625 1058 2981 1131; x_wconf 89' lang='lat' dir='ltr'>Simpliciter</span> <span class='ocrx_word' id='word_1_296' title='bbox 3006 1058 3169 1114; x_wconf 89' lang='lat' dir='ltr'>locus</span> <span class='ocrx_word' id='word_1_297' title='bbox 3199 1058 3310 1114; x_wconf 92' lang='lat' dir='ltr'>iste</span> <span class='ocrx_word' id='word_1_298' title='bbox 3353 1057 3790 1130; x_wconf 88' lang='lat' dir='ltr'>intelligendus</span> 
     </span>
    </p>
   </div>
   <div class='ocr_carea' id='block_1_41' title="bbox 2132 1146 3792 1219">
    <p class='ocr_par' dir='ltr' id='par_1_41' title="bbox 2132 1146 3792 1219">
     <span class='ocr_line' id='line_1_41' title="bbox 2132 1146 3792 1219; baseline -0.001 -16"><span class='ocrx_word' id='word_1_299' title='bbox 2132 1153 2241 1203; x_wconf 88' lang='lat' dir='ltr'>est.</span> <span class='ocrx_word' id='word_1_300' title='bbox 2276 1146 2364 1201; x_wconf 92' lang='lat' dir='ltr'>Illi</span> <span class='ocrx_word' id='word_1_301' title='bbox 2395 1163 2550 1214; x_wconf 90' lang='lat' dir='ltr'>vero,</span> <span class='ocrx_word' id='word_1_302' title='bbox 2584 1146 2687 1219; x_wconf 92' lang='lat' dir='ltr'>qui</span> <span class='ocrx_word' id='word_1_303' title='bbox 2716 1146 3011 1202; x_wconf 90' lang='lat' dir='ltr'>subtiliter</span> <span class='ocrx_word' id='word_1_304' title='bbox 3068 1146 3474 1212; x_wconf 91' lang='lat' dir='ltr'>discutientes,</span> <span class='ocrx_word' id='word_1_305' title='bbox 3518 1147 3792 1219; x_wconf 88' lang='lat' dir='ltr'>quinque</span> 
     </span>
    </p>
   </div>
   <div class='ocr_carea' id='block_1_42' title="bbox 2128 1234 3792 1308">
    <p class='ocr_par' dir='ltr' id='par_1_42' title="bbox 2128 1234 3792 1308">
     <span class='ocr_line' id='line_1_42' title="bbox 2128 1234 3792 1308; baseline -0.001 -16"><span class='ocrx_word' id='word_1_306' title='bbox 2128 1236 2303 1292; x_wconf 88' lang='lat' dir='ltr'>verba</span> <span class='ocrx_word' id='word_1_307' title='bbox 2332 1235 2533 1291; x_wconf 89' lang='lat' dir='ltr'>dicunt</span> <span class='ocrx_word' id='word_1_308' title='bbox 2564 1235 2824 1307; x_wconf 90' lang='lat' dir='ltr'>quinque</span> <span class='ocrx_word' id='word_1_309' title='bbox 2856 1235 3037 1307; x_wconf 84' lang='lat' dir='ltr'>Moysi</span> <span class='ocrx_word' id='word_1_310' title='bbox 3069 1234 3250 1291; x_wconf 90' lang='lat' dir='ltr'>libros</span> <span class='ocrx_word' id='word_1_311' title='bbox 3300 1236 3657 1308; x_wconf 83' lang='lat' dir='ltr'>significare,</span> <span class='ocrx_word' id='word_1_312' title='bbox 3692 1235 3792 1292; x_wconf 85' lang='lat' dir='ltr'>di-</span> 
     </span>
    </p>
   </div>
   <div class='ocr_carea' id='block_1_43' title="bbox 2132 1322 3783 1397">
    <p class='ocr_par' dir='ltr' id='par_1_43' title="bbox 2132 1322 3783 1397">
     <span class='ocr_line' id='line_1_43' title="bbox 2132 1322 3783 1397; baseline -0.001 -16"><span class='ocrx_word' id='word_1_313' title='bbox 2132 1329 2267 1381; x_wconf 87' lang='lat' dir='ltr'>cant</span> <span class='ocrx_word' id='word_1_314' title='bbox 2297 1341 2531 1380; x_wconf 89' lang='lat' dir='ltr'>necesse</span> <span class='ocrx_word' id='word_1_315' title='bbox 2561 1329 2650 1379; x_wconf 91' lang='lat' dir='ltr'>est</span> <span class='ocrx_word' id='word_1_316' title='bbox 2681 1323 2821 1395; x_wconf 91' lang='lat' dir='ltr'>quid</span> <span class='ocrx_word' id='word_1_317' title='bbox 2852 1324 3034 1381; x_wconf 86' lang='lat' dir='ltr'>decem</span> <span class='ocrx_word' id='word_1_318' title='bbox 3049 1322 3243 1379; x_wconf 84' lang='lat' dir='ltr'>millia</span> <span class='ocrx_word' id='word_1_319' title='bbox 3258 1324 3783 1397; x_wconf 78' lang='lat' dir='ltr'>signiﬁcent.Ergo</span> 
     </span>
    </p>
   </div>
   <div class='ocr_carea' id='block_1_44' title="bbox 2133 1412 3793 1485">
    <p class='ocr_par' dir='ltr' id='par_1_44' title="bbox 2133 1412 3793 1485">
     <span class='ocr_line' id='line_1_44' title="bbox 2133 1412 3793 1485; baseline -0.002 -15"><span class='ocrx_word' id='word_1_320' title='bbox 2133 1431 2239 1470; x_wconf 90' lang='lat' dir='ltr'>nos</span> <span class='ocrx_word' id='word_1_321' title='bbox 2269 1412 2612 1485; x_wconf 88' lang='lat' dir='ltr'>simpliciter</span> <span class='ocrx_word' id='word_1_322' title='bbox 2642 1429 2744 1485; x_wconf 91' lang='lat' dir='ltr'>per</span> <span class='ocrx_word' id='word_1_323' title='bbox 2772 1412 3035 1484; x_wconf 90' lang='lat' dir='ltr'>quinque</span> <span class='ocrx_word' id='word_1_324' title='bbox 3062 1413 3237 1470; x_wconf 92' lang='lat' dir='ltr'>verba</span> <span class='ocrx_word' id='word_1_325' title='bbox 3267 1413 3500 1469; x_wconf 86' lang='lat' dir='ltr'>brevem</span> <span class='ocrx_word' id='word_1_326' title='bbox 3556 1412 3793 1468; x_wconf 88' lang='lat' dir='ltr'>intelli-</span> 
     </span>
    </p>
   </div>
   <div class='ocr_carea' id='block_1_45' title="bbox 2131 1499 3797 1575">
    <p class='ocr_par' dir='ltr' id='par_1_45' title="bbox 2131 1499 3797 1575">
     <span class='ocr_line' id='line_1_45' title="bbox 2131 1499 3797 1575; baseline -0.001 -17"><span class='ocrx_word' id='word_1_327' title='bbox 2131 1518 2342 1575; x_wconf 88' lang='lat' dir='ltr'>gamus</span> <span class='ocrx_word' id='word_1_328' title='bbox 2374 1501 2733 1566; x_wconf 85' lang='lat' dir='ltr'>orationem;</span> <span class='ocrx_word' id='word_1_329' title='bbox 2769 1516 2871 1573; x_wconf 91' lang='lat' dir='ltr'>per</span> <span class='ocrx_word' id='word_1_330' title='bbox 2898 1502 3099 1556; x_wconf 86' lang='lat' dir='ltr'>decem</span> <span class='ocrx_word' id='word_1_331' title='bbox 3132 1499 3338 1571; x_wconf 86' lang='lat' dir='ltr'>millia,</span> <span class='ocrx_word' id='word_1_332' title='bbox 3370 1500 3680 1572; x_wconf 84' lang='lat' dir='ltr'>prolixam.</span> <span class='ocrx_word' id='word_1_333' title='bbox 3723 1501 3797 1557; x_wconf 82' lang='lat' dir='ltr'>Et</span> 
     </span>
    </p>
   </div>
   <div class='ocr_carea' id='block_1_46' title="bbox 2131 1588 3789 1662">
    <p class='ocr_par' dir='ltr' id='par_1_46' title="bbox 2131 1588 3789 1662">
     <span class='ocr_line' id='line_1_46' title="bbox 2131 1588 3789 1662; baseline -0.001 -16"><span class='ocrx_word' id='word_1_334' title='bbox 2131 1596 2220 1647; x_wconf 89' lang='lat' dir='ltr'>est</span> <span class='ocrx_word' id='word_1_335' title='bbox 2239 1607 2449 1646; x_wconf 90' lang='lat' dir='ltr'>sensus</span> <span class='ocrx_word' id='word_1_336' title='bbox 2475 1606 2490 1647; x_wconf 95' lang='lat'>:</span> <span class='ocrx_word' id='word_1_337' title='bbox 2525 1588 2675 1645; x_wconf 89' lang='lat' dir='ltr'>Malo</span> <span class='ocrx_word' id='word_1_338' title='bbox 2707 1590 2970 1662; x_wconf 90' lang='lat' dir='ltr'>quinque</span> <span class='ocrx_word' id='word_1_339' title='bbox 2998 1590 3176 1647; x_wconf 88' lang='lat' dir='ltr'>verba</span> <span class='ocrx_word' id='word_1_340' title='bbox 3201 1606 3380 1646; x_wconf 90' lang='lat' dir='ltr'>sensu</span> <span class='ocrx_word' id='word_1_341' title='bbox 3412 1606 3562 1661; x_wconf 90' lang='lat' dir='ltr'>meo,</span> <span class='ocrx_word' id='word_1_342' title='bbox 3587 1590 3646 1646; x_wconf 89' lang='lat' dir='ltr'>id</span> <span class='ocrx_word' id='word_1_343' title='bbox 3667 1594 3789 1656; x_wconf 88' lang='lat' dir='ltr'>est,</span> 
     </span>
    </p>
   </div>
   <div class='ocr_carea' id='block_1_47' title="bbox 2131 1679 3797 1751">
    <p class='ocr_par' dir='ltr' id='par_1_47' title="bbox 2131 1679 3797 1751">
     <span class='ocr_line' id='line_1_47' title="bbox 2131 1679 3797 1751; baseline 0 -15"><span class='ocrx_word' id='word_1_344' title='bbox 2131 1682 2362 1736; x_wconf 88' lang='lat' dir='ltr'>brevem</span> <span class='ocrx_word' id='word_1_345' title='bbox 2395 1680 2715 1735; x_wconf 84' lang='lat' dir='ltr'>orationem</span> <span class='ocrx_word' id='word_1_346' title='bbox 2750 1679 3096 1751; x_wconf 89' lang='lat' dir='ltr'>simpliciter</span> <span class='ocrx_word' id='word_1_347' title='bbox 3140 1684 3198 1736; x_wconf 89' lang='lat' dir='ltr'>et</span> <span class='ocrx_word' id='word_1_348' title='bbox 3246 1680 3553 1736; x_wconf 80' lang='lat' dir='ltr'>manifeste</span> <span class='ocrx_word' id='word_1_349' title='bbox 3595 1679 3797 1736; x_wconf 85' lang='lat' dir='ltr'>facere</span> 
     </span>
    </p>
   </div>
   <div class='ocr_carea' id='block_1_48' title="bbox 2132 1768 3795 1841">
    <p class='ocr_par' dir='ltr' id='par_1_48' title="bbox 2132 1768 3795 1841">
     <span class='ocr_line' id='line_1_48' title="bbox 2132 1768 3795 1841; baseline -0.001 -16"><span class='ocrx_word' id='word_1_350' title='bbox 2132 1771 2204 1825; x_wconf 90' lang='lat' dir='ltr'>ad</span> <span class='ocrx_word' id='word_1_351' title='bbox 2236 1768 2470 1825; x_wconf 89' lang='lat' dir='ltr'>illorum</span> <span class='ocrx_word' id='word_1_352' title='bbox 2512 1769 2953 1824; x_wconf 79' lang='lat' dir='ltr'>aedificationem</span> <span class='ocrx_word' id='word_1_353' title='bbox 2986 1772 3042 1824; x_wconf 90' lang='lat' dir='ltr'>et</span> <span class='ocrx_word' id='word_1_354' title='bbox 3072 1768 3346 1834; x_wconf 87' lang='lat' dir='ltr'>salutem,</span> <span class='ocrx_word' id='word_1_355' title='bbox 3379 1784 3558 1841; x_wconf 89' lang='lat' dir='ltr'>quam</span> <span class='ocrx_word' id='word_1_356' title='bbox 3578 1768 3795 1824; x_wconf 87' lang='lat' dir='ltr'>decem</span> 
     </span>
    </p>
   </div>
   <div class='ocr_carea' id='block_1_49' title="bbox 2135 1856 3799 1930">
    <p class='ocr_par' dir='ltr' id='par_1_49' title="bbox 2135 1856 3799 1930">
     <span class='ocr_line' id='line_1_49' title="bbox 2135 1856 3799 1930; baseline -0.001 -16"><span class='ocrx_word' id='word_1_357' title='bbox 2135 1857 2320 1914; x_wconf 89' lang='lat' dir='ltr'>millia</span> <span class='ocrx_word' id='word_1_358' title='bbox 2339 1858 2646 1913; x_wconf 90' lang='lat' dir='ltr'>verborum</span> <span class='ocrx_word' id='word_1_359' title='bbox 2671 1858 2894 1930; x_wconf 82' lang='lat' dir='ltr'>lingua,</span> <span class='ocrx_word' id='word_1_360' title='bbox 2928 1857 2985 1911; x_wconf 95' lang='lat' dir='ltr'>id</span> <span class='ocrx_word' id='word_1_361' title='bbox 3015 1861 3123 1922; x_wconf 90' lang='lat' dir='ltr'>est,</span> <span class='ocrx_word' id='word_1_362' title='bbox 3157 1857 3382 1913; x_wconf 90' lang='lat' dir='ltr'>occulte</span> <span class='ocrx_word' id='word_1_363' title='bbox 3427 1856 3615 1912; x_wconf 86' lang='lat' dir='ltr'>facere</span> <span class='ocrx_word' id='word_1_364' title='bbox 3658 1873 3799 1928; x_wconf 84' lang='lat' dir='ltr'>pro-</span> 
     </span>
    </p>
   </div>
   <div class='ocr_carea' id='block_1_50' title="bbox 2134 1944 3797 2018">
    <p class='ocr_par' dir='ltr' id='par_1_50' title="bbox 2134 1944 3797 2018">
     <span class='ocr_line' id='line_1_50' title="bbox 2134 1944 3797 2018; baseline -0.002 -15"><span class='ocrx_word' id='word_1_365' title='bbox 2134 1948 2333 2003; x_wconf 86' lang='lat' dir='ltr'>lixam.</span> <span class='ocrx_word' id='word_1_366' title='bbox 2368 1946 2476 2002; x_wconf 93' lang='lat' dir='ltr'>Ubi</span> <span class='ocrx_word' id='word_1_367' title='bbox 2509 1950 2823 2002; x_wconf 88' lang='lat' dir='ltr'>monentur</span> <span class='ocrx_word' id='word_1_368' title='bbox 2875 1944 3213 2001; x_wconf 90' lang='lat' dir='ltr'>scholastici</span> <span class='ocrx_word' id='word_1_369' title='bbox 3259 1944 3691 2018; x_wconf 67' lang='lat' dir='ltr'>praedicatores,</span> <span class='ocrx_word' id='word_1_370' title='bbox 3728 1949 3797 2001; x_wconf 91' lang='lat' dir='ltr'>ut</span> 
     </span>
    </p>
   </div>
   <div class='ocr_carea' id='block_1_51' title="bbox 2135 2034 3797 2109">
    <p class='ocr_par' dir='ltr' id='par_1_51' title="bbox 2135 2034 3797 2109">
     <span class='ocr_line' id='line_1_51' title="bbox 2135 2034 3797 2109; baseline -0.002 -17"><span class='ocrx_word' id='word_1_371' title='bbox 2135 2037 2195 2092; x_wconf 90' lang='lat' dir='ltr'>in</span> <span class='ocrx_word' id='word_1_372' title='bbox 2228 2036 2639 2109; x_wconf 81' lang='lat' dir='ltr'>praedicatione</span> <span class='ocrx_word' id='word_1_373' title='bbox 2670 2052 2782 2090; x_wconf 92' lang='lat' dir='ltr'>non</span> <span class='ocrx_word' id='word_1_374' title='bbox 2815 2052 2983 2091; x_wconf 90' lang='lat' dir='ltr'>suam</span> <span class='ocrx_word' id='word_1_375' title='bbox 3017 2039 3282 2107; x_wconf 65' lang='lat' dir='ltr'>quarant</span> <span class='ocrx_word' id='word_1_376' title='bbox 3311 2034 3797 2101; x_wconf 88' lang='lat' dir='ltr'>ostentationem,</span> 
     </span>
    </p>
   </div>
   <div class='ocr_carea' id='block_1_52' title="bbox 2138 2122 3791 2196">
    <p class='ocr_par' dir='ltr' id='par_1_52' title="bbox 2138 2122 3791 2196">
     <span class='ocr_line' id='line_1_52' title="bbox 2138 2122 3791 2196; baseline -0.001 -16"><span class='ocrx_word' id='word_1_377' title='bbox 2138 2126 2237 2181; x_wconf 83' lang='lat' dir='ltr'>s~~d</span> <span class='ocrx_word' id='word_1_378' title='bbox 2286 2141 2526 2180; x_wconf 91' lang='lat' dir='ltr'>suorum</span> <span class='ocrx_word' id='word_1_379' title='bbox 2572 2124 2903 2179; x_wconf 90' lang='lat' dir='ltr'>auditorum</span> <span class='ocrx_word' id='word_1_380' title='bbox 2953 2123 3368 2196; x_wconf 86' lang='lat' dir='ltr'>perfectionem</span> <span class='ocrx_word' id='word_1_381' title='bbox 3416 2127 3476 2179; x_wconf 91' lang='lat' dir='ltr'>et</span> <span class='ocrx_word' id='word_1_382' title='bbox 3504 2122 3791 2190; x_wconf 86' lang='lat' dir='ltr'>salutem,</span> 
     </span>
    </p>
   </div>
   <div class='ocr_carea' id='block_1_53' title="bbox 2209 2212 3796 2286">
    <p class='ocr_par' dir='ltr' id='par_1_53' title="bbox 2209 2212 3796 2286">
     <span class='ocr_line' id='line_1_53' title="bbox 2209 2212 3796 2286; baseline -0.001 -17"><span class='ocrx_word' id='word_1_383' title='bbox 2209 2214 2520 2286; x_wconf 80' lang='lat' dir='ltr'>Sequitur:</span> <span class='ocrx_word' id='word_1_384' title='bbox 2553 2215 2789 2277; x_wconf 84' lang='lat' dir='ltr'>Fratres,</span> <span class='ocrx_word' id='word_1_385' title='bbox 2811 2214 3154 2284; x_wconf 80' lang='lat' dir='ltr'>nolitepueri</span> <span class='ocrx_word' id='word_1_386' title='bbox 3175 2214 3324 2283; x_wconf 78' lang='lat' dir='ltr'>efﬁci</span> <span class='ocrx_word' id='word_1_387' title='bbox 3373 2212 3646 2282; x_wconf 78' lang='lat' dir='ltr'>sensibus,</span> <span class='ocrx_word' id='word_1_388' title='bbox 3677 2216 3796 2268; x_wconf 86' lang='lat' dir='ltr'>etc.</span> 
     </span>
    </p>
   </div>
   <div class='ocr_carea' id='block_1_54' title="bbox 2140 2300 3798 2373">
    <p class='ocr_par' dir='ltr' id='par_1_54' title="bbox 2140 2300 3798 2373">
     <span class='ocr_line' id='line_1_54' title="bbox 2140 2300 3798 2373; baseline -0.002 -14"><span class='ocrx_word' id='word_1_389' title='bbox 2140 2305 2285 2360; x_wconf 89' lang='lat' dir='ltr'>Puer</span> <span class='ocrx_word' id='word_1_390' title='bbox 2307 2303 2467 2358; x_wconf 91' lang='lat' dir='ltr'>enim</span> <span class='ocrx_word' id='word_1_391' title='bbox 2498 2302 2823 2357; x_wconf 86' lang='lat' dir='ltr'>imitandus</span> <span class='ocrx_word' id='word_1_392' title='bbox 2843 2306 2932 2357; x_wconf 92' lang='lat' dir='ltr'>est</span> <span class='ocrx_word' id='word_1_393' title='bbox 2954 2300 3329 2373; x_wconf 86' lang='lat' dir='ltr'>simplicitate</span> <span class='ocrx_word' id='word_1_394' title='bbox 3348 2305 3406 2357; x_wconf 92' lang='lat' dir='ltr'>et</span> <span class='ocrx_word' id='word_1_395' title='bbox 3435 2301 3798 2367; x_wconf 86' lang='lat' dir='ltr'>innocentia,</span> 
     </span>
    </p>
   </div>
   <div class='ocr_carea' id='block_1_55' title="bbox 2131 2389 3799 2464">
    <p class='ocr_par' dir='ltr' id='par_1_55' title="bbox 2131 2389 3799 2464">
     <span class='ocr_line' id='line_1_55' title="bbox 2131 2389 3799 2464; baseline 0 -17"><span class='ocrx_word' id='word_1_396' title='bbox 2131 2395 2298 2464; x_wconf 86' lang='lat' dir='ltr'>juxta</span> <span class='ocrx_word' id='word_1_397' title='bbox 2330 2392 2457 2459; x_wconf 90' lang='lat' dir='ltr'>hoc,</span> <span class='ocrx_word' id='word_1_398' title='bbox 2490 2392 2642 2463; x_wconf 93' lang='lat' dir='ltr'>quod</span> <span class='ocrx_word' id='word_1_399' title='bbox 2678 2391 2958 2446; x_wconf 91' lang='lat' dir='ltr'>Dominus</span> <span class='ocrx_word' id='word_1_400' title='bbox 3005 2390 3064 2445; x_wconf 90' lang='lat' dir='ltr'>in</span> <span class='ocrx_word' id='word_1_401' title='bbox 3122 2389 3429 2463; x_wconf 80' lang='lat' dir='ltr'>Evangelia</span> <span class='ocrx_word' id='word_1_402' title='bbox 3485 2391 3607 2447; x_wconf 85' lang='lat' dir='ltr'>ait:</span> <span class='ocrx_word' id='word_1_403' title='bbox 3657 2392 3799 2447; x_wconf 73' lang='lat' dir='ltr'>Nisi</span> 
     </span>
    </p>
   </div>
   <div class='ocr_carea' id='block_1_56' title="bbox 2137 2478 3797 2551">
    <p class='ocr_par' dir='ltr' id='par_1_56' title="bbox 2137 2478 3797 2551">
     <span class='ocr_line' id='line_1_56' title="bbox 2137 2478 3797 2551; baseline -0.002 -14"><span class='ocrx_word' id='word_1_404' title='bbox 2137 2483 2387 2538; x_wconf 87' lang='lat' dir='ltr'>conversi</span> <span class='ocrx_word' id='word_1_405' title='bbox 2414 2480 2741 2551; x_wconf 80' lang='lat' dir='ltr'>efﬁciamini</span> <span class='ocrx_word' id='word_1_406' title='bbox 2768 2484 2827 2535; x_wconf 86' lang='lat' dir='ltr'>ut</span> <span class='ocrx_word' id='word_1_407' title='bbox 2852 2480 3083 2551; x_wconf 84' lang='lat' dir='ltr'>parvuli</span> <span class='ocrx_word' id='word_1_408' title='bbox 3111 2478 3336 2549; x_wconf 80' lang='lat' dir='ltr'>(Matth.</span> <span class='ocrx_word' id='word_1_409' title='bbox 3366 2496 3528 2551; x_wconf 74' lang='grc' dir='ltr'>χνιη,</span> <span class='ocrx_word' id='word_1_410' title='bbox 3558 2480 3637 2551; x_wconf 90' lang='lat'>3),</span> <span class='ocrx_word' id='word_1_411' title='bbox 3670 2483 3797 2535; x_wconf 86' lang='lat' dir='ltr'>etc.</span> 
     </span>
    </p>
   </div>
   <div class='ocr_carea' id='block_1_57' title="bbox 2137 2568 3798 2641">
    <p class='ocr_par' dir='ltr' id='par_1_57' title="bbox 2137 2568 3798 2641">
     <span class='ocr_line' id='line_1_57' title="bbox 2137 2568 3798 2641; baseline 0 -17"><span class='ocrx_word' id='word_1_412' title='bbox 2137 2571 2351 2626; x_wconf 87' lang='lat' dir='ltr'>Verum</span> <span class='ocrx_word' id='word_1_413' title='bbox 2385 2586 2512 2641; x_wconf 80' lang='lat' dir='ltr'>quae</span> <span class='ocrx_word' id='word_1_414' title='bbox 2545 2570 2621 2625; x_wconf 90' lang='lat' dir='ltr'>sit</span> <span class='ocrx_word' id='word_1_415' title='bbox 2650 2568 2985 2624; x_wconf 89' lang='lat' dir='ltr'>innocentia</span> <span class='ocrx_word' id='word_1_416' title='bbox 3015 2568 3263 2641; x_wconf 87' lang='lat' dir='ltr'>parvuli,</span> <span class='ocrx_word' id='word_1_417' title='bbox 3289 2570 3415 2639; x_wconf 82' lang='lat' dir='ltr'>jam</span> <span class='ocrx_word' id='word_1_418' title='bbox 3449 2572 3644 2640; x_wconf 88' lang='lat' dir='ltr'>patet;</span> <span class='ocrx_word' id='word_1_419' title='bbox 3678 2569 3798 2624; x_wconf 88' lang='lat' dir='ltr'>sed</span> 
     </span>
    </p>
   </div>
   <div class='ocr_carea' id='block_1_58' title="bbox 2139 2656 3800 2729">
    <p class='ocr_par' dir='ltr' id='par_1_58' title="bbox 2139 2656 3800 2729">
     <span class='ocr_line' id='line_1_58' title="bbox 2139 2656 3800 2729; baseline -0.001 -14"><span class='ocrx_word' id='word_1_420' title='bbox 2139 2660 2249 2715; x_wconf 91' lang='lat' dir='ltr'>hoc</span> <span class='ocrx_word' id='word_1_421' title='bbox 2281 2658 2601 2728; x_wconf 91' lang='lat' dir='ltr'>sciendum,</span> <span class='ocrx_word' id='word_1_422' title='bbox 2636 2657 2774 2728; x_wconf 88' lang='lat' dir='ltr'>quia</span> <span class='ocrx_word' id='word_1_423' title='bbox 2801 2656 2903 2712; x_wconf 91' lang='lat' dir='ltr'>illa</span> <span class='ocrx_word' id='word_1_424' title='bbox 2934 2662 3024 2713; x_wconf 89' lang='lat' dir='ltr'>est</span> <span class='ocrx_word' id='word_1_425' title='bbox 3052 2675 3186 2713; x_wconf 89' lang='lat' dir='ltr'>vera</span> <span class='ocrx_word' id='word_1_426' title='bbox 3206 2656 3574 2729; x_wconf 86' lang='lat' dir='ltr'>simplicitas,</span> <span class='ocrx_word' id='word_1_427' title='bbox 3607 2673 3800 2729; x_wconf 89' lang='lat' dir='ltr'>quam</span> 
     </span>
    </p>
   </div>
   <div class='ocr_carea' id='block_1_59' title="bbox 2141 2746 3803 2818">
    <p class='ocr_par' dir='ltr' id='par_1_59' title="bbox 2141 2746 3803 2818">
     <span class='ocr_line' id='line_1_59' title="bbox 2141 2746 3803 2818; baseline -0.001 -15"><span class='ocrx_word' id='word_1_428' title='bbox 2141 2746 2452 2803; x_wconf 88' lang='lat' dir='ltr'>comitatur</span> <span class='ocrx_word' id='word_1_429' title='bbox 2481 2747 2826 2818; x_wconf 84' lang='lat' dir='ltr'>prudentia:</span> <span class='ocrx_word' id='word_1_430' title='bbox 2861 2747 3017 2801; x_wconf 91' lang='lat' dir='ltr'>unde</span> <span class='ocrx_word' id='word_1_431' title='bbox 3047 2747 3115 2802; x_wconf 85' lang='lat' dir='ltr'>de</span> <span class='ocrx_word' id='word_1_432' title='bbox 3173 2747 3429 2818; x_wconf 87' lang='lat' dir='ltr'>quodam</span> <span class='ocrx_word' id='word_1_433' title='bbox 3476 2746 3601 2801; x_wconf 90' lang='lat' dir='ltr'>viro</span> <span class='ocrx_word' id='word_1_434' title='bbox 3624 2746 3803 2816; x_wconf 87' lang='lat' dir='ltr'>justo</span> 
     </span>
    </p>
   </div>
   <div class='ocr_carea' id='block_1_60' title="bbox 2140 2834 3803 2907">
    <p class='ocr_par' dir='ltr' id='par_1_60' title="bbox 2140 2834 3803 2907">
     <span class='ocr_line' id='line_1_60' title="bbox 2140 2834 3803 2907; baseline 0 -17"><span class='ocrx_word' id='word_1_435' title='bbox 2140 2836 2361 2891; x_wconf 89' lang='lat' dir='ltr'>dictum</span> <span class='ocrx_word' id='word_1_436' title='bbox 2384 2840 2507 2891; x_wconf 91' lang='lat' dir='ltr'>est:</span> <span class='ocrx_word' id='word_1_437' title='bbox 2535 2835 2780 2906; x_wconf 68' lang='lat' dir='ltr'>Simplex</span> <span class='ocrx_word' id='word_1_438' title='bbox 2806 2840 2857 2890; x_wconf 87' lang='lat' dir='ltr'>et</span> <span class='ocrx_word' id='word_1_439' title='bbox 2907 2843 3083 2891; x_wconf 87' lang='lat' dir='ltr'>rectus</span> <span class='ocrx_word' id='word_1_440' title='bbox 3123 2836 3266 2907; x_wconf 88' lang='lat' dir='ltr'>(Job.</span> <span class='ocrx_word' id='word_1_441' title='bbox 3318 2853 3377 2901; x_wconf 82' lang='lat' dir='ltr'><strong>II,</strong></span> <span class='ocrx_word' id='word_1_442' title='bbox 3426 2836 3508 2906; x_wconf 90' lang='lat'>3),</span> <span class='ocrx_word' id='word_1_443' title='bbox 3540 2834 3803 2907; x_wconf 82' lang='lat' dir='ltr'>simplex</span> 
     </span>
    </p>
   </div>
   <div class='ocr_carea' id='block_1_61' title="bbox 2141 2924 3801 2997">
    <p class='ocr_par' dir='ltr' id='par_1_61' title="bbox 2141 2924 3801 2997">
     <span class='ocr_line' id='line_1_61' title="bbox 2141 2924 3801 2997; baseline 0 -19"><span class='ocrx_word' id='word_1_444' title='bbox 2141 2928 2376 2997; x_wconf 91' lang='lat' dir='ltr'>propter</span> <span class='ocrx_word' id='word_1_445' title='bbox 2406 2924 2823 2991; x_wconf 88' lang='lat' dir='ltr'>innocentiam,</span> <span class='ocrx_word' id='word_1_446' title='bbox 2856 2929 3050 2979; x_wconf 91' lang='lat' dir='ltr'>rectus</span> <span class='ocrx_word' id='word_1_447' title='bbox 3085 2930 3320 2996; x_wconf 89' lang='lat' dir='ltr'>propter</span> <span class='ocrx_word' id='word_1_448' title='bbox 3375 2924 3801 2996; x_wconf 85' lang='lat' dir='ltr'>prudentiam:</span> 
     </span>
    </p>
   </div>
   <div class='ocr_carea' id='block_1_62' title="bbox 2142 3011 3806 3084">
    <p class='ocr_par' dir='ltr' id='par_1_62' title="bbox 2142 3011 3806 3084">
     <span class='ocr_line' id='line_1_62' title="bbox 2142 3011 3806 3084; baseline -0.001 -15"><span class='ocrx_word' id='word_1_449' title='bbox 2142 3030 2275 3069; x_wconf 89' lang='lat' dir='ltr'>nam</span> <span class='ocrx_word' id='word_1_450' title='bbox 2301 3030 2417 3069; x_wconf 88' lang='lat' dir='ltr'>una</span> <span class='ocrx_word' id='word_1_451' title='bbox 2438 3013 2564 3068; x_wconf 88' lang='lat' dir='ltr'>sine</span> <span class='ocrx_word' id='word_1_452' title='bbox 2595 3011 2778 3070; x_wconf 88' lang='lat' dir='ltr'>altera</span> <span class='ocrx_word' id='word_1_453' title='bbox 2801 3012 3001 3069; x_wconf 88' lang='lat' dir='ltr'>haberi</span> <span class='ocrx_word' id='word_1_454' title='bbox 3025 3029 3138 3068; x_wconf 89' lang='lat' dir='ltr'>non</span> <span class='ocrx_word' id='word_1_455' title='bbox 3167 3017 3374 3084; x_wconf 91' lang='lat' dir='ltr'>potest.</span> <span class='ocrx_word' id='word_1_456' title='bbox 3406 3018 3473 3069; x_wconf 87' lang='lat' dir='ltr'>Et</span> <span class='ocrx_word' id='word_1_457' title='bbox 3489 3013 3619 3069; x_wconf 89' lang='lat' dir='ltr'>ideo</span> <span class='ocrx_word' id='word_1_458' title='bbox 3640 3020 3806 3069; x_wconf 85' lang='lat' dir='ltr'>utra-</span> 
     </span>
    </p>
   </div>
   <div class='ocr_carea' id='block_1_63' title="bbox 386 3099 3802 3175">
    <p class='ocr_par' dir='ltr' id='par_1_63' title="bbox 386 3099 3802 3175">
     <span class='ocr_line' id='line_1_63' title="bbox 386 3099 3802 3175; baseline -0.001 -14"><span class='ocrx_word' id='word_1_459' title='bbox 386 3121 520 3162; x_wconf 91' lang='lat' dir='ltr'>cum</span> <span class='ocrx_word' id='word_1_460' title='bbox 542 3102 812 3160; x_wconf 90' lang='lat' dir='ltr'>delectati</span> <span class='ocrx_word' id='word_1_461' title='bbox 836 3101 1209 3173; x_wconf 90' lang='lat' dir='ltr'>sono,lingua</span> <span class='ocrx_word' id='word_1_462' title='bbox 1226 3100 1421 3156; x_wconf 72' lang='lat' dir='ltr'>Graeca</span> <span class='ocrx_word' id='word_1_463' title='bbox 1442 3099 1781 3171; x_wconf 88' lang='lat' dir='ltr'>loquuntur,</span> <span class='ocrx_word' id='word_1_464' title='bbox 1804 3104 2027 3155; x_wconf 90' lang='lat' dir='ltr'>mentes</span> <span class='ocrx_word' id='word_1_465' title='bbox 2066 3163 2101 3175; x_wconf 50' lang='grc' dir='ltr'><em>η</em></span> <span class='ocrx_word' id='word_1_466' title='bbox 2140 3119 2251 3175; x_wconf 89' lang='lat' dir='ltr'>que</span> <span class='ocrx_word' id='word_1_467' title='bbox 2283 3102 2551 3157; x_wconf 86' lang='lat' dir='ltr'>habenda</span> <span class='ocrx_word' id='word_1_468' title='bbox 2583 3107 2739 3169; x_wconf 89' lang='lat' dir='ltr'>sunt,</span> <span class='ocrx_word' id='word_1_469' title='bbox 2764 3107 2830 3156; x_wconf 90' lang='lat' dir='ltr'>ut</span> <span class='ocrx_word' id='word_1_470' title='bbox 2855 3101 3208 3173; x_wconf 88' lang='lat' dir='ltr'>simplicitas</span> <span class='ocrx_word' id='word_1_471' title='bbox 3231 3102 3517 3159; x_wconf 89' lang='lat' dir='ltr'>relevetur</span> <span class='ocrx_word' id='word_1_472' title='bbox 3536 3103 3802 3175; x_wconf 89' lang='lat' dir='ltr'>pruden-</span> 
     </span>
    </p>
   </div>
   <div class='ocr_carea' id='block_1_64' title="bbox 386 3163 3804 3263">
    <p class='ocr_par' dir='ltr' id='par_1_64' title="bbox 386 3163 3804 3263">
     <span class='ocr_line' id='line_1_64' title="bbox 386 3163 3804 3263; baseline -0.001 -12"><span class='ocrx_word' id='word_1_473' title='bbox 386 3210 587 3251; x_wconf 88' lang='lat' dir='ltr'>eorum</span> <span class='ocrx_word' id='word_1_474' title='bbox 605 3192 805 3249; x_wconf 62' lang='lat' dir='ltr'>aliens;</span> <span class='ocrx_word' id='word_1_475' title='bbox 827 3209 861 3248; x_wconf 94' lang='lat' dir='ltr'>a</span> <span class='ocrx_word' id='word_1_476' title='bbox 881 3163 1071 3247; x_wconf 85' lang='lat' dir='ltr'>fructu</span> <span class='ocrx_word' id='word_1_477' title='bbox 1094 3163 1446 3246; x_wconf 58' lang='lat' dir='ltr'>redduntur.</span> <span class='ocrx_word' id='word_1_478' title='bbox 1472 3163 1726 3245; x_wconf 79' lang='lat' dir='ltr'>Fuerunt</span> <span class='ocrx_word' id='word_1_479' title='bbox 1747 3163 1846 3259; x_wconf 90' lang='lat' dir='ltr'>qui</span> <span class='ocrx_word' id='word_1_480' title='bbox 1871 3188 2029 3244; x_wconf 86' lang='lat' dir='ltr'>dixe-</span> <span class='ocrx_word' id='word_1_481' title='bbox 2061 3163 2104 3230; x_wconf 64' lang='grc' dir='ltr'>α</span> <span class='ocrx_word' id='word_1_482' title='bbox 2142 3163 2244 3257; x_wconf 70' lang='lat' dir='ltr'>tia,</span> <span class='ocrx_word' id='word_1_483' title='bbox 2276 3195 2334 3246; x_wconf 93' lang='lat' dir='ltr'>et</span> <span class='ocrx_word' id='word_1_484' title='bbox 2358 3189 2669 3262; x_wconf 87' lang='lat' dir='ltr'>prudentia</span> <span class='ocrx_word' id='word_1_485' title='bbox 2698 3163 3056 3262; x_wconf 65' lang='lat' dir='ltr'>temperetur</span> <span class='ocrx_word' id='word_1_486' title='bbox 3112 3190 3514 3263; x_wconf 87' lang='lat' dir='ltr'>simplicitate.</span> <span class='ocrx_word' id='word_1_487' title='bbox 3536 3163 3714 3247; x_wconf 46' lang='lat' dir='ltr'>.Hinc</span> <span class='ocrx_word' id='word_1_488' title='bbox 3742 3196 3804 3247; x_wconf 86' lang='lat' dir='ltr'>et</span> 
     </span>
    </p>
   </div>
   <div class='ocr_carea' id='block_1_65' title="bbox 386 3276 2029 3355">
    <p class='ocr_par' dir='ltr' id='par_1_65' title="bbox 386 3276 2029 3355">
     <span class='ocr_line' id='line_1_65' title="bbox 386 3276 2029 3355; baseline -0.005 -16"><span class='ocrx_word' id='word_1_489' title='bbox 386 3287 527 3339; x_wconf 88' lang='lat' dir='ltr'>runt</span> <span class='ocrx_word' id='word_1_490' title='bbox 554 3280 896 3355; x_wconf 88' lang='lat' dir='ltr'>Apostolum</span> <span class='ocrx_word' id='word_1_491' title='bbox 928 3280 999 3335; x_wconf 89' lang='lat' dir='ltr'>de</span> <span class='ocrx_word' id='word_1_492' title='bbox 1020 3279 1118 3337; x_wconf 92' lang='lat' dir='ltr'>illo</span> <span class='ocrx_word' id='word_1_493' title='bbox 1143 3279 1352 3352; x_wconf 90' lang='lat' dir='ltr'>spiritu</span> <span class='ocrx_word' id='word_1_494' title='bbox 1374 3277 1612 3349; x_wconf 81' lang='lat' dir='ltr'>dixisse,</span> <span class='ocrx_word' id='word_1_495' title='bbox 1638 3277 1735 3349; x_wconf 90' lang='lat' dir='ltr'>qui</span> <span class='ocrx_word' id='word_1_496' title='bbox 1757 3276 1817 3332; x_wconf 88' lang='lat' dir='ltr'>in</span> <span class='ocrx_word' id='word_1_497' title='bbox 1840 3276 2029 3348; x_wconf 91' lang='lat' dir='ltr'>bapti-</span> 
     </span>
    </p>
   </div>
   <div class='ocr_carea' id='block_1_66' title="bbox 385 3370 900 3430">
    <p class='ocr_par' dir='ltr' id='par_1_66' title="bbox 385 3370 900 3430">
     <span class='ocr_line' id='line_1_66' title="bbox 385 3370 900 3430; baseline -0.012 0"><span class='ocrx_word' id='word_1_498' title='bbox 385 3377 573 3430; x_wconf 90' lang='lat' dir='ltr'>smate</span> <span class='ocrx_word' id='word_1_499' title='bbox 599 3370 900 3426; x_wconf 89' lang='lat' dir='ltr'>tribuitur.</span> 
     </span>
    </p>
   </div>
   <div class='ocr_carea' id='block_1_67' title="bbox 456 3456 2031 3532">
    <p class='ocr_par' dir='ltr' id='par_1_67' title="bbox 456 3456 2031 3532">
     <span class='ocr_line' id='line_1_67' title="bbox 456 3456 2031 3532; baseline -0.005 -16"><span class='ocrx_word' id='word_1_500' title='bbox 456 3460 771 3532; x_wconf 87' lang='lat' dir='ltr'>Sequitur:</span> <span class='ocrx_word' id='word_1_501' title='bbox 825 3458 972 3526; x_wconf 77' lang='lat' dir='ltr'>Quid</span> <span class='ocrx_word' id='word_1_502' title='bbox 999 3473 1122 3527; x_wconf 89' lang='lat' dir='ltr'>ergo</span> <span class='ocrx_word' id='word_1_503' title='bbox 1164 3460 1288 3512; x_wconf 84' lang='lat' dir='ltr'>est?</span> <span class='ocrx_word' id='word_1_504' title='bbox 1316 3456 1493 3512; x_wconf 87' lang='lat' dir='ltr'>Orabo</span> <span class='ocrx_word' id='word_1_505' title='bbox 1525 3458 1751 3528; x_wconf 79' lang='lat' dir='ltr'>spiritu,</span> <span class='ocrx_word' id='word_1_506' title='bbox 1784 3456 1953 3509; x_wconf 89' lang='lat' dir='ltr'>orabo</span> <span class='ocrx_word' id='word_1_507' title='bbox 1979 3462 2031 3508; x_wconf 90' lang='lat' dir='ltr'>et</span> 
     </span>
    </p>
   </div>
   <div class='ocr_carea' id='block_1_68' title="bbox 387 3544 2035 3617">
    <p class='ocr_par' dir='ltr' id='par_1_68' title="bbox 387 3544 2035 3617">
     <span class='ocr_line' id='line_1_68' title="bbox 387 3544 2035 3617; baseline -0.004 -13"><span class='ocrx_word' id='word_1_508' title='bbox 387 3557 587 3616; x_wconf 83' lang='lat' dir='ltr'>mente,</span> <span class='ocrx_word' id='word_1_509' title='bbox 606 3553 748 3604; x_wconf 92' lang='lat' dir='ltr'>etc.:</span> <span class='ocrx_word' id='word_1_510' title='bbox 778 3545 1075 3617; x_wconf 90' lang='lat' dir='ltr'>nisi,quod</span> <span class='ocrx_word' id='word_1_511' title='bbox 1100 3562 1196 3600; x_wconf 90' lang='lat' dir='ltr'>ore</span> <span class='ocrx_word' id='word_1_512' title='bbox 1217 3544 1443 3616; x_wconf 89' lang='lat' dir='ltr'>loquar,</span> <span class='ocrx_word' id='word_1_513' title='bbox 1469 3544 1791 3615; x_wconf 89' lang='lat' dir='ltr'>intelligam</span> <span class='ocrx_word' id='word_1_514' title='bbox 1817 3546 2035 3609; x_wconf 90' lang='lat' dir='ltr'>mente,</span> 
     </span>
    </p>
   </div>
   <div class='ocr_carea' id='block_1_69' title="bbox 391 3632 2033 3710">
    <p class='ocr_par' dir='ltr' id='par_1_69' title="bbox 391 3632 2033 3710">
     <span class='ocr_line' id='line_1_69' title="bbox 391 3632 2033 3710; baseline -0.006 -15"><span class='ocrx_word' id='word_1_515' title='bbox 391 3644 449 3696; x_wconf 90' lang='lat' dir='ltr'>et</span> <span class='ocrx_word' id='word_1_516' title='bbox 481 3637 636 3710; x_wconf 85' lang='lat' dir='ltr'>quod</span> <span class='ocrx_word' id='word_1_517' title='bbox 656 3651 794 3691; x_wconf 90' lang='lat' dir='ltr'>voce</span> <span class='ocrx_word' id='word_1_518' title='bbox 814 3632 1083 3706; x_wconf 87' lang='lat' dir='ltr'>psallam,</span> <span class='ocrx_word' id='word_1_519' title='bbox 1106 3632 1371 3705; x_wconf 86' lang='lat' dir='ltr'>cogitabo</span> <span class='ocrx_word' id='word_1_520' title='bbox 1394 3638 1451 3688; x_wconf 89' lang='lat' dir='ltr'>et</span> <span class='ocrx_word' id='word_1_521' title='bbox 1470 3633 1641 3687; x_wconf 90' lang='lat' dir='ltr'>corde</span> <span class='ocrx_word' id='word_1_522' title='bbox 1664 3632 1691 3685; x_wconf 85' lang='lat'><strong>?</strong></span> <span class='ocrx_word' id='word_1_523' title='bbox 1712 3632 1876 3686; x_wconf 89' lang='lat' dir='ltr'>Tunc</span> <span class='ocrx_word' id='word_1_524' title='bbox 1899 3647 2033 3685; x_wconf 87' lang='lat' dir='ltr'>vero</span> 
     </span>
    </p>
   </div>
   <div class='ocr_carea' id='block_1_70' title="bbox 392 3718 2034 3799">
    <p class='ocr_par' dir='ltr' id='par_1_70' title="bbox 392 3718 2034 3799">
     <span class='ocr_line' id='line_1_70' title="bbox 392 3718 2034 3799; baseline -0.006 -16"><span class='ocrx_word' id='word_1_525' title='bbox 392 3727 526 3799; x_wconf 91' lang='lat' dir='ltr'>quis</span> <span class='ocrx_word' id='word_1_526' title='bbox 549 3727 698 3781; x_wconf 88' lang='lat' dir='ltr'>bene</span> <span class='ocrx_word' id='word_1_527' title='bbox 730 3722 946 3797; x_wconf 89' lang='lat' dir='ltr'>psallit,</span> <span class='ocrx_word' id='word_1_528' title='bbox 980 3726 1081 3777; x_wconf 91' lang='lat' dir='ltr'>aut</span> <span class='ocrx_word' id='word_1_529' title='bbox 1113 3726 1259 3786; x_wconf 87' lang='lat' dir='ltr'>orat,</span> <span class='ocrx_word' id='word_1_530' title='bbox 1293 3721 1525 3794; x_wconf 90' lang='lat' dir='ltr'>quando</span> <span class='ocrx_word' id='word_1_531' title='bbox 1580 3738 1689 3776; x_wconf 87' lang='lat' dir='ltr'>vox</span> <span class='ocrx_word' id='word_1_532' title='bbox 1726 3718 2034 3774; x_wconf 90' lang='lat' dir='ltr'>intentioni</span> 
     </span>
    </p>
   </div>
   <div class='ocr_carea' id='block_1_71' title="bbox 392 3808 2034 3884">
    <p class='ocr_par' dir='ltr' id='par_1_71' title="bbox 392 3808 2034 3884">
     <span class='ocr_line' id='line_1_71' title="bbox 392 3808 2034 3884; baseline -0.006 -12"><span class='ocrx_word' id='word_1_533' title='bbox 392 3815 726 3873; x_wconf 91' lang='lat' dir='ltr'>concordat.</span> <span class='ocrx_word' id='word_1_534' title='bbox 760 3816 1141 3884; x_wconf 88' lang='lat' dir='ltr'>Quapropter,</span> <span class='ocrx_word' id='word_1_535' title='bbox 1176 3810 1315 3883; x_wconf 86' lang='lat' dir='ltr'>quia</span> <span class='ocrx_word' id='word_1_536' title='bbox 1335 3810 1646 3883; x_wconf 91' lang='lat' dir='ltr'>Apostolus</span> <span class='ocrx_word' id='word_1_537' title='bbox 1669 3808 1925 3864; x_wconf 90' lang='lat' dir='ltr'>ostendit</span> <span class='ocrx_word' id='word_1_538' title='bbox 1948 3824 2034 3863; x_wconf 89' lang='lat' dir='ltr'>re-</span> 
     </span>
    </p>
   </div>
   <div class='ocr_carea' id='block_1_72' title="bbox 394 3897 2036 3970">
    <p class='ocr_par' dir='ltr' id='par_1_72' title="bbox 394 3897 2036 3970">
     <span class='ocr_line' id='line_1_72' title="bbox 394 3897 2036 3970; baseline -0.005 -9"><span class='ocrx_word' id='word_1_539' title='bbox 394 3904 677 3970; x_wconf 90' lang='lat' dir='ltr'>medium,</span> <span class='ocrx_word' id='word_1_540' title='bbox 709 3907 774 3958; x_wconf 92' lang='lat' dir='ltr'>ut</span> <span class='ocrx_word' id='word_1_541' title='bbox 806 3919 971 3958; x_wconf 89' lang='lat' dir='ltr'>mens</span> <span class='ocrx_word' id='word_1_542' title='bbox 1004 3918 1116 3957; x_wconf 91' lang='lat' dir='ltr'>non</span> <span class='ocrx_word' id='word_1_543' title='bbox 1144 3901 1223 3956; x_wconf 89' lang='lat' dir='ltr'>sit</span> <span class='ocrx_word' id='word_1_544' title='bbox 1254 3900 1379 3955; x_wconf 84' lang='lat' dir='ltr'>sine</span> <span class='ocrx_word' id='word_1_545' title='bbox 1412 3901 1626 3963; x_wconf 85' lang='lat' dir='ltr'>fructu,</span> <span class='ocrx_word' id='word_1_546' title='bbox 1652 3904 1924 3955; x_wconf 90' lang='lat' dir='ltr'>monetur</span> <span class='ocrx_word' id='word_1_547' title='bbox 1944 3897 2036 3953; x_wconf 89' lang='lat' dir='ltr'>bis</span> 
     </span>
    </p>
   </div>
   <div class='ocr_carea' id='block_1_73' title="bbox 390 3987 2035 4064">
    <p class='ocr_par' dir='ltr' id='par_1_73' title="bbox 390 3987 2035 4064">
     <span class='ocr_line' id='line_1_73' title="bbox 390 3987 2035 4064; baseline -0.004 -16"><span class='ocrx_word' id='word_1_548' title='bbox 390 3993 584 4050; x_wconf 90' lang='lat' dir='ltr'>verbis</span> <span class='ocrx_word' id='word_1_549' title='bbox 608 3991 1258 4064; x_wconf 88' lang='lat' dir='ltr'>unusquisque,utdum</span> <span class='ocrx_word' id='word_1_550' title='bbox 1286 3989 1616 4062; x_wconf 90' lang='lat' dir='ltr'>procumbit</span> <span class='ocrx_word' id='word_1_551' title='bbox 1639 3988 1708 4043; x_wconf 89' lang='lat' dir='ltr'>ad</span> <span class='ocrx_word' id='word_1_552' title='bbox 1726 3987 2035 4055; x_wconf 89' lang='lat' dir='ltr'>orandum,</span> 
     </span>
    </p>
   </div>
   <div class='ocr_carea' id='block_1_74' title="bbox 393 4076 2036 4151">
    <p class='ocr_par' dir='ltr' id='par_1_74' title="bbox 393 4076 2036 4151">
     <span class='ocr_line' id='line_1_74' title="bbox 393 4076 2036 4151; baseline -0.005 -12"><span class='ocrx_word' id='word_1_553' title='bbox 393 4083 512 4139; x_wconf 89' lang='lat' dir='ltr'>sive</span> <span class='ocrx_word' id='word_1_554' title='bbox 541 4085 676 4149; x_wconf 89' lang='lat' dir='ltr'>stat,</span> <span class='ocrx_word' id='word_1_555' title='bbox 704 4080 790 4136; x_wconf 87' lang='lat' dir='ltr'>vel</span> <span class='ocrx_word' id='word_1_556' title='bbox 814 4080 990 4136; x_wconf 89' lang='lat' dir='ltr'>etiam</span> <span class='ocrx_word' id='word_1_557' title='bbox 1015 4079 1084 4135; x_wconf 89' lang='lat' dir='ltr'>ad</span> <span class='ocrx_word' id='word_1_558' title='bbox 1110 4077 1503 4151; x_wconf 89' lang='lat' dir='ltr'>psallendum,</span> <span class='ocrx_word' id='word_1_559' title='bbox 1528 4076 1759 4149; x_wconf 88' lang='lat' dir='ltr'>colligat</span> <span class='ocrx_word' id='word_1_560' title='bbox 1781 4080 2036 4131; x_wconf 90' lang='lat' dir='ltr'>mentem</span> 
     </span>
    </p>
   </div>
   <div class='ocr_carea' id='block_1_75' title="bbox 394 4167 2039 4239">
    <p class='ocr_par' dir='ltr' id='par_1_75' title="bbox 394 4167 2039 4239">
     <span class='ocr_line' id='line_1_75' title="bbox 394 4167 2039 4239; baseline -0.005 -12"><span class='ocrx_word' id='word_1_561' title='bbox 394 4187 586 4239; x_wconf 91' lang='lat' dir='ltr'>suam,</span> <span class='ocrx_word' id='word_1_562' title='bbox 612 4174 668 4225; x_wconf 91' lang='lat' dir='ltr'>et</span> <span class='ocrx_word' id='word_1_563' title='bbox 689 4187 804 4225; x_wconf 90' lang='lat' dir='ltr'>non</span> <span class='ocrx_word' id='word_1_564' title='bbox 824 4169 980 4225; x_wconf 89' lang='lat' dir='ltr'>sinat</span> <span class='ocrx_word' id='word_1_565' title='bbox 1000 4184 1130 4223; x_wconf 90' lang='lat' dir='ltr'>eam</span> <span class='ocrx_word' id='word_1_566' title='bbox 1148 4185 1251 4239; x_wconf 92' lang='lat' dir='ltr'>per</span> <span class='ocrx_word' id='word_1_567' title='bbox 1266 4167 1497 4223; x_wconf 90' lang='lat' dir='ltr'>diversa</span> <span class='ocrx_word' id='word_1_568' title='bbox 1511 4170 2039 4238; x_wconf 88' lang='lat' dir='ltr'>vagare,quatenus</span> 
     </span>
    </p>
   </div>
   <div class='ocr_carea' id='block_1_76' title="bbox 392 4258 1036 4329">
    <p class='ocr_par' dir='ltr' id='par_1_76' title="bbox 392 4258 1036 4329">
     <span class='ocr_line' id='line_1_76' title="bbox 392 4258 1036 4329; baseline -0.009 -13"><span class='ocrx_word' id='word_1_569' title='bbox 392 4277 509 4316; x_wconf 90' lang='lat' dir='ltr'>non</span> <span class='ocrx_word' id='word_1_570' title='bbox 542 4260 731 4314; x_wconf 84' lang='lat' dir='ltr'>fructu</span> <span class='ocrx_word' id='word_1_571' title='bbox 757 4258 1036 4329; x_wconf 90' lang='lat' dir='ltr'>privetur.</span> 
     </span>
    </p>
   </div>
   <div class='ocr_carea' id='block_1_77' title="bbox 468 4342 2043 4417">
    <p class='ocr_par' dir='ltr' id='par_1_77' title="bbox 468 4342 2043 4417">
     <span class='ocr_line' id='line_1_77' title="bbox 468 4342 2043 4417; baseline -0.003 -14"><span class='ocrx_word' id='word_1_572' title='bbox 468 4348 775 4417; x_wconf 90' lang='lat' dir='ltr'>Sequitur:</span> <span class='ocrx_word' id='word_1_573' title='bbox 812 4345 1083 4402; x_wconf 69' lang='lat' dir='ltr'>Caeterum</span> <span class='ocrx_word' id='word_1_574' title='bbox 1130 4346 1184 4399; x_wconf 91' lang='lat' dir='ltr'>si</span> <span class='ocrx_word' id='word_1_575' title='bbox 1239 4343 1610 4399; x_wconf 73' lang='lat' dir='ltr'>benedixeris.</span> <span class='ocrx_word' id='word_1_576' title='bbox 1672 4342 2043 4399; x_wconf 85' lang='lat' dir='ltr'>Benedicitur</span> 
     </span>
    </p>
   </div>
   <div class='ocr_carea' id='block_1_78' title="bbox 398 4431 2039 4509">
    <p class='ocr_par' dir='ltr' id='par_1_78' title="bbox 398 4431 2039 4509">
     <span class='ocr_line' id='line_1_78' title="bbox 398 4431 2039 4509; baseline -0.002 -17"><span class='ocrx_word' id='word_1_577' title='bbox 398 4434 684 4509; x_wconf 91' lang='lat' dir='ltr'>quidquid</span> <span class='ocrx_word' id='word_1_578' title='bbox 710 4434 1035 4491; x_wconf 91' lang='lat' dir='ltr'>secundum</span> <span class='ocrx_word' id='word_1_579' title='bbox 1054 4432 1345 4504; x_wconf 72' lang='lat' dir='ltr'>tequitatis</span> <span class='ocrx_word' id='word_1_580' title='bbox 1362 4432 1622 4504; x_wconf 89' lang='lat' dir='ltr'>regulam</span> <span class='ocrx_word' id='word_1_581' title='bbox 1649 4431 1895 4500; x_wconf 91' lang='lat' dir='ltr'>dicitur;</span> <span class='ocrx_word' id='word_1_582' title='bbox 1921 4432 2039 4488; x_wconf 91' lang='lat' dir='ltr'>sive</span> 
     </span>
    </p>
   </div>
   <div class='ocr_carea' id='block_1_79' title="bbox 2139 3279 3802 3352">
    <p class='ocr_par' dir='ltr' id='par_1_79' title="bbox 2139 3279 3802 3352">
     <span class='ocr_line' id='line_1_79' title="bbox 2139 3279 3802 3352; baseline -0.001 -16"><span class='ocrx_word' id='word_1_583' title='bbox 2139 3280 2425 3336; x_wconf 92' lang='lat' dir='ltr'>Dominus</span> <span class='ocrx_word' id='word_1_584' title='bbox 2447 3280 2505 3334; x_wconf 91' lang='lat' dir='ltr'>in</span> <span class='ocrx_word' id='word_1_585' title='bbox 2553 3279 2904 3351; x_wconf 83' lang='lat' dir='ltr'>Evangelio:</span> <span class='ocrx_word' id='word_1_586' title='bbox 2961 3281 3138 3336; x_wconf 83' lang='lat' dir='ltr'>Eslote</span> <span class='ocrx_word' id='word_1_587' title='bbox 3179 3280 3476 3352; x_wconf 86' lang='lat' dir='ltr'>prudentes</span> <span class='ocrx_word' id='word_1_588' title='bbox 3504 3281 3651 3336; x_wconf 83' lang='lat' dir='ltr'>sicut</span> <span class='ocrx_word' id='word_1_589' title='bbox 3681 3296 3802 3335; x_wconf 87' lang='lat' dir='ltr'>ser-</span> 
     </span>
    </p>
   </div>
   <div class='ocr_carea' id='block_1_80' title="bbox 2136 3367 3800 3441">
    <p class='ocr_par' dir='ltr' id='par_1_80' title="bbox 2136 3367 3800 3441">
     <span class='ocr_line' id='line_1_80' title="bbox 2136 3367 3800 3441; baseline 0.001 -17"><span class='ocrx_word' id='word_1_590' title='bbox 2136 3378 2320 3440; x_wconf 80' lang='lat' dir='ltr'>pentes</span> <span class='ocrx_word' id='word_1_591' title='bbox 2352 3368 2561 3440; x_wconf 77' lang='lat' dir='ltr'>(Matth.</span> <span class='ocrx_word' id='word_1_592' title='bbox 2593 3385 2649 3440; x_wconf 90' lang='lat' dir='ltr'>x,</span> <span class='ocrx_word' id='word_1_593' title='bbox 2685 3370 2796 3439; x_wconf 85' lang='grc'>16),</span> <span class='ocrx_word' id='word_1_594' title='bbox 2829 3373 2938 3424; x_wconf 89' lang='lat' dir='ltr'>etc.</span> <span class='ocrx_word' id='word_1_595' title='bbox 2964 3370 3031 3424; x_wconf 90' lang='lat' dir='ltr'>Et</span> <span class='ocrx_word' id='word_1_596' title='bbox 3051 3370 3193 3440; x_wconf 92' lang='lat' dir='ltr'>quia</span> <span class='ocrx_word' id='word_1_597' title='bbox 3210 3386 3355 3441; x_wconf 87' lang='lat' dir='ltr'>puer</span> <span class='ocrx_word' id='word_1_598' title='bbox 3384 3367 3633 3437; x_wconf 87' lang='lat' dir='ltr'>malitia,</span> <span class='ocrx_word' id='word_1_599' title='bbox 3670 3385 3800 3425; x_wconf 89' lang='lat' dir='ltr'>non</span> 
     </span>
    </p>
   </div>
   <div class='ocr_carea' id='block_1_81' title="bbox 2142 3457 3805 3534">
    <p class='ocr_par' dir='ltr' id='par_1_81' title="bbox 2142 3457 3805 3534">
     <span class='ocr_line' id='line_1_81' title="bbox 2142 3457 3805 3534; baseline 0.001 -21"><span class='ocrx_word' id='word_1_600' title='bbox 2142 3475 2317 3513; x_wconf 86' lang='lat' dir='ltr'>sensu</span> <span class='ocrx_word' id='word_1_601' title='bbox 2337 3458 2658 3513; x_wconf 89' lang='lat' dir='ltr'>imitandus</span> <span class='ocrx_word' id='word_1_602' title='bbox 2677 3461 2783 3523; x_wconf 89' lang='lat' dir='ltr'>est,</span> <span class='ocrx_word' id='word_1_603' title='bbox 2808 3457 3146 3534; x_wconf 78' lang='lat' dir='ltr'>subjunxit:</span> <span class='ocrx_word' id='word_1_604' title='bbox 3174 3457 3431 3514; x_wconf 82' lang='lat' dir='ltr'>Sensibus</span> <span class='ocrx_word' id='word_1_605' title='bbox 3450 3461 3638 3515; x_wconf 89' lang='lat' dir='ltr'>autem</span> <span class='ocrx_word' id='word_1_606' title='bbox 3662 3473 3805 3530; x_wconf 85' lang='lat' dir='ltr'>per-</span> 
     </span>
    </p>
   </div>
   <div class='ocr_carea' id='block_1_82' title="bbox 2142 3549 2480 3619">
    <p class='ocr_par' dir='ltr' id='par_1_82' title="bbox 2142 3549 2480 3619">
     <span class='ocr_line' id='line_1_82' title="bbox 2142 3549 2480 3619; baseline -0.009 -16"><span class='ocrx_word' id='word_1_607' title='bbox 2142 3549 2271 3619; x_wconf 83' lang='lat' dir='ltr'>fecti</span> <span class='ocrx_word' id='word_1_608' title='bbox 2299 3549 2480 3603; x_wconf 84' lang='lat' dir='ltr'>estote.</span> 
     </span>
    </p>
   </div>
   <div class='ocr_carea' id='block_1_83' title="bbox 2213 3635 3804 3708">
    <p class='ocr_par' dir='ltr' id='par_1_83' title="bbox 2213 3635 3804 3708">
     <span class='ocr_line' id='line_1_83' title="bbox 2213 3635 3804 3708; baseline 0.003 -19"><span class='ocrx_word' id='word_1_609' title='bbox 2213 3635 2528 3706; x_wconf 89' lang='lat' dir='ltr'>Sequitur:</span> <span class='ocrx_word' id='word_1_610' title='bbox 2561 3636 2625 3690; x_wconf 91' lang='lat' dir='ltr'>ln</span> <span class='ocrx_word' id='word_1_611' title='bbox 2662 3636 2775 3705; x_wconf 88' lang='lat' dir='ltr'>lege</span> <span class='ocrx_word' id='word_1_612' title='bbox 2822 3635 3085 3708; x_wconf 85' lang='lat' dir='ltr'>scriptum</span> <span class='ocrx_word' id='word_1_613' title='bbox 3114 3645 3235 3693; x_wconf 89' lang='lat' dir='ltr'>est:</span> <span class='ocrx_word' id='word_1_614' title='bbox 3268 3638 3543 3706; x_wconf 84' lang='lat' dir='ltr'>Quoniam</span> <span class='ocrx_word' id='word_1_615' title='bbox 3572 3638 3637 3692; x_wconf 86' lang='lat' dir='ltr'>in</span> <span class='ocrx_word' id='word_1_616' title='bbox 3665 3638 3804 3693; x_wconf 79' lang='lat' dir='ltr'>aliis</span> 
     </span>
    </p>
   </div>
   <div class='ocr_carea' id='block_1_84' title="bbox 2144 3724 3799 3797">
    <p class='ocr_par' dir='ltr' id='par_1_84' title="bbox 2144 3724 3799 3797">
     <span class='ocr_line' id='line_1_84' title="bbox 2144 3724 3799 3797; baseline 0.002 -18"><span class='ocrx_word' id='word_1_617' title='bbox 2144 3725 2372 3795; x_wconf 86' lang='lat' dir='ltr'>linguis,</span> <span class='ocrx_word' id='word_1_618' title='bbox 2403 3726 2453 3779; x_wconf 86' lang='lat' dir='ltr'>et</span> <span class='ocrx_word' id='word_1_619' title='bbox 2482 3724 2614 3778; x_wconf 86' lang='lat' dir='ltr'>aliis</span> <span class='ocrx_word' id='word_1_620' title='bbox 2643 3724 2807 3779; x_wconf 83' lang='lat' dir='ltr'>labiis</span> <span class='ocrx_word' id='word_1_621' title='bbox 2837 3724 3038 3795; x_wconf 87' lang='lat' dir='ltr'>loquar</span> <span class='ocrx_word' id='word_1_622' title='bbox 3083 3726 3218 3797; x_wconf 86' lang='lat' dir='ltr'>(Isa.</span> <span class='ocrx_word' id='word_1_623' title='bbox 3279 3743 3479 3793; x_wconf 83' lang='lat' dir='ltr'>xxvm,</span> <span class='ocrx_word' id='word_1_624' title='bbox 3534 3727 3650 3797; x_wconf 88' lang='grc'>11),</span> <span class='ocrx_word' id='word_1_625' title='bbox 3682 3731 3799 3783; x_wconf 91' lang='lat' dir='ltr'>etc.</span> 
     </span>
    </p>
   </div>
   <div class='ocr_carea' id='block_1_85' title="bbox 2142 3810 3801 3886">
    <p class='ocr_par' dir='ltr' id='par_1_85' title="bbox 2142 3810 3801 3886">
     <span class='ocr_line' id='line_1_85' title="bbox 2142 3810 3801 3886; baseline 0.002 -19"><span class='ocrx_word' id='word_1_626' title='bbox 2142 3812 2285 3867; x_wconf 88' lang='lat' dir='ltr'>Aliis</span> <span class='ocrx_word' id='word_1_627' title='bbox 2305 3810 2525 3885; x_wconf 90' lang='lat' dir='ltr'>linguis</span> <span class='ocrx_word' id='word_1_628' title='bbox 2555 3815 2613 3867; x_wconf 92' lang='lat' dir='ltr'>et</span> <span class='ocrx_word' id='word_1_629' title='bbox 2643 3811 2813 3868; x_wconf 88' lang='lat' dir='ltr'>labiis</span> <span class='ocrx_word' id='word_1_630' title='bbox 2839 3812 3100 3885; x_wconf 90' lang='lat' dir='ltr'>loquitur</span> <span class='ocrx_word' id='word_1_631' title='bbox 3120 3814 3426 3885; x_wconf 88' lang='lat' dir='ltr'>Dominus,</span> <span class='ocrx_word' id='word_1_632' title='bbox 3451 3816 3621 3886; x_wconf 84' lang='lat' dir='ltr'>juxta</span> <span class='ocrx_word' id='word_1_633' title='bbox 3639 3816 3801 3886; x_wconf 88' lang='lat' dir='ltr'>quod</span> 
     </span>
    </p>
   </div>
   <div class='ocr_carea' id='block_1_86' title="bbox 2145 3900 3803 3974">
    <p class='ocr_par' dir='ltr' id='par_1_86' title="bbox 2145 3900 3803 3974">
     <span class='ocr_line' id='line_1_86' title="bbox 2145 3900 3803 3974; baseline 0.001 -17"><span class='ocrx_word' id='word_1_634' title='bbox 2145 3919 2246 3973; x_wconf 90' lang='lat' dir='ltr'>per</span> <span class='ocrx_word' id='word_1_635' title='bbox 2277 3900 2623 3974; x_wconf 90' lang='lat' dir='ltr'>prophetam</span> <span class='ocrx_word' id='word_1_636' title='bbox 2655 3900 2835 3957; x_wconf 90' lang='lat' dir='ltr'>dicit:</span> <span class='ocrx_word' id='word_1_637' title='bbox 2870 3903 3089 3958; x_wconf 86' lang='lat' dir='ltr'>Feriam</span> <span class='ocrx_word' id='word_1_638' title='bbox 3142 3919 3265 3958; x_wconf 89' lang='lat' dir='ltr'>cum</span> <span class='ocrx_word' id='word_1_639' title='bbox 3321 3904 3477 3960; x_wconf 88' lang='lat' dir='ltr'>domo</span> <span class='ocrx_word' id='word_1_640' title='bbox 3533 3906 3719 3960; x_wconf 83' lang='lat' dir='ltr'>Israel</span> <span class='ocrx_word' id='word_1_641' title='bbox 3748 3906 3803 3959; x_wconf 85' lang='lat' dir='ltr'>et</span> 
     </span>
    </p>
   </div>
   <div class='ocr_carea' id='block_1_87' title="bbox 2146 3990 3807 4064">
    <p class='ocr_par' dir='ltr' id='par_1_87' title="bbox 2146 3990 3807 4064">
     <span class='ocr_line' id='line_1_87' title="bbox 2146 3990 3807 4064; baseline 0 -17"><span class='ocrx_word' id='word_1_642' title='bbox 2146 3992 2307 4048; x_wconf 85' lang='lat' dir='ltr'>domo</span> <span class='ocrx_word' id='word_1_643' title='bbox 2335 3990 2479 4046; x_wconf 85' lang='lat' dir='ltr'>Juda</span> <span class='ocrx_word' id='word_1_644' title='bbox 2506 3992 2725 4061; x_wconf 87' lang='lat' dir='ltr'>pactum</span> <span class='ocrx_word' id='word_1_645' title='bbox 2750 3991 2881 4058; x_wconf 90' lang='lat' dir='ltr'>(Jer.</span> <span class='ocrx_word' id='word_1_646' title='bbox 2916 4008 3072 4058; x_wconf 80' lang='lat' dir='ltr'>xxxi,</span> <span class='ocrx_word' id='word_1_647' title='bbox 3102 3993 3214 4064; x_wconf 80' lang='lat'>31),</span> <span class='ocrx_word' id='word_1_648' title='bbox 3246 3997 3356 4048; x_wconf 88' lang='lat' dir='ltr'>etc.</span> <span class='ocrx_word' id='word_1_649' title='bbox 3408 3992 3578 4049; x_wconf 85' lang='lat' dir='ltr'>Videt</span> <span class='ocrx_word' id='word_1_650' title='bbox 3628 4008 3807 4047; x_wconf 88' lang='lat' dir='ltr'>nam-</span> 
     </span>
    </p>
   </div>
   <div class='ocr_carea' id='block_1_88' title="bbox 2147 4078 3803 4154">
    <p class='ocr_par' dir='ltr' id='par_1_88' title="bbox 2147 4078 3803 4154">
     <span class='ocr_line' id='line_1_88' title="bbox 2147 4078 3803 4154; baseline 0.001 -19"><span class='ocrx_word' id='word_1_651' title='bbox 2147 4097 2259 4152; x_wconf 92' lang='lat' dir='ltr'>que</span> <span class='ocrx_word' id='word_1_652' title='bbox 2291 4079 2509 4149; x_wconf 90' lang='lat' dir='ltr'>aliquis</span> <span class='ocrx_word' id='word_1_653' title='bbox 2533 4078 2774 4134; x_wconf 70' lang='lat' dir='ltr'>Judseus</span> <span class='ocrx_word' id='word_1_654' title='bbox 2807 4083 2987 4134; x_wconf 92' lang='lat' dir='ltr'>Deum</span> <span class='ocrx_word' id='word_1_655' title='bbox 3021 4080 3151 4137; x_wconf 88' lang='lat' dir='ltr'>aliis</span> <span class='ocrx_word' id='word_1_656' title='bbox 3181 4080 3402 4154; x_wconf 89' lang='lat' dir='ltr'>linguis</span> <span class='ocrx_word' id='word_1_657' title='bbox 3442 4081 3628 4153; x_wconf 90' lang='lat' dir='ltr'>loqui,</span> <span class='ocrx_word' id='word_1_658' title='bbox 3658 4082 3803 4137; x_wconf 88' lang='lat' dir='ltr'>dum</span> 
     </span>
    </p>
   </div>
   <div class='ocr_carea' id='block_1_89' title="bbox 2148 4166 3806 4241">
    <p class='ocr_par' dir='ltr' id='par_1_89' title="bbox 2148 4166 3806 4241">
     <span class='ocr_line' id='line_1_89' title="bbox 2148 4166 3806 4241; baseline 0.002 -18"><span class='ocrx_word' id='word_1_659' title='bbox 2148 4166 2653 4224; x_wconf 90' lang='lat' dir='ltr'>circumcisionem</span> <span class='ocrx_word' id='word_1_660' title='bbox 2671 4167 2836 4222; x_wconf 90' lang='lat' dir='ltr'>audit</span> <span class='ocrx_word' id='word_1_661' title='bbox 2854 4167 2999 4223; x_wconf 89' lang='lat' dir='ltr'>nihil</span> <span class='ocrx_word' id='word_1_662' title='bbox 3022 4170 3320 4241; x_wconf 87' lang='lat' dir='ltr'>prodesse,</span> <span class='ocrx_word' id='word_1_663' title='bbox 3341 4170 3669 4227; x_wconf 85' lang='lat' dir='ltr'>Sabbatum</span> <span class='ocrx_word' id='word_1_664' title='bbox 3689 4186 3806 4226; x_wconf 88' lang='lat' dir='ltr'>non</span> 
     </span>
    </p>
   </div>
   <div class='ocr_carea' id='block_1_90' title="bbox 2149 4257 3803 4329">
    <p class='ocr_par' dir='ltr' id='par_1_90' title="bbox 2149 4257 3803 4329">
     <span class='ocr_line' id='line_1_90' title="bbox 2149 4257 3803 4329; baseline 0.001 -14"><span class='ocrx_word' id='word_1_665' title='bbox 2149 4257 2464 4327; x_wconf 89' lang='lat' dir='ltr'>observari,</span> <span class='ocrx_word' id='word_1_666' title='bbox 2488 4257 2815 4329; x_wconf 89' lang='lat' dir='ltr'>prohibitos</span> <span class='ocrx_word' id='word_1_667' title='bbox 2838 4257 2999 4315; x_wconf 90' lang='lat' dir='ltr'>cibos</span> <span class='ocrx_word' id='word_1_668' title='bbox 3022 4258 3262 4316; x_wconf 88' lang='lat' dir='ltr'>licenter</span> <span class='ocrx_word' id='word_1_669' title='bbox 3281 4260 3528 4328; x_wconf 89' lang='lat' dir='ltr'>comedi,</span> <span class='ocrx_word' id='word_1_670' title='bbox 3552 4260 3803 4317; x_wconf 85' lang='lat' dir='ltr'>Neome-</span> 
     </span>
    </p>
   </div>
   <div class='ocr_carea' id='block_1_91' title="bbox 2149 4345 3808 4422">
    <p class='ocr_par' dir='ltr' id='par_1_91' title="bbox 2149 4345 3808 4422">
     <span class='ocr_line' id='line_1_91' title="bbox 2149 4345 3808 4422; baseline 0.002 -19"><span class='ocrx_word' id='word_1_671' title='bbox 2149 4348 2403 4413; x_wconf 92' lang='lat' dir='ltr'>niarum,</span> <span class='ocrx_word' id='word_1_672' title='bbox 2428 4349 2605 4417; x_wconf 89' lang='lat' dir='ltr'>atque</span> <span class='ocrx_word' id='word_1_673' title='bbox 2625 4345 3512 4422; x_wconf 73' lang='lat' dir='ltr'>Kalendarum,caaterarumque</span> <span class='ocrx_word' id='word_1_674' title='bbox 3527 4349 3808 4406; x_wconf 85' lang='lat' dir='ltr'>solemni-</span> 
     </span>
    </p>
   </div>
   <div class='ocr_carea' id='block_1_92' title="bbox 2150 4435 3806 4511">
    <p class='ocr_par' dir='ltr' id='par_1_92' title="bbox 2150 4435 3806 4511">
     <span class='ocr_line' id='line_1_92' title="bbox 2150 4435 3806 4511; baseline 0.002 -20"><span class='ocrx_word' id='word_1_675' title='bbox 2150 4441 2339 4492; x_wconf 89' lang='lat' dir='ltr'>tatum</span> <span class='ocrx_word' id='word_1_676' title='bbox 2361 4435 2780 4491; x_wconf 89' lang='lat' dir='ltr'>celebrationes</span> <span class='ocrx_word' id='word_1_677' title='bbox 2840 4442 3172 4506; x_wconf 76' lang='lat' dir='ltr'>evacuatus,</span> <span class='ocrx_word' id='word_1_678' title='bbox 3206 4455 3273 4493; x_wconf 91' lang='lat' dir='ltr'>ac</span> <span class='ocrx_word' id='word_1_679' title='bbox 3313 4439 3530 4495; x_wconf 87' lang='lat' dir='ltr'>diversi</span> <span class='ocrx_word' id='word_1_680' title='bbox 3559 4440 3806 4511; x_wconf 86' lang='lat' dir='ltr'>generis</span> 
     </span>
    </p>
   </div>
   <div class='ocr_carea' id='block_1_93' title="bbox 395 4521 3807 4601">
    <p class='ocr_par' dir='ltr' id='par_1_93' title="bbox 395 4521 3807 4601">
     <span class='ocr_line' id='line_1_93' title="bbox 395 4521 3807 4601; baseline 0.001 -19"><span class='ocrx_word' id='word_1_681' title='bbox 395 4525 693 4583; x_wconf 88' lang='lat' dir='ltr'>benedicis</span> <span class='ocrx_word' id='word_1_682' title='bbox 724 4525 864 4580; x_wconf 91' lang='lat' dir='ltr'>dum</span> <span class='ocrx_word' id='word_1_683' title='bbox 890 4522 1167 4595; x_wconf 90' lang='lat' dir='ltr'>precaris,</span> <span class='ocrx_word' id='word_1_684' title='bbox 1201 4521 1287 4576; x_wconf 90' lang='lat' dir='ltr'>vel</span> <span class='ocrx_word' id='word_1_685' title='bbox 1316 4538 1506 4593; x_wconf 89' lang='lat' dir='ltr'>rogas,</span> <span class='ocrx_word' id='word_1_686' title='bbox 1542 4521 1628 4576; x_wconf 92' lang='lat' dir='ltr'>vel</span> <span class='ocrx_word' id='word_1_687' title='bbox 1649 4526 1802 4578; x_wconf 89' lang='lat' dir='ltr'>certe</span> <span class='ocrx_word' id='word_1_688' title='bbox 1825 4523 2041 4578; x_wconf 89' lang='lat' dir='ltr'>sancti-</span> <span class='ocrx_word' id='word_1_689' title='bbox 2073 4531 2119 4594; x_wconf 84' lang='lat'>1)</span> <span class='ocrx_word' id='word_1_690' title='bbox 2150 4525 2436 4582; x_wconf 84' lang='lat' dir='ltr'>sacriﬁcia</span> <span class='ocrx_word' id='word_1_691' title='bbox 2464 4525 2535 4579; x_wconf 91' lang='lat' dir='ltr'>ad</span> <span class='ocrx_word' id='word_1_692' title='bbox 2569 4525 2843 4596; x_wconf 88' lang='lat' dir='ltr'>mysteria</span> <span class='ocrx_word' id='word_1_693' title='bbox 2868 4526 3130 4598; x_wconf 88' lang='lat' dir='ltr'>corporis</span> <span class='ocrx_word' id='word_1_694' title='bbox 3161 4532 3219 4583; x_wconf 88' lang='lat' dir='ltr'>et</span> <span class='ocrx_word' id='word_1_695' title='bbox 3247 4527 3556 4601; x_wconf 89' lang='lat' dir='ltr'>sanguinis</span> <span class='ocrx_word' id='word_1_696' title='bbox 3612 4528 3807 4601; x_wconf 87' lang='lat' dir='ltr'>ipsius</span> 
     </span>
    </p>
   </div>
   <div class='ocr_carea' id='block_1_94' title="bbox 400 4610 2044 4687">
    <p class='ocr_par' dir='ltr' id='par_1_94' title="bbox 400 4610 2044 4687">
     <span class='ocr_line' id='line_1_94' title="bbox 400 4610 2044 4687; baseline -0.002 -17"><span class='ocrx_word' id='word_1_697' title='bbox 400 4616 561 4672; x_wconf 80' lang='lat' dir='ltr'>lices.</span> <span class='ocrx_word' id='word_1_698' title='bbox 596 4615 742 4687; x_wconf 88' lang='lat' dir='ltr'>Ergo</span> <span class='ocrx_word' id='word_1_699' title='bbox 770 4614 822 4668; x_wconf 89' lang='lat' dir='ltr'>si</span> <span class='ocrx_word' id='word_1_700' title='bbox 853 4613 1126 4669; x_wconf 83' lang='lat' dir='ltr'>benedicis</span> <span class='ocrx_word' id='word_1_701' title='bbox 1153 4613 1375 4685; x_wconf 86' lang='lat' dir='ltr'>spiritu,</span> <span class='ocrx_word' id='word_1_702' title='bbox 1409 4610 1467 4665; x_wconf 90' lang='lat' dir='ltr'>id</span> <span class='ocrx_word' id='word_1_703' title='bbox 1499 4615 1588 4666; x_wconf 90' lang='lat' dir='ltr'>est</span> <span class='ocrx_word' id='word_1_704' title='bbox 1614 4627 1770 4679; x_wconf 89' lang='lat' dir='ltr'>voce,</span> <span class='ocrx_word' id='word_1_705' title='bbox 1795 4612 1934 4682; x_wconf 90' lang='lat' dir='ltr'>quia</span> <span class='ocrx_word' id='word_1_706' title='bbox 1962 4611 2044 4667; x_wconf 83' lang='lat' dir='ltr'>a1-</span> 
     </span>
    </p>
   </div>
   <div class='ocr_carea' id='block_1_95' title="bbox 400 4698 2044 4774">
    <p class='ocr_par' dir='ltr' id='par_1_95' title="bbox 400 4698 2044 4774">
     <span class='ocr_line' id='line_1_95' title="bbox 400 4698 2044 4774; baseline -0.002 -16"><span class='ocrx_word' id='word_1_707' title='bbox 400 4709 488 4759; x_wconf 91' lang='lat' dir='ltr'>ter</span> <span class='ocrx_word' id='word_1_708' title='bbox 517 4719 631 4759; x_wconf 90' lang='lat' dir='ltr'>non</span> <span class='ocrx_word' id='word_1_709' title='bbox 655 4702 949 4774; x_wconf 88' lang='lat' dir='ltr'>intelligit,</span> <span class='ocrx_word' id='word_1_710' title='bbox 976 4703 1100 4772; x_wconf 89' lang='lat' dir='ltr'>quis</span> <span class='ocrx_word' id='word_1_711' title='bbox 1128 4702 1344 4773; x_wconf 86' lang='lat' dir='ltr'>supplet</span> <span class='ocrx_word' id='word_1_712' title='bbox 1376 4700 1553 4755; x_wconf 89' lang='lat' dir='ltr'>locum</span> <span class='ocrx_word' id='word_1_713' title='bbox 1601 4698 1811 4767; x_wconf 70' lang='lat' dir='ltr'>idiotw,</span> <span class='ocrx_word' id='word_1_714' title='bbox 1846 4699 1900 4754; x_wconf 92' lang='lat' dir='ltr'>id</span> <span class='ocrx_word' id='word_1_715' title='bbox 1934 4704 2044 4767; x_wconf 90' lang='lat' dir='ltr'>est,</span> 
     </span>
    </p>
   </div>
   <div class='ocr_carea' id='block_1_96' title="bbox 403 4787 2049 4862">
    <p class='ocr_par' dir='ltr' id='par_1_96' title="bbox 403 4787 2049 4862">
     <span class='ocr_line' id='line_1_96' title="bbox 403 4787 2049 4862; baseline -0.002 -17"><span class='ocrx_word' id='word_1_716' title='bbox 403 4792 535 4862; x_wconf 90' lang='lat' dir='ltr'>quis</span> <span class='ocrx_word' id='word_1_717' title='bbox 565 4790 909 4859; x_wconf 86' lang='lat' dir='ltr'>orationem,</span> <span class='ocrx_word' id='word_1_718' title='bbox 944 4790 1146 4859; x_wconf 91' lang='lat' dir='ltr'>quisve</span> <span class='ocrx_word' id='word_1_719' title='bbox 1167 4793 1299 4844; x_wconf 91' lang='lat' dir='ltr'>tuas</span> <span class='ocrx_word' id='word_1_720' title='bbox 1321 4787 1693 4843; x_wconf 81' lang='lat' dir='ltr'>confirmabit</span> <span class='ocrx_word' id='word_1_721' title='bbox 1715 4803 1914 4858; x_wconf 89' lang='lat' dir='ltr'>preces</span> <span class='ocrx_word' id='word_1_722' title='bbox 1932 4787 1961 4841; x_wconf 77' lang='lat' dir='ltr'>‘I</span> <span class='ocrx_word' id='word_1_723' title='bbox 1983 4788 2049 4842; x_wconf 86' lang='lat' dir='ltr'>Et</span> 
     </span>
    </p>
   </div>
   <div class='ocr_carea' id='block_1_97' title="bbox 402 4877 2050 4951">
    <p class='ocr_par' dir='ltr' id='par_1_97' title="bbox 402 4877 2050 4951">
     <span class='ocr_line' id='line_1_97' title="bbox 402 4877 2050 4951; baseline -0.002 -16"><span class='ocrx_word' id='word_1_724' title='bbox 402 4880 513 4935; x_wconf 91' lang='lat' dir='ltr'>hoc</span> <span class='ocrx_word' id='word_1_725' title='bbox 543 4882 632 4935; x_wconf 88' lang='lat' dir='ltr'>est</span> <span class='ocrx_word' id='word_1_726' title='bbox 659 4879 814 4951; x_wconf 91' lang='lat' dir='ltr'>quod</span> <span class='ocrx_word' id='word_1_727' title='bbox 885 4878 1061 4933; x_wconf 92' lang='lat' dir='ltr'>dicit:</span> <span class='ocrx_word' id='word_1_728' title='bbox 1123 4877 1394 4946; x_wconf 86' lang='lat' dir='ltr'>Quomodo</span> <span class='ocrx_word' id='word_1_729' title='bbox 1446 4877 1604 4945; x_wconf 84' lang='lat' dir='ltr'>dicet,</span> <span class='ocrx_word' id='word_1_730' title='bbox 1658 4893 1839 4946; x_wconf 85' lang='lat' dir='ltr'>amen,</span> <span class='ocrx_word' id='word_1_731' title='bbox 1883 4892 2050 4949; x_wconf 86' lang='lat' dir='ltr'>super</span> 
     </span>
    </p>
   </div>
   <div class='ocr_carea' id='block_1_98' title="bbox 403 4965 2048 5037">
    <p class='ocr_par' dir='ltr' id='par_1_98' title="bbox 403 4965 2048 5037">
     <span class='ocr_line' id='line_1_98' title="bbox 403 4965 2048 5037; baseline -0.002 -12"><span class='ocrx_word' id='word_1_732' title='bbox 403 4975 559 5027; x_wconf 83' lang='lat' dir='ltr'>tuum</span> <span class='ocrx_word' id='word_1_733' title='bbox 593 4967 1062 5024; x_wconf 82' lang='lat' dir='ltr'>benedictionem?</span> <span class='ocrx_word' id='word_1_734' title='bbox 1089 4970 1207 5022; x_wconf 90' lang='lat' dir='ltr'>Hoc</span> <span class='ocrx_word' id='word_1_735' title='bbox 1237 4972 1344 5033; x_wconf 89' lang='lat' dir='ltr'>est,</span> <span class='ocrx_word' id='word_1_736' title='bbox 1406 4984 1521 5022; x_wconf 93' lang='lat' dir='ltr'>non</span> <span class='ocrx_word' id='word_1_737' title='bbox 1580 4965 1729 5021; x_wconf 90' lang='lat' dir='ltr'>dicet</span> <span class='ocrx_word' id='word_1_738' title='bbox 1760 4966 1879 5035; x_wconf 85' lang='lat' dir='ltr'>fiat,</span> <span class='ocrx_word' id='word_1_739' title='bbox 1912 4982 2048 5037; x_wconf 90' lang='lat' dir='ltr'>quo-</span> 
     </span>
    </p>
   </div>
   <div class='ocr_carea' id='block_1_99' title="bbox 402 5056 2049 5135">
    <p class='ocr_par' dir='ltr' id='par_1_99' title="bbox 402 5056 2049 5135">
     <span class='ocr_line' id='line_1_99' title="bbox 402 5056 2049 5135; baseline -0.002 -19"><span class='ocrx_word' id='word_1_740' title='bbox 402 5060 768 5135; x_wconf 4' lang='lat' dir='ltr'>niampnescit</span> <span class='ocrx_word' id='word_1_741' title='bbox 797 5057 938 5130; x_wconf 84' lang='lat' dir='ltr'>quid</span> <span class='ocrx_word' id='word_1_742' title='bbox 976 5057 1148 5113; x_wconf 88' lang='lat' dir='ltr'>dicas.</span> <span class='ocrx_word' id='word_1_743' title='bbox 1204 5056 1514 5129; x_wconf 90' lang='lat' dir='ltr'>Sequitur:</span> <span class='ocrx_word' id='word_1_744' title='bbox 1550 5056 1689 5111; x_wconf 86' lang='lat' dir='ltr'>Nam</span> <span class='ocrx_word' id='word_1_745' title='bbox 1743 5059 1803 5110; x_wconf 88' lang='lat' dir='ltr'>tu</span> <span class='ocrx_word' id='word_1_746' title='bbox 1830 5057 2049 5127; x_wconf 84' lang='lat' dir='ltr'>quidem</span> 
     </span>
    </p>
   </div>
   <div class='ocr_carea' id='block_1_100' title="bbox 405 5144 2047 5220">
    <p class='ocr_par' dir='ltr' id='par_1_100' title="bbox 405 5144 2047 5220">
     <span class='ocr_line' id='line_1_100' title="bbox 405 5144 2047 5220; baseline -0.003 -15"><span class='ocrx_word' id='word_1_747' title='bbox 405 5150 541 5205; x_wconf 87' lang='lat' dir='ltr'>bene</span> <span class='ocrx_word' id='word_1_748' title='bbox 566 5149 785 5220; x_wconf 85' lang='lat' dir='ltr'>gratias</span> <span class='ocrx_word' id='word_1_749' title='bbox 814 5147 933 5217; x_wconf 88' lang='lat' dir='ltr'>agis</span> <span class='ocrx_word' id='word_1_750' title='bbox 963 5146 1021 5201; x_wconf 91' lang='lat' dir='ltr'>id</span> <span class='ocrx_word' id='word_1_751' title='bbox 1053 5150 1161 5213; x_wconf 88' lang='lat' dir='ltr'>est,</span> <span class='ocrx_word' id='word_1_752' title='bbox 1197 5145 1342 5201; x_wconf 88' lang='lat' dir='ltr'>bene</span> <span class='ocrx_word' id='word_1_753' title='bbox 1373 5160 1561 5218; x_wconf 89' lang='lat' dir='ltr'>rogas,</span> <span class='ocrx_word' id='word_1_754' title='bbox 1584 5145 1727 5200; x_wconf 92' lang='lat' dir='ltr'>bene</span> <span class='ocrx_word' id='word_1_755' title='bbox 1760 5144 2047 5216; x_wconf 86' lang='lat' dir='ltr'>precaris;</span> 
     </span>
    </p>
   </div>
   <div class='ocr_carea' id='block_1_101' title="bbox 403 5232 2049 5308">
    <p class='ocr_par' dir='ltr' id='par_1_101' title="bbox 403 5232 2049 5308">
     <span class='ocr_line' id='line_1_101' title="bbox 403 5232 2049 5308; baseline -0.003 -14"><span class='ocrx_word' id='word_1_756' title='bbox 403 5238 496 5294; x_wconf 85' lang='lat' dir='ltr'>sed</span> <span class='ocrx_word' id='word_1_757' title='bbox 524 5239 668 5295; x_wconf 86' lang='lat' dir='ltr'>alter</span> <span class='ocrx_word' id='word_1_758' title='bbox 689 5254 799 5294; x_wconf 88' lang='lat' dir='ltr'>non</span> <span class='ocrx_word' id='word_1_759' title='bbox 828 5237 1159 5308; x_wconf 67' lang='lat' dir='ltr'>aediﬁcatur,</span> <span class='ocrx_word' id='word_1_760' title='bbox 1191 5234 1291 5307; x_wconf 91' lang='lat' dir='ltr'>qui</span> <span class='ocrx_word' id='word_1_761' title='bbox 1322 5252 1436 5289; x_wconf 90' lang='lat' dir='ltr'>non</span> <span class='ocrx_word' id='word_1_762' title='bbox 1496 5232 1790 5306; x_wconf 89' lang='lat' dir='ltr'>intelligit.</span> <span class='ocrx_word' id='word_1_763' title='bbox 1843 5233 2049 5306; x_wconf 88' lang='lat' dir='ltr'>Sequi-</span> 
     </span>
    </p>
   </div>
   <div class='ocr_carea' id='block_1_102' title="bbox 405 5323 2053 5399">
    <p class='ocr_par' dir='ltr' id='par_1_102' title="bbox 405 5323 2053 5399">
     <span class='ocr_line' id='line_1_102' title="bbox 405 5323 2053 5399; baseline -0.002 -18"><span class='ocrx_word' id='word_1_764' title='bbox 405 5330 541 5383; x_wconf 90' lang='lat' dir='ltr'>tur:</span> <span class='ocrx_word' id='word_1_765' title='bbox 575 5326 791 5383; x_wconf 88' lang='lat' dir='ltr'>Gratias</span> <span class='ocrx_word' id='word_1_766' title='bbox 850 5341 950 5399; x_wconf 89' lang='lat' dir='ltr'>ago</span> <span class='ocrx_word' id='word_1_767' title='bbox 980 5330 1114 5393; x_wconf 86' lang='lat' dir='ltr'>Deo,</span> <span class='ocrx_word' id='word_1_768' title='bbox 1174 5329 1283 5380; x_wconf 89' lang='lat' dir='ltr'>etc.</span> <span class='ocrx_word' id='word_1_769' title='bbox 1340 5324 1491 5379; x_wconf 87' lang='lat' dir='ltr'>Sane</span> <span class='ocrx_word' id='word_1_770' title='bbox 1556 5323 1879 5378; x_wconf 88' lang='lat' dir='ltr'>notandum</span> <span class='ocrx_word' id='word_1_771' title='bbox 1913 5323 2053 5395; x_wconf 89' lang='lat' dir='ltr'>quia</span> 
     </span>
    </p>
   </div>
   <div class='ocr_carea' id='block_1_103' title="bbox 477 5483 2049 5559">
    <p class='ocr_par' dir='ltr' id='par_1_103' title="bbox 477 5483 2049 5559">
     <span class='ocr_line' id='line_1_103' title="bbox 477 5483 2049 5559; baseline 0.001 -20"><span class='ocrx_word' id='word_1_772' title='bbox 477 5485 627 5557; x_wconf 79' lang='grc'>(644)</span> <span class='ocrx_word' id='word_1_773' title='bbox 653 5486 803 5559; x_wconf 83' lang='lat' dir='ltr'>Psal.</span> <span class='ocrx_word' id='word_1_774' title='bbox 855 5505 977 5555; x_wconf 87' lang='lat' dir='ltr'>vm,</span> <span class='ocrx_word' id='word_1_775' title='bbox 1001 5489 1054 5559; x_wconf 80' lang='grc'><strong>4,</strong></span> <span class='ocrx_word' id='word_1_776' title='bbox 1115 5487 1406 5542; x_wconf 75' lang='lat' dir='ltr'>Buccinate</span> <span class='ocrx_word' id='word_1_777' title='bbox 1435 5484 1517 5559; x_wconf 89' lang='lat' dir='ltr'>_in</span> <span class='ocrx_word' id='word_1_778' title='bbox 1574 5483 1867 5559; x_wconf 79' lang='lat' dir='ltr'>neomenia</span> <span class='ocrx_word' id='word_1_779' title='bbox 1897 5485 2049 5559; x_wconf 77' lang='lat' dir='ltr'>tuba.</span> 
     </span>
    </p>
   </div>
   <div class='ocr_carea' id='block_1_104' title="bbox 406 5554 2051 5632">
    <p class='ocr_par' dir='ltr' id='par_1_104' title="bbox 406 5554 2051 5632">
     <span class='ocr_line' id='line_1_104' title="bbox 406 5554 2051 5632; baseline 0 -20"><span class='ocrx_word' id='word_1_780' title='bbox 406 5554 925 5632; x_wconf 59' lang='lat' dir='ltr'>Neomeniaﬁraeca</span> <span class='ocrx_word' id='word_1_781' title='bbox 944 5554 1179 5632; x_wconf 54' lang='lat' dir='ltr'>veneat,</span> <span class='ocrx_word' id='word_1_782' title='bbox 1208 5573 1333 5632; x_wconf 70' lang='lat' dir='ltr'>qua:</span> <span class='ocrx_word' id='word_1_783' title='bbox 1363 5554 1612 5632; x_wconf 79' lang='lat' dir='ltr'>primam</span> <span class='ocrx_word' id='word_1_784' title='bbox 1646 5554 1865 5632; x_wconf 76' lang='lat' dir='ltr'>mensis</span> <span class='ocrx_word' id='word_1_785' title='bbox 1894 5556 2051 5632; x_wconf 80' lang='lat' dir='ltr'>diem</span> 
     </span>
    </p>
   </div>
   <div class='ocr_carea' id='block_1_105' title="bbox 408 5624 2052 5707">
    <p class='ocr_par' dir='ltr' id='par_1_105' title="bbox 408 5624 2052 5707">
     <span class='ocr_line' id='line_1_105' title="bbox 408 5624 2052 5707; baseline -0.003 -16"><span class='ocrx_word' id='word_1_786' title='bbox 408 5624 721 5705; x_wconf 73' lang='lat' dir='ltr'>significat,</span> <span class='ocrx_word' id='word_1_787' title='bbox 755 5644 932 5707; x_wconf 86' lang='lat' dir='ltr'>quam</span> <span class='ocrx_word' id='word_1_788' title='bbox 962 5624 1186 5688; x_wconf 82' lang='lat' dir='ltr'>Hebraei</span> <span class='ocrx_word' id='word_1_789' title='bbox 1208 5624 1525 5702; x_wconf 73' lang='lat' dir='ltr'>cujuslibet</span> <span class='ocrx_word' id='word_1_790' title='bbox 1556 5624 1776 5685; x_wconf 90' lang='lat' dir='ltr'>mensis</span> <span class='ocrx_word' id='word_1_791' title='bbox 1799 5627 2052 5686; x_wconf 82' lang='lat' dir='ltr'>maxime</span> 
     </span>
    </p>
   </div>
   <div class='ocr_carea' id='block_1_106' title="bbox 2153 4612 3804 4688">
    <p class='ocr_par' dir='ltr' id='par_1_106' title="bbox 2153 4612 3804 4688">
     <span class='ocr_line' id='line_1_106' title="bbox 2153 4612 3804 4688; baseline 0.003 -18"><span class='ocrx_word' id='word_1_792' title='bbox 2153 4613 2454 4670; x_wconf 84' lang='lat' dir='ltr'>transisse.</span> <span class='ocrx_word' id='word_1_793' title='bbox 2480 4612 2590 4668; x_wconf 90' lang='lat' dir='ltr'>Sed</span> <span class='ocrx_word' id='word_1_794' title='bbox 2613 4629 2795 4684; x_wconf 88' lang='lat' dir='ltr'>quare</span> <span class='ocrx_word' id='word_1_795' title='bbox 2824 4613 2955 4671; x_wconf 88' lang='lat' dir='ltr'>aliis</span> <span class='ocrx_word' id='word_1_796' title='bbox 2986 4615 3450 4688; x_wconf 88' lang='lat' dir='ltr'>linguislocutus</span> <span class='ocrx_word' id='word_1_797' title='bbox 3473 4621 3563 4674; x_wconf 88' lang='lat' dir='ltr'>est</span> <span class='ocrx_word' id='word_1_798' title='bbox 3580 4617 3610 4673; x_wconf 69' lang='lat'><strong>7</strong></span> <span class='ocrx_word' id='word_1_799' title='bbox 3629 4618 3804 4675; x_wconf 87' lang='lat' dir='ltr'>Vide-</span> 
     </span>
    </p>
   </div>
   <div class='ocr_carea' id='block_1_107' title="bbox 2155 4700 3804 4774">
    <p class='ocr_par' dir='ltr' id='par_1_107' title="bbox 2155 4700 3804 4774">
     <span class='ocr_line' id='line_1_107' title="bbox 2155 4700 3804 4774; baseline 0.001 -15"><span class='ocrx_word' id='word_1_800' title='bbox 2155 4703 2307 4773; x_wconf 91' lang='lat' dir='ltr'>licet,</span> <span class='ocrx_word' id='word_1_801' title='bbox 2338 4706 2401 4757; x_wconf 91' lang='lat' dir='ltr'>nt</span> <span class='ocrx_word' id='word_1_802' title='bbox 2429 4700 2749 4757; x_wconf 90' lang='lat' dir='ltr'>crederent.</span> <span class='ocrx_word' id='word_1_803' title='bbox 2809 4703 2971 4767; x_wconf 92' lang='lat' dir='ltr'>Quod</span> <span class='ocrx_word' id='word_1_804' title='bbox 3031 4704 3387 4774; x_wconf 86' lang='lat' dir='ltr'>manifestat,</span> <span class='ocrx_word' id='word_1_805' title='bbox 3443 4722 3576 4762; x_wconf 89' lang='lat' dir='ltr'>cum</span> <span class='ocrx_word' id='word_1_806' title='bbox 3623 4706 3804 4762; x_wconf 89' lang='lat' dir='ltr'>dicit:</span> 
     </span>
    </p>
   </div>
   <div class='ocr_carea' id='block_1_108' title="bbox 2154 4789 3809 4868">
    <p class='ocr_par' dir='ltr' id='par_1_108' title="bbox 2154 4789 3809 4868">
     <span class='ocr_line' id='line_1_108' title="bbox 2154 4789 3809 4868; baseline 0.001 -21"><span class='ocrx_word' id='word_1_807' title='bbox 2154 4794 2259 4851; x_wconf 85' lang='lat' dir='ltr'>Nec</span> <span class='ocrx_word' id='word_1_808' title='bbox 2304 4792 2382 4846; x_wconf 90' lang='lat' dir='ltr'>sic</span> <span class='ocrx_word' id='word_1_809' title='bbox 2438 4789 2697 4845; x_wconf 74' lang='lat' dir='ltr'>exaudiet</span> <span class='ocrx_word' id='word_1_810' title='bbox 2743 4808 2848 4859; x_wconf 90' lang='lat' dir='ltr'>me,</span> <span class='ocrx_word' id='word_1_811' title='bbox 2905 4791 3038 4848; x_wconf 86' lang='lat' dir='ltr'>dicit</span> <span class='ocrx_word' id='word_1_812' title='bbox 3086 4794 3363 4851; x_wconf 87' lang='lat' dir='ltr'>Dominus.</span> <span class='ocrx_word' id='word_1_813' title='bbox 3419 4799 3546 4868; x_wconf 87' lang='lat' dir='ltr'>Ipse</span> <span class='ocrx_word' id='word_1_814' title='bbox 3596 4810 3809 4868; x_wconf 88' lang='lat' dir='ltr'>nempe</span> 
     </span>
    </p>
   </div>
   <div class='ocr_carea' id='block_1_109' title="bbox 2159 4874 3808 4954">
    <p class='ocr_par' dir='ltr' id='par_1_109' title="bbox 2159 4874 3808 4954">
     <span class='ocr_line' id='line_1_109' title="bbox 2159 4874 3808 4954; baseline 0.001 -17"><span class='ocrx_word' id='word_1_815' title='bbox 2159 4879 2412 4954; x_wconf 91' lang='lat' dir='ltr'>populus</span> <span class='ocrx_word' id='word_1_816' title='bbox 2442 4878 2661 4951; x_wconf 87' lang='lat' dir='ltr'>sprevit</span> <span class='ocrx_word' id='word_1_817' title='bbox 2691 4874 3090 4951; x_wconf 82' lang='lat' dir='ltr'>Evangelium,</span> <span class='ocrx_word' id='word_1_818' title='bbox 3122 4882 3509 4939; x_wconf 87' lang='lat' dir='ltr'>nihilominus</span> <span class='ocrx_word' id='word_1_819' title='bbox 3537 4888 3808 4939; x_wconf 83' lang='lat' dir='ltr'>contem-</span> 
     </span>
    </p>
   </div>
   <div class='ocr_carea' id='block_1_110' title="bbox 2159 4968 3811 5043">
    <p class='ocr_par' dir='ltr' id='par_1_110' title="bbox 2159 4968 3811 5043">
     <span class='ocr_line' id='line_1_110' title="bbox 2159 4968 3811 5043; baseline 0.002 -19"><span class='ocrx_word' id='word_1_820' title='bbox 2159 4971 2294 5043; x_wconf 88' lang='lat' dir='ltr'>psit.</span> <span class='ocrx_word' id='word_1_821' title='bbox 2320 4969 2510 5039; x_wconf 88' lang='lat' dir='ltr'>Itaque</span> <span class='ocrx_word' id='word_1_822' title='bbox 2539 4968 2752 5037; x_wconf 59' lang='lat' dir='ltr'>linguw</span> <span class='ocrx_word' id='word_1_823' title='bbox 2782 4969 2842 5023; x_wconf 87' lang='lat' dir='ltr'>in</span> <span class='ocrx_word' id='word_1_824' title='bbox 2863 4970 3086 5040; x_wconf 88' lang='lat' dir='ltr'>signum</span> <span class='ocrx_word' id='word_1_825' title='bbox 3111 4979 3262 5038; x_wconf 85' lang='lat' dir='ltr'>sunt,</span> <span class='ocrx_word' id='word_1_826' title='bbox 3293 4975 3401 5027; x_wconf 90' lang='lat' dir='ltr'>etc.</span> <span class='ocrx_word' id='word_1_827' title='bbox 3433 4971 3811 5028; x_wconf 86' lang='lat' dir='ltr'>Consuetudo</span> 
     </span>
    </p>
   </div>
   <div class='ocr_carea' id='block_1_111' title="bbox 2161 5056 3807 5135">
    <p class='ocr_par' dir='ltr' id='par_1_111' title="bbox 2161 5056 3807 5135">
     <span class='ocr_line' id='line_1_111' title="bbox 2161 5056 3807 5135; baseline 0.003 -22"><span class='ocrx_word' id='word_1_828' title='bbox 2161 5073 2414 5129; x_wconf 88' lang='lat' dir='ltr'>namque</span> <span class='ocrx_word' id='word_1_829' title='bbox 2436 5056 2548 5112; x_wconf 87' lang='lat' dir='ltr'>fuit</span> <span class='ocrx_word' id='word_1_830' title='bbox 2565 5056 2626 5111; x_wconf 92' lang='lat' dir='ltr'>in</span> <span class='ocrx_word' id='word_1_831' title='bbox 2653 5057 2977 5129; x_wconf 90' lang='lat' dir='ltr'>primordio</span> <span class='ocrx_word' id='word_1_832' title='bbox 3000 5057 3361 5127; x_wconf 74' lang='lat' dir='ltr'>Ecclesiae,ut</span> <span class='ocrx_word' id='word_1_833' title='bbox 3374 5060 3807 5135; x_wconf 85' lang='lat' dir='ltr'>gratialingua-</span> 
     </span>
    </p>
   </div>
   <div class='ocr_carea' id='block_1_112' title="bbox 2162 5146 3809 5220">
    <p class='ocr_par' dir='ltr' id='par_1_112' title="bbox 2162 5146 3809 5220">
     <span class='ocr_line' id='line_1_112' title="bbox 2162 5146 3809 5220; baseline 0.003 -18"><span class='ocrx_word' id='word_1_834' title='bbox 2162 5164 2292 5202; x_wconf 90' lang='lat' dir='ltr'>rum</span> <span class='ocrx_word' id='word_1_835' title='bbox 2315 5147 2555 5202; x_wconf 91' lang='lat' dir='ltr'>daretur</span> <span class='ocrx_word' id='word_1_836' title='bbox 2583 5146 3275 5220; x_wconf 88' lang='lat' dir='ltr'>credentibus,quatenus</span> <span class='ocrx_word' id='word_1_837' title='bbox 3304 5149 3571 5207; x_wconf 81' lang='lat' dir='ltr'>inﬁdeles</span> <span class='ocrx_word' id='word_1_838' title='bbox 3603 5150 3809 5207; x_wconf 85' lang='lat' dir='ltr'>incita-</span> 
     </span>
    </p>
   </div>
   <div class='ocr_carea' id='block_1_113' title="bbox 2160 5234 3809 5312">
    <p class='ocr_par' dir='ltr' id='par_1_113' title="bbox 2160 5234 3809 5312">
     <span class='ocr_line' id='line_1_113' title="bbox 2160 5234 3809 5312; baseline 0.001 -21"><span class='ocrx_word' id='word_1_839' title='bbox 2160 5242 2362 5293; x_wconf 91' lang='lat' dir='ltr'>rentur</span> <span class='ocrx_word' id='word_1_840' title='bbox 2386 5235 2457 5289; x_wconf 90' lang='lat' dir='ltr'>ad</span> <span class='ocrx_word' id='word_1_841' title='bbox 2488 5234 2684 5289; x_wconf 80' lang='lat' dir='ltr'>fidem.</span> <span class='ocrx_word' id='word_1_842' title='bbox 2721 5234 2831 5290; x_wconf 90' lang='lat' dir='ltr'>Sed</span> <span class='ocrx_word' id='word_1_843' title='bbox 2864 5234 3243 5309; x_wconf 88' lang='lat' dir='ltr'>dilatatajam</span> <span class='ocrx_word' id='word_1_844' title='bbox 3278 5238 3415 5309; x_wconf 75' lang='lat' dir='ltr'>fide,</span> <span class='ocrx_word' id='word_1_845' title='bbox 3444 5243 3503 5294; x_wconf 92' lang='lat' dir='ltr'>et</span> <span class='ocrx_word' id='word_1_846' title='bbox 3523 5238 3809 5312; x_wconf 89' lang='lat' dir='ltr'>multipli-</span> 
     </span>
    </p>
   </div>
   <div class='ocr_carea' id='block_1_114' title="bbox 2160 5322 3811 5403">
    <p class='ocr_par' dir='ltr' id='par_1_114' title="bbox 2160 5322 3811 5403">
     <span class='ocr_line' id='line_1_114' title="bbox 2160 5322 3811 5403; baseline 0.002 -22"><span class='ocrx_word' id='word_1_847' title='bbox 2160 5325 2306 5381; x_wconf 90' lang='lat' dir='ltr'>catis</span> <span class='ocrx_word' id='word_1_848' title='bbox 2350 5322 2643 5403; x_wconf 82' lang='lat' dir='ltr'>ﬂdelibus,</span> <span class='ocrx_word' id='word_1_849' title='bbox 2698 5324 2945 5380; x_wconf 89' lang='lat' dir='ltr'>cessavit</span> <span class='ocrx_word' id='word_1_850' title='bbox 2991 5325 3121 5397; x_wconf 89' lang='lat' dir='ltr'>ipsa</span> <span class='ocrx_word' id='word_1_851' title='bbox 3167 5328 3549 5384; x_wconf 89' lang='lat' dir='ltr'>consuetudo.</span> <span class='ocrx_word' id='word_1_852' title='bbox 3587 5328 3660 5383; x_wconf 86' lang='lat' dir='ltr'>Et</span> <span class='ocrx_word' id='word_1_853' title='bbox 3687 5327 3811 5384; x_wconf 91' lang='lat' dir='ltr'>ideo</span> 
     </span>
    </p>
   </div>
   <div class='ocr_carea' id='block_1_115' title="bbox 2163 5481 3811 5562">
    <p class='ocr_par' dir='ltr' id='par_1_115' title="bbox 2163 5481 3811 5562">
     <span class='ocr_line' id='line_1_115' title="bbox 2163 5481 3811 5562; baseline 0.002 -23"><span class='ocrx_word' id='word_1_854' title='bbox 2163 5485 2454 5562; x_wconf 65' lang='lat' dir='ltr'>colebant,</span> <span class='ocrx_word' id='word_1_855' title='bbox 2491 5481 2776 5562; x_wconf 61' lang='lat' dir='ltr'>sacrificia</span> <span class='ocrx_word' id='word_1_856' title='bbox 2825 5483 3115 5562; x_wconf 67' lang='lat' dir='ltr'>praecipue</span> <span class='ocrx_word' id='word_1_857' title='bbox 3163 5504 3198 5544; x_wconf 91' lang='lat' dir='ltr'>a</span> <span class='ocrx_word' id='word_1_858' title='bbox 3250 5486 3444 5562; x_wconf 83' lang='lat' dir='ltr'>Moyse</span> <span class='ocrx_word' id='word_1_859' title='bbox 3474 5486 3811 5546; x_wconf 88' lang='lat' dir='ltr'>constituta.</span> 
     </span>
    </p>
   </div>
   <div class='ocr_carea' id='block_1_116' title="bbox 2161 5555 2940 5629">
    <p class='ocr_par' dir='ltr' id='par_1_116' title="bbox 2161 5555 2940 5629">
     <span class='ocr_line' id='line_1_116' title="bbox 2161 5555 2940 5629; baseline -0.003 -13"><span class='ocrx_word' id='word_1_860' title='bbox 2161 5557 2336 5618; x_wconf 87' lang='lat' dir='ltr'>Num.</span> <span class='ocrx_word' id='word_1_861' title='bbox 2370 5555 2464 5629; x_wconf 80' lang='lat' dir='ltr'>xx,</span> <span class='ocrx_word' id='word_1_862' title='bbox 2500 5556 2587 5626; x_wconf 83' lang='grc'>11,</span> <span class='ocrx_word' id='word_1_863' title='bbox 2616 5555 2940 5614; x_wconf 71' lang='lat' dir='ltr'>offerentes.</span> 
     </span>
    </p>
   </div>
  </div>
