4060 6164
276 261 381 323 393

827 259 1247 321 EXPOSITIO
1289 258 1368 317 ΙΝ
1415 254 1835 318 EPlS'l‘OLAS
1879 254 2137 317 PAULI.
2170 288 2246 299 ——
2278 256 2351 315 lN
2400 257 2648 318 EPIST.
2695 258 2717 315 Ι
2763 258 2867 317 AD
2913 258 3089 318 COR.

3544 262 3661 321 394

272 394 399 451 dicit
426 393 736 464 Apostolus
771 409 784 447 :
829 395 1059 463 Linguw
1088 394 1148 446 in
1178 393 1418 463 signum,
1452 394 1593 456 etc.;
1624 391 1907 461 prophetia
1937 389 1990 454 Α
2027 388 2213 443 noluit
2245 390 2510 445 funditus
2539 408 2638 445 eos
2668 390 2740 445 ab
2772 390 2880 445 hoc
2912 389 3238 462 prohibere,
3271 408 3342 446 ne
3373 392 3518 447 forte
3560 394 3663 447 sti-

271 492 436 540 autem
478 498 589 537 non
638 482 977 555 inﬁdelibus,
1010 482 1104 537 sed
1151 481 1423 549 ﬁdelibus.
1458 481 1684 545 Quibus
1713 479 1904 534 verbis

267 571 503 628 ostendit
534 588 806 643 magnam
833 587 960 625 esse
984 570 1325 625 distantiam
1361 570 1512 623 inter
1536 569 1822 640 linguam,
1849 573 1908 623 et

266 660 641 734 prophetiam,
673 660 941 714 videlicet
975 676 1088 713 non
1122 658 1316 714 solum
1349 660 1407 712 in
1440 657 1773 725 utilitatem,
1803 657 1904 710 sed

265 750 427 806 etiam
480 747 536 802 in
590 749 1063 820 perpetuitatem.
1114 748 1175 802 In
1233 746 1549 801 utilitatem
1598 746 1907 817 prophetia

264 837 541 911 praecellit,
580 839 720 908 quia
770 836 881 891 illa}
931 853 1034 907 pro
1086 835 1444 901 inﬁdelibus,
1478 836 1599 889 haec
1632 834 1906 889 ﬁdelibus

265 931 456 993 datur;
485 928 539 982 in
568 925 1198 1000 perpetuitatem,quia
1222 925 1332 980 illa:
1356 929 1607 992 cessant,
1633 925 1752 979 haec
1773 940 1906 978 vero

265 1017 533 1081 manebit,
572 1015 835 1088 quandiu
868 1014 1335 1087 peregrinabitur
1366 1014 1637 1069 Ecclesia.

324 1105 600 1175 Sequitur
631 1122 645 1159 :
701 1105 762 1159 Si
798 1120 922 1174 ergo
963 1105 1248 1159 conveniat
1279 1106 1536 1158 universa
1566 1103 1814 1157 Ecclesia
1845 1102 1904 1155 in

259 1211 440 1265 unum,
472 1198 586 1249 etc.
617 1193 688 1248 Et
718 1198 806 1248 est
836 1209 1046 1248 sensus
1074 1209 1087 1247 :
1126 1192 1185 1247 Si
1216 1208 1421 1247 omnes
1452 1192 1509 1245 in
1546 1208 1732 1245 unum
1766 1206 1914 1245 con-‘

257 1284 513 1348 veniatis,
549 1288 611 1337 et
638 1298 843 1338 omnes
874 1281 1092 1355 linguis
1123 1280 1451 1354 loquamini
1482 1279 1720 1352 ignotis,
1752 1294 1903 1333 nun-

255 1371 387 1444 quid
418 1389 534 1428 non
568 1371 783 1426 dabitis
815 1371 1179 1427 occasionem
1211 1368 1727 1441 reprehendendi?
1757 1370 1905 1433 Quo-

255 1461 403 1517 niam
436 1460 485 1514 si
518 1460 740 1515 intrent
768 1459 983 1525 idiotre,
1007 1464 1106 1514 aut
1135 1458 1427 1523 inﬁdeles,
1459 1458 1655 1513 dicent
1682 1475 1782 1513 vos
1814 1458 1901 1512 in-

251 1550 437 1605 sanire
468 1551 528 1603 et
559 1552 824 1604 amentes
853 1565 1002 1603 esse.
1038 1550 1095 1603 Si
1130 1551 1325 1603 autem
1359 1554 1564 1603 omnes
1593 1547 1900 1619 prophete-

250 1636 341 1702 tis,
374 1639 429 1692 et
480 1636 705 1691 intrent
750 1635 962 1703 idiotas,
995 1640 1096 1694 aut
1142 1635 1431 1702 inﬁdeles,
1463 1638 1805 1691 convincitur
1836 1636 1901 1690 ab

247 1725 518 1793 omnibus,
547 1724 893 1797 dijudicatur
921 1725 990 1779 ab
1019 1726 1275 1780 omnibus
1301 1743 1320 1778 :
1351 1724 1641 1791 videlicet,
1667 1725 1900 1780 convin-
1932 1758 1979 1823 Β

248 1816 414 1883 citur,
449 1818 510 1870 et
538 1814 921 1886 dijudicatur,
955 1814 1096 1885 quia
1124 1814 1399 1885 intelligit
1432 1831 1494 1869 se
1542 1813 1809 1884 intelligi,
1843 1819 1901 1870 et

245 1903 558 1960 manifeste
588 1903 785 1958 omnia
812 1920 948 1958 vera
976 1920 1104 1958 esse
1144 1904 1409 1976 agnoscit
1439 1920 1564 1975 quae
1599 1903 1895 1959 dicuntur.

245 1992 574 2064 Sequitur:
631 1994 694 2047 Et
743 1992 953 2046 armilla
1003 1991 1186 2048 cordis
1240 1994 1534 2061 manifesta
1589 1993 1748 2062 ﬁunt.
1799 1992 1900 2047 His

238 2081 589 2137 manifestat
612 2080 823 2143 verbis,
847 2081 987 2151 quia
1010 2081 1312 2152 prophetia
1332 2097 1447 2136 non
1471 2083 1560 2135 est
1580 2080 1900 2135 solummo-

234 2168 308 2225 do
344 2172 557 2225 t'utura
586 2170 919 2242 praedicere,
951 2170 1054 2224 sed
1103 2168 1278 2224 etiam
1313 2169 1559 2235 occulta,
1594 2168 1903 2239 praesentia

231 2260 583 2313 monstrare
617 2275 629 2312 :
681 2273 839 2324 nam,
874 2257 1029 2312 sicut
1058 2258 1129 2312 ab
1174 2256 1358 2313 oculis
1391 2257 1608 2313 nostris
1640 2273 1757 2312 rem
1790 2257 1902 2311 ali~

230 2360 416 2418 quam
467 2351 741 2417 tempora
788 2345 984 2401 futura
1033 2344 1326 2400 occultant
1377 2347 1461 2401 sic
1509 2351 1566 2401 et
1612 2345 1901 2400 mentium

233 2431 615 2497 abscondita,
641 2437 699 2486 et
718 2432 980 2487 locorum
1001 2432 1283 2488 absentia.
1312 2433 1455 2487 Hinc
1479 2439 1568 2488 est
1589 2434 1742 2503 quod
1771 2434 1901 2488 bea-

228 2526 326 2577 tus
349 2538 513 2593 papa
528 2520 1112 2592 Gregoriusloqnens
1128 2521 1198 2575 de
1224 2522 1535 2591 generibus
1558 2520 1897 2592 prophetiae,

228 2614 418 2664 unum
443 2626 640 2682 genus
662 2625 790 2663 esse
822 2609 966 2663 dicit
987 2610 1276 2679 ejusdem,
1302 2609 1528 2664 occulta
1549 2610 1742 2664 cordis
1775 2627 1897 2664 ma-

224 2699 519 2754 nifestare
548 2723 563 2764 ;
596 2697 696 2769 qui
724 2697 897 2753 etiam
931 2699 1002 2753 ad
1027 2698 1531 2753 conﬁrmationem
1561 2716 1678 2755 suae
1704 2716 1900 2754 narra-

230 2788 412 2843 tionis
440 2787 563 2843 hoc
585 2786 847 2858 Apostoli
869 2787 1193 2858 assumpsit
1213 2786 1566 2858 exemplum.
1592 2788 1901 2858 Prophetia

222 2880 316 2931 est
345 2877 547 2941 enim,
572 2891 698 2946 quae
724 2875 861 2930 alibi
889 2878 1192 2947 geruntur,
1216 2891 1347 2929 cum
1376 2892 1493 2930 non
1521 2876 1597 2929 sit
1621 2892 1898 2946 praesens,

224 2966 579 3020 ostendere.
604 2964 769 3019 Sicut
799 2964 870 3018 de
898 2963 1085 3018 Eliseo
1108 2962 1341 3034 legitur,
1367 2963 1462 3034 qui
1489 2963 1629 3018 alibi
1654 2964 1897 3035 positus,

218 3053 368 3125 quid
396 3052 559 3108 alibi
587 3069 790 3108 servus
812 3052 941 3122 ejus
960 3051 1115 3106 Giezi
1140 3052 1384 3123 gesserit
1407 3053 1640 3123 agnovit
1661 3054 1752 3122 (IV
1771 3055 1894 3123 Reg.

214 3124 269 3209 v,
305 3144 433 3213 26).
470 3142 761 3212 Sequitur
794 3157 808 3194 :
840 3141 905 3194 Et
932 3142 1013 3193 ita
1044 3142 1240 3195 cadens
1269 3142 1328 3194 in
1360 3143 1563 3194 terram
1596 3141 1743 3209 (6t5)
1773 3141 1901 3195 ado-
1935 3124 1976 3190 C

211 3232 376 3287 rabit
398 3232 593 3286 Deum
614 3248 637 3293 ,-
666 3228 806 3299 quia
834 3226 980 3282 nihil
1013 3228 1176 3282 audit
1196 3228 1536 3293 obscurum,
1566 3229 1713 3282 nihil
1746 3233 1904 3283 tene-

210 3321 510 3383 brosum,
532 3316 684 3370 nihil
704 3317 988 3380 fucatum,
1006 3315 1267 3387 nihilque
1289 3316 1707 3387 duplum,nihil
1729 3317 1902 3372 etiam

204 3407 523 3469 velatum,
556 3421 661 3460 ceu
694 3405 755 3460 in
788 3404 1075 3459 idolorum
1116 3405 1285 3460 fanis.
1321 3405 1613 3460 ldolorum
1649 3422 1903 3478 namque

208 3498 583 3554 sacerdotes
624 3494 813 3550 solent
853 3494 1043 3549 velare
1090 3493 1266 3549 facies
1315 3494 1643 3559 hominum,
1677 3500 1740 3550 ut
1785 3513 1898 3551 non

210 3587 430 3643 videan
443 3588 468 3639 t
497 3582 851 3649 falsitatem;
878 3599 908 3637 e
930 3583 1219 3638 contrario
1234 3582 1507 3651 Ecclesia,
1524 3584 1661 3655 quia
1676 3583 1899 3640 nullam

210 3676 403 3732 habet
438 3672 798 3741 falsitatem,
832 3672 931 3727 sed
966 3687 1200 3727 omnem
1229 3671 1557 3742 veritatem,
1592 3690 1706 3728 non
1753 3674 1902 3729 velat

213 3763 431 3820 oculos
453 3777 634 3827 suos,
650 3761 749 3816 sed
775 3760 967 3832 potius
986 3765 1151 3831 rogat
1167 3764 1233 3814 ut
1250 3761 1606 3830 aperiantur.
1622 3762 1896 3817 dicendo:

210 3855 417 3909 Revela
447 3852 654 3909 oculos
682 3853 894 3905 nostros
925 3848 1103 3919 (Psal.
1132 3865 1327 3915 cxvm,
1362 3849 1471 3917 18),
1506 3854 1615 3903 etc.

284 3941 596 4015 Sequitur
631 3957 643 3994 :
700 3939 840 4007 Quid
887 3954 1015 4006 ergo
1058 3940 1159 4007 est,
1189 3940 1443 4005 fratres?
1475 3939 1587 3992 Hoc
1617 3943 1725 3999 est.
1759 3938 1898 4009 quid

210 4031 585 4095 dicendum,
634 4028 775 4099 quid
828 4026 1182 4098 eligendum,
1217 4030 1441 4098 quodve
1496 4027 1898 4098 accipiendum

211 4120 551 4175 consilium
578 4118 608 4171 ‘2
642 4116 805 4180 Quod
839 4115 1152 4171 consilium
1175 4114 1339 4170 vobis
1371 4116 1449 4169 sit
1479 4117 1900 4183 necessarium,

207 4224 315 4280 ego
348 4206 715 4265 ostendam.
750 4204 885 4259 Cum
920 4206 1246 4271 convenitis,
1287 4204 1502 4275 inquit,
1534 4208 1902 4276 unusquisque

206 4302 468 4353 vestrum
496 4293 799 4368 psalmum
835 4293 1015 4363 habet,
1040 4298 1148 4347 etc.
1174 4293 1243 4346 Et.
1272 4297 1362 4346 est
1382 4309 1625 4348 sensus:
1659 4293 1764 4357 Qui
1796 4294 1897 4348 ha-

203 4387 305 4442 bet
339 4387 677 4459 psalmum
718 4382 935 4449 laudis,
968 4381 1246 4452 loquatur
1295 4380 1567 4447 laudem;
1600 4384 1701 4453 qui
1742 4381 1902 4437 habet

208 4475 549 4531 doctrinam
575 4469 1527 4537 exhortationis,exhortationem;
1556 4476 1612 4524 et
1637 4470 1733 4541 qui
1760 4473 1899 4542 Apo-
1931 4490 1978 4554 D

202 4565 512 4635 calypsin,
541 4559 961 4618 revelationem
986 4577 999 4626 ;
1026 4564 1085 4615 et
1103 4560 1204 4631 qui
1233 4560 1510 4630 linguam,
1531 4562 1587 4613 et
1610 4561 1707 4631 qui
1732 4562 1901 4615 inter-

203 4654 609 4721 pretationem
630 4648 931 4715 similiter;
949 4652 1004 4703 et
1021 4648 1429 4718 unusquisque
1448 4648 1903 4719 gratiam,qnam

203 4741 470 4813 accepit,
504 4739 820 4810 loquatur,
849 4741 1249 4791 verumtamen
1273 4737 1344 4790 ad
1369 4734 1735 4806 singulorum
1759 4739 1905 4793 acdi-

204 4830 552 4897 ficationem
578 4845 603 4888 ,·
641 4827 797 4881 unde
826 4825 1020 4896 inquit
1051 4842 1063 4880 :
1118 4825 1315 4879 Omnia
1365 4824 1435 4878 ad
1485 4825 1907 4894 aediﬁcationem

204 4917 368 4987 ﬁant.

278 5013 356 5062 At
409 5024 596 5070 vero,
644 5004 785 5075 quia
834 5002 1022 5074 gratia
1075 5001 1408 5073 linguarum
1450 5002 1614 5071 inter
1660 5004 1907 5058 varieta-

204 5100 326 5153 tem
353 5097 685 5153 donorum
712 5095 1079 5153 annumerat,
1098 5106 1232 5143 cum
1258 5090 1500 5144 vidisset
1521 5107 1619 5145 eos
1641 5107 1777 5161 erga
1800 5092 1907 5147 hoc

205 5185 447 5241 donum
486 5184 683 5252 (646),
738 5187 794 5237 et
846 5181 957 5236 hoc
1004 5179 1194 5248 majus
1228 5196 1337 5249 prae
1370 5179 1594 5234 caeteris
1617 5180 1904 5249 judicare,

274 5292 447 5363 (645)
486 5289 678 5360 Vulg.
710 5291 777 5363 in
806 5290 1027 5363 faciem.

276 5356 448 5435 (646)
488 5356 656 5432 Erga
703 5356 813 5417 hoc
853 5360 1053 5414 donum
1096 5373 1390 5430 propensos
1446 5356 1761 5429 legendum
1802 5361 1905 5431 ju-

202 5432 452 5577 ὼῗὲἶΰ)
492 5503 703 5577 Hicin
733 5506 929 5573 autog.
966 5517 1147 5577 merg-
1179 5498 1395 5577 legit“!
1422 5516 1551 5572 (Ἆρ’
1585 5500 1782 5558 LXI“.

278 5571 450 5659 (648)
490 5576 773 5631 Verbum
802 5571 1181 5647 supermittas,
1215 5571 1371 5644 quod
1426 5571 1731 5645 perperam
1776 5579 1910 5647 post

582 5702 849 5776 PATROL.
894 5699 1212 5766 CXXXIV.

2016 478 2223 532 mulati
2258 479 2575 534 deteriores
2623 481 2846 548 ﬁerent,
2881 496 2946 534 eo
2996 481 3149 551 quod
3202 482 3501 537 crederent
3551 482 3663 537 dici

2016 568 2124 621 hoc
2157 567 2509 622 invidentia:
2545 571 3016 625 condescendens
3046 571 3341 624 concessit
3363 571 3665 643 illisloqui

2018 655 2257 727 linguis,
2287 673 2418 711 cum
2453 657 2572 710 ait:
2605 657 2732 711 Sive
2755 660 2947 728 lingua
2976 661 3097 730 quis
3118 659 3380 729 loquitur.
3405 660 3475 714 Et
3503 666 3662 730 nota,

2018 762 2195 816 quam
2228 751 2566 816 temperate.
2601 746 2910 802 Secundum
2949 748 3101 813 duos,
3136 746 3346 819 inquit,
3377 757 3475 803 aut
3518 751 3663 804 mul-

2017 838 2135 888 tum
2165 838 2293 895 tres,
2316 838 2373 887 et
2402 834 2508 888 hos
2538 852 2650 888 non
2681 835 2876 901 simul,
2902 839 3001 891 sed
3030 853 3129 908 per
3152 846 3354 907 partes.
3382 838 3515 892 ldeo
3544 855 3658 893 non

2018 939 2221 977 omnes
2252 924 2557 992 concessit,
2593 940 2663 977 ne
2694 924 2898 979 darent
2930 922 3273 982 inﬁdelibus“
3295 927 3658 983 occasionem

2015 1011 2477 1082 reprehendendi
2507 1028 2521 1065 :
2553 1012 2798 1082 ideoque
2829 1029 2943 1067 non
2974 1014 3147 1068 etiam
3180 1019 3299 1071 tres
3329 1015 3526 1086 simul,
3556 1017 3657 1071 sed

2015 1099 2210 1171 potius
2240 1105 2304 1153 ut
2333 1101 2513 1154 altero
2545 1099 2836 1171 loquente,
2870 1100 3017 1156 alter
3047 1107 3252 1167 taceat,
3286 1120 3356 1159 ne
3396 1104 3541 1159 forte
3571 1109 3658 1160 to-

2013 1192 2138 1243 tum
2172 1194 2523 1259 occuparent
2550 1188 2725 1255 diem,
2762 1193 2818 1242 et
2848 1206 2964 1242 non
2997 1190 3234 1245 daretur
3276 1193 3522 1248 facultas
3573 1192 3659 1248 lo-

2017 1276 2230 1348 quendi
2265 1279 2335 1332 ad
2366 1276 2831 1332 rediﬁcationem.
2857 1279 2925 1332 Et
2946 1282 3100 1345 nota,
3126 1279 3263 1350 quia
3284 1280 3365 1334 ita
3391 1281 3499 1336 hoc
3523 1298 3661 1338 con-

2014 1365 2186 1432 cedit,
2210 1371 2275 1420 ut
2295 1366 2449 1420 adsit
2469 1366 2564 1436 qui
2590 1367 2997 1437 interpretetur,
3021 1366 3303 1438 alioquin,
3330 1369 3454 1436 sibi,
3478 1377 3529 1424 et
3557 1371 3661 1427 solt

2014 1456 2121 1508 Deo
2145 1455 2421 1526 loquatur.
2440 1456 2609 1520 Nota,
2637 1455 2774 1526 quia
2804 1455 3074 1510 similiter
3092 1460 3320 1511 certum
3345 1473 3659 1514 numerum

2015 1544 2177 1614 ponit
2207 1544 2279 1597 de
2312 1544 2633 1615 prophetis.
2672 1544 2977 1616 Prophetas,
3012 1543 3223 1614 inquit,
3255 1545 3383 1613 duo,
3416 1554 3513 1600 aut
3554 1554 3661 1602 tres

2011 1632 2195 1687 dicant
2223 1634 2390 1703 (647).
2417 1635 2606 1698 Quare
2638 1649 2751 1687 non
2777 1649 2982 1688 omnes
3002 1633 3029 1687 ?
3059 1632 3362 1701 Videlicet,
3382 1639 3448 1689 ut
3471 1634 3660 1689 caeteri

2012 1722 2388 1793 interrogent.
2425 1723 2489 1776 Et
2519 1722 2628 1776 hoc
2656 1727 2762 1788 cst,
2796 1722 2949 1792 quod
2985 1722 3254 1791 adjunxit
3285 1740 3298 1777 :
3346 1723 3543 1779 Caneri
3568 1724 3657 1779 di-

2001 1810 2253 1882 judicent
2281 1828 2300 1864 :
2332 1811 2440 1866 hoc
2471 1816 2577 1878 est,
2611 1811 2657 1865 si
2692 1811 2913 1882 aliquid
2944 1810 3259 1882 occultum,
3293 1817 3397 1867 aut
3425 1817 3654 1869 contra-

2011 1902 2162 1955 rium
2194 1900 2386 1954 visum‘
2420 1901 2612 1968 fuerit,
2647 1900 3025 1971 interrogent.

2085 1989 2363 2058 Sequitur
2394 2005 2407 2042 :
2469 1990 2627 2058 Quod
2655 1991 2705 2042 si
2731 1990 2838 2043 alii
2865 1989 3166 2044 rscetatum
3193 1991 3381 2061 fuerit,
3413 1996 3521 2046 etc.
3557 1990 3653 2045 Ri-

2013 2081 2137 2131 tum
2158 2083 2496 2147 namquc,ct
2516 2093 2734 2133 morem
2756 2093 3063 2149 synagogas
3080 2078 3355 2147 gentibus
3371 2078 3654 2146 insinuat,

2013 2165 2233 2236 quibus
2264 2165 2630 2235 loquebatur.
2665 2166 2982 2238 Synagogaa
3031 2182 3241 2237 nempe
3292 2168 3655 2223 consuetudo

2011 2259 2153 2321 erat,
2179 2258 2243 2308 ut
2271 2253 2675 2309 convenientes
2699 2255 2757 2308 in
2780 2270 2987 2322 unum,
3017 2255 3273 2311 seniores
3303 2255 3539 2326 quidem
3564 2272 3656 2312 se-

2010 2342 2214 2396 derent
2242 2342 2300 2396 in
2335 2342 2646 2411 cathedris,
2671 2344 2940 2413 juniores
2966 2359 3101 2398 vero
3130 2345 3190 2398 in
3222 2344 3513 2413 scabellis,
3546 2345 3679 2400 mi-‘

2012 2431 2157 2485 nimi
2181 2447 2415 2502 quoque
2446 2432 2504 2486 in
2538 2432 2867 2502 pavimento
2890 2431 3059 2503 (648).
3085 2434 3202 2488 Hoc
3224 2433 3496 2500 ostendit,
3519 2450 3654 2490 cum

2011 2519 2152 2573 dicit
2176 2537 2187 2574 :
2218 2521 2367 2587 Quod
2385 2520 2435 2575 si
2453 2522 2558 2575 alii
2576 2522 2876 2576 revelatum
2902 2524 3098 2591 fuerit,
3118 2528 3226 2577 etc.
3252 2522 3448 2578 Monet
3471 2522 3653 2591 enim,

2010 2614 2074 2662 ut
2104 2614 2290 2664 taceat
2321 2609 2518 2681 prior,-
2549 2610 2688 2681 quia
2714 2611 3007 2682 sicutipse
3031 2628 3143 2666 non
3170 2611 3368 2667 omnia
3388 2628 3651 2684 compre-

2009 2697 2259 2753 hendere
2281 2702 2489 2769 potest,
2507 2698 2588 2753 sic
2610 2705 2667 2754 et
2687 2700 2795 2754 iste
2817 2717 2932 2755 non
2954 2701 3024 2754 ab
3048 2701 3323 2756 omnibus
3340 2701 3649 2757 alienatur.

2010 2787 2076 2840 Et
2108 2787 2247 2855 quia
2277 2802 2427 2856 szepe
2458 2786 2611 2842 Deus
2641 2787 2788 2841 solet
2818 2788 3072 2843 revelare
3094 2788 3319 2859 juniori
3347 2791 3500 2859 quod
3535 2807 3651 2845 non

2010 2873 2226 2929 revelat
2255 2873 2482 2944 majori,
2516 2875 2781 2945 sequitur
2814 2893 2828 2929 2
2876 2877 3113 2930 Potestis
3158 2879 3307 2931 enim
3342 2893 3528 2931 omnes
3552 2893 3654 2948 per

2008 2963 2258 3031 singulos
2284 2964 2612 3033 prophetare
2636 2980 2656 3023 ,·
2691 2963 2857 3033 quasi
2889 2963 3106 3018 diceret
3135 2980 3147 3019 :
3181 2964 3396 3020 Omnes
3425 2966 3654 3020 habetis

2012 3051 2255 3122 gratiam
2290 3051 2627 3123 prepbetiaa.
2656 3053 2718 3106 Et
2744 3054 2977 3123 spiritus
3004 3053 3399 3123 prbphetarum
3421 3055 3654 3126 prophe-

2017 3141 2085 3194 tis
2112 3140 2341 3205 subiecti
2364 3148 2510 3194 sunt.
2544 3139 2791 3194 Pulchre
2821 3140 2964 3195 dicit
2995 3158 3008 3195 :
3039 3141 3276 3213 Subjecli
3308 3148 3436 3198 sunt
3462 3163 3479 3208 ;
3511 3160 3656 3214 quo-

2014 3228 2171 3282 niam
2204 3227 2456 3298 Spiritus
2487 3233 2726 3284 sanctus
2756 3230 2839 3284 sic
2870 3246 3074 3284 omnes
3105 3230 3307 3302 replet,
3332 3236 3397 3286 ut
3426 3232 3537 3289 sibi
3566 3232 3656 3286 in-

2011 3318 2196 3372 vicem
2228 3334 2431 3373 omnes
2460 3318 2824 3384 subdantur;
2858 3319 3014 3373 verbi
3037 3319 3245 3390 gratia,
3268 3320 3351 3376 sic
3371 3326 3428 3377 te
3451 3320 3655 3394 replet,

2013 3411 2079 3461 ut
2104 3423 2207 3477 per
2232 3406 2625 3463 humilitatem
2650 3407 2924 3462 subdaris
2947 3407 3122 3476 illi,et
3144 3408 3334 3478 illum,
3361 3416 3425 3465 ut
3446 3411 3659 3467 subda-

2009 3499 2108 3550 tur
2129 3496 2256 3550 tibi.
2289 3496 2546 3568 Respicit
2570 3497 2744 3551 etiam
2778 3497 2899 3552 haec
2922 3500 3212 3554 sententia
3240 3499 3311 3554 ad
3343 3499 3472 3569 hoc,
3497 3500 3654 3570 quod
3716 3482 3723 3493 ³

2012 3585 2093 3640 ait
2121 3585 2395 3656 superius
2428 3602 2439 3639 :
2476 3585 2535 3641 Si
2563 3587 2861 3641 revelatum
2890 3589 3065 3657 fuerit
3086 3589 3326 3659 juniori,
3359 3594 3466 3645 etc.
3493 3589 3655 3644 Unde

2011 3677 2066 3727 et
2114 3690 2248 3727 mox
2297 3674 2644 3743 subjunxit:
2696 3677 2811 3731 Non
2860 3680 2939 3730 est
2981 3676 3335 3733 dissensionis
3376 3680 3532 3745 Deus,
3563 3677 3655 3732 sed

2006 3763 2181 3832 pacis.
2213 3762 2335 3815 Non
2364 3767 2452 3815 est
2472 3761 3079 3831 Deus'dissensionis;
3113 3765 3251 3835 quia
3278 3766 3337 3819 in
3369 3766 3655 3836 propheta

2012 3866 2127 3904 non
2158 3855 2246 3902 est
2276 3849 2586 3915 dissensio,
2622 3849 2775 3904 sicut
2806 3851 2862 3904 in
2894 3849 3228 3921 linguarum
3261 3854 3556 3907 varietate.

2082 3935 2357 4005 Sequitur
2398 3954 2410 3990 :
2462 3938 2617 3992 Sicut
2669 3939 2726 3991 in
2773 3939 3029 3993 omnibus
3062 3941 3312 3994 Ecclesits
3339 3950 3656 3995 sanctorum

2009 4024 2194 4079 doceo.
2230 4027 2358 4077 Haec
2380 4024 2510 4078 ideo
2542 4024 2688 4078 dixit
2716 4025 3047 4096 Apostolus,
3073 4031 3137 4080 ut
3165 4030 3221 4081 et
3250 4044 3376 4097 quae
3407 4027 3652 4098 scripse-

2009 4118 2103 4167 rat
2135 4111 2355 4167 arctius
2378 4128 2578 4167 eorum
2610 4114 2885 4169 cordibus
2907 4114 3379 4185 inculcarentur;
3413 4122 3489 4185 et,
3512 4122 3657 4172 dum

2010 4219 2078 4257 ea
2108 4202 2376 4257 audirent
2407 4202 2605 4272 scribi,
2641 4219 2765 4274 quae
2796 4204 2854 4258 in
2886 4204 3022 4260 aliis
3056 4204 3327 4261 Ecclesiis
3358 4208 3654 4273 docuerat,

2012 4291 2253 4363 puderet
2281 4308 2379 4345 eos
2409 4308 2442 4344 a
2471 4291 2846 4361 generalitate
2876 4294 2996 4348 fore
3026 4293 3268 4351 alienos.

2084 4381 2228 4451 (649)
2260 4380 2511 4435 Mulieres
2542 4381 2598 4435 in
2630 4383 2855 4438 ecclesia
2886 4387 3118 4438 taceant.
3150 4386 3235 4438 Ad
3268 4390 3518 4456 coeptam
3567 4384 3656 4440 iu-

2012 4469 2328 4524 tentionem
2352 4469 2677 4525 revertitur.
2695 4472 3163 4541 Reprehenderat
3179 4472 3448 4544 superius
3465 4473 3660 4529 Corin-

2016 4558 2185 4629 thios,
2220 4575 2285 4614 eo
2336 4560 2489 4630 quod
2546 4560 2735 4613 criniti
2789 4560 3141 4632 incederent,
3185 4565 3241 4617 et
3292 4562 3561 4630 feminas,
3593 4579 3660 4619 eo

2012 4649 2162 4716 quod
2188 4649 2409 4719 absque
2430 4647 2734 4703 velamine.
2761 4648 3065 4720 Deinceps,
3092 4650 3447 4721 quibusdam
3481 4653 3663 4708 inser-

2013 4736 2110 4800 tis,
2138 4737 2208 4791 ad
2232 4741 2479 4807 coeptam
2500 4737 2881 4791 intentionem
2911 4744 3225 4805 revertens,
3256 4744 3320 4795 ut
3350 4742 3507 4812 quod
3529 4742 3660 4797 dee-

2014 4831 2122 4891 rat,
2158 4826 2475 4895 suppleret,
2509 4826 2816 4895 subjunxit
2848 4843 2859 4880 :
2913 4830 3182 4884 Mulieres
3212 4831 3270 4884 in
3310 4833 3543 4886 ecclesia
3572 4838 3661 4884 ta-

2013 4923 2166 4974 ceat;
2196 4915 2341 4968 sicut
2364 4922 2414 4968 et
2445 4914 2537 4969 lea:
2558 4915 2690 4969 dicit
2718 4915 2818 4982 ibi,
2844 4917 2944 4971 ubi
2981 4916 3193 4990 legitur
3218 4938 3229 4974 :
3265 4920 3379 4975 Sub
3405 4923 3663 4990 potestate

2014 5004 2126 5057 viri
2154 5004 2288 5070 eris,
2320 5009 2370 5056 et
2402 5005 2514 5072 ipse
2542 5003 2918 5059 dominabitur
2945 5010 3031 5061 lui
3079 5008 3232 5078 (Gen.
3281 5022 3366 5076 III,
3415 5007 3493 5075 6),
3544 5005 3664 5058 sive

2015 5092 2164 5159 ideo,
2199 5092 2337 5161 quia
2367 5092 2590 5146 auctrix
2624 5092 2732 5147 fuit
2772 5094 2970 5165 prima:
3002 5094 3510 5167 transgressionis,
3544 5092 3664 5147 sive

2018 5180 2153 5250 quia
2180 5180 2249 5233 de
2273 5184 2432 5233 costa
2453 5180 2555 5234 viri
2584 5181 2830 5238 formata
2854 5188 2960 5239 est.
2992 5183 3153 5239 Unde
3174 5188 3231 5238 et
3256 5182 3397 5235 Sara
3417 5178 3665 5251 loquens

2017 5288 2326 5360 pavimento
2356 5286 2570 5357 legitur
2590 5288 2647 5342 in
2682 5294 2901 5359 autog,
2929 5292 3060 5358 jure
3090 5288 3312 5360 optimo
3334 5303 3668 5360 expungen-

2016 5360 2157 5412 dum
2184 5358 2606 5429 judicavimus,
2631 5360 2743 5414 nisi
2772 5358 2937 5431 super
2962 5376 3145 5414 muros
3176 5358 3364 5429 legere
3393 5358 3662 5429 velimus,

2015 5430 2567 5574 Ac(ttid’iyéljl’lll.autog.
2601 5517 2786 5574 marg.
2821 5502 2915 5556 hic
2944 5499 3158 5573 legitur
3190 5517 3316 5574 cap.
3352 5500 3543 5565 LXIV.

3274 5706 3349 5782 l3
