4080 6174
435 322 552 382 395

1473 317 1810 379 ATTONIS
1858 315 2437 378 VERCELLENSIS
2483 317 2828 379 EPISCOP]

3743 321 3858 381 396

435 455 508 510 ad
534 453 850 518 Abraham,
878 453 1182 508 dominum
1207 469 1339 507 eum
1363 456 1544 506 vocat.
1569 452 1677 506 Sed
1703 451 1888 505 oritur
1920 468 2076 521 quae—
2112 449 2168 515 Α
2201 453 2309 503 rat.
2340 453 2473 503 Erat
2493 450 2670 505 etiam
2698 452 2853 522 apud
2878 450 3008 505 illos
3030 451 3153 506 haec
3185 468 3361 522 prava
3385 451 3624 507 traditio
3651 468 3665 506 :
3701 453 3858 516 Quo-

436 541 538 608 tio,
570 556 749 612 quare
781 539 938 596 dicat
990 541 1262 596 mulieres
1311 541 1370 594 in
1425 539 1670 595 ecclesia
1700 544 1912 608 tacere,
1947 554 2080 593 cum

436 629 571 686 alibi
597 629 803 685 doceat
832 646 930 686 eas
955 646 1181 686 servare
1211 646 1361 700 opus
1393 629 1626 700 pietatis
1659 629 1711 682 in
1745 629 1943 683 eadem
1978 628 2080 681 do-

437 717 766 776 ctrina.Sed
789 717 1030 774 solvitur
1054 718 1169 772 ita:
1196 717 1256 772 In
1284 715 1556 772 Ecclesiis
1579 716 1907 788 prohibuit;
1941 714 2081 768 alibi

438 807 746 864 concessit.
783 809 848 863 Et
877 807 986 862 hoc
1014 811 1120 876 est,
1155 807 1310 878 quod
1342 805 1483 861 dicit
1517 822 1530 862 :
1582 807 1739 862 Domi
1778 807 1923 860 viros
1953 821 2081 858 suos

437 897 796 968 interrogent.
823 895 1194 968 Superﬂuum
1216 895 1508 950 videretur
1532 894 1590 949 in
1614 895 1874 950 ecclesiis
1896 894 2080 964 prohi-

438 985 594 1053 bere,
622 985 733 1041 nisi
765 984 904 1040 alibi
934 984 1338 1040 concessisset.
1368 985 1540 1057 Turpe
1569 993 1649 1040 est
1674 986 1822 1038 enim
1854 984 2083 1039 mulieri

437 1076 495 1129 in
528 1071 780 1139 ecclesia,
814 1079 922 1129 etc.
955 1073 1079 1129 Non
1127 1073 1319 1129 solum
1376 1073 1514 1141 illis,
1548 1075 1648 1129 sed
1700 1075 1875 1129 etiam
1913 1074 2076 1129 viris.

437 1161 504 1217 l‘lt
533 1162 582 1217 si
615 1162 861 1217 subditae
887 1162 1100 1218 debent
1126 1179 1254 1218 esse
1280 1162 1439 1233 viris,
1465 1163 1648 1217 multo
1679 1163 1867 1235 magis
1890 1179 2076 1218 sacer-

435 1249 692 1306 doﬁbus.

505 1341 588 1394 An
617 1358 649 1395 a
680 1340 828 1396 vobis
853 1341 1079 1396 verbum
1097 1342 1188 1396 Dez
1209 1344 1509 1413 processit?
1529 1345 1637 1396 etc.
1659 1341 1893 1396 Tumidi
1920 1357 2079 1394 nam-

433 1445 547 1500 que
600 1434 766 1485 erant
811 1429 1116 1497 Corinthii,
1150 1430 1408 1486 dicentes
1457 1430 1856 1486 credulitatem
1910 1445 2076 1484 suam

433 1518 623 1590 magis
641 1518 917 1590 prodesse
933 1518 1232 1591 apostolis,
1249 1535 1424 1590 quam
1445 1518 1828 1590 sibimetipsis
1847 1544 1860 1585 ;
1879 1534 2078 1589 quem-

433 1607 752 1663 admodum
774 1607 822 1663 si
843 1609 974 1679 quis
1000 1607 1210 1663 habeat
1231 1623 1352 1662 rem
1371 1607 1627 1678 aliquam
1654 1606 1913 1663 venalem
1942 1623 2077 1662 con-

433 1698 715 1767 temptam
735 1697 806 1751 ab
829 1697 1126 1761 omnibus,
1141 1701 1372 1767 emptor
1391 1701 1683 1751 extremus
1704 1713 1808 1768 pro
1837 1711 2077 1750 munere

435 1785 692 1856 deputet.
723 1786 807 1839 Ad
841 1785 947 1839 hoc
978 1784 1233 1856 respicit,
1268 1803 1402 1885 cum
1453 1786 1594 1885 dicit
1629 1804 1642 1840 :
1697 1788 1776 1839 An
1807 1787 2074 1885 errabis,
2107 1821 2156 1885 B

432 1878 573 1941 etc.;
607 1874 775 1945 quasi
800 1874 1050 1929 diceret:
1081 1875 1204 1929 Non
1234 1874 1602 1930 solummodo
1625 1892 1723 1930 vos
1745 1875 2075 1930 credidistis

431 1962 503 2017 ad
528 1979 717 2017 meam
747 1962 1352 2034 praedicationem,sed
1377 1964 1697 2030 etiam,etc.
1720 1965 2078 2036 Etjungitur

431 2049 516 2105 illi
541 2050 665 2106 loco
697 2051 1004 2124 superiori,
1030 2052 1128 2107 ubi
1155 2051 1368 2124 legitur
1392 2069 1404 2107 :
1436 2053 1589 2108 Sicut
1617 2055 1676 2107 in
1703 2053 1954 2107 omnibus
1976 2054 2075 2108 Ec-

427 2140 616 2196 clesiis
645 2145 957 2196 sanctorum
985 2141 1162 2196 doceo.
1195 2143 1264 2196 Et
1293 2159 1364 2196 ne
1395 2141 1663 2196 doctrina
1689 2141 1868 2209 illius,
1899 2142 2076 2197 veluti

430 2228 562 2300 puri
586 2228 864 2297 hominis,
888 2235 1376 2298 contemneretur,
1401 2231 1703 2301 subjunxit
1727 2249 1740 2286 :
1765 2231 1830 2286 Si
1849 2234 1972 2302 quis
1993 2233 2073 2286 vi-

426 2316 589 2372 detur
605 2318 883 2390 propheta
903 2334 1033 2387 esse,
1048 2324 1156 2374 etc.
1177 2337 1190 2387 ;
1214 2319 1382 2391 quasi
1405 2319 1646 2385 diceret;
1673 2319 1860 2375 Nolite
1882 2336 2072 2376 meam

427 2406 776 2476 doctrinam,
809 2407 984 2463 veluti
1040 2409 1170 2480 puri
1219 2407 1494 2475 hominis,
1547 2413 1938 2475 contemnere,
1970 2411 2071 2465 sed

431 2496 599 2567 quasi
623 2495 726 2552 Dei
749 2497 1018 2569 recipite;
1044 2497 1182 2568 quia
1203 2497 1433 2552 Domini
1458 2502 1595 2552 sunt
1619 2498 2076 2553 mandata.Tan-

425 2585 512 2656 git
527 2584 705 2641 etiam
723 2585 1368 2658 pseudoapostolos,qui
1386 2603 1499 2641 non
1515 2586 1766 2651 Domini,
1783 2588 1881 2642 sed
1903 2604 2072 2643 suam

427 2673 948 2730 docebant.Terret
969 2674 1148 2730 etiam
1171 2674 1320 2745 illos,
1337 2675 1642 2731 subdendo
1662 2693 1674 2730 :
1697 2675 1758 2730 Si
1777 2679 1897 2748 quis
1918 2678 2071 2747 igno-

425 2767 542 2828 rat,
574 2763 965 2832 ignorabitur;
996 2764 1054 2820 id
1085 2769 1192 2832 est,
1225 2765 1650 2837 reprobabitur.

500 2853 714 2924 Itaque,
745 2855 965 2923 fratres.
999 2858 1138 2909 Post
1169 2854 1384 2909 multas
1415 2856 1830 2926 correptiones,
1866 2857 2073 2913 fratres

427 2957 526 2998 eos
548 2941 823 3014 appellat,
840 2947 905 2998 ut
923 2943 1318 3000 subleventur.
1340 2945 1705 3000 zEmulamini
1718 2947 2069 3017 prophetare,

431 3037 482 3085 et
509 3030 661 3101 loqui
691 3031 898 3102 tinguis
927 3033 1098 3087 nolite
1126 3033 1432 3104 prohibere.
1466 3033 1611 3088 Vide
1640 3051 1817 3106 quam
1851 3040 2071 3108 tempe-

428 3123 551 3175 rate
581 3119 860 3191 loquitur.
887 3125 976 3177 Ita
1004 3122 1160 3177 enim
1191 3123 1262 3177 ad
1297 3122 1660 3194 prephetiam
1689 3129 1980 3196 provocat,
2008 3130 2073 3180 ut

2198 538 2354 592 niam
2391 539 2653 593 nonnulli
2687 557 2888 596 eorum
2913 540 3209 596 Christum
3243 541 3636 598 resurrexisse
3658 543 3854 600 crede-

2196 627 2358 693 bant,
2384 628 2453 682 de
2485 626 2733 683 aliorum
2765 630 3187 685 resurrectione
3220 630 3590 685 dubitabant.
3624 631 3852 688 Pseudo

2194 720 2388 771 tamen
2403 717 2647 788 apostoli
2663 718 2961 774 Christum
2984 735 3111 775 resu
3125 719 3371 775 rrexisse
3392 720 3854 793 negabant,quia

2192 810 2250 859 et
2281 810 2483 860 natum
2517 823 2629 861 non
2663 807 2810 878 (651)
2847 807 3180 863 credebant.
3214 810 3581 880 Quapropter
3611 814 3847 882 tractat,

2193 898 2249 948 et
2279 898 2544 949 versatur
2574 895 2817 951 intentio
2849 896 3107 966 Apostoli
3139 913 3276 968 erga
3309 898 3847 956 manifestationem

2192 983 2476 1048 mandati,
2501 988 2556 1038 et
2585 984 2848 1056 disputat
2869 986 3148 1040 adversus
3171 1003 3290 1054 eos,
3315 987 3417 1057 qui
3448 991 3568 1042 tam
3599 987 3842 1060 Christi,

2191 1088 2368 1142 quam
2397 1071 2643 1127 aliorum
2679 1074 2969 1145 negabant
3001 1075 3487 1130 resurrectionem
3517 1093 3531 1142 ;
3586 1077 3845 1132 maxime

2190 1165 2382 1215 tamen
2407 1162 2684 1217 adversus
2705 1179 2824 1226 eos,
2848 1163 2944 1234 qui
2970 1162 3262 1218 Christum
3295 1164 3609 1220 credebant
3638 1182 3838 1222 resur-

2192 1249 2428 1318 rexisse,
2445 1251 2514 1304 de
2539 1250 2787 1306 aliorum
2807 1256 3001 1306 tamen
3030 1253 3452 1309 resurrectione
3469 1253 3844 1310 dubitabant.

2192 1339 2386 1393 Bonus
2418 1341 2722 1410 magister,
2755 1341 2858 1410 qui
2892 1357 3003 1395 non
3035 1345 3269 1396 veretur
3297 1358 3366 1396 ea
3403 1345 3534 1412 qua:
3563 1343 3848 1398 docuerat

2189 1428 2313 1482 suis
2347 1427 2625 1498 replicare
2658 1427 2983 1500 discipulis.
3022 1431 3146 1484 Haec
3187 1431 3345 1484 enim
3375 1429 3692 1487 liberalitas
3724 1449 3845 1488 non

2189 1516 2383 1581 datur,
2408 1516 2521 1570 nisi
2544 1517 2815 1588 perfectis
2836 1517 3160 1588 magistris.
3186 1522 3464 1574 Caeterum
3489 1518 3841 1591 imperfecti,

2188 1619 2254 1658 ac
2277 1603 2437 1670 mali,
2463 1603 2522 1658 in
2557 1605 2955 1660 recordatione
2986 1622 3212 1677 eorum,
3241 1623 3368 1678 quae
3398 1613 3731 1679 gesserunt,
3757 1610 3844 1665 vel

2188 1692 2532 1759 docuerunt,
2557 1694 3018 1748 confunduntur.
3047 1699 3115 1749 Et
3145 1699 3302 1761 nota,
3337 1696 3475 1766 quia
3507 1696 3844 1767 promiscue

2189 1778 2449 1851 loquitur
2481 1797 2493 1834 :
2529 1783 2800 1852 quaedam
2833 1782 3183 1837 conveniunt
3213 1784 3642 1847 recedentibus,
3677 1803 3838 1856 quis-

2187 1869 2324 1923 dam
2355 1885 2489 1924 vero
2522 1870 2578 1924 in
2615 1871 2725 1924 {ide
2758 1871 3256 1942 permanantibus.
3291 1872 3458 1942 Nam,
3486 1874 3640 1945 quod
3675 1874 3838 1940 dicit,

2184 1964 2377 2013 notum
2404 1961 2570 2028 facio,
2603 1958 2718 2014 illis
2751 1960 2852 2030 qui
2883 1967 3243 2016 recesserant
3271 1979 3284 2029 ;
3320 1963 3474 2033 quod
3506 1961 3606 2028 ait,
3643 1965 3698 2017 in
3737 1981 3840 2034 quo

2185 2050 2362 2117 statis,
2397 2047 2515 2102 illis
2546 2049 2646 2118 qui
2680 2048 2738 2102 in
2769 2049 2881 2104 {ide
2912 2055 3379 2120 permanserant,
3413 2051 3702 2106 convenit.
3738 2052 3840 2108 Ve-

2186 2153 2341 2203 rum,
2368 2153 2438 2191 ne
2469 2154 2529 2192 se
2551 2142 2856 2192 excusatos
2880 2139 3209 2204 redderent,
3235 2140 3404 2211 quasi
3433 2157 3549 2195 non
3576 2141 3836 2213 accepis-

2187 2231 2336 2292 sent,
2353 2226 2490 2296 quia
2512 2226 2862 2297 prredicavit,
2879 2227 3182 2297 subjunxit
3203 2247 3220 2281 :
3267 2229 3414 2297 Quod
3438 2234 3488 2284 et
3510 2232 3798 2302 accepistis
3819 2248 3836 2283 :

2187 2320 2264 2381 et,
2300 2331 2372 2370 ne
2403 2322 2706 2386 acceptum
2739 2316 3008 2385 reiecisse
3060 2318 3418 2383 viderentur,
3451 2318 3679 2374 addidit
3713 2338 3727 2375 :
3780 2321 3838 2376 ιη

2187 2420 2291 2474 quo
2339 2409 2388 2460 et
2436 2407 2632 2465 statis;
2683 2405 2946 2460 subdidit
2985 2407 3162 2462 etiam
3197 2424 3210 2462 :
3261 2413 3368 2462 Per
3396 2409 3544 2479 quod
3571 2412 3625 2464 et
3653 2411 3836 2465 salva-

2185 2495 2332 2548 mini
2349 2510 2368 2554 ;
2401 2493 2510 2549 hoc
2541 2497 2648 2558 est,
2676 2509 2778 2564 per
2803 2495 2958 2566 quod
2989 2494 3241 2550 salutem
3268 2497 3550 2567 consequi
3578 2514 3682 2554 vos
3716 2515 3835 2554 cre-

2185 2581 2346 2636 ditis.

2256 2672 2530 2741 Sequitur
2556 2689 2569 2725 :
2604 2673 2721 2740 Qua
2741 2673 2955 2727 ratione
2973 2673 3398 2743 prmdicaverint
3416 2675 3584 2740 vobis,
3619 2679 3736 2732 etc.
3771 2677 3838 2732 Et

2185 2763 2272 2814 est
2301 2776 2511 2815 sensus
2546 2779 2557 2814 :
2610 2761 2689 2815 Ea
2719 2765 2870 2815 certe
2915 2761 3078 2816 vobis
3110 2762 3432 2834 praedicavi,
3466 2768 3532 2818 ut
3560 2767 3834 2821 omnium

2185 2848 2495 2903 crederetis
2526 2848 3008 2905 resurrectionem
3029 2875 3042 2916 ;
3065 2855 3142 2919 et,
3157 2853 3209 2906 si
3237 2854 3448 2918 tenetis,
3480 2869 3595 2909 non
3624 2857 3837 2925 frustra

2183 2937 2488 2992 credidistis
2507 2954 2528 2999 ;
2559 2937 2609 2992 si
2643 2942 2836 2992 autem
2861 2955 2973 2993 non
2998 2939 3279 3006 retinetis,
3301 2943 3536 3010 frustra,
3563 2943 3834 3014 inquam,

2183 3026 2512 3081 credidistis.
2538 3026 2644 3081 Ubi
2675 3027 2932 3082 ostendit
2953 3027 3210 3084 fructum
3242 3029 3449 3084 salutis
3482 3031 3746 3087 maxime
3777 3034 3831 3087 in

2184 3115 2297 3169 ﬁde
2354 3115 2636 3169 contineri
2696 3116 3159 3172 resurrectionis.
3219 3119 3548 3189 Sequitur:
3614 3121 3838 3176 Tradidi

425 3207 585 3281 loqui
607 3189 827 3283 linguis
859 3228 972 3267 non
1003 3189 1326 3283 prohibeat.
1353 3189 1468 3268 Nos
1499 3212 1652 3267 enim
1677 3189 1835 3270 soliti
1858 3189 2067 3270 sumus

2182 3206 2332 3259 enim
2353 3204 2498 3258 vobis
2529 3206 2590 3258 in
2618 3205 2832 3276 primis,
2858 3208 2966 3259 etc.
2994 3205 3157 3268 Quod
3183 3223 3315 3261 vero
3337 3207 3500 3274 dicit,
3526 3209 3589 3263 in
3605 3212 3832 3281 primis,

423 3300 614 3355 dicere
650 3317 664 3355 :
696 3299 1074 3356 rEmulamini
1105 3301 1347 3369 bonum,
1381 3305 1437 3357 et
1466 3302 1766 3374 prohibete
1798 3303 2020 3359 malum
2051 3322 2064 3372 ;

421 3390 523 3445 sed
543 3388 858 3460 Apostolus
882 3406 1063 3460 supra
1082 3390 1417 3445 varietatem
1442 3390 1775 3463 linguarum
1799 3393 1950 3448 inter
1969 3408 2072 3447 cre-

420 3483 545 3532 tera
567 3477 722 3531 dona
747 3477 1102 3543 dinumerat,
1119 3479 1274 3548 quod
1296 3479 1514 3534 donum
1539 3481 1732 3550 majus
1755 3497 1882 3536 esse
1904 3489 2069 3553 puta-

420 3565 585 3619 bant.
607 3563 804 3620 Noluit
826 3565 956 3622 illos
985 3566 1316 3638 prohibere,
1340 3585 1411 3624 ne
1441 3569 1553 3639 ipsi
1585 3570 1869 3625 stimulati
1897 3577 2065 3642 puta-

421 3658 554 3708 rent
601 3669 735 3709 eum
788 3655 1115 3711 invidentia:
1167 3673 1344 3712 causa
1384 3658 1727 3730 semetipsos
1759 3659 2066 3732 prohibere

419 3741 584 3798 velle.
611 3747 678 3798 Et
699 3743 828 3799 ideo
848 3743 956 3800 hoc
977 3745 1138 3810 dicit,
1163 3747 1330 3816 quasi
1357 3747 1572 3802 diceret
1599 3765 1610 3802 :
1640 3749 1724 3803 Ita
1746 3750 1815 3803 ad
1842 3751 2066 3821 majora

419 3847 689 3904 provoco,
723 3836 788 3887 ut
832 3833 1060 3889 minora
1088 3851 1202 3890 non
1233 3836 1650 3892 contradicam.

492 3922 690 3978 Omnia
737 3925 919 3978 autem
957 3923 1193 3991 honeste,
1225 3931 1279 3978 et
1322 3925 1638 3992 secundum,
1672 3931 1778 3981 etc.
1816 3930 2060 3997 Honeste,

419 4012 574 4068 sicut
624 4013 750 4085 ipse
798 4012 1032 4080 docuit;
1082 4014 1383 4069 secundum
1437 4014 1715 4083 ordinem,
1747 4016 1898 4072 sicut
1938 4019 2062 4090 ipse

417 4101 571 4158 fecit.
598 4103 665 4157 Et
694 4103 743 4158 si
773 4101 1093 4158 viderimus
1116 4101 1372 4173 aliquem
1402 4103 1458 4158 in
1489 4104 1734 4160 ecclesia
1761 4105 2063 4177 quodlibet

415 4191 666 4264 cperari,
682 4207 997 4262 possumus
1021 4192 1105 4246 uti
1125 4191 1321 4258 hoo,id
1347 4197 1452 4258 est,
1469 4196 1659 4248 omnia
1675 4194 1909 4261 honeste,
1925 4200 2056 4251 etc.:

416 4295 552 4334 nam
588 4295 702 4334 non
735 4279 924 4335 solum
959 4281 1016 4334 in
1051 4280 1141 4335 his
1177 4298 1300 4352 quae
1331 4282 1402 4335 ad
1435 4283 1618 4338 Deum
1653 4283 1922 4350 attinent,
1952 4285 2059 4340 iste

415 4368 554 4423 ordo
579 4369 898 4424 servandus
928 4373 1035 4435 est,
1062 4370 1158 4424 sed
1187 4370 1362 4425 etiam
1387 4371 1443 4425 in
1478 4370 1571 4426 his
1596 4387 1723 4441 quae
1747 4373 1818 4426 ad
1849 4373 2056 4429 huma-

416 4472 554 4512 nam
586 4457 1070 4513 consuetudinem
1103 4460 1347 4514 attinere
1377 4459 1670 4513 videntur.

2181 3292 2409 3347 duobus
2433 3291 2621 3347 modis
2645 3295 2833 3363 potest
2853 3293 3035 3364 accipi
3064 3310 3076 3348 :
3111 3293 3196 3349 vel
3227 3293 3284 3348 in
3319 3294 3531 3366 primis
3562 3297 3830 3364 tradidit,

2179 3381 2333 3452 quod
2355 3381 2413 3434 in
2441 3381 2646 3451 primis
2671 3380 2926 3452 accepit;
2960 3381 3047 3437 vel
3077 3383 3233 3453 quod
3263 3383 3320 3438 in
3345 3385 3556 3456 primis
3579 3389 3828 3460 accepit,

2179 3486 2290 3524 non
2322 3470 2380 3523 in
2408 3468 2634 3540 primis,
2660 3471 2757 3524 sed
2782 3487 2896 3541 quo
2919 3471 3121 3526 ordine
3141 3471 3344 3537 voluit,
3369 3475 3640 3532 tradidit.
3670 3476 3833 3541 Quod

2177 3563 2372 3612 autem
2405 3558 2566 3622 dicit,
2589 3559 2791 3628 accepi,
2817 3558 3259 3630 intelligendum
3284 3567 3402 3629 est,
3421 3563 3509 3618 vel
3543 3581 3653 3635 per
3678 3580 3835 3620 reve-

2177 3646 2472 3713 lationem,
2506 3645 2594 3701 vel
2627 3663 2728 3718 per
2757 3648 3146 3719 prephetiam,
3178 3649 3266 3704 vel
3301 3667 3404 3722 per
3431 3650 3652 3724 legem.
3690 3653 3835 3720 Quid

2176 3735 2318 3790 illud
2351 3735 2449 3803 sit,
2480 3735 2734 3790 ostendit
2769 3752 2780 3790 :
2833 3739 2983 3808 Quia
3025 3737 3277 3795 Christus
3305 3749 3557 3796 mortuus
3585 3748 3695 3810 est,
3727 3749 3835 3798 etc.

2174 3823 2318 3878 Cum
2349 3840 2479 3878 vero
2512 3823 2688 3877 dicit:
2722 3826 2829 3879 Pro
2853 3827 3087 3895 peccatis
3109 3829 3327 3895 nostris,
3354 3829 3614 3884 ostendit
3647 3831 3733 3885 nil
3765 3829 3833 3884 ad

2174 3929 2308 3967 eum
2341 3917 2588 3967 mortem
2621 3912 2950 3981 attinuisse,
2984 3915 3085 3969 sed
3136 3920 3346 3970 nostris
3399 3918 3837 3990 redemptionis

2174 4019 2352 4056 causa
2374 4006 2668 4056 mortuum
2696 4002 2894 4057 fuisse.
2910 4002 3219 4058 Secundum
3242 4004 3566 4077 Scriptura:
3589 4008 3758 4074 dicit,
3777 4011 3836 4062 ut

2173 4090 2440 4144 ostendat
2468 4090 2835 4145 concordiam
2871 4091 3011 4146 Novi
3042 4097 3099 4146 et
3138 4093 3360 4149 Veteris
3406 4097 3786 4152 Testamenti
3819 4113 3832 4151 :

2172 4179 2268 4250 qui
2296 4177 2479 4233 noluit
2508 4178 2601 4233 hic
2635 4195 2803 4234 suam
2831 4181 3226 4237 narrationem
3249 4184 3604 4240 confirmare
3636 4202 3831 4242 exem-

2171 4269 2315 4339 plis;
2341 4268 2477 4339 quia
2497 4269 2768 4340 cupebiat
2789 4268 3039 4325 transire
3066 4271 3138 4326 ad
3161 4271 3669 4332 manifestandam
3697 4275 3838 4330 alio-

2167 4374 2297 4412 rum
2333 4357 2852 4424 resurrectionem;
2887 4359 3207 4429 praesertim
3251 4362 3391 4432 quia
3439 4363 3511 4416 de
3561 4375 3834 4420 resarre-

2167 4446 2356 4502 ctione
2387 4445 2597 4501 Christi
2630 4463 2743 4502 non
2779 4447 3174 4504 hesitabant:
3226 4454 3285 4504 at
3334 4466 3465 4506 vero
3517 4452 3592 4507 de
3646 4457 3835 4509 morte

483 4545 1021 4618 (650),.(CApp-Exv.)
1072 4547 1348 4620 Sequitur
1381 4566 1392 4602 ε
1447 4549 1642 4603 Notum
1697 4553 1844 4605 vobis
1890 4554 2054 4623 Ῑαοίο,
2087 4563 2133 4626 D
2165 4534 2352 4606 ipsius
2384 4535 2649 4626 praedixit
2681 4536 2862 4591 Isaias
2896 4554 2910 4592 :
2962 4537 3113 4594 Sicut
3141 4540 3276 4606 ovis,
3312 4538 3528 4610 inquit,
3562 4542 3641 4596 ad
3694 4542 3834 4597 occi-

407 4637 637 4705 fratres,
661 4635 1038 4706 Evangelium,
1060 4642 1167 4692 ctc.
1194 4640 1508 4706 Postquam
1543 4637 1900 4695 instruxerat
1930 4659 2054 4697 mo-

412 4740 526 4795 res,
559 4728 617 4779 et
645 4725 822 4780 vitam
855 4725 1306 4792 Corinthiorum,
1342 4726 1713 4797 reprehendit
1744 4734 1801 4782 et
1846 4747 2053 4800 pravas

409 4813 863 4869 consuetudines
893 4829 1094 4869 eorum
1131 4829 1143 4868 :
1180 4813 1236 4867 in
1269 4831 1385 4886 qua
1416 4814 1692 4871 hactenus
1727 4817 2051 4875 intentione

409 4908 757 4974 perseverat.
783 4903 1085 4974 Superius,
1111 4919 1222 4958 non
1245 4902 1413 4974 longe
1434 4908 1650 4972 tamen,
1677 4908 2052 4979 reprehendit

406 5007 527 5063 eos,
557 4993 697 5065 quia
722 4993 950 5048 feminae
974 5008 1197 5059 eorum,
1226 4998 1281 5047 et
1311 5010 1422 5048 non
1451 4994 1647 5049 velatae
1679 4996 2046 5070 incedebant,

405 5086 461 5137 et
487 5099 600 5138 non
627 5082 827 5137 velatae
855 5083 1031 5136 Deum
1057 5084 1320 5152 orabant,
1341 5088 1396 5138 ct
1417 5084 1551 5155 quia
1571 5083 1748 5140 libere
1773 5087 2047 5144 mulieres

404 5185 603 5226 eorum
630 5171 687 5226 in
711 5169 955 5226 ecclesia
975 5171 1382 5243 loquebantur,
1398 5178 1453 5226 et
1471 5173 1608 5243 quia
1630 5176 1687 5228 in
1709 5193 1888 5230 unum
1915 5193 2050 5232 con-

402 5260 700 5316 venientes
723 5261 1068 5332 pugnaciter
1095 5263 1371 5332 mysteria
1389 5261 1643 5331 corporis
1661 5267 1718 5317 et
1739 5265 2045 5337 sanguinis

399 5347 632 5404 Domini
655 5351 991 5407 sumebant.
1015 5352 1076 5406 ln
1103 5351 1211 5406 hac
1233 5349 1553 5405 intentione
1571 5349 1760 5406 adhuc
1789 5369 2046 5424 perseve-

487 5559 593 5614 650
644 5564 705 5614 In
740 5564 954 5634 autog.’

464 5559 614 5716 £6513
644 5633 852 5689 Partic.
875 5647 954 5688 no

487 5561 593 5614 650
644 5564 705 5614 In
740 5564 1101 5634 autog.'mar
1147 5563 1288 5619 .‘hic
1319 5561 1534 5635 legitur
1573 5581 1698 5637 cap.
1734 5569 1894 5628 LXV.

485 5561 614 5690 651i
644 5633 852 5689 Partic.
875 5647 985 5688 non
1011 5578 1350 5690 adifidimus
1371 5651 1439 5690 ex
1462 5635 1574 5690 his.
1601 5652 1726 5690 dum
1750 5639 1894 5690 halm

1130 5651 1145 5688 ι

644 5633 852 5689 Partic.
875 5633 985 5688 non
1011 5635 1080 5692 ad

2161 4626 2372 4679 sionem
2418 4624 2646 4679 ducetur
2699 4627 2822 4694 (lsa.
2871 4641 2988 4693 Lm,
3035 4630 3107 4694 7),
3159 4632 3299 4694 etc.;
3349 4632 3407 4682 et
3457 4628 3605 4684 item
3649 4648 3664 4686 :
3718 4631 3835 4702 Ipse

2162 4718 2344 4767 autem
2367 4713 2692 4768 vulneratus
2707 4723 2785 4769 est
2801 4719 3024 4785 propter
3046 4718 3359 4786 iniquitates
3380 4726 3603 4774 nostras
3635 4719 3830 4788 (lbid.,

2159 4802 2236 4870 5),
2269 4806 2411 4867 etc.;
2447 4801 2569 4870 ipse
2601 4802 2777 4856 etiam
2811 4803 2881 4858 de
2929 4803 3230 4875 sepultura
3277 4805 3405 4875 ejus
3441 4823 3454 4862 :
3507 4808 3708 4875 Dabit,
3743 4808 3833 4862 in-

2161 4889 2304 4960 quit,
2339 4891 2538 4956 impios
2564 4907 2663 4961 pro
2691 4891 2981 4962 sepultura
3008 4893 3196 4961 (lbid.,
3228 4895 3307 4961 9),
3339 4897 3453 4949 etc.
3482 4913 3496 4960 ;
3536 4902 3597 4950 et
3635 4898 3786 4953 item
3817 4914 3831 4950 :

2159 4980 2277 5033 Erit
2303 4979 2609 5050 sepulcrum
2641 4982 2756 5042 eius
2782 4983 3083 5049 gloriosum
3113 4985 3244 5053 (Isa.
3286 5000 3364 5054 x1,
3424 4986 3538 5053 10).
3596 4986 3689 5042 De
3744 5002 3836 5042 re-

2159 5069 2515 5124 surrectione
2547 5074 2740 5124 autem
2773 5070 2948 5126 Oseas
2985 5087 2997 5125 :
3034 5075 3154 5138 Die,
3187 5072 3403 5143 inquit,
3439 5076 3638 5144 tertia,
3678 5091 3834 5130 resu-

2155 5159 2371 5212 scitabit
2402 5173 2498 5212 nos
2525 5159 2669 5226 (Ose.
2703 5176 2779 5226 v1,
2819 5160 2896 5230 3),
2943 5166 3052 5216 etc.

2225 5246 2545 5317 Sequitur:
2597 5249 2661 5301 Et
2708 5250 2836 5318 quia
2885 5251 3034 5304 visus
3082 5255 3160 5305 est
3207 5249 3417 5320 Cephea.
3463 5255 3651 5322 Nota,
3689 5253 3833 5324 quia

2155 5350 2268 5390 non
2286 5334 2426 5390 dicit
2444 5334 2734 5406 primo,ne
2753 5339 3081 5393 contrarius
3098 5337 3473 5410 evangelistis
3490 5338 3830 5408 videretur,

2151 5575 2439 5659 infracol.
2472 5580 2604 5659 399,
2632 5599 2746 5640 non
2778 5579 2949 5659 longe
2993 5583 3064 5643 ab
3113 5585 3301 5654 initio,
3334 5583 3420 5643 ibi
3457 5603 3469 5644 :
3518 5586 3827 5647 Pseudoc-

1152 5635 1350 5692 dimus
1371 5651 1439 5692 ex
1462 5635 1574 5708 his,
1601 5635 1726 5708 quae
1750 5639 2042 5704 habentur
2145 5651 2408 5726 postoli...
2437 5635 3124 5728 negabairit—eumonatum:
