4034 6166
204 295 307 354 397

203 424 476 498 Sequitur
534 441 547 479 :

204 514 452 570 Thomas
483 515 671 582 (Joan.
706 531 799 584 xx,
831 515 940 584 25).

264 602 548 674 Sequitur
583 620 595 658 :
636 604 852 660 Deinde
882 604 1181 676 plusquam
1229 609 1535 679 quingentis
1562 607 1855 678 fratribus.

203 692 557 763 Notandum,
581 692 725 764 quia
752 693 872 748 haec
903 694 1187 765 apparitio
1205 712 1321 751 non
1350 696 1565 768 legitur
1592 696 1649 750 in
1672 695 1857 750 Evan-

203 782 388 855 geliis.
420 782 813 854 Evangelistaa
845 798 1077 854 quoque
1108 784 1301 840 decies
1333 786 1700 840 solummodo
1734 799 1859 838 nar-

204 876 332 927 rant
347 888 482 926 eum
498 872 879 943 apparuisse;
907 873 1064 927 unde
1084 872 1308 945 liquido
1335 872 1859 944 monstratur,quia

206 960 406 1015 multis
422 959 557 1015 aliis
578 960 807 1015 vicibus
823 962 1095 1032 apparuit
1116 979 1291 1033 quam
1316 962 1682 1035 evangelista:
1700 978 1858 1017 com-

206 1056 551 1104 memorent.
586 1048 678 1104 Illi
719 1065 855 1121 ergo
887 1067 984 1105 eas
1018 1049 1209 1105 solum
1263 1052 1589 1107 describere
1621 1066 1855 1106 curave-

205 1144 359 1196 runt.
396 1155 546 1209 quas
579 1138 652 1192 ad
702 1138 1173 1201 instructionem,
1208 1144 1265 1193 et
1314 1141 1577 1195 omnium
1609 1140 1857 1195 salutem

205 1228 479 1283 sufﬁcere
513 1226 915 1281 decreverunt.
953 1228 1113 1292 Quod
1146 1228 1228 1281 ait
1262 1247 1273 1282 :
1307 1230 1496 1295 simul,
1532 1232 1728 1283 utrum
1757 1245 1859 1281 un-

206 1316 413 1381 decim,
440 1332 512 1370 an
537 1315 761 1370 viritim
784 1315 1012 1387 viginti,
1037 1333 1150 1371 non
1174 1317 1318 1372 satis
1340 1317 1540 1373 claret.
1561 1317 1855 1389 Sequitur:

106 1410 111 1417 '
204 1407 287 1461 Ea:
308 1405 508 1477 quibus
538 1405 709 1460 multi
736 1407 1001 1465 manent;
1033 1406 1201 1477 quasi
1232 1406 1510 1461 dixisset:
1545 1406 1650 1472 Qui
1683 1406 1859 1460 inter-

204 1494 414 1566 rogati,
447 1493 754 1548 veritatem
787 1495 1091 1549 ostendere
1113 1501 1355 1565 queunt.
1388 1496 1589 1551 Deinde
1616 1497 1765 1550 visus
1784 1499 1862 1551 est

206 1583 426 1640 Iacobo.
460 1583 681 1638 Revera
711 1599 827 1637 non
852 1583 951 1638 illa
973 1590 1061 1639 est
1091 1584 1211 1639 haec
1241 1583 1549 1656 apparitio,
1581 1600 1697 1656 qua
1726 1600 1860 1639 cum

207 1672 337 1727 aliis
368 1687 504 1726 eum
535 1670 780 1735 viderat,
805 1672 908 1727 sed
941 1670 1277 1744 singularis.
1303 1674 1433 1744 Ipse
1461 1690 1593 1728 vero
1624 1674 1682 1727 in
1708 1671 1862 1727 mul-

208 1762 283 1817 tis
312 1759 680 1830 argumentis
700 1776 762 1815 se
786 1761 1093 1816 ostendere
1117 1760 1304 1816 voluit
1330 1779 1342 1828 ;
1376 1761 1484 1816 hoc
1513 1766 1622 1829 est,
1645 1761 1860 1816 viritim
1894 1799 1943 1863 B

207 1851 400 1917 Petro,
449 1866 608 1904 nunc
661 1849 900 1915 Jacobo,
954 1866 1109 1905 nunc
1156 1850 1333 1905 etiam
1379 1850 1745 1918 mulieribus,
1798 1866 1863 1906 ac

207 1938 418 1995 deinde
450 1938 759 2010 discipulis
791 1938 1087 2004 omnibus,
1120 1942 1176 1993 et
1204 1938 1336 1993 aliis
1381 1940 1622 2005 caeteris,
1657 1944 1720 1993 ut
1751 1955 1865 2011 quo

209 2031 335 2100 ejus
383 2028 735 2082 resurrectio
790 2027 1103 2082 manifesta
1150 2027 1331 2094 ﬁeret,
1367 2044 1432 2082 eo
1480 2029 1539 2082 in
1592 2028 1866 2083 cordibus

209 2118 571 2173 credentium
604 2115 768 2171 nulla
799 2115 1072 2171 dubietas
1098 2120 1442 2171 remaneret.
1466 2116 1674 2171 Deinde
1701 2131 1866 2186 apos-

208 2209 331 2263 tolis
362 2205 635 2261 omnibus.
668 2205 837 2260 Forte
860 2208 917 2259 et
946 2221 1126 2276 supra
1142 2204 1367 2259 dixerat
1384 2206 1658 2260 undecim
1691 2222 1865 2277 apos-

206 2296 345 2351 tolis
377 2314 392 2350 :
424 2294 521 2349 hic
573 2292 955 2366 septuaginta
1000 2292 1128 2347 vult
1177 2292 1425 2365 intelligi
1477 2295 1759 2365 quoniam
1811 2300 1869 2350 et

209 2385 323 2458 ipsi
354 2382 543 2438 missi.

284 2473 565 2545 Sequitur
597 2489 611 2527 :
642 2471 949 2527 Novissime
1003 2478 1187 2526 autem
1233 2473 1501 2541 omnium,
1537 2476 1645 2528 etc.
1697 2472 1864 2543 Nam,

210 2563 353 2636 quia
382 2561 526 2617 dicit
570 2561 892 2627 novissime,
926 2576 1132 2616 omnes
1174 2559 1287 2614 illae
1319 2560 1440 2615 aliae
1473 2561 1868 2633 apparitiones

207 2656 345 2708 ante
392 2650 558 2705 factae
606 2649 913 2703 credendus
967 2652 1124 2716 sunt,
1178 2647 1297 2703 sive
1357 2653 1511 2717 ante,
1562 2650 1685 2705 sive
1736 2653 1869 2721 post

207 2739 639 2797 ascensionem.
667 2737 996 2796 Novissime
1019 2735 1320 2804 videlicet;
1346 2738 1485 2809 quia
1506 2742 1639 2810 post
1663 2754 1868 2793 omnes

208 2828 555 2891 credidit,et
586 2828 727 2898 quia
748 2827 876 2896 jam
909 2843 1025 2882 non
1050 2825 1108 2879 in
1140 2828 1312 2892 terra,
1330 2826 1429 2881 sed
1461 2826 1521 2881 in
1554 2825 1696 2881 coelo
1718 2842 1870 2898 prae-

206 2920 434 2975 sidens.
468 2916 814 2971 Abortivum
838 2914 1111 2980 dicimus,
1140 2915 1294 2986 quod
1330 2932 1443 2970 non
1478 2931 1586 2970 suo
1610 2920 1870 2985 tempore

208 3008 494 3063 nascitur.
528 3003 878 3059 Abortivum
910 3019 971 3058 se
1022 3001 1168 3055 dicit
1199 3003 1546 3074 Apostolus;
1584 3003 1723 3075 quia
1754 3019 1869 3056 non

203 3098 273 3153 in
313 3093 619 3168 praesentia
670 3091 903 3147 Domini
945 3089 1213 3158 credidit,
1248 3090 1335 3146 vel
1384 3098 1557 3158 certe,
1591 3091 1731 3162 quia
1760 3091 1869 3145 im-

766 294 1183 356 EXPOSITIO
1228 296 1307 357 IN
1357 295 1784 358 EPISTULAS
1829 292 2092 357 PAULI.
2128 328 2205 342 —-
2236 296 2315 357 ΙΝ
2365 295 2623 357 EPIST.
2671 298 2693 358 Ι
2741 300 2846 358 AD
2893 300 3074 361 COR.

609 430 680 481 Et
722 434 840 498 post
887 426 1021 493 haec,
1054 428 1329 499 undecim,
1380 430 1611 500 quando
1668 427 1855 483 abfuit
1884 430 1938 495 Α

3519 300 3635 362 398

2039 430 2367 501 Sequitur:
2419 430 2617 486 Gratia
2664 433 2761 487 Dei
2804 450 2929 488 sum
2976 434 3034 487 id
3084 434 3223 506 quod
3274 451 3433 497 sum;
3466 435 3636 507 quasi

1972 518 2191 573 diceret
2225 536 2237 574 :
2274 518 2467 573 Multa
2499 525 2637 575 sunt
2669 522 2897 592 merita,
2928 524 3029 578 sed
3059 523 3333 594 malazet,
3368 524 3506 596 quia
3531 540 3635 596 pro

1972 606 2128 661 malo
2160 608 2461 661 redditum
2493 613 2582 663 est
2610 610 2694 664 illi
2730 611 2973 678 bonum,
2999 612 3079 667 ait
3113 629 3124 668 :
3159 611 3350 669 Gratia
3382 614 3485 669 Dei
3513 628 3639 667 sum

1971 695 2029 749 id
2059 697 2202 766 quod
2228 713 2355 751 sum
2376 713 2399 757 ;
2430 695 2489 751 id
2540 702 2647 767 est,
2682 700 2835 770 quod
2879 717 3013 756 sum
3049 701 3256 768 ﬁdelis,
3302 702 3457 774 quod
3489 702 3636 773 Apo-

1972 784 2182 851 stolus,
2208 786 2368 855 quod
2395 787 2598 840 doctor
2618 788 2881 858 gentium
2908 788 2965 842 in
2992 789 3126 855 ﬁde,
3151 794 3207 844 et
3229 790 3493 860 veritate,
3518 805 3637 845 non

1973 873 2088 927 mei
2118 878 2207 928 est
2237 874 2464 941 meriti,
2498 875 2599 929 sed
2650 875 2855 931 divinis
2889 877 3110 948 gratias.
3143 877 3245 933 His
3276 879 3468 934 verbis
3500 896 3640 935 con-

1972 962 2233 1029 demnat,
2287 967 2347 1017 et
2400 964 2667 1033 reprimit
2713 980 2912 1020 eorum
2965 966 3378 1035 temeritatem,
3433 968 3535 1041 qui
3583 972 3642 1025 et

1971 1050 2155 1106 libero
2179 1053 2570 1121 sejactantur
2600 1053 2840 1109 arbitrio
2866 1071 2876 1108 :
2907 1059 2965 1109 at
2987 1054 3101 1121 ille,
3128 1056 3227 1127 qui
3263 1056 3461 1112 divina
3483 1074 3642 1113 com-

1974 1140 2287 1195 mendatur
2318 1141 2530 1213 gratia,
2562 1158 2634 1197 ne
2666 1142 2891 1197 alienus
2925 1160 2957 1197 a
2985 1141 3166 1199 libero
3197 1143 3467 1201 videatur
3493 1145 3644 1202 arbi-

1971 1227 2105 1293 trio,
2137 1228 2338 1299 inquit
2371 1246 2384 1283 :
2419 1233 2482 1285 Et
2529 1233 2713 1299 gratia
2743 1232 2859 1299 eius
2891 1233 2949 1285 in
2997 1248 3083 1286 me
3129 1248 3316 1289 vacua
3362 1250 3471 1289 non
3496 1236 3640 1306 fruit,

1973 1317 2093 1371 sive
2125 1333 2334 1387 egena.
2389 1322 2577 1384 Quare
2627 1337 2742 1374 non
2794 1320 3023 1375 vacua?
3051 1320 3199 1385 Quia
3250 1339 3450 1379 meum
3496 1323 3644 1381 velle

1973 1406 2351 1475 praevenienti
2385 1409 2585 1478 gratiae
2620 1408 2833 1463 sociavi
2868 1409 3037 1481 (635).
3077 1409 3399 1481 Subjunxit
3429 1417 3486 1468 et
3514 1430 3641 1469 ver-

1974 1494 2049 1549 ba
2079 1494 2149 1548 ad
2182 1496 2463 1550 eumdem
2505 1513 2745 1552 sensum
2777 1497 3085 1554 attinentia
3119 1516 3131 1553 :
3167 1500 3278 1555 Sed
3306 1501 3431 1573 plus
3459 1504 3644 1558 omni-

1976 1583 2073 1637 bus
2107 1583 2377 1639 laboravi.
2416 1585 2477 1639 In
2511 1602 2577 1640 eo
2609 1602 2884 1657 namque,
2918 1587 3074 1658 quod
3106 1588 3271 1657 dicit,
3303 1592 3451 1662 plus,
3477 1608 3645 1647 mon-

1976 1674 2202 1726 stratur
2232 1671 2377 1743 quia
2430 1674 2616 1753 major
2644 1678 2734 1729 est
2764 1674 2847 1730 illi
2891 1676 3028 1731 data
3058 1678 3289 1734 occasio
3337 1679 3645 1736 laborandi

1975 1776 2153 1831 quam
2168 1761 2398 1816 caeteris
2422 1761 2795 1832 apostolis,eo
2822 1764 2975 1835 quod
2992 1764 3253 1821 ofﬁcium
3279 1768 3643 1839 apostolatus

1978 1849 2202 1920 accepit
2248 1849 2307 1905 in
2360 1850 2659 1921 gentibus.
2711 1851 2908 1907 Ceteri
2961 1854 3177 1926 quippe
3231 1856 3506 1927 apostoli,
3540 1858 3641 1929 qui

1977 1937 2237 1993 ofﬁcium
2263 1938 2631 2009 apostolatus
2653 1940 2711 1994 in
2734 1942 3243 1997 circumcisionem
3269 1950 3638 2015 acceperant,

1981 2042 2113 2081 cum
2133 2026 2324 2081 Judaei
2354 2027 2626 2083 notitiam
2645 2028 3307 2101 legis,etpropbetarum
3332 2032 3637 2103 baberent,

1977 2120 2035 2171 et
2066 2131 2249 2169 unum
2284 2115 2475 2170 Deum
2509 2131 2637 2171 esse
2669 2122 2928 2187 nossent,
2963 2116 3192 2173 facilius
3220 2124 3492 2191 poterant
3511 2138 3637 2177 cor-

1978 2202 2152 2258 dibus
2183 2218 2391 2258 eorum
2446 2203 2736 2260 inculcare
2767 2205 2951 2261 Deum
3001 2205 3217 2262 habere
3264 2207 3502 2278 Filium,
3534 2209 3636 2281 qui

1977 2292 2197 2348 missus
2229 2309 2263 2346 a
2292 2296 2489 2363 Patre,
2509 2309 2744 2349 carnem
2775 2295 3119 2367 susceperit,
3151 2300 3210 2352 et
3240 2297 3515 2369 patiendo
3537 2313 3638 2371 ge-

1978 2398 2091 2437 nus
2121 2381 2454 2437 humanum
2507 2384 2816 2439 redemerit
2849 2403 2862 2453 ;
2893 2401 3023 2440 esse
3053 2384 3229 2441 etiam
3262 2392 3320 2441 et
3351 2387 3637 2459 Spiritum

1978 2472 2269 2525 sanctum.
2302 2469 2455 2525 Huic
2500 2471 2720 2527 scilicet
2745 2472 2936 2543 prima
2977 2473 3301 2530 necessitas
3329 2474 3637 2532 incumbe-

1978 2558 2099 2622 bat,
2129 2560 2192 2610 ut
2243 2556 2404 2612 idola
2435 2558 2798 2631 destrueret;
2832 2560 3039 2616 deinde
3072 2578 3257 2617 unum
3289 2579 3418 2620 esse
3451 2563 3636 2620 Deum

1979 2648 2300 2700 creatorem
2332 2646 2604 2703 omnium
2645 2650 3016 2718 ostenderet;
3052 2650 3257 2706 exinde
3285 2652 3496 2708 Filium
3528 2652 3634 2709 ba-

1979 2736 2134 2805 bere,
2160 2733 2259 2805 qui
2292 2735 2515 2791 missus
2537 2738 2713 2793 etiam
2738 2756 2771 2793 a
2803 2738 2987 2805 Patre,
3012 2744 3285 2811 suscepta
3310 2758 3505 2812 carne,
3530 2759 3631 2814 pa-

1979 2824 2195 2894 tiendo,
2229 2838 2417 2894 genus
2462 2825 2789 2881 humanum
2823 2829 3169 2895 redemerit;
3201 2845 3331 2884 esse
3360 2834 3417 2885 et
3446 2830 3630 2901 Spiri-

1980 2918 2106 2967 tum
2159 2916 2431 2966 sanctum
2486 2931 2497 2964 :
2548 2915 2661 2968 tria
2708 2915 3009 2981 vocabula,
3043 2920 3276 2987 tresque
3326 2933 3627 2987 personas,

1982 3017 2167 3057 unum
2200 3004 2396 3055 tamen
2422 3016 2553 3057 esse
2583 3002 2785 3057 Deum.
2812 3008 2891 3056 Αο
2924 3020 3025 3074 per
3055 3003 3162 3059 hoc
3197 3003 3329 3075 plus
3352 3005 3628 3060 omnibus

1978 3088 2283 3145 laboravit.
2317 3088 2704 3161 Quapropter,
2734 3107 2805 3146 ne
2823 3091 2932 3146 sibi
2952 3091 3060 3146 hoc
3090 3092 3379 3148 ascribere
3398 3092 3624 3147 videre-

205 3162 535 3260 per't‘ectum
569 3199 729 3250 eum,
764 3181 821 3235 id
855 3184 945 3236 est
970 3183 1270 3235 mortuum
1302 3196 1601 3253 synagoga
1631 3180 1868 3251 genuit;
1904 3162 1945 3228 C
1984 3184 2100 3247 tur,
2137 3195 2271 3233 mox
2294 3177 2521 3232 addidit
2554 3196 2565 3234 :
2599 3179 2719 3233 Non
2748 3182 2933 3234 autem
2961 3195 3054 3250 ego
3086 3199 3101 3232 :
3135 3180 3255 3247 ubi,
3290 3197 3423 3235 cum
3456 3180 3623 3249 dicit,

201 3276 336 3333 sive
394 3272 535 3343 quia
592 3269 851 3325 Ecclesia
908 3269 979 3323 de
1036 3269 1165 3339 ejus
1214 3269 1592 3325 conversione
1642 3267 1871 3323 difﬁde-

202 3365 342 3420 bat.

285 3448 579 3521 Sequitur
610 3464 620 3503 :
662 3450 815 3505 Visus
846 3455 923 3503 est
951 3446 1091 3501 mihi
1118 3446 1179 3500 in
1210 3446 1303 3501 via
1333 3448 1468 3519 (Act.
1494 3463 1569 3515 ιχ,
1603 3445 1679 3516 3),
1714 3445 1876 3501 visus

206 3545 306 3597 est
338 3540 401 3593 in
453 3536 697 3610 templo.
748 3536 1027 3606 Sequitur
1059 3552 1071 3589 :
1107 3536 1212 3605 Ego
1242 3539 1393 3590 enim
1440 3552 1565 3590 sum
1610 3536 1878 3589 minimus

208 3626 606 3702 apostolorum
624 3644 646 3686 ;
678 3641 795 3680 non
822 3625 1050 3690 merito,
1084 3624 1350 3696 inquam,
1387 3641 1501 3679 non
1534 3640 1727 3695 opere,
1764 3640 1879 3678 non

210 3717 428 3791 gratia,
482 3717 587 3772 sed
638 3719 921 3786 tempore.
974 3714 1078 3781 Qui
1124 3729 1233 3768 non
1270 3730 1393 3769 sum
1449 3714 1650 3781 dignus
1698 3713 1885 3768 vocari

206 3808 515 3879 apostolus.
569 3806 764 3870 Quare
799 3803 827 3857 ?
873 3802 1013 3870 Quia
1056 3811 1372 3873 persecutus
1412 3818 1535 3857 sum
1593 3802 1887 3856 Ecclesium

210 3897 337 3952 Dei.
368 3894 540 3957 Nota,
576 3891 741 3963 quia,
775 3907 909 3946 cum
942 3907 1057 3946 non
1112 3890 1509 3945 commisisset
1540 3893 1671 3960 post
1699 3889 1887 3961 bapti-

213 4000 419 4039 smum
443 3999 577 4055 quae
598 3980 932 4050 defleret,ea
952 3996 1078 4051 quae
1100 3984 1234 4034 ante
1260 3979 1621 4050 baptismum
1644 3978 1889 4032 commi-

212 4079 403 4143 serat,
422 4074 552 4142 jam
578 4068 831 4126 dimissa
850 4068 1118 4124 deflebat.
1144 4067 1892 4137 Meminerat,inquam,Do-

212 4161 369 4216 mini
392 4158 652 4216 dicentis
675 4173 780 4229 per
801 4156 1146 4228 prophetam
1170 4158 1340 4227 (652):
1359 4159 1467 4227 Ego
1490 4172 1729 4227 sum,ego
1746 4172 1890 4224 sum,

210 4253 323 4323 qui
352 4251 507 4306 deleo
558 4251 621 4302 ut
668 4246 929 4301 nebulam
979 4251 1211 4317 peccata
1265 4249 1381 4309 tua.
1434 4255 1487 4301 et
1547 4249 1893 4316 peccatorum

210 4350 453 4395 tuorum
482 4354 600 4394 non
638 4335 970 4391 recordabar
1016 4336 1254 4406 amplius
1288 4336 1435 4405 (Isai.
1471 4350 1631 4402 XLIII,
1664 4334 1753 4404 25)
1782 4352 1793 4399 ;
1829 4338 1893 4389 tu

205 4444 363 4483 vero
417 4441 650 4482 memor
699 4428 844 4480 esto.
879 4421 988 4477 Ubi
1033 4412 1280 4478 solerter
1327 4422 1749 4477 attendendum
1784 4428 1893 4491 est,

1980 3284 2087 3325 non
2118 3282 2232 3339 ego,
2265 3282 2380 3320 non
2412 3282 2475 3321 se
2504 3268 2763 3323 ostendit
2792 3285 2906 3323 non
2949 3267 3233 3338 laborare,
3266 3270 3366 3324 sed
3398 3269 3623 3339 absque

1983 3357 2169 3429 gratia
2196 3355 2461 3410 laborare
2501 3371 2618 3410 non
2668 3373 2859 3428 posse.
2892 3355 3054 3412 Unde
3083 3360 3140 3411 et
3184 3373 3320 3411 mox
3350 3356 3575 3411 addidit
3610 3372 3625 3411 :

1988 3446 2087 3502 Sed
2116 3446 2314 3520 gratia
2330 3445 2428 3499 Dei
2456 3460 2691 3500 mecum.
2719 3444 2941 3508 Quibus
2970 3444 3161 3499 verbis
3179 3445 3435 3501 ostendit
3457 3445 3629 3516 (654),

1991 3535 2128 3608 quia
2159 3550 2262 3590 nec
2291 3533 2479 3606 gratia
2523 3534 2650 3589 sine
2696 3532 2877 3589 libero
2930 3533 3192 3602 arbitrio,
3227 3549 3332 3589 nec
3382 3532 3635 3589 liberum

1993 3623 2298 3682 arbitrium
2347 3623 2473 3678 sine
2522 3623 2711 3694 gratia
2740 3623 2997 3677 hominis
3047 3623 3296 3679 salutem
3341 3626 3635 3695 operatur.

1993 3718 2265 3770 Attamen
2344 3715 2619 3783 operatur
2687 3713 2876 3782 gratia
2928 3712 3054 3766 sine
3133 3711 3315 3767 libero
3374 3712 3639 3779 arbitrio,

1997 3801 2423 3875 praeveniendo,
2476 3800 2974 3870 quemadmodum
3026 3801 3207 3856 istum
3254 3801 3327 3855 de
3370 3800 3510 3855 coelo
3544 3817 3643 3855 vo-

2000 3892 2205 3947 cando.

2070 3978 2349 4050 Sequitur
2379 3994 2393 4031 :
2428 3977 2551 4031 Sive
2580 3978 2729 4031 enim
2770 3993 2892 4047 ego,
2947 3980 3059 4032 sive
3106 3977 3218 4045 illi,
3249 3980 3356 4033 etc.
3394 3976 3473 4031 Ds
3506 3976 3635 4048 qui-

2001 4072 2110 4125 bus
2144 4066 2328 4123 dicit?
2358 4067 2436 4121 De
2476 4065 2593 4120 illis
2641 4066 2929 4133 videlicet,
2962 4066 3176 4137 quibus
3205 4082 3267 4121 se
3316 4066 3447 4138 plus
3478 4066 3640 4120 dixe-

1999 4163 2091 4214 rat
2120 4158 2402 4214 laborare.
2437 4154 2659 4218 Quibus
2688 4155 2880 4211 verbis
2911 4154 3187 4225 ostendit,
3212 4155 3351 4226 quia
3380 4171 3493 4209 non
3527 4153 3641 4210 sibi

2003 4249 2196 4303 minor
2225 4245 2541 4301 auctoritas
2588 4243 2734 4300 foret
2761 4244 2821 4298 in
2874 4244 3303 4315 praedicatione,
3334 4245 3417 4300 sic
3438 4242 3646 4315 pradi-

2002 4352 2208 4403 camus,
2252 4338 2314 4389 ut
2362 4334 2647 4403 omnium,
2682 4335 2946 4404 inquam,
2999 4332 3481 4389 resurrectionem
3531 4348 3651 4388 cre-

2009 4426 2242 4481 deretis.
2278 4424 2401 4478 Sive
2432 4440 2548 4494 ego,
2581 4425 2695 4478 sive
2739 4423 2847 4490 illi,
2882 4422 3010 4477 ideo
3041 4422 3203 4491 dicit,
3237 4427 3300 4477 ut
3328 4439 3361 4477 a
3392 4420 3649 4493 generali

212 4521 527 4588 quantum
580 4530 691 4568 nos
740 4514 1007 4584 oporteat
1052 4527 1138 4576 ea,
1175 4527 1304 4582 ques
1353 4515 1485 4582 post
1532 4511 1894 4581 baptismum
1929 4531 1973 4595 D
2004 4515 2267 4570 omnium
2325 4511 2606 4579 doctrina,
2640 4516 2696 4566 et
2756 4512 2867 4566 ﬁde
2916 4512 3160 4582 puderet
3208 4527 3304 4567 eos
3349 4512 3469 4567 fore
3516 4509 3652 4565 alie-

208 4603 675 4671 commisimus,
700 4600 936 4655 deﬂere.
963 4598 1172 4655 Melius
1196 4605 1284 4655 est
1304 4600 1459 4655 enim
1493 4616 1580 4665 ea,
1613 4616 1743 4671 quas
1765 4605 1899 4656 ante

209 4694 609 4765 baptismum
658 4687 1091 4751 commisimus,
1145 4689 1375 4757 deﬂere,
1410 4705 1586 4760 quam
1636 4705 1721 4755 ea,
1771 4707 1898 4761 quas

206 4788 370 4855 post
419 4780 792 4852 baptismum
842 4775 1270 4846 commisimus,
1324 4776 1597 4833 oblivioni
1650 4778 1897 4834 tradere.

208 4872 356 4927 Hoc
389 4884 679 4942 magnum
726 4866 951 4921 malum
1002 4869 1109 4929 est,
1144 4864 1289 4919 illud
1321 4882 1453 4921 vero
1486 4882 1767 4937 magnum
1798 4868 1900 4922 bo-

207 4975 407 5015 num.
445 4958 565 5012 Hoc
597 4956 755 5011 enim
788 4953 999 5026 agebat
1026 4952 1362 5023 Apostolus,
1395 4954 1534 5024 quia
1564 4954 1793 5009 Domini
1818 4972 1902 5011 re-

208 5047 673 5104 miniscebatur
702 5041 1031 5106 sententiae,
1065 5040 1312 5095 dicentis
1337 5056 1350 5096 :
1377 5042 1564 5096 Omnis
1594 5044 1691 5112 qui
1717 5059 1773 5098 se
1800 5044 1905 5099 hu-

204 5135 449 5203 miliat,
508 5131 849 5189 exaltabitur
902 5127 1110 5199 (Matth.
1170 5144 1329 5194 χχιιι,
1392 5130 1458 5182 12
1506 5146 1518 5195 ;
1601 5130 1728 5185 Luc.
1788 5148 1902 5201 xxv,

215 5224 362 5293 11).
428 5225 516 5292 Et,
577 5219 679 5292 qui
739 5235 802 5275 se
880 5213 1210 5286 dejiciebat,
1269 5220 1333 5270 ut
1407 5216 1763 5275 exaltaretur
1816 5221 1908 5277 de-

213 5311 443 5367 cebat.

309 5471 480 5553 (652)
515 5474 628 5525 lsa.
658 5485 819 5535 me,
848 5467 941 5535 25,
972 5465 1059 5522 26.
1114 5465 1284 5540 Vulg.
1321 5484 1333 5524 :
1368 5468 1546 5527 Reduc
1588 5488 1675 5528 me
1701 5472 1764 5530 in
1792 5488 1909 5531 me-

206 5558 518 5603 πωονηαηι

306 5613 477 5695 (653)
508 5612 760 5673 Notatur
788 5610 910 5673 haec
943 5609 1251 5668 sententia.

2011 4621 2137 4660 D08.

2080 4692 2357 4763 Sequitur
2392 4707 2403 4745 :
2441 4691 2502 4744 Si
2530 4698 2710 4745 autem
2760 4688 3003 4744 Christus
3030 4689 3361 4761 praedicatur
3390 4691 3448 4743 in
3481 4689 3649 4755 vobis,

2011 4782 2149 4854 quod
2177 4781 2487 4836 resurrexit
2532 4794 2565 4832 α
2595 4779 2848 4848 mortuis,
2902 4782 3007 4834 etc.
3044 4778 3287 4851 Egregia
3315 4766 3450 4835 vero
3482 4793 3653 4850 argu-

2011 4875 2207 4926 mento
2240 4868 2535 4924 concludit
2564 4883 2681 4937 eos,
2708 4872 2771 4921 ut
2798 4871 2897 4921 aut
2929 4871 3246 4938 utrumque
3276 4872 3516 4940 negent;
3546 4866 3652 4920 hoc

2013 4964 2120 5025 est,
2142 4964 2225 5022 ut,
2250 4957 2299 5012 si
2320 4956 2615 5011 Christum
2641 4956 2885 5011 credunt
2911 4956 3320 5022 resurrexisse,
3344 4954 3654 5010 credantet

2014 5048 2263 5103 aliorum
2296 5045 2812 5113 resurrectionem;
2841 5050 2919 5111 et,
2948 5048 2995 5101 si
3030 5051 3247 5117 negant
3266 5045 3532 5105 aliorum,
3552 5055 3651 5093 ne-

2016 5140 2155 5207 gent
2183 5140 2237 5190 et
2266 5133 2501 5189 Christi.
2536 5133 2721 5189 Unam
2755 5150 3011 5204 namque
3039 5150 3107 5188 ex
3138 5133 3317 5188 altero
3347 5129 3656 5185 conﬁrmat

2014 5223 2347 5296 Apostolus.
2375 5227 2486 5277 Iste
2504 5223 2659 5278 enim
2679 5222 3058 5297 syllogismus
3081 5237 3194 5275 non
3222 5224 3310 5275 est
3330 5216 3658 5273 dialectico-

2018 5329 2171 5380 rum,
2205 5312 2306 5367 sed
2352 5310 2673 5381 rhetorum,
2723 5317 2781 5368 et
2829 5310 3044 5365 dicitur
3091 5307 3488 5379 imperfectus,
3521 5305 3661 5377 quia

2090 5472 2235 5545 (654)
2254 5470 2337 5527 En
2370 5470 2857 5545 sententiam'divi
2887 5467 3204 5543 Augustini
3228 5469 3384 5527 circa
3413 5466 3673 5543 gratiam

2021 5548 2078 5602 et
2100 5542 2360 5601 liberum
2391 5543 2719 5602 arbitrium.
