4034 6166
366 236 531 323 ’399

1436 257 1774 318 ATTONIS
1819 258 2399 320 VERCELLENSIS
2448 210 2807 319 EPISCOPI.

3697 261 3807 321 400

407 396 638 450 constat
666 407 735 468 ex
765 390 1180 463 propositione,
1205 389 1609 461 assumptione
1637 394 1693 445 et
1725 388 2051 445 conclusio-
2081 392 2136 457 Α
2165 392 2308 447 citer
2336 394 2690 447 remunerat.
2723 392 2861 446 Nam
2884 392 2935 445 si
2954 392 3015 444 in
3044 390 3145 443 hac
3165 393 3379 443 tantum
3406 390 3518 443 vita
3540 395 3815 460 sperantes

409 499 504 539 ne.
540 480 835 537 Perfectus
865 476 1242 552 syllogismus
1288 482 1517 534 constat
1547 494 1616 533 ex
1660 479 2062 551 propositione

406 575 465 626 et
513 567 931 635 conclusione;
989 572 1053 623 ut
1101 567 1149 623 si
1204 567 1416 623 dicas:
1476 571 1576 622 Est
1631 568 1825 623 omnis
1876 568 2062 622 virtus

409 657 575 714 utilis
594 657 623 714 *ἲ
653 657 722 713 Et
752 656 1125 729 respondeas,
1160 655 1320 712 utilis
1345 674 1358 725 ;
1392 659 1451 711 et
1480 672 1753 712 assumas
1787 672 1800 710 :
1834 657 1936 711 Est
1965 672 2060 710 ca-

411 747 582 803 stitas
628 744 836 802 utilis?
866 745 932 800 Et
980 744 1335 816 respondeas
1370 763 1382 801 :
1430 744 1638 811 Utilis;
1671 750 1729 799 et
1775 750 1908 816 post
1938 744 2061 799 haec

416 835 733 894 concludas
767 851 779 889 :
814 839 960 905 Ergo
991 838 1048 889 et
1095 834 1337 889 castitas
1361 834 1546 888 virtus
1603 838 1713 889 est.
1750 832 2060 905 Apostolus

418 939 649 998 quoque
680 922 1007 996 proposuit,
1037 935 1091 978 et
1119 922 1426 994 conclusit,
1449 922 1619 995 quasi
1652 921 1895 977 dixisset
1920 940 1932 977 :
1958 922 2062 976 Re-

418 1013 669 1071 surrexit
695 1009 1002 1067 Christus?
1038 1010 1129 1066 Illi
1164 1010 1213 1066 si
1244 1011 1527 1078 dicerent,
1559 1012 1896 1077 resurrexit,
1923 1028 2057 1066 con-

416 1101 674 1158 cluderet
702 1100 828 1173 ipse
860 1115 873 1155 :
906 1100 1236 1171 Resurgent
1263 1103 1320 1154 et
1348 1099 1559 1155 caeteri.
1596 1100 1665 1154 Et
1708 1099 1847 1154 item
1883 1117 1895 1155 :
1935 1100 2058 1155 Non

417 1193 727 1264 resurgent
757 1187 901 1243 alii?
931 1187 990 1242 Si
1038 1187 1481 1259 responderent,
1513 1203 1653 1255 non,
1679 1186 1778 1242 ille
1830 1187 2060 1243 conclu-

413 1281 576 1337 deret
608 1295 620 1333 :
653 1278 853 1348 Neque
898 1275 1167 1333 Christus
1216 1275 1554 1331 resurrexit.
1587 1276 1811 1332 Pssudo
1848 1276 2063 1348 quippe

412 1364 661 1442 apostoli
689 1366 983 1439 negabant
1021 1363 1320 1420 Christum
1368 1365 1756 1421 resurrexisse
1790 1381 1802 1418 :
1842 1366 1980 1436 quia
2009 1369 2066 1419 et

416 1457 708 1530 negabant
757 1470 891 1509 eum
951 1456 1203 1509 natum:
1265 1453 1386 1525 qui,
1442 1470 1513 1509 ne
1571 1454 1642 1509 ab
1703 1454 2064 1508 amatoribus

414 1547 689 1602 humanae
732 1542 1029 1616 sapientiae
1077 1542 1533 1614 despicerentur,
1566 1542 1666 1615 qui
1698 1541 1947 1597 stultum
1982 1543 2067 1612 iu-

416 1634 690 1691 dicabant
725 1634 904 1689 Deum
933 1630 1228 1687 hominem
1264 1632 1502 1704 factum,
1531 1636 1587 1687 et
1616 1648 1878 1704 passum,
1911 1631 2064 1686 deci-

418 1723 657 1796 piebant
686 1720 1008 1792 simplices,
1042 1725 1099 1775 et
1127 1736 1245 1775 suae
1297 1720 1481 1791 partis
1523 1719 1829 1775 faciebant.
1864 1720 1944 1774 De
1974 1724 2065 1775 ta-

417 1812 578 1867 libus
606 1809 748 1865 dicit
774 1809 1030 1865 Joannes
1063 1824 1075 1863 :
1110 1809 1216 1876 Qui
1244 1823 1351 1863 non
1372 1810 1659 1878 conﬁtetur
1685 1808 2063 1875 Christumin

416 1915 585 1956 carne
632 1899 858 1965 venisse,
892 1896 981 1951 hic
1007 1901 1085 1952 est
1131 1897 1488 1953 antichristus
1519 1899 1564 1967 (Ι
1590 1899 1746 1954 Joan.
1779 1914 1852 1967 1v,
1886 1897 1961 1967 3).
1997 1897 2064 1949 Et

415 1986 559 2044 item
592 2004 605 2043 :
641 1987 746 2055 Qui
772 1988 933 2056 negat
967 1985 1194 2052 Filium,
1226 2001 1325 2041 nec
1364 1987 1595 2042 Patrem
1641 1986 1802 2041 habet
1833 1986 1878 2056 (I
1903 1987 2061 2041 Joan.

418 2095 481 2145 ιι,
509 2077 623 2147 23).
657 2074 724 2130 Hi
754 2074 992 2140 etenim,
1025 2073 1162 2129 licet
1176 2073 1409 2147 aliquos
1441 2074 1834 2147 decepissent,
1867 2079 1923 2129 et
1943 2090 2062 2128 suae

415 2164 603 2238 partis
649 2178 750 2220 eos
798 2161 1090 2230 fecissent,
1139 2166 1305 2216 erant
1352 2168 1547 2218 tamen
1598 2162 1864 2218 nonnulli
1914 2163 2065 2217 inter

415 2267 536 2319 eos,
570 2251 671 2323 qui
700 2250 999 2307 Christum
1030 2252 1418 2306 resurrexisse
1449 2251 1788 2321 credebant,
1814 2251 1884 2305 de
1914 2250 2061 2305 alio-

415 2358 548 2398 rum
578 2338 1001 2399 resurrectione
1050 2338 1417 2394 dubitabant.
1450 2339 1531 2395 De
1560 2338 1677 2395 illis
1708 2339 1850 2395 dicit
1882 2356 1894 2393 :
1931 2340 2065 2407 Quo-

413 2430 569 2488 modo
598 2428 848 2503 quidam.
879 2427 1006 2484 Non
1041 2443 1267 2495 omnes,
1298 2429 1397 2483 sed
1447 2427 1617 2483 multi
1668 2433 1867 2484 tamen
1900 2431 2065 2483 erant

414 2520 527 2579 hoe
554 2535 749 2576 errore
776 2518 1023 2590 decepti.

490 2626 792 2698 Sequitur:
813 2625 874 2680 Si
886 2628 1071 2680 autem
1093 2623 1334 2679 Christus
1358 2639 1467 2680 non
1488 2625 1797 2679 resurrexit
1821 2622 2063 2695 (subau-

421 2714 600 2786 ditur,
633 2728 823 2786 neque
851 2712 1065 2781 caeteri)
1102 2728 1115 2766 :
1148 2716 1226 2778 et,
1259 2713 1309 2767 si
1359 2712 1440 2767 ita
1470 2716 1577 2779 est,
1611 2714 1799 2768 inanis
1830 2716 1906 2767 est
1937 2726 2065 2783 ergo

412 2805 749 2878 praedicatio
795 2806 1003 2869 nostra,
1031 2805 1142 2856 etc.
1176 2817 1191 2854 :
1225 2801 1364 2857 facit
1392 2800 1547 2857 enim
1596 2801 1878 2857 adversus
1910 2801 2061 2857 illos.

417 2894 565 2950 Nam
596 2891 732 2978 (μύει
761 2890 1009 2946 libenter
1034 2888 1237 2946 audiat
1267 2889 1375 2946 hoc
1406 2906 1469 2945 se
1499 2906 1733 2962 negare,
1764 2896 1823 2945 et
1854 2888 2063 2945 inutile

409 2981 696 3055 judicare,
722 2980 877 3052 quod
909 2978 1439 3052 priusvcrediderat,
1462 2984 1520 3034 et
1540 2980 1758 3035 bonum
1783 2980 2065 3051 approba-

416 3075 578 3129 verat
598 3070 626 3126 Ἰ
651 3071 720 3126 Et
735 3069 867 3125 ideo
888 3068 1032 3123 dicit
1056 3084 1070 3123 :
1098 3067 1289 3122 Inanis
1314 3070 1395 3123 est
1434 3068 1563 3137 ﬁdes
1602 3071 1799 3135 vestra,
1834 3072 1899 3122 ut
1924 3084 2059 3123 cum

416 3160 528 3217 hoc
558 3156 1435 3229 audirent,confunderentur,et
1456 3157 1527 3211 ad
1550 3157 1859 3228 pristinam
1885 3158 2059 3213 ﬁdem

419 3252 865 3309 reverterentur.
897 3247 981 3302 Ad
1015 3245 1124 3301 hoc
1145 3245 1321 3301 etiam
1347 3245 1603 3317 respicit,
1628 3248 1781 3317 quod
1817 3247 2062 3303 inferius

420 3339 503 3399 ait
532 3354 546 3393 :
583 3336 781 3393 Adhuc
806 3337 931 3391 estis
964 3336 1022 3389 in
1050 3337 1283 3405 peccatis
1296 3336 1513 3390 vestris.
1534 3335 1675 3399 Quis
1706 3337 1863 3391 enim
1888 3336 2068 3391 liben-

421 3431 512 3482 ter
541 3424 741 3481 audiat
769 3440 834 3479 se
871 3438 1001 3478 esse
1048 3422 1106 3476 in
1140 3423 1413 3494 peccatis,
1446 3439 1697 3493 quorum
1746 3442 1806 3480 se
1836 3427 2064 3481 veniam

424 3513 675 3571 credidit
704 3509 1130 3568 consecutum?
1160 3511 1226 3565 Et
1255 3510 1469 3566 idcirco
1500 3511 1646 3565 dixit
1678 3530 1691 3567 :
1724 3513 1913 3568 Adhuc
1941 3516 2068 3569 estis

432 3606 494 3661 in
520 3604 772 3676 peccatis,
806 3604 871 3656 ut
904 3599 988 3655 illi
1019 3616 1134 3654 non
1183 3616 1345 3671 asque
1377 3600 1611 3672 ferrent,
1639 3606 1696 3656 et
1740 3603 1964 3658 confusi
1997 3602 2067 3658 ad

427 3693 744 3769 pristinam
772 3690 947 3747 ﬁdem
996 3693 1441 3746 reverterentur.
1473 3690 1835 3762 Quapropter
1881 3690 2022 3747 dicit
2054 3710 2067 3747 :

431 3784 753 3843 Invenimur
778 3785 833 3838 et
857 3779 993 3852 falsi
1017 3782 1173 3835 testes
1202 3780 1319 3851 Dei,
1348 3783 1456 3834 etc.
1484 3779 1607 3835 Non
1637 3780 1796 3850 dicit,
1822 3781 2066 3850 inimici,

429 3875 568 3949 quia
584 3869 1091 3939 inimicusdicitur
1111 3869 1209 3941 qui
1233 3868 1525 3925 contraria
1539 3870 1737 3936 sentit,
1764 3869 1851 3926 vel
1874 3871 2069 3926 minus

314 3963 321 3967 ’
427 3965 588 4023 dicit.
626 3961 726 4019 Isti
754 3958 886 4017 falsi
928 3974 1057 4015 esse
1107 3962 1396 4031 poterant,
1428 3957 1566 4030 quia
1596 3975 1810 4031 magna
1855 3960 1926 4015 de
1956 3964 2069 4016 Deo

425 4054 711 4120 dixerant,
743 4050 793 4106 si
823 4049 931 4106 hoc
959 4064 1161 4104 verum
1191 4050 1366 4114 esset,
1386 4048 1542 4118 quod
1575 4046 1657 4102 illi
1688 4049 1981 4113 dicebant,
2002 4065 2068 4104 ac

424 4143 477 4199 si
503 4141 637 4197 aliis
666 4139 859 4194 verbis
882 4137 1038 4193 dicat
1069 4154 1083 4193 :
1115 4136 1233 4191 Nos
1266 4136 1502 4206 quidem
1527 4136 1678 4203 falsi,
1703 4138 1841 4208 quia
1865 4137 2067 4209 etipse

425 4228 611 4286 falsus
637 4247 651 4289 ;
684 4227 823 4299 quia
871 4226 1043 4282 tertia
1074 4225 1348 4296 promisit
1377 4224 1471 4279 die
1491 4231 1978 4292 resurrecturum,
2011 4232 2069 4284 et

420 4318 587 4376 vobis
615 4334 719 4391 per
746 4331 962 4388 aquam
994 4312 1364 4384 baptismatis
1392 4313 1617 4369 veniam
1651 4316 1926 4372 daturum
1963 4333 1975 4370 :
2014 4317 2065 4373 si

415 4409 503 4465 ita
530 4411 639 4475 est,
673 4411 740 4462 ut
768 4404 983 4467 dicitis,
1016 4401 1154 4474 quia
1182 4401 1375 4458 adhuc
1399 4403 1538 4458 estis
1569 4404 1629 4458 in
1662 4405 1932 4475 peccatis.
1969 4406 2063 4461 Se-

2170 497 2425 549 essemus,
2456 480 2891 534 miserabiliores
2919 478 3171 533 omnibus
3201 493 3439 533 essemus
3494 477 3809 535 hominibus

2172 570 2451 642 quoniam
2507 568 2717 640 pagani
2766 567 2968 623 saltem
3020 566 3114 621 hic
3166 567 3293 622 suis
3340 567 3819 625 delectationibus

2172 661 2481 726 fruuntur;
2516 657 2685 713 nobis
2708 673 2841 712 vero
2862 656 3000 728 quid
3027 656 3274 727 jejunio,
3293 657 3434 728 quid
3456 658 3663 725 oratio,
3679 660 3819 730 quid

2170 748 2399 821 vigiliae,
2430 748 2570 820 quid
2622 753 2782 802 casta
2823 747 2942 801 vita
2992 746 3380 817 prodessent?
3408 747 3607 804 Solent
3656 749 3821 806 nobis

2170 838 2377 910 pegani
2410 839 2600 893 dicere
2634 853 2646 891 :
2680 836 2817 901 Vos,
2855 837 2953 907 qui
2986 836 3045 889 in
3076 835 3372 891 Christum
3397 837 3660 903 creditis,
3682 840 3819 909 quid

2172 928 2364 1000 magis
2395 926 2674 982 habetis?
2706 926 2892 996 Hujus
2922 924 3047 979 vitae
3080 925 3248 981 bonis
3268 942 3379 981 non
3412 928 3603 999 magis
3635 929 3821 984 abun-

2171 1017 2495 1072 datissSed
2542 1016 2750 1085 magis,
2804 1015 3069 1085 inquam,
3101 1013 3422 1083 habemus;
3457 1017 3596 1087 quia
3643 1017 3820 1074 vitam

2172 1106 2468 1161 credimus
2516 1105 2798 1170 futuram,
2850 1119 2981 1174 quae
3023 1103 3561 1175 incomparabiliter
3616 1105 3825 1163 melior

2173 1199 2280 1264 est,
2315 1210 2493 1265 quam
2524 1192 2657 1248 ista.

2246 1310 2559 1380 Postquam
2592 1324 2793 1363 eorum
2844 1306 3269 1363 confessionem
3302 1309 3695 1380 exprobravit,
3733 1328 3823 1385 ag-

2174 1413 2412 1469 gressus
2440 1402 2527 1452 est
2559 1396 2935 1452 manifestare
2967 1396 3474 1452 resurrectionem.
3510 1397 3611 1453 Ait
3630 1399 3822 1456 enim:

2174 1492 2333 1543 Nunc
2361 1490 2542 1541 autem
2572 1486 2815 1540 Christus
2860 1486 3188 1551 resurrexit,
3232 1486 3504 1556 primitiae
3546 1485 3825 1543 dormien-

2173 1577 2359 1633 tium:
2390 1575 2528 1646 quia
2559 1575 2790 1646 primus
2826 1574 2947 1645 ipse
2978 1575 3047 1629 ad
3080 1573 3588 1630 immortalitatem
3615 1577 3827 1632 transi-

2174 1664 2298 1731 vit;
2332 1665 2468 1735 quia
2498 1664 2606 1719 etsi
2650 1664 2747 1719 alii
2779 1669 2913 1718 ante
2943 1680 3078 1718 cum
3104 1669 3571 1729 resurrexerunt,
3609 1667 3684 1721 ad
3707 1684 3825 1722 cor-

2094 1766 2142 1830 B
2174 1754 2504 1824 ruptionem
2559 1753 2879 1808 redierunt.
2910 1752 3077 1820 Nota,
3112 1753 3251 1824 quia
3290 1770 3396 1824 per
3441 1753 3747 1827 hominem,
3775 1761 3826 1812 et

2173 1846 2419 1898 mortem
2451 1842 2593 1898 dicit
2618 1846 2675 1897 et
2705 1842 3212 1911 resurrectionem,
3236 1843 3335 1898 sed
3370 1859 3486 1898 non
3507 1848 3711 1900 tamen
3738 1862 3826 1917 per

2173 1947 2307 1986 eum
2342 1931 2713 1995 resurrectio,
2748 1947 2851 2000 per
2880 1946 3054 2001 quem
3106 1947 3265 1987 mors
3299 1948 3312 1985 :
3340 1932 3480 1987 facit
3509 1934 3672 1988 enim
3720 1934 3823 2006 pri-

2174 2021 2277 2087 mi,
2310 2025 2367 2076 et
2396 2020 2638 2075 secundi
2672 2020 2808 2074 Adae
2832 2020 3212 2075 mentionem.
3248 2021 3477 2077 Primus
3501 2024 3691 2078 Adam
3727 2041 3821 2080 suo

2174 2114 2407 2179 peccato
2438 2107 2660 2163 invenit
2716 2113 2957 2163 mortem
2991 2127 3003 2175 ;
3060 2110 3355 2166 secundus
3385 2112 3597 2179 Adam,
3632 2113 3693 2167 id
3724 2119 3823 2179 est,

2173 2198 2458 2261 Christus,
2494 2198 2847 2269 suajustitia
2871 2200 3378 2255 resurrectionem.
3406 2201 3515 2266 Qui
3545 2207 3751 2257 essent
3772 2202 3824 2257 hi

2173 2287 2309 2357 duo,
2344 2287 2615 2351 ostendit,
2637 2304 2771 2341 cum
2806 2287 3144 2357 subjunxit:
3173 2289 3324 2343 Sicut
3351 2292 3411 2343 in
3443 2290 3623 2345 Adam
3643 2308 3827 2348 omnes

2172 2378 2511 2431 moriuntur.
2556 2378 2683 2446 ipse
2732 2376 2871 2447 quia
2920 2378 3213 2448 peccando
3245 2384 3494 2435 mortem
3549 2380 3821 2451 incurrit,

2173 2482 2396 2534 omnes,
2430 2464 2527 2536 qui
2560 2481 2627 2519 ex
2649 2480 2714 2520 eo
2745 2466 3131 2531 descendunt,
3159 2472 3407 2523 mortem
3435 2469 3761 2526 incurrunt
3780 2475 3834 2527 et

2173 2555 2403 2622 animae,
2459 2558 2514 2610 et
2572 2555 2853 2626 corporis.
2914 2554 3076 2619 Quod
3122 2572 3253 2611 vero
3301 2556 3490 2612 dicit:
3541 2560 3627 2614 Ita
3676 2564 3730 2615 ei
3780 2562 3831 2615 in

2176 2643 2383 2699 Christo
2413 2659 2597 2698 omnes
2639 2642 3091 2715 viviﬁcabuntur,
3122 2662 3193 2699 ne
3240 2632 3602 2701 contrarium
3635 2648 3832 2704 videa-

2173 2736 2288 2800 tur,
2344 2732 2481 2803 quia
2529 2747 2646 2786 non
2695 2749 2901 2788 omnes
2944 2733 3329 2800 viviﬁcantur,
3364 2735 3451 2789 sic
3499 2735 3834 2810 intelligen-

2173 2819 2313 2875 dum
2345 2824 2435 2874 est
2466 2836 2479 2874 :
2515 2819 2653 2891 quia
2683 2836 2909 2890 omnes,
2943 2821 3041 2892 qui
3070 2820 3462 2892 vivificantur,
3498 2824 3558 2879 in
3597 2824 3831 2882 Christo

2170 2908 2556 2964 vivificantur.

2242 3025 2548 3080 Manifesta
2578 3026 3024 3095 resurrectione,
3060 3028 3196 3099 quia
3226 3029 3498 3099 ejusdem
3529 3030 3728 3087 voluit
3746 3049 3831 3088 or-

2091 3128 2134 3195 C
2171 3114 2365 3170 dinem
2400 3115 2820 3186 demonstrare,
2850 3115 3192 3187 subjunxit:
3228 3118 3607 3190 Unusquisque
3642 3122 3709 3174 in.
3739 3137 3829 3175 suo

2172 3204 2363 3260 ordine
2392 3222 2413 3257 .’
2440 3201 2538 3274 qui
2569 3204 2708 3258 ordo
2738 3221 2852 3258 non
2885 3204 3078 3270 malis,
3102 3207 3201 3261 sed
3233 3207 3472 3263 dabitur
3501 3209 3565 3264 in
3596 3209 3831 3266 Christo

2173 3293 2497 3347 vivilicatis.
2538 3294 2814 3347 Primitiae
2848 3294 3112 3365 Christus,
3148 3299 3211 3349 ut
3257 3312 3459 3366 supra.
3493 3298 3829 3369 Sequitur:

2176 3382 2378 3437 Deinde
2418 3383 2515 3452 qui
2540 3386 2667 3436 sunt
2718 3382 2924 3437 Christi
2955 3402 2972 3436 :
3005 3384 3103 3454 qui
3155 3390 3311 3455 sunt,
3346 3388 3443 3457 qui
3492 3389 3555 3441 in
3582 3388 3834 3444 adventu

2179 3472 2292 3534 eius
2319 3469 2661 3525 crediderant
2692 3472 3085 3541 (subauditur,
3105 3476 3618 3546 resurgent).Cum
3659 3478 3834 3534 dicit:

2181 3558 2383 3614 Deinde
2411 3559 2557 3629 ﬁnis,
2592 3560 2849 3615 ostendit
2877 3560 3016 3632 quia
3036 3567 3093 3617 et
3124 3565 3492 3634 resurrectio,
3527 3570 3720 3638 atque
3745 3567 3836 3637 ju-

2180 3648 2398 3703 dicium
2434 3649 2743 3716 malorum,
2777 3650 2847 3704 ad
2880 3647 3054 3705 istam
3087 3649 3265 3705 vitam
3307 3653 3720 3723 pertinebunt.
3760 3656 3843 3710 Fi-

2182 3738 2277 3830 nis
2306 3755 2421 3793 non
2452 3736 2562 3792 erit
2601 3738 3090 3809 consumptionis,
3127 3740 3227 3794 sed
3277 3743 3841 3800 consummationis.

2252 3871 2529 3942 Sequitur
2589 3889 2602 3925 :
2665 3871 2800 3925 Cum
2867 3871 3172 3927 tradiderit
3216 3889 3451 3942 regnum
3506 3876 3622 3932 Deo
3686 3878 3847 3951 (quia

2179 3960 2397 4031 homo),
2429 3968 2481 4015 et
2528 3961 2684 4013 Patri
2714 3960 2875 4030 (quia
2922 3959 3145 4029 Filius).
3197 3961 3307 4016 Sed
3360 3962 3469 4019 iste
3521 3980 3755 4035 sermo,
3784 3966 3845 4021 id

2178 4054 2285 4119 est,
2319 4049 2637 4113 tradiderit,
2671 4048 2889 4104 multos
2938 4049 3349 4105 scandalizavit
3382 4052 3589 4110 minus
3622 4054 3844 4111 intelli-

2177 4143 2400 4211 gentes,
2434 4137 2534 4208 qui
2566 4137 2837 4193 dixerunt
2864 4140 3025 4210 quia,
3058 4155 3191 4194 cum
3236 4142 3569 4209 tradiderit,
3607 4145 3844 4200 desinet

2176 4243 2441 4299 regnare.
2476 4226 2639 4291 Quod
2672 4226 2719 4281 si
2770 4226 2853 4281 ita
2895 4231 3010 4293 est,
3042 4242 3177 4300 ergo
3226 4234 3281 4283 et
3313 4229 3486 4285 Pater
3531 4231 3725 4288 desiit
3755 4248 3847 4288 re-

2173 4332 2373 4388 gnaro,
2407 4314 2544 4387 quia
2573 4315 2771 4370 omnia
2804 4314 2944 4370 Filio
2988 4315 3251 4381 tradidit,
3286 4318 3442 4373 sicut
3470 4318 3608 4391 ipse
3640 4321 3797 4377 dicit
3829 4336 3843 4374 :

2175 4405 2371 4461 Omnia
2421 4406 2565 4458 mihi
2609 4405 2826 4459 tradita
2870 4413 3001 4459 sunt
3047 4422 3081 4459 a
3124 4411 3291 4461 Patre
3339 4422 3457 4462 meo
3504 4408 3732 4477 (Matth.
3766 4427 3847 4480 ιι,

419 4497 647 4571 quitur:
675 4498 830 4564 Ergo
858 4502 909 4549 et
928 4494 1028 4563 qui
1053 4491 1397 4547 dormierunt
1424 4493 1485 4546 in
1515 4491 1745 4553 Christo.
1757 4495 2059 4564 perierunt.
2093 4503 2139 4568 D
2170 4494 2283 4563 2'7).
2316 4493 2423 4547 Sed
2458 4493 2589 4563 quis
2622 4510 2736 4547 non
2788 4498 3067 4564 agnoscat
3093 4510 3273 4565 quam
3323 4494 3575 4552 stultum
3616 4499 3703 4554 sit
3737 4499 3850 4553 hoc

416 4586 551 4642 Ideo
584 4586 694 4642 hoe
723 4584 883 4650 dicit,
920 4587 983 4637 ut
1011 4581 1166 4636 sicut
1192 4596 1308 4636 non
1354 4598 1515 4653 mque
1549 4583 1695 4637 ferre
1722 4588 2055 4653 potuerunt,

416 4676 733 4731 audierunt
761 4690 824 4729 se
852 4672 963 4727 hoe
1000 4686 1234 4742 negare,
1268 4672 1420 4742 quod
1456 4672 1621 4742 prius
1651 4672 2053 4742 crediderant;

413 4767 473 4819 et
501 4762 695 4819 adhuc
724 4777 852 4817 esse
881 4761 940 4814 in
984 4758 1258 4831 peccatis,
1292 4776 1541 4831 quorum
1574 4759 1802 4814 veniam
1835 4777 1896 4815 se
1921 4762 2054 4816 con-

412 4857 645 4909 secutos
675 4850 1023 4922 sperabant;
1055 4847 1139 4903 sic
1169 4864 1287 4903 non
1316 4864 1477 4919 aeque
1515 4850 1746 4915 ferrent,
1780 4851 1921 4904 dum
1949 4868 2053 4906 au-

408 4942 626 4997 dierint
658 4940 998 4995 frustratam
1031 4953 1195 5009 spem
1245 4953 1486 4992 suorum
1527 4936 1857 4994 charorum.
1891 4941 2053 5004 Quod

408 5030 569 5098 dicit,
601 5028 965 5096 dormierunt,
997 5026 1228 5082 duobus
1277 5026 1469 5081 modis
1502 5043 1514 5080 :
1548 5026 1638 5082 vel
1669 5027 1769 5098 qui
1803 5030 1912 5083 sub
1945 5029 2054 5085 hac

408 5134 511 5189 spe
531 5118 605 5176 ab
636 5117 747 5173 hac
763 5116 882 5172 vita
908 5115 1288 5184 transierunt,
1302 5113 1390 5169 vel
1416 5114 1518 5185 qui
1542 5130 1785 5187 corpora
1814 5132 1922 5172 sua
1942 5119 2052 5173 sub

405 5206 515 5263 hac
548 5224 654 5279 spe
682 5205 961 5278 martyrio
989 5203 1376 5260 tradiderunt.

474 5314 751 5386 Sequitur
784 5330 797 5368 :
832 5313 894 5369 Si
922 5315 983 5367 in
1032 5312 1136 5368 hac
1160 5312 1275 5365 vita
1315 5318 1527 5365 tantum
1576 5313 1637 5365 in
1688 5312 1901 5369 Christo
1930 5328 2050 5381 spe-

404 5406 592 5457 rantes
619 5418 874 5472 essemus,
907 5406 1016 5458 etc.
1048 5402 1120 5456 Et
1173 5403 1262 5455 est
1290 5415 1498 5455 sensus
1527 5415 1538 5453 :
1570 5400 1695 5455 Non
1726 5405 1956 5458 tantum
1990 5405 2049 5458 in

402 5486 641 5560 hac,sed
665 5491 858 5561 potius
881 5506 1088 5547 sumus
1109 5489 1171 5545 in
1194 5488 1390 5543 futura
1407 5493 1741 5559 sperantes:
1769 5493 2049 5562 quoniam

399 5578 670 5659 Christus
700 5583 756 5638 et
774 5580 836 5637 in
855 5579 965 5636 hac
994 5580 1112 5639 vita
1138 5594 1280 5638 suos
1301 5575 1508 5653 salvat,
1524 5581 1583 5636 et
1603 5582 1737 5655 post
1757 5580 1909 5639 hanc
1929 5582 2051 5641 feli-

2169 4581 2359 4637 dicere
2387 4582 2414 4635 ?
2445 4582 2590 4652 Ergo
2635 4582 2877 4637 tradidit
2932 4587 3120 4651 Pater,
3155 4590 3213 4637 et
3260 4601 3377 4639 non
3431 4586 3666 4653 amisit,
3707 4588 3852 4660 quia

2166 4688 2300 4726 cum
2334 4670 2479 4726 Filio
2533 4671 2828 4740 possidet;
2863 4674 3049 4726 tradet
3082 4672 3279 4743 Filius,
3326 4678 3385 4727 et
3418 4691 3539 4729 non
3572 4678 3848 4732 amittet.

2168 4760 2312 4825 Quid
2347 4760 2524 4830 igitur
2551 4764 2639 4815 est
2689 4761 2964 4815 tradere?
3010 4761 3400 4829 Manifestare,
3437 4764 3703 4835 inquam
3736 4784 3749 4833 ;
3784 4767 3854 4820 ut

2166 4849 2264 4920 qui
2300 4849 2463 4919 prius
2500 4847 2558 4902 in
2595 4849 2721 4904 suis
2774 4850 3053 4921 regnabat
3102 4865 3203 4921 per
3250 4850 3449 4917 fidem,
3484 4860 3711 4925 regnet
3744 4870 3855 4925 per

2165 4942 2427 5009 apertam
2479 4938 3035 5006 manifestationem,
3067 4944 3124 4994 et
3155 4938 3251 5009 qui
3287 4940 3451 5010 prius
3494 4958 3635 4997 eum
3674 4944 3854 4999 vide-

2165 5027 2308 5081 bant
2337 5044 2439 5098 per
2467 5026 2775 5099 speculum
2806 5032 2863 5082 et
2911 5029 3240 5100 aenigmata,
3273 5032 3417 5085 tunc
3450 5030 3600 5087 lacie
3637 5033 3725 5087 ad
3763 5032 3851 5087 fa-

2163 5133 2331 5171 ciem.

2234 5231 2512 5302 Sequitur
2543 5247 2555 5285 :
2592 5230 2727 5286 Cum
2775 5237 3119 5289 cvacuavcrit
3147 5250 3367 5290 omnem
3408 5238 3852 5309 principatum,

2161 5325 2269 5376 etc.
2326 5318 2638 5394 Evaguabit
2691 5320 3106 5392 principatum,
3158 5328 3267 5378 etc.
3311 5341 3324 5391 ;
3370 5323 3515 5393 quia
3562 5325 3861 5383 ostendit

2162 5424 2344 5463 unum
2377 5424 2504 5463 esse
2535 5407 2952 5479 principem,et
2984 5427 3177 5484 regem
3204 5437 3218 5479 ς
3249 5415 3306 5466 et
3333 5428 3573 5468 omnem
3605 5417 3858 5486 princi-

2160 5501 2383 5570 patum,
2418 5500 2551 5566 etc.,
2586 5495 2707 5552 sive
2759 5498 2817 5552 in
2867 5497 3047 5565 caelis,
3081 5500 3202 5557 sive
3247 5499 3307 5554 in
3352 5501 3558 5570 terris,
3614 5504 3859 5563 abillo

2159 5599 2319 5658 esse;
2352 5589 2409 5643 et
2437 5600 2554 5642 non
2606 5582 2747 5659 illis,
2780 5587 2882 5647 sed
2931 5587 2991 5646 in
3033 5588 3156 5649 solo
3199 5589 3312 5648 isto
3347 5604 3480 5649 esse
3516 5593 3857 5661 conﬁden-
