4070 6168
347 335 468 402 403

1370 335 1709 399 ATTONIS
1753 334 2332 398 VERCELLENSIS
2377 337 2732 402 EPISCOPI

3639 341 3753 402 404

427 472 706 547 Sequitur
738 489 749 528 :
787 473 972 542 Quam
1002 471 1169 528 habeo
1200 487 1257 526 in
1291 471 1507 528 Christo
1535 473 1653 528 Jesu
1689 489 1701 527 :
1737 486 1804 526 ac
1826 469 1874 526 si
1911 469 1996 524 di-
2027 469 2083 536 Α
2113 469 2239 525 sola
2268 469 2538 529 homines
2547 472 2970 544 justiﬁcantur.
2996 471 3103 529 Illa
3117 477 3227 541 est,
3250 473 3514 546 inquam,
3535 463 3754 544 divina,

355 568 447 622 cat
481 581 493 619 :
526 564 642 636 Ego
675 562 912 634 quidem
944 579 1047 634 per
1101 560 1348 616 salutem
1399 565 1651 616 vestram
1709 560 1997 616 sollicitus

2109 575 2236 629 quae
2268 576 2382 614 non
2409 559 2601 616 solum
2627 561 2817 617 aliena
2839 579 2950 617 non
2975 563 3146 635 rapit,
3180 564 3282 619 sed
3306 580 3413 620 sua
3432 563 3625 635 potius
3650 563 3759 619 lar-

357 669 489 710 sum
524 669 661 721 ;vos
695 656 892 708 autem
923 653 1042 707 sive
1069 651 1257 706 velitis
1280 651 1701 723 perﬁcere,sive
1733 667 1868 719 non,
1893 667 1998 722 ego
2109 646 2284 719 gitur.
2311 649 2480 715 Nota,
2513 651 2651 722 quia
2683 667 2797 706 non
2821 651 3014 707 solum
3039 653 3269 708 monuit
3300 668 3401 708 eos
3422 653 3581 723 juste
3611 652 3758 724 vigi-

353 745 554 797 tamen
587 740 702 797 mei
751 740 968 796 laboris
1024 741 1348 795 mercedem
1403 739 1610 808 habeo,
1660 739 1904 813 gloriam
1939 740 1997 794 in

2111 736 2254 805 lare,
2277 739 2379 793 sed
2398 739 2575 794 etiam
2602 739 2754 796 nolle
2777 756 3038 812 peccare.
3064 741 3158 798 Sic
3180 741 3337 796 enim
3369 741 3546 797 dicit:
3579 743 3760 798 Nolite

357 829 588 886 Christo
609 831 746 887 Jesu
794 829 1127 901 repositam.
1181 830 1504 900 Sequitur:
1567 829 1645 896 Si,
1703 829 2002 885 secundum
2108 843 2350 897 peccare.
2377 828 2617 884 Duobus
2649 829 2887 899 quidem
2919 829 3108 885 modis
3161 829 3430 886 homines
3482 835 3755 902 peccant:

359 919 660 984 hominem,
689 919 761 975 ad
791 920 981 974 bestias
1007 921 1253 990 pugnavi
1281 921 1496 990 Ephesi,
1554 925 1664 975 etc.
1725 919 2003 975 Bestiales

367 1009 582 1082 quippe
603 1008 889 1070 homines,
914 1008 1131 1063 bestias
1153 1008 1430 1080 appellat,
1465 1009 1586 1080 qui,
1620 1025 1752 1063 cum
1787 1007 2000 1063 intelli-

363 1103 563 1172 gerent
595 1099 665 1152 ad
697 1097 1167 1170 przedieationern
1189 1097 1448 1169 Apostoli
1479 1097 1763 1170 templum
1809 1099 2002 1152 Dianas

364 1186 1108 1259 evertendum,popularem
1143 1186 1421 1243 adversus
1447 1203 1578 1242 eum
1607 1188 2006 1243 excitaverunt

363 1275 706 1332 seditionem
735 1293 748 1342 ;
784 1277 902 1331 sive
933 1273 1064 1332 illos
1095 1274 1348 1347 appellat
1379 1275 1616 1344 bestias,
1660 1277 1730 1332 de
1789 1276 2005 1348 quibus

361 1363 504 1420 dicit
552 1363 865 1420 Psalmista
898 1379 910 1419 :
945 1365 1020 1419 Ne
1047 1365 1236 1419 tradas
1268 1366 1445 1420 bestiis
1491 1368 1709 1421 animas
1753 1367 2008 1436 conﬁten-

361 1455 504 1509 tium
526 1453 635 1509 sibi
664 1453 839 1524 (Psal.
873 1469 1064 1520 Lxxm,
1101 1455 1210 1523 19).
1257 1453 1478 1510 Bestiae
1525 1471 1657 1510 vero
1713 1456 2006 1510 daamones

363 1546 548 1598 vocat.
583 1541 794 1597 Anima
840 1558 1073 1614 quoque
1125 1543 1394 1600 saeviores
1427 1545 1575 1615 (658)
1625 1543 1842 1600 bestias
1893 1562 2006 1600 non

363 1630 714 1686 habet.Nam
747 1631 867 1686 sive
895 1631 1022 1699 bos,
1057 1632 1177 1686 sive
1204 1631 1338 1687 illos
1369 1632 1680 1703 intelligas,
1727 1634 2007 1688 adversus

365 1725 645 1791 utrosque
666 1719 1128 1792 pugnabis.Quid
1158 1721 1315 1776 enim
1340 1721 1631 1787 mirum,si
1655 1721 1873 1778 feroces
1905 1722 2006 1779 b0-

2113 915 2318 971 illicita
2337 917 2843 982 committendo,et
2860 921 3033 990 jussa
3052 936 3165 974 non
3185 919 3514 990 implendo;
3540 923 3599 974 et
3623 919 3760 990 quia

2113 1003 2205 1058 his
2234 1006 2424 1062 modis
2445 1006 2726 1062 Corinthii
2759 1010 3096 1079 peccabant,
3125 1008 3415 1064 monendo
3433 1007 3608 1063 dicit:
3650 1009 3762 1064 Νο-

2119 1092 2218 1149 lite
2237 1111 2480 1166 peccare.

2187 1182 2461 1252 Sequitur
2488 1202 2499 1239 :
2532 1187 2913 1256 Ignoranlzam
2963 1187 3109 1240 enim
3157 1186 3260 1242 Dei
3283 1186 3511 1258 quidam
3541 1186 3762 1243 habent.

2115 1272 2200 1326 Ad
2235 1271 2344 1328 hoc
2367 1273 2624 1346 respicit,
2651 1276 2805 1346 quod
2830 1275 3004 1346 paulo
3027 1275 3302 1347 superius
3323 1275 3507 1330 dixit:
3539 1276 3770 1332 Mandu-

2115 1377 2295 1416 cemus
2348 1371 2399 1417 et
2447 1363 2716 1429 bibamus,
2748 1368 2900 1420 etc.:
2959 1365 3183 1437 pseudo
3239 1380 3474 1437 quoque
3515 1364 3772 1437 apostoli

2117 1449 2509 1521 ignorantiam
2543 1453 2642 1508 Dei
2675 1453 2913 1524 habent,
2942 1455 3082 1526 quia
3112 1453 3333 1510 amissa
3360 1453 3473 1508 {ide
3503 1470 3766 1510 resurre-

2117 1538 2348 1608 ctionis,
2383 1541 2529 1596 nihil
2582 1547 2712 1614 post
2740 1542 2891 1598 hanc
2926 1543 3102 1599 vitam
3135 1560 3264 1599 esse
3295 1543 3634 1599 credebant.
3666 1547 3768 1599 Se-

2119 1628 2354 1699 quitur:
2417 1631 2504 1687 Ad
2552 1633 2949 1689 verecundiam
2981 1633 3131 1703 (661)
3175 1633 3324 1688 vobis
3381 1634 3589 1704 loquor.
3643 1631 3770 1687 Illis

2117 1733 2270 1789 vero,
2305 1719 2445 1789 quia
2470 1719 2583 1786 bis,
2616 1721 2717 1792 qui
2749 1721 3140 1793 ignorantiam
3172 1720 3274 1777 Dei
3321 1721 3558 1791 habent,
3588 1721 3769 1777 ﬁdem

364 1807 553 1898 mines
584 1809 801 1898 bestias
844 1808 1114 1881 appellat,
1150 1826 1285 1866 cum
1338 1810 1464 1882 ipse
1512 1811 1797 1867 Neronem
1850 1817 2012 1868 vocet
2040 1833 2089 1898 Β
2121 1809 2736 1878 accommodaverunt;
2758 1811 2886 1866 ideo
2901 1809 3172 1866 dicitzAd
3190 1809 3720 1898 verecundiam,etc.
3752 1825 3766 1863 :

365 1896 591 1954 leonem
614 1897 642 1953 ?
665 1899 946 1965 Dominus,
979 1899 1192 1970 inquit,
1253 1901 1457 1971 eripuit
1485 1917 1575 1955 me
1603 1901 1670 1956 de
1698 1917 1868 1956 manu
1899 1902 2008 1958 leo-

372 1988 461 2044 nis
495 1987 567 2060 (II
597 1989 732 2044 Tim.
765 2005 840 2054 1v,
877 1988 991 2060 i7);
1035 1988 1144 2044 hoc
1202 1994 1311 2055 est,
1376 1989 1620 2046 Neronis
1655 2007 1667 2056 ;
1735 1991 2011 2062 quoniam

366 2076 458 2133 bis
491 2077 678 2132 fuerat
708 2075 756 2131 ei
790 2075 1211 2140 oblatus.Quod
1235 2095 1370 2134 vero
1402 2079 1808 2147 ait,secundum
1842 2080 2014 2136 homi-

363 2165 965 2238 nem,intelligendum
979 2169 1067 2222 est
1084 2168 1406 2224 secundum
1431 2167 1757 2225 humanum
1773 2185 2014 2226 sensum

364 2258 424 2310 et
457 2253 904 2310 aestimationem
917 2295 929 2307 .

442 2341 722 2414 Sequitur
752 2358 764 2395 :
791 2346 1178 2398 Manducemus
1209 2347 1258 2398 et
1303 2346 1573 2412 bibamus,
1613 2351 1719 2401 etc.
1780 2346 1897 2403 Hoc
1955 2347 2014 2400 in

372 2429 902 2503 lsaialegitur(lsa.
936 2448 1076 2498 xxn,
1111 2431 1222 2502 13).
1259 2433 1543 2504 Loquitur
1591 2435 1876 2507 propheta
1924 2435 2018 2491 bis

377 2518 571 2576 verbis
601 2520 879 2576 adversus
901 2519 1234 2592 Epicureos,
1268 2523 1367 2593 qui
1401 2525 1884 2581 resurrectionem
1927 2542 2022 2581 ne-

378 2607 596 2682 gabant
616 2609 783 2681 (659).
816 2609 1102 2681 Epicurus
1125 2626 1378 2682 namque
1395 2611 1564 2668 dixit:
1587 2612 1729 2668 Cum
1755 2619 2022 2670 mortuus

379 2698 560 2761 fuero,
589 2699 716 2768 jam
750 2715 865 2754 non
897 2715 993 2754 ero
1029 2715 1042 2753 :
1084 2699 1183 2770 qui
1209 2701 1384 2755 etiam
1439 2719 1743 2758 summum
1802 2704 2022 2759 bonum

380 2802 508 2842 esse
540 2786 980 2852 dixit,homines
1009 2787 1135 2843 suis
1165 2789 1497 2846 satisfacere
1519 2792 1846 2862 desideriis,
1893 2810 2020 2865 pro-

377 2878 508 2947 pter
538 2875 690 2946 quod
723 2878 781 2931 et
813 2892 1026 2947 porcus
1048 2875 1373 2948 appellatus
1399 2881 1505 2935 est.
1541 2879 1764 2936 Pseudo
1791 2898 2022 2953 quoque

379 2961 761 3035 apostoli,etsi
785 2963 994 3020 Christi
1016 2966 1499 3023 resurrectionem
1523 2970 2024 3039 credebant,ca3te-

377 3068 576 3108 rorum
609 3051 825 3126 quippe
858 3053 1266 3126 negabantzet
1322 3055 1452 3111 ideo
1503 3056 1738 3114 illorum
1780 3076 2023 3116 sumens

376 3157 574 3197 vocem
604 3141 747 3197 dicit
777 3160 790 3198 :
823 3143 1204 3200 Mandueemus
1229 3149 1281 3200 et
1308 3147 1575 3213 bibamus;
1636 3153 1746 3203 etc.
1785 3167 1798 3216 ;
1849 3166 1914 3204 ac
1973 3149 2021 3204 si

2121 1901 2408 1966 quatenus
2439 1898 2743 1955 audientes
2773 1900 3326 1970 verecundarentur,
3355 1903 3412 1955 et
3431 1897 3664 1954 confusi
3693 1899 3769 1954 ad

2122 1983 2430 2056 pristinam
2466 1987 2640 2042 ﬁdem
2699 1992 3140 2044 reverterentur.
3198 1975 3536 2060 Assumpsit
3576 1986 3775 2057 itaque

2122 2072 2358 2129 illorum
2388 2091 2585 2132 vocem
2642 2077 2976 2150 Apostolus,
3039 2094 3187 2149 quos
3244 2076 3638 2148 ignorantiam
3670 2077 3771 2132 Dei

2125 2161 2339 2219 habere
2370 2163 2612 2234 dixerat,
2645 2171 2703 2221 et
2731 2167 2811 2222 ait
2841 2185 2854 2223 :
2886 2167 2992 2223 Sed
3038 2167 3170 2223 dicit
3219 2167 3456 2237 aliquis:
3493 2167 3773 2235 Quomodo

2125 2262 2412 2322 resurgent
2443 2258 2644 2325 mortui
2667 2260 2691 2309 .9
2720 2261 2831 2328 etc,
2855 2257 2973 2312 Hoc
2993 2256 3206 2313 etenim
3253 2255 3445 2311 solent
3491 2271 3772 2327 querere,

2129 2341 2227 2412 qui
2259 2344 2744 2401 resurrectionem
2772 2351 3010 2419 negant.
3043 2346 3353 2417 Sequitur:
3387 2346 3682 2416 Insipiens,
3717 2349 3775 2399 tu

2130 2432 2273 2502 quod
2300 2435 2537 2488 seminus
2559 2435 2586 2488 ?
2615 2440 2724 2490 etc.
2750 2435 2901 2490 Bene
2931 2451 3141 2507 nempe
3172 2451 3330 2500 eum,
3375 2433 3475 2506 qui
3509 2449 3779 2489 resurre-

2132 2520 2383 2576 ctionem
2417 2527 2612 2592 negat,
2644 2523 3020 2595 insipientem
3069 2529 3256 2591 vocat,
3318 2522 3593 2596 quoniam
3627 2521 3778 2578 nihil

2131 2608 2507 2681 insipientius
2539 2628 2716 2682 quam
2745 2629 2900 2684 eum,
2934 2612 3034 2685 qui
3067 2612 3264 2668 omnia
3292 2629 3361 2668 ex
3399 2609 3580 2667 nihilo
3610 2627 3778 2666 crea-

2131 2697 2231 2763 vit,
2257 2704 2619 2756 mortuorum
2642 2718 2882 2773 corpora
2903 2703 2973 2758 de
3005 2706 3170 2758 terrae
3193 2701 3429 2774 pulvere
3459 2700 3781 2756 resuscita-

2134 2803 2195 2842 re
2227 2804 2396 2859 posse
2428 2805 2658 2861 negare.
2695 2789 2840 2846 Illud
2901 2808 3040 2847 sane
3097 2792 3444 2861 notandum,
3493 2788 3634 2861 quia
3662 2805 3783 2844 non

2133 2874 2563 2948 legalibus,non
2585 2879 2761 2935 etiam
2788 2881 3144 2953 prepbeticis
3166 2881 3448 2936 adversus
3470 2895 3571 2935 eos
3597 2877 3787 2933 utitur

2134 2965 2436 3038 exemplis,
2459 2967 2737 3038 quoniam
2767 2973 2933 3024 erant
2962 2969 3326 3042 insipientes,
3361 2969 3460 3024 sed
3492 2968 3565 3022 de
3589 2967 3790 3022 insen-

2134 3053 2423 3124 sibilibus,
2457 3061 2514 3111 et
2547 3057 3047 3115 irrationabilibus
3076 3057 3380 3115 creaturis.
3417 3059 3481 3114 Ut
3531 3057 3684 3112 enim
3701 3064 3784 3122 tu,

2138 3143 2550 3217 quodseminas,
2575 3151 2682 3202 etc.
2717 3147 2892 3211 Quasi
2925 3147 3176 3203 diceret:
3212 3147 3376 3202 Sicut
3422 3145 3591 3213 illud,
3627 3145 3787 3217 quod

1149 3198 1192 3200 η
1235 3198 1272 3200 __
1643 3198 1746 3203 -_-_
1785 3198 1798 3216 ,
1851 3198 1912 3204 η
1973 3198 2021 3204 -_
2143 3198 2162 3217 ,
2222 3198 2229 3199 ,
2299 3198 2332 3200 η
2725 3198 2892 3211 ,ην
2931 3198 3176 3203 __--__-_
3213 3198 3374 3202 τη--
3637 3198 3785 3217 1-,”

379 3229 572 3286 dicat:
603 3230 661 3286 Si
686 3225 1033 3288 resurrectio
1057 3239 1422 3291 mortuorum
1457 3254 1570 3292 non
1603 3242 1710 3305 est,
1743 3254 1878 3312 ergo
1921 3241 2022 3296 do-
2056 3198 2100 3266 α
2140 3237 2203 3288 tu
2228 3233 2680 3307 seminas,prius
2702 3237 3035 3303 moritur,et
3055 3241 3186 3308 post
3205 3235 3552 3305 viviﬁcatur,
3613 3234 3702 3290 sic
3732 3239 3789 3290 et

380 3335 486 3375 nec
515 3319 1010 3388 vivimus,nostris
1042 3323 1346 3380 desideriis
1377 3325 1832 3383 satisfaciamus.
1861 3331 1930 3384 Et
1954 3346 2026 3385 ne

382 3423 588 3463 eorum
620 3408 1030 3480 deciperentur
1058 3411 1704 3485 doctrinis,subjunxit:
1741 3417 1921 3472 Nolite
1949 3434 2028 3474 se-

384 3495 530 3552 duci.
564 3497 674 3552 Sed
721 3497 862 3568 quia
907 3503 1178 3570 poterant
1218 3501 1451 3556 dicere:
1517 3504 1601 3559 Ita
1658 3521 1762 3560 nos
1821 3523 2028 3578 parvos

386 3583 738 3651 mstimas,ut
765 3586 953 3658 decipi
986 3604 1092 3642 nos
1126 3605 1298 3660 posse
1332 3593 1534 3646 credas
1567 3593 1594 3646 ‘P
1623 3593 1746 3664 ipse
1778 3595 2024 3652 addidit:

387 3672 760 3744 Corrumpunt
787 3691 966 3730 mores
997 3675 1156 3732 bonos
1175 3678 1445 3750 colloquia
1471 3681 1873 3745 mla.Quibus
1910 3700 2030 3740 ver-

386 3760 480 3816 bis
510 3762 929 3834 ostendit,quia
959 3781 1111 3836 sepe
1142 3766 1434 3823 consortia
1474 3786 1784 3840 pravorum
1843 3772 2029 3828 homi-

389 3855 880 3922 num,sanctos,et
910 3854 1122 3924 probos
1154 3872 1344 3912 mores
1376 3857 1702 3930 dissipant;
1736 3865 1789 3915 et
1816 3861 2029 3918 idcirco

386 3939 623 3995 vitanda
652 3942 1072 4006 sunt,maxime
1104 3948 1300 4001 tamen
1332 3945 1390 4002 in
1425 3948 1742 4019 primordio
1783 3951 1941 4021 ﬁdei,
1977 3939 2034 4009 et

387 4028 641 4099 alicujus
671 4029 1050 4103 religionis,et
1082 4034 1368 4090 bonorum
1401 4053 1677 4109 operum;
1713 4040 1851 4112 quia
1881 4042 2034 4097 dona

387 4125 588 4175 tenera
619 4124 775 4188 sunt,
811 4136 910 4176 ceu
941 4121 1201 4190 arbusta,
1237 4129 1292 4180 et
1314 4125 1503 4196 paries
1553 4129 1801 4185 necdum
1835 4148 1868 4187 a
1926 4149 2033 4188 suo

389 4210 712 4266 exsiccatus
743 4209 1182 4278 humore,facile
1213 4215 1450 4284 quidem
1483 4224 1731 4288 possunt
1763 4222 1958 4277 everti.

463 4296 786 4366 Sequitur:
847 4299 1120 4368 Evigilate
1163 4303 1311 4371 justo
1370 4305 1536 4374 (660).
1589 4306 1859 4379 Vigiliam
1918 4311 2034 4366 sci-

394 4383 673 4449 licet,non
702 4387 820 4438 tam
853 4388 1134 4457 corporis,
1166 4405 1343 4458 quam
1401 4393 1616 4450 mentis
1674 4396 1860 4453 docet.
1915 4403 2035 4455 Hoc

394 4473 550 4531 enim
582 4478 798 4544 monet,
823 4479 887 4528 ut
915 4474 1114 4531 oculos
1144 4479 1357 4534 mentis
1384 4495 1616 4552 semper
1643 4490 1873 4555 apertos
1931 4488 2036 4544 ha-

2133 3322 2332 3378 bomo.
2357 3323 2669 3395 Sequitur:
2709 3329 2775 3380 Et
2801 3326 3208 3396 quodseminas,
3242 3341 3350 3380 non
3397 3340 3611 3396 corpus,
3644 3323 3790 3396 quod

2134 3414 2385 3481 futurum
2413 3421 2514 3484 est,
2545 3415 2804 3486 seminas,
2838 3418 2946 3470 etc.
2980 3415 3049 3470 Et
3097 3419 3188 3470 est
3231 3429 3477 3470 sensus:
3530 3413 3694 3468 Sicut
3723 3418 3786 3468 tu

2135 3517 2252 3554 non
2275 3517 2506 3573 corpus,
2531 3502 2628 3556 sed
2654 3503 2876 3558 nudum
2899 3519 3145 3575 granum
3171 3503 3430 3559 seminas
3453 3521 3472 3568 ;
3497 3507 3557 3558 et
3579 3506 3787 3575 postea

2139 3606 2273 3644 cum
2291 3606 2551 3658 corpore,
2576 3590 2681 3646 hoc
2708 3595 2815 3659 est,
2841 3591 3226 3664 multiplicate
3274 3591 3526 3663 resurgit
3549 3611 3564 3656 ς
3617 3591 3703 3645 sic
3734 3594 3793 3646 et

2139 3678 2366 3733 nudum
2399 3696 2610 3751 corpus
2641 3681 2701 3734 in
2731 3680 3000 3752 sepulcro
3033 3682 3290 3753 ponitur,
3321 3684 3379 3736 et
3407 3679 3791 3752 postmodum

2139 3783 2275 3822 cum
2300 3767 2786 3839 multiplicatione
2809 3774 3092 3842 resurget,
3119 3786 3234 3826 non
3257 3784 3666 3836 numerorum,
3691 3769 3795 3823 sed
3847 3837 3853 3840 _

2141 3856 2578 3914 meliorationis.

2211 3946 2522 4018 Sequitur:
2561 3948 2696 4002 Deus
2722 3949 2816 4003 dat
2842 3949 2931 4002 illi
2959 3964 3159 4019 corpus
3175 3951 3342 4019 prout
3388 3947 3528 4013 vult,
3577 3949 3690 4001 etc.
3729 3947 3793 4001 In

2142 4052 2208 4092 eo
2230 4037 2407 4103 enim,
2432 4037 2586 4108 quod
2615 4037 2714 4105 ait,
2739 4038 2875 4103 vult,
2904 4037 3022 4093 sive
3046 4037 3364 4108 unicuique
3386 4035 3707 4101 seminum,
3734 4039 3802 4090 ut

2142 4125 2343 4196 voluit,
2378 4130 2776 4194 monstratur;
2810 4127 2950 4198 quia
2981 4143 3094 4182 non
3127 4126 3241 4182 alia
3262 4143 3328 4182 ex
3359 4131 3515 4181 terra
3538 4141 3800 4181 nascun-

2144 4218 2262 4278 tur,
2295 4231 2472 4286 quam
2506 4232 2631 4286 quae
2664 4215 2818 4271 Deus
2848 4215 2907 4270 in
2941 4215 3108 4272 initio
3139 4215 3354 4272 creavit
3381 4233 3394 4270 :
3438 4213 3714 4270 similiter
3743 4217 3802 4268 et

2146 4320 2259 4360 non
2291 4303 2404 4358 alia
2433 4320 2890 4376 corpora,quam
2922 4322 3052 4378 qua:
3080 4306 3139 4361 in
3164 4303 3449 4377 sepulcris
3476 4309 3799 4374 ponuntur,

2146 4398 2454 4466 resurgent
2478 4412 2490 4450 :
2525 4395 2680 4466 quod
2701 4394 2812 4450 Job
2829 4395 3128 4450 evidenter
3148 4393 3425 4460 ostendit,
3450 4409 3587 4448 cum
3620 4391 3800 4447 dicit:

2146 4483 2351 4537 Rursus
2406 4484 2788 4539 circumdabor
2833 4483 2978 4553 pelle
3007 4499 3131 4540 mea.
3184 4482 3320 4553 (Job.
3364 4498 3481 4548 xxx,
3528 4481 3645 4551 26),
3686 4485 3799 4536 etc.

395 4564 529 4619 bere
559 4563 924 4630 studeamus,
951 4565 1021 4619 ad
1053 4566 1354 4623 evitandas
1405 4569 1738 4628 daamonum
1795 4576 2021 4633 insidia:

2224 4573 2370 4643 (662)
2393 4573 2672 4644 Sequitur
2697 4589 2710 4626 :
2746 4573 2862 4628 Non
2889 4572 3066 4627 omnis
3095 4587 3244 4639 caro,
3275 4571 3472 4627 eadem
3507 4584 3660 4639 caro,
3685 4573 3799 4636 etc,

397 4652 461 4708 In
492 4653 846 4724 quibusdam
879 4671 1012 4710 vero
1042 4655 1470 4728 exemplaribus
1494 4660 1788 4717 invenitur
1820 4680 1833 4718 :
1863 4667 2042 4739 Evigi-

395 4744 503 4796 tate
524 4742 694 4811 justi,
718 4745 769 4798 et
789 4744 963 4798 sobrii
989 4747 1462 4815 estote,etc.',Sed,
1522 4749 1644 4806 sive
1690 4752 1863 4822 juste,
1923 4756 2044 4813 sive

397 4831 534 4893 iusti
561 4829 810 4903 legatur,
833 4848 1009 4902 quam
1030 4834 1324 4902 justitiam
1349 4839 1719 4896 commendet
1741 4844 2041 4900 attenden-

393 4919 534 4976 dum
568 4924 882 4991 est,utrum
917 4921 1196 4987 divinam,
1245 4941 1316 4979 an
1377 4925 1720 4985 humanam.
1777 4930 2041 4990 Bumana

392 5025 627 5083 quoque
653 5009 886 5078 justitia
916 5015 1005 5066 est
1021 5009 1208 5068 aliena
1229 5031 1344 5070 non
1367 5032 1568 5088 rapere
1593 5034 1605 5072 :
1654 5035 1782 5090 que
1805 5021 2043 5091 justitia

393 5100 544 5155 sicut
574 5115 690 5155 non
733 5099 1203 5170 condemnat,sic
1237 5103 1413 5160 etiam
1437 5122 1550 5162 non
1571 5108 2039 5182 justiﬁcat.Ergo

395 5204 510 5244 non
542 5187 824 5258 banc,sed
847 5187 1104 5245 divinam
1139 5194 1513 5250 commendat
1540 5197 1874 5270 Apostolus,
1927 5217 2043 5272 qna

474 5365 625 5452 (658)
651 5369 860 5452 A‘utog.
891 5370 1150 5451 seniores.
1185 5369 1452 5452 Fortasse
1491 5372 1666 5452 etiam
1714 5381 1874 5452 recta
1919 5377 2042 5452 haec

400 5432 997 5563 lectio.Anltli(Lu‘iorem
1019 5439 1174 5496 enim
1196 5440 1500 5497 inimicum
1533 5445 1896 5504 daemonibus
1913 5432 2039 5505 alii;

404 5521 500 5559 ma
532 5524 643 5562 non
719 5527 749 5563 a
794 5518 868 5563 et.

404 5521 500 5559 ma
532 5524 643 5562 non
680 5518 868 5567 habet.

475 5579 621 5666 (659)
655 5581 781 5664 Jam
815 5583 972 5666 enim
1003 5583 1420 5656 Epicureorum
1469 5587 1663 5666 opinio
1703 5606 1831 5666 esse
1870 5597 2041 5666 pote-

402 5652 784 5722 rat,quamvis
815 5652 1101 5728 Epicurus
1122 5669 1326 5715 eorum
1357 5652 1562 5717 auctor
1609 5678 1723 5721 non
1771 5652 1905 5722 nisi‘
1933 5665 2038 5724 ali-

2150 4665 2232 4715 Ac
2264 4661 2311 4716 si
2344 4661 2536 4718 dicat:
2570 4662 2716 4726 Quid
2752 4661 2989 4732 mirum,
3015 4661 3063 4716 si
3090 4676 3159 4716 ex
3189 4668 3356 4716 terrm
3385 4659 3620 4732 pulvere
3642 4674 3799 4713 mor-

2150 4754 2386 4804 tuorum
2409 4767 2654 4822 corpora
2671 4749 2822 4806 Deus
2843 4750 3170 4817 resuscitat,
3197 4749 3297 4822 qui
3329 4765 3397 4804 ex
3430 4764 3548 4804 una
3576 4763 3797 4812 massa,

2152 4843 2327 4910 atque
2356 4838 2643 4911 impensa,
2679 4840 2937 4895 diversas
2969 4855 3166 4895 rerum
3201 4837 3423 4911 species
3470 4836 3710 4902 creavit,
3742 4840 3799 4890 et

2150 4928 2460 4984 condidit?
2491 4929 2612 4992 Quo
2645 4929 2702 4983 in
2735 4929 2859 4984 loco
2891 4927 3353 5001 reprehendendi
3386 4930 3528 4982 sunt
3545 4925 3802 4997 philoso-

2150 5016 2252 5090 phi
2273 5017 2602 5089 gentilium,
2636 5019 2735 5090 qui
2769 5017 2973 5073 dicunt
3003 5035 3064 5074 se
3097 5017 3401 5074 stellarum
3433 5014 3562 5071 caeli
3591 5031 3800 5070 nume-

2151 5126 2306 5176 rum,
2329 5113 2503 5180 atque
2522 5125 2722 5164 sirenae
2754 5108 2956 5174 maris,
2989 5112 3046 5163 et
3071 5111 3392 5179 guttarum,
3411 5105 3484 5160 ad
3505 5103 3798 5176 liquidum

2151 5197 2644 5271 comprehendere
2675 5213 2864 5269 posse.
2901 5195 3001 5252 Hic
3031 5197 3188 5251 enim
3221 5194 3505 5251 admoniti
3565 5197 3709 5249 sunt
3736 5196 3799 5248 ut

2151 5385 2293 5450 quot
2324 5375 2553 5450 saeculis
2585 5379 2716 5449 post
2730 5375 2949 5450 Isaiam
2974 5373 3034 5430 in
3069 5373 3361 5430 mundum
3392 5371 3633 5428 venerit.

2221 5450 2368 5520 (660)
2399 5448 2571 5520 Vulg.
2593 5448 2755 5518 justi.

2221 5522 2370 5592 (661)
2397 5519 2570 5592 Vulg.
2603 5519 2985 5592 reverentiam.

2221 5523 2341 5592 (661
2397 5523 2570 5592 Vulg.
2603 5523 2985 5575 reverentiam.

2220 5523 2370 5665 (662i
2403 5594 2462 5648 In
2496 5607 2678 5664 marg.
2705 5590 2918 5664 legitur
2937 5586 3326 5647 DominicaXI
3350 5590 3484 5660 post
3517 5587 3679 5644 Pent.
