4034 6166
350 285 471 346 4οἹ

1371 284 1711 346 ΑΤΤΟΝ18
1757 282 2345 349 VERCELLENSIS
2388 283 2742 346 EPISCOPI

3649 278 3761 345 408

360 437 475 496 que
507 416 883 494 quaerendum
912 418 1209 488 est,quare
1239 414 1394 471 dicat
1422 422 1741 482 earnem,et
1770 416 2005 489 sangui-
2032 419 2087 485 Α
2123 418 2249 490 ejus
2282 435 2394 475 non
2428 417 2758 474 inveniatur
2784 412 3187 481 translatione,
3244 414 3632 486 Quapropter,
3697 429 3768 470 ne

360 526 497 566 nem
530 522 773 579 regnum
808 505 909 560 Dei
944 522 1058 560 non
1088 504 1403 575 possidere,
1429 522 1562 559 cum
1595 505 1719 577 ipse
1741 506 2010 578 superius

360 595 850 655 resurrectionem
882 610 1191 665 corporum
1224 593 1507 659 docuerit,
1538 598 1594 648 et
1618 594 1859 649 diversis
1882 610 2008 648 eam

361 683 856 743 similitudinibus
906 683 1339 737 conﬁrmaverit
1381 698 1393 735 :
1429 682 1539 737 sibi
1598 699 1851 753 namque
1900 682 2011 754 ipsi

359 776 592 831 videtur
620 790 749 829 esse
780 771 1127 827 contrarius.
1161 772 1262 825 Sed
1302 775 1493 825 tamen
1551 788 1663 825 non
1701 777 1807 826 est.
1844 772 2010 838 Nam,

362 864 413 920 si
446 862 618 918 alicui
651 860 1007 917 contrarium
1040 861 1289 923 videtur,
1325 860 1569 926 noverit,
1602 860 1739 931 quia
1771 861 1827 914 in
1868 860 2014 915 Scri-

365 952 557 1026 pturis
587 951 799 1007 divinis
822 967 976 1004 unus
1004 948 1279 1019 idemque
1312 966 1503 1003 sermo
1527 950 1717 1004 varias
1737 950 1887 1004 solet
1909 949 2013 1003 ha-

366 1044 504 1097 bere
536 1039 1016 1112 significationes,
1048 1038 1224 1092 veluti
1251 1039 1515 1103 tcntatio,
1566 1044 1623 1092 et
1668 1038 1851 1093 multa
1883 1038 2012 1093 alia.

370 1132 439 1187 Et
468 1146 600 1184 caro
625 1128 897 1184 similiter
926 1127 984 1181 in
1018 1127 1238 1181 eisdem
1272 1126 1589 1197 Scripturis
1621 1127 1795 1181 variis
1828 1127 2015 1181 modis

370 1218 626 1290 ponitur.
663 1216 902 1271 Ponitur
932 1215 1167 1285 quidem
1205 1232 1305 1287 pro
1335 1214 1527 1286 culpa,
1562 1220 1623 1269 ut
1654 1215 1796 1269 illud
1832 1234 1844 1271 :
1884 1216 2017 1270 Caro

368 1309 700 1378 concupiscit
728 1306 988 1360 adversus
1016 1307 1277 1374 spiritum
1304 1303 1443 1373 (Gal.
1474 1306 1649 1373 ν,17),
1686 1306 1793 1373 17),
1822 1309 2019 1369 etc.;et

371 1414 476 1468 pro
507 1394 883 1460 mortalitate,
919 1399 980 1449 ut
1010 1395 1155 1447 illud
1192 1412 1203 1448 :
1240 1397 1575 1449 Memoratus
1618 1402 1691 1448 est
1724 1395 1857 1463 quia
1884 1409 2019 1448 cara

369 1494 498 1541 sunt
530 1485 697 1555 (666),
733 1487 839 1539 etc.
876 1482 1119 1538 Ponitur
1149 1482 1323 1537 etiam
1368 1500 1470 1553 pro
1502 1483 1745 1537 veritate
1777 1487 2016 1551 naturae,

373 1580 440 1629 ut
468 1573 614 1629 illud
645 1590 656 1628 :
698 1573 911 1627 Videbit
942 1574 1117 1627 omnis
1162 1589 1287 1627 raro
1317 1572 1559 1626 salutare
1614 1573 1711 1626 Dei
1742 1572 1871 1642 (1.5a.
1904 1589 2017 1639 xL.,

374 1663 410 1716 5
442 1681 455 1730 ;
489 1665 618 1718 Luc.
656 1679 736 1727 ιιι,
769 1663 843 1731 6).
877 1662 966 1715 Sic
993 1668 1048 1716 et
1078 1661 1134 1714 in
1189 1661 1291 1714 hoc
1351 1660 1475 1715 loco
1530 1678 1660 1716 caro
1694 1660 2020 1731 corruptio-

380 1767 515 1806 nem
548 1750 855 1821 signiﬁcat.
888 1748 1215 1805 Possidebit
1258 1767 1392 1820 ergo
1426 1767 1558 1804 caro
1616 1766 1861 1821 regnum
1922 1749 2019 1804 Dei

380 1856 483 1912 per
515 1840 815 1893 veritatem
849 1844 1088 1907 naturze,
1124 1839 1222 1893 sed
1257 1855 1368 1892 non
1417 1839 1742 1909 possidebit
1776 1855 1876 1909 per
1904 1837 2026 1892 cul-

380 1945 540 2001 pam,
572 1932 626 1982 et
655 1926 1344 1999 corruptionem.Ncmini
1370 1927 1607 1998 quidem
1642 1926 2025 1981 loborandum

379 2021 469 2072 est
497 2016 555 2070 in
587 2016 695 2071 hoc
726 2016 872 2081 loco,
905 2016 1043 2087 quia
1076 2016 1199 2086 ipse
1233 2016 1548 2087 Apostolus
1598 2016 1849 2088 exponit,
1885 2017 2027 2070 dum

377 2104 684 2178 subjungit
718 2122 729 2160 :
766 2107 948 2177 Neque
967 2106 1246 2174 corruptio
1279 2107 1728 2176 z'ncorruptetam.

443 2221 715 2291 Sequitur
746 2238 759 2275 :
791 2222 919 2275 Ecce
950 2222 1273 2290 mysterium
1318 2223 1468 2275 vobis
1501 2220 1641 2274 dico.
1679 2220 2024 2290 Mysterium

374 2312 607 2363 Graecus
638 2324 829 2362 sermo
862 2313 950 2362 est
984 2325 996 2361 :
1038 2309 1237 2362 Latine
1262 2308 1475 2362 dicitur
1505 2307 1917 2373 occultum,vel
1942 2308 2027 2361 in-

372 2397 586 2451 visum.
624 2396 763 2451 Ecce
798 2396 1085 2466 promittit
1115 2413 1176 2451 se
1209 2396 1518 2467 myterium
1551 2396 1762 2461 dicere,
1796 2400 1852 2450 et
1880 2398 2026 2452 forte

376 2485 486 2542 hoc
517 2489 606 2540 est
637 2485 791 2556 quod
822 2485 1090 2556 sequitur
1119 2501 1132 2540 :
1169 2486 1384 2555 Omnes,
1410 2486 1626 2556 inquit,
1650 2501 2022 2555 resurgemus,

376 2579 487 2632 etc.
522 2574 624 2630 [lis
652 2575 843 2629 verbis
874 2575 1151 2644 ostendit,
1187 2575 1325 2645 quia
1356 2578 1411 2629 et
1443 2575 1732 2629 bonorum
1767 2574 2029 2639 simul,et

380 2664 670 2719 malorum
702 2663 812 2718 erit
841 2664 1635 2733 resurrectiozsedjustorum
1657 2662 2027 2717 solummodo

308 2820 321 2835 Ι
381 2752 736 2808 immutatio.
769 2752 1043 2822 Sequitur
1076 2769 1089 2805 :
1122 2754 1185 2806 In
1216 2754 1568 2822 momento,in
1601 2753 1713 2806 ictu
1741 2752 2029 2807 ocuti.Mo-

385 2845 649 2897 mentum
681 2839 895 2894 dicitur
924 2858 958 2894 a
990 2845 1149 2895 motu
1173 2841 1432 2895 siderum
1468 2858 1481 2894 ε
1515 2845 1602 2896 est
1632 2841 1789 2895 enim
1812 2840 2027 2895 brevis-

383 2929 537 2986 sima
565 2945 700 3001 pars
731 2929 905 2984 horas.
940 2929 1041 2983 llis
1073 2945 1307 3001 quoque
1337 2930 1526 2985 verbis
1548 2930 2031 2996 certissimam,ac

381 3016 814 3073 velocissimam
857 3018 1208 3072 monstravit
1261 3019 1754 3073 resurrectionem
1792 3036 1803 3072 :
1843 3034 2030 3090 neque

381 3106 538 3162 enim
565 3105 698 3161 aliis
725 3105 920 3161 verbis
952 3107 1142 3177 potuit
1173 3123 1297 3161 eam
1328 3107 1669 3162 velociorem
1702 3109 2027 3176 ostendere,

383 3211 560 3267 quam
593 3200 657 3248 ut
690 3195 773 3249 sic
795 3194 1093 3260 cito,velut
1117 3202 1206 3250 est
1228 3195 1642 3267 palpebrarum
1675 3201 1951 3262 tactus,et
1971 3198 2029 3251 in

383 3287 679 3339 momento
710 3282 988 3338 celebrari
1022 3284 1256 3339 diceret.
1295 3285 1454 3349 Quod
1492 3291 1687 3340 autem
1720 3286 1823 3355 ait,
1847 3288 1902 3342 in
1933 3303 2028 3343 no-

382 3375 607 3428 vissima
629 3373 777 3442 tuba,
818 3376 873 3427 et
901 3382 1061 3428 canet
1088 3376 1260 3440 enim,
1298 3391 1409 3427 non
1445 3373 1890 3445 intelligendum
1922 3382 2027 3444 est,

383 3461 539 3533 quod
570 3461 697 3532 ipse
727 3465 929 3515 auctor
960 3461 1438 3515 ressurrectionis
1482 3479 1793 3533 corporeus
1826 3465 2032 3529 sit,aut

383 3565 684 3621 corporem
715 3566 913 3604 vocem
956 3550 1183 3604 emittat
1214 3565 1227 3615 ;
1264 3554 1365 3603 aut
1422 3554 1577 3603 certe
1631 3551 1897 3619 angelus,
1931 3554 2030 3623 qui

385 3637 658 3692 minister
685 3638 795 3692 erit
826 3637 1290 3705 resurrectionis,
1327 3638 1468 3693 tuba
1508 3654 1782 3709 corporea
1812 3646 1981 3695 canat
2016 3658 2029 3707 ;

387 3726 483 3781 srd
516 3725 651 3781 talis
682 3743 790 3780 vox
821 3726 1198 3798 intelligenda
1253 3731 1361 3795 est,
1396 3744 1522 3798 quae
1555 3744 1588 3781 a
1633 3727 1736 3782 tali
1769 3733 2034 3783 creatura

386 3815 580 3869 emitti
616 3815 821 3887 possit,
856 3815 964 3869 hoc
996 3823 1104 3882 est,
1137 3814 1407 3886 spiritali,
1442 3832 1619 3886 quam
1669 3833 1871 3872 omnes
1900 3818 2030 3889 qui-

386 3904 517 3959 dem
552 3904 766 3959 mortui
799 3904 1058 3971 audient,
1093 3910 1149 3959 et
1180 3910 1505 3976 resurgent.
1542 3908 1902 3978 Quapropter
1931 3907 2031 3962 ad-

376 3994 575 4065 junxit
608 4010 619 4048 :
652 3996 714 4049 Et
746 3995 951 4050 mortui
976 3999 1262 4062 resurgcnt
1296 3995 1617 4060 incorrupti.
1646 3996 1771 4065 Ipse
1804 4012 2033 4066 quoque

385 4083 755 4154 distinguens
788 4085 969 4138 bonos
1028 4100 1061 4137 a
1092 4082 1264 4137 malis
1327 4083 1469 4137 dicit
1503 4102 1514 4138 :
1550 4087 1613 4138 Et
1644 4100 1737 4139 nos
1768 4087 2031 4139 immuta—

385 4172 586 4226 bimur.
621 4173 899 4243 Sequitur
930 4188 943 4226 :
978 4173 1196 4226 Mortale
1252 4174 1352 4226 hoc
1407 4176 1612 4242 Oportet
1667 4174 1895 4228 induere
1929 4175 2032 4227 im-

384 4261 801 4321 mortalitatem,
834 4265 942 4313 etc.
976 4262 1234 4329 Oportet,
1271 4261 1328 4313 id
1361 4265 1469 4325 est,
1527 4262 1816 4325 convenit,
1851 4267 1906 4315 et
1936 4281 2029 4316 ex-

388 4346 566 4417 pedit,
598 4352 664 4400 ut
692 4348 845 4418 quod
880 4347 1166 4417 promisit,
1200 4347 1613 4417 adimpleatur.

460 4463 593 4518 Cum
626 4467 809 4517 autem
865 4464 1098 4518 mortale
1145 4463 1243 4517 hoc
1293 4462 1536 4517 induerit
1596 4466 2030 4534 imortalitatem,

391 4567 596 4622 usque,
629 4551 887 4623 absorpta
917 4559 993 4606 est
1021 4567 1166 4606 mors
1192 4554 1252 4606 in
1286 4552 1532 4606 victoria.
1567 4552 1683 4607 Hoc
1736 4554 1890 4609 enim
1948 4571 2034 4611 se-

390 4640 647 4694 cundum
672 4641 976 4711 antiquam
990 4640 1373 4711 Septuaginta
1395 4639 2036 4712 interpretumtransla-

391 4727 606 4782 tionem
639 4728 698 4783 in
731 4729 873 4784 Osee
910 4730 1194 4801 scriptum
1247 4728 1544 4783 invenitur
1592 4728 1731 4801 (Ose.
1766 4748 1888 4802 xm,
1924 4733 2032 4801 14).

389 4817 705 4886 Apostolus
735 4824 926 4872 autem
962 4818 1287 4872 credendus
1318 4821 1405 4871 est
1428 4822 1545 4872 tam
1573 4819 1870 4890 hic.quam
1893 4825 1949 4875 et
1975 4821 2033 4875 in

387 4902 517 4958 aliis
548 4903 692 4960 locis
721 4906 1007 4976 exempla,
1046 4907 1215 4975 juxta
1264 4905 1565 4962 veritatem
1622 4908 1914 4964 Hebraicis
1948 4910 2035 4964 bi-

384 4991 683 5049 bliothecae
731 4993 835 5048 hoc
856 4994 1256 5049 testimonium
1281 4996 1566 5067 posuisse,
1600 5012 1731 5051 cum
1764 4998 2034 5071 Hierony-

384 5098 517 5137 mus
547 5083 617 5139 ad
652 5082 946 5155 integrum
978 5082 1563 5139 didiceritHebreeam
1596 5084 1946 5157 linguam,et
1972 5089 2030 5142 in

455 5317 599 5383 (0‘30)
632 5317 784 5373 Psal.
820 5329 1030 5383 LXXVtI,
1063 5316 1152 5382 39,
1185 5313 1357 5385 Vulg.
1391 5315 1730 5374 recordatus.

458 5390 600 5455 tuo.)
636 5396 696 5440 tn
729 5388 1025 5458 aliquibus
1057 5385 1221 5456 Vulg.
1255 5386 1477 5441 stabiles
1522 5395 1704 5453 estote,
1763 5397 1813 5443 et
1843 5389 2031 5444 immo-

387 5454 662 5529 ὁὶιςδςῖῃ
696 5454 991 5529 ηιξᾳῐιιὺυς
1022 5474 1157 5512 vero
1172 5454 1423 5527 “legitur,
1454 5459 1673 5513 stabiles
1712 5463 1890 5526 estote,
1923 5462 2026 5514 im-

384 5526 869 5603 mobilesabsqlie
902 5530 1102 5601 partic.
1138 5533 1185 5583 cl
1218 5526 1769 5603 .Vinautoguiostro
1797 5531 2033 5603 legeba-’

378 5604 501 5666 tur,
532 5598 755 5655 stabiles
782 5598 963 5669 estote,
995 5603 1123 5671 quia
1154 5600 1478 5657 immobiles.
1504 5598 1881 5658 'Particulam'
1899 5605 2028 5673 quia

2124 508 2479 563 contrarium
2511 508 2623 562 hoc
2656 506 2923 561 videatur
2981 503 3335 560 credendum
3366 507 3456 558 est
3504 501 3772 575 posuisse

2124 598 2231 652 hoc
2264 598 2663 652 testimonium
2689 597 2859 667 juxta
2889 592 3332 649 translationem
3387 591 3773 663 Septuaginta

2124 685 2666 757 interpretum,quae
2700 685 2813 755 jam
2848 683 3152 737 dilfamata
3178 686 3301 736 erat
3325 697 3428 752 per
3460 686 3655 735 totum
3682 696 3774 736 or-

2123 774 2277 841 bem,
2315 791 2385 828 ne
2410 774 2551 828 forte
2598 790 2738 828 suos
2796 770 3214 827 scandalizaret
3269 770 3595 825 auditores.
3632 768 3774 826 Illud

2124 868 2321 918 autem
2367 862 2694 929 sciendum,
2764 860 2904 932 quia
2969 860 3090 914 haec
3157 875 3284 925 vox,
3351 874 3472 929 qua
3538 857 3774 925 dicitur,

2124 954 2387 1023 absorpta
2417 956 2493 1006 est
2540 948 2711 1016 mors,
2773 948 3272 1021 triumphatorum
3324 947 3436 1003 erit
3469 964 3483 1001 :
3518 962 3776 1016 cumque

2126 1041 2338 1095 divicta
2370 1045 2577 1109 morte,
2612 1040 2681 1094 ad
2715 1036 3219 1093 immortalitatem
3250 1035 3622 1104 transierint,
3655 1033 3779 1090 illu-

2123 1130 2311 1184 dendo
2344 1130 2539 1184 dicent
2572 1146 2583 1184 :
2612 1129 2711 1185 Ubi
2739 1136 2837 1193 est,
2862 1142 3027 1196 mors,
3058 1127 3287 1181 victoria
3308 1129 3403 1179 tua
3431 1128 3456 1177 .9
3487 1125 3780 1178 Evacuata

2127 1224 2236 1284 est,
2268 1218 2407 1289 quia
2436 1223 2521 1284 tu,
2554 1216 2985 1288 quaevincebas
3016 1215 3077 1268 in
3110 1211 3783 1282 morientibus,vinceris

2132 1324 2286 1362 nunc
2317 1308 2373 1361 in
2408 1303 2920 1378 surgentibus.Ubi
2946 1308 3035 1359 est
3063 1303 3236 1358 etiam
3266 1301 3508 1358 victoria
3531 1306 3787 1372 tua,qua

2130 1401 2319 1451 totum
2350 1411 2534 1467 genus
2558 1394 2887 1449 humanum
2915 1392 3281 1465 possidebas,
3308 1392 3449 1463 adeo
3483 1395 3549 1445 ut
3606 1390 3784 1444 etiam

2132 1484 2309 1540 Filius
2342 1484 2439 1539 Dei
2469 1484 2709 1538 veniens
2740 1489 2932 1537 tecum
2965 1482 3325 1554 conﬂigeret,
3360 1485 3416 1535 et
3443 1496 3563 1535 non
3596 1482 3655 1533 te
3689 1479 3784 1533 de-

2132 1572 2531 1642 clinando,sed
2567 1573 2761 1644 potius
2791 1571 3166 1642 suscipiendo
3198 1568 3549 1641 superaret?
3580 1566 3786 1639 Sequi-

2133 1667 2229 1716 tur
2260 1681 2273 1717 :
2311 1663 2408 1719 Ubi
2438 1675 2516 1717 est
2541 1662 2795 1717 stimulus
2818 1670 2965 1729 tuus,
2988 1660 3109 1715 sive
3136 1658 3395 1724 aculeus,
3428 1672 3548 1727 quo
3598 1659 3787 1711 totum

2132 1766 2317 1822 genus
2350 1750 2675 1806 humanum
2710 1749 3053 1814 vulnerasti,
3085 1753 3144 1803 et
3169 1756 3518 1802 venenatum
3586 1760 3787 1815 posse-

2138 1839 2273 1893 disti
2302 1839 2328 1892 ‘?
2360 1840 2485 1893 Tua
2517 1853 2769 1909 namque
2799 1837 3041 1893 victoria
3062 1834 3400 1908 temporalis
3425 1833 3535 1888 fuit
3559 1838 3791 1901 ;nostra

2136 1945 2267 1982 vero
2300 1931 2513 1982 aeterna
2542 1931 2647 1981 est.
2682 1925 2932 1981 Protulit
2962 1942 3156 1981 vocem
3186 1922 3793 1995 triumphatorum,et

2137 2017 2403 2071 eamdem
2435 2016 2723 2086 exposuit,
2749 2032 2882 2070 cum
2911 2013 3217 2085 subjunxit
3251 2030 3263 2067 :
3300 2012 3578 2067 Stimulus
3609 2015 3793 2066 autem

2136 2108 2323 2161 mortis
2350 2105 2793 2177 peccatum.Non
2826 2104 2953 2159 ideo
2998 2104 3214 2158 dicitur
3267 2100 3550 2156 stimulus
3583 2100 3789 2155 mortis

2138 2199 2439 2266 peccatum
2472 2194 2626 2264 quod
2657 2210 2815 2249 mors
2854 2192 3052 2247 fecerit
3104 2196 3435 2264 peccatum,
3496 2189 3604 2245 sed
3636 2190 3791 2261 quod

2137 2288 2441 2355 peceatum
2476 2284 2746 2354 genuerit
2775 2286 3025 2337 mortem
3064 2297 3078 2337 :
3112 2282 3265 2336 sicut
3312 2279 3531 2334 dicitur
3564 2276 3791 2351 lignum

2134 2371 2284 2436 vitae,
2319 2377 2419 2427 aut
2468 2372 2744 2439 scientiae,
2801 2388 2915 2426 non
2974 2371 3128 2441 quod
3192 2368 3391 2424 fecerit
3448 2367 3661 2437 vitam,
3697 2371 3791 2422 aut

2136 2461 2571 2524 scientiam,sed
2597 2461 2746 2532 quod
2776 2477 2877 2533 per
2898 2459 3042 2514 illud
3072 2458 3286 2514 servari
3319 2456 3510 2529 possit
3536 2460 3792 2527 utraque

2139 2550 2219 2604 sic
2252 2550 2424 2604 etiam
2460 2549 2675 2604 dicitur
2703 2548 2976 2621 poculum
3035 2548 3183 2603 vitae.
3245 2545 3528 2618 Sequitur
3563 2562 3577 2599 :
3617 2547 3794 2600 Virtus

2136 2655 2262 2693 vero
2283 2640 2488 2709 peccati
2518 2640 2607 2693 lex
2635 2642 2746 2715 est;
2781 2637 2920 2710 quia
2963 2652 3079 2708 quo
3112 2634 3334 2707 aliquid
3368 2633 3496 2706 lege
3526 2633 3800 2706 prohibe-

2137 2733 2253 2796 tur,
2283 2744 2347 2782 eo
2379 2727 2781 2782 delcctabilius
2811 2727 3079 2781 habetur.
3112 2724 3370 2795 Prolata,
3420 2729 3478 2779 et
3534 2722 3805 2794 exposita

2136 2833 2274 2871 voce
2305 2816 2829 2885 triumphaturum,
2876 2820 3076 2870 monet
3123 2814 3362 2869 eosdem
3424 2812 3656 2885 gratias
3686 2812 3799 2868 Deo

2143 2921 2313 2977 agere
2347 2922 2360 2969 ;
2393 2905 2532 2976 quia
2563 2922 2677 2958 non
2709 2905 2835 2960 suis
2861 2903 3216 2970 viribus,sed
3248 2900 3445 2956 divina
3475 2901 3681 2973 gratia
3709 2900 3807 2955 ad-

2133 2992 2249 3064 juti
2283 2998 2532 3048 mortem
2566 2992 2851 3047 vicerunt.
2883 2993 2990 3046 Per
3035 2993 3218 3048 Jesum
3268 2990 3565 3046 Christum
3610 2989 3806 3052 dicit;

2143 3082 2280 3152 quia
2314 3082 2508 3136 omnis
2538 3081 2777 3135 victoria
2809 3080 2867 3134 in
2898 3079 3026 3150 ipso
3075 3083 3305 3135 constat
3338 3095 3350 3132 :
3378 3079 3505 3149 ipse
3539 3093 3812 3150 namque

2062 3156 2106 3221 C
2144 3170 2370 3241 primus
2399 3174 2643 3225 mortem
2674 3170 2830 3237 vicit,
2865 3174 2921 3225 et
2950 3168 3074 3225 suis
3131 3166 3467 3240 exemplum
3522 3165 3803 3223 vincendi

2142 3259 2370 3313 tribuit.

2213 3379 2428 3445 Itaque,
2468 3376 2669 3445 fratres
2717 3375 2827 3428 mei
2854 3373 3061 3427 dilecti.
3128 3370 3266 3426 Post
3322 3370 3548 3426 multas
3604 3388 3813 3428 corro-

2142 3464 2383 3531 ctiones,
2420 3480 2532 3517 non
2565 3462 2755 3517 solum
2791 3460 3133 3527 fratres,sed
3156 3464 3215 3515 et
3243 3460 3488 3516 dilectos
3518 3460 3806 3532 appellat,

2143 3557 2208 3606 ut
2236 3551 2445 3607 saltem
2474 3551 2585 3606 hoc
2613 3550 2870 3606 remedio
2883 3550 3169 3605 sublevati
3184 3549 3255 3604 ad
3278 3548 3595 3620 pristinam
3622 3549 3808 3605 fidem

2142 3643 2586 3696 reverterentur.
2648 3640 2927 3711 Sequitur
2958 3655 2970 3693 :
3006 3638 3239 3703 Stabiles
3266 3646 3431 3693 estote
3481 3639 3805 3694 immobiles

2142 3730 2289 3800 (667)
2323 3751 2337 3795 ς
2372 3733 2430 3783 et
2460 3728 2598 3800 quia
2629 3745 2743 3782 non
2764 3727 2985 3783 sufﬁcit
3007 3728 3067 3782 in
3100 3728 3212 3783 fide
3235 3726 3508 3782 stabilem
3541 3727 3815 3790 esse,ad-

2142 3820 2310 3882 didit,
2334 3818 2673 3873 abundantes
2702 3835 2719 3870 :
2752 3822 2830 3884 et,
2865 3817 3007 3887 quia
3051 3821 3244 3888 potest
3302 3816 3479 3871 homo
3530 3816 3591 3870 in
3630 3815 3817 3872 malis

2143 3907 2778 3977 abundare,subjunxit
2810 3923 2823 3961 :
2859 3908 2919 3961 In
2949 3922 3109 3977 opere
3133 3906 3355 3960 Domini
3388 3922 3402 3973 ;
3431 3904 3677 3976 et,quia
3702 3921 3820 3960 non

2143 3998 2288 4052 satis
2320 4001 2407 4051 est
2440 3997 2511 4049 ad
2544 4000 2778 4065 tempus
2809 3994 2867 4048 in
2902 4011 3074 4065 opere
3105 3994 3335 4049 Domini
3367 3993 3815 4059 abundare,ad-

2134 4086 2350 4155 junxit,
2382 4101 2613 4155 semper.
2645 4083 2956 4152 Sequitur:
2989 4084 3234 4138 Scientes
3261 4081 3404 4153 quod
3442 4081 3600 4136 tabor
3624 4090 3816 4137 vester

2141 4191 2251 4230 non
2279 4176 2349 4229 sit
2381 4174 2603 4240 inanis;
2639 4189 2704 4227 ac
2736 4172 2785 4227 si
2809 4171 3030 4227 diceret
3063 4187 3076 4227 :
3110 4171 3274 4227 Sicut
3297 4170 3417 4226 scio
3440 4187 3533 4226 me
3565 4186 3818 4243 quoque

2144 4264 2255 4318 mei
2314 4262 2531 4318 laboris
2595 4262 2921 4317 mercedem
2978 4267 3375 4333 recepturum,
3435 4260 3522 4315 sic
3581 4265 3649 4315 et
3710 4276 3816 4315 vos

2143 4353 2392 4407 scientes
2424 4356 2608 4405 estote
2637 4349 2815 4404 vestri
2846 4348 3066 4404 laboris
3110 4365 3212 4403 vos
3269 4353 3574 4419 receptura
3649 4366 3818 4405 mer-

2143 4442 2365 4507 cedem,
2390 4439 2666 4510 quoniam
2697 4437 2863 4493 labor
2890 4437 2952 4492 in
2986 4437 3230 4493 Domino
3261 4435 3459 4491 inanis
3506 4451 3658 4492 esse
3695 4452 3819 4493 non

2064 4524 2108 4588 Ι)
2138 4533 2349 4602 potest.

2218 4645 2365 4713 (668)
2397 4644 2529 4699 CAP.
2581 4641 2749 4705 XVI.)
2809 4630 3133 4712 Sequitur:
3172 4640 3245 4695 De
3295 4639 3540 4695 collectis
3590 4644 3821 4706 autem,

2143 4751 2266 4807 quin
2296 4734 2434 4801 ﬁunt
2464 4733 2524 4786 in
2562 4730 2788 4798 sanctis,
2837 4735 2945 4784 etc.
3006 4729 3257 4784 Collecta
3312 4734 3402 4783 est
3428 4728 3817 4785 diversarum

2144 4840 2319 4893 opum
2343 4816 2898 4876 collectio.Collcctsz
2923 4817 3423 4893 dicebaptur,quas
3438 4833 3543 4889 per
3563 4817 3825 4890 singula

2144 4911 2399 4965 Sabbata
2430 4907 2877 4979 colligebantur,
2910 4911 2967 4961 et
3001 4905 3386 4961 mittebantur
3416 4905 3823 4977 pauperibus,

2143 4999 2239 5070 qui
2274 5002 2442 5052 erant
2469 4994 2949 5067 Jerosolymiszde
2982 4994 3197 5065 quibus
3224 5000 3280 5049 et
3309 4993 3369 5047 in
3392 4994 3641 5049 Actibus
3668 5010 3824 5066 apo-

2142 5087 2426 5143 stolorum
2448 5082 2829 5157 legitur,quia
2850 5083 3181 5139 vendebant
3202 5082 3401 5139 omnia
3420 5099 3529 5139 sua
3560 5086 3619 5138 et
3640 5082 3819 5138 defe-

2141 5315 2586 5389 expungendam
2619 5313 2920 5389 duximus,
2955 5330 3084 5389 quas
3116 5311 3624 5389 nullumreddere
3646 5313 3824 5389 vide-

2141 5382 2311 5444 batur
2338 5382 2578 5442 sensum
2615 5403 2627 5442 :
2663 5385 2775 5440 nisi
2809 5382 3196 5439 forte'lectori
3257 5384 3452 5456 potius
3512 5384 3822 5442 arrideret

2142 5462 2328 5530 legere
2357 5459 2577 5514 stabiles
2604 5461 2782 5530 estote,
2814 5458 2909 5528 qui
2929 5458 3051 5527 jam
3079 5456 3325 5520 mobiles,
3357 5455 3414 5510 id
3447 5460 3556 5523 est,
3590 5456 3654 5510 in
3690 5457 3819 5512 fide

2139 5529 2579 5586 reenrrectionis
2613 5529 2810 5584 minus
2869 5531 3202 5601 constantes
3236 5532 3663 5601 apparuerant.

2210 5603 2353 5673 (668)
2388 5602 2449 5658 In
2481 5606 2660 5674 antog
2692 5616 2874 5675 marg.
2912 5599 3003 5656 hic
3035 5594 3257 5673 legitur
3272 5594 3402 5675 cap,
3435 5594 3627 5663 LXVI.
