4060 6164
216 345 325 421 ἑοῦ

781 342 1199 408 EXPOSITIO
1240 345 1317 407 ΙΝ
1366 343 1796 415 EPISTULAS
1840 344 2099 409 PAULI.
2132 377 2209 393 -
2237 347 2318 410 IN
2365 347 2617 411 EPIST.
2663 345 2689 408 Ι
2733 345 2838 405 AD
2883 342 3060 405 COR.

3504 332 3628 396 410

220 479 415 539 rebant
442 477 514 533 ad
539 477 715 549 pedes
745 478 1140 549 apostolorum
1158 478 1299 549 (Act.
1333 496 1407 544 1v,
1432 480 1521 547 34,
1545 481 1667 547 35),
1689 484 1745 534 et
1765 479 1852 535 di-
1884 480 1938 547 Α
1970 495 2082 534 non
2097 447 3626 547 venisse,stomacharentur,etindignarentur,scan-

217 568 554 626 videbantur
600 568 934 639 unicuique,
992 573 1165 639 prout
1215 586 1362 639 opus
1415 574 1556 623 erat.
1629 569 1855 632 Quibus

220 656 414 731 pretiis
436 656 824 727 consumptis,
858 673 1141 728 pauperes
1170 657 1321 712 ultra
1353 658 1491 728 quid
1520 658 1854 726 venderent,

220 745 299 804 vel
332 746 486 801 unde
542 751 1032 812 sustentarentur,
1078 763 1192 801 non
1242 746 1571 801 habebant:
1623 751 1680 801 et
1726 745 1856 800 ideo

222 837 592 892 decreverunt
647 833 832 889 sancti
893 834 1159 905 apostoli,
1207 834 1459 890 maxime
1530 833 1747 889 Paulus
1803 838 1860 888 et

220 924 530 989 Barnabas,
565 926 627 977 ut
658 939 757 993 per
781 922 1039 995 singulat
1068 923 1331 994 regiones
1383 925 1639 978 facerent
1685 921 1857 978 colle-

124 1046 133 1053 ι
221 1018 356 1078 etas,
392 1029 541 1083 quas
573 1013 866 1085 mitterent
888 1013 1125 1076 sanctis,
1151 1012 1249 1083 qui
1274 1011 1858 1084 erantJerosolymis:

219 1107 272 1158 et
288 1102 361 1156 de
382 1101 528 1171 ipsis
552 1100 698 1156 dicit
728 1117 740 1153 :
766 1102 840 1155 De
869 1102 1109 1157 collectis
1139 1106 1346 1166 autem,
1381 1117 1505 1173 quae
1551 1102 1712 1171 ﬁunt,
1753 1101 1861 1173 hoc

219 1195 317 1255 est,
342 1206 449 1261 pro
472 1188 708 1244 sanctis.
735 1189 1036 1245 Primitive
1066 1207 1299 1261 quoque
1319 1171 1576 1245 Ecclesia
1598 1192 1667 1245 ad
1691 1171 1860 1245 Jer'u-

219 1280 400 1336 salem
423 1284 714 1350 coeperat;
748 1279 904 1334 unde
933 1279 1222 1349 scripturn
1252 1285 1343 1334 est
1369 1296 1382 1332 :
1418 1282 1491 1334 De
1522 1280 1651 1334 Sion
1690 1280 1866 1334 exibit

220 1370 303 1424 lex
330 1368 515 1434 (Mica.
550 1382 625 1430 iv,
646 1368 719 1433 2;
749 1369 854 1421 Isa.
889 1383 950 1433 ιι,
974 1368 1051 1437 3),
1076 1372 1185 1421 etc.
1210 1366 1465 1422 Gentiles
1518 1384 1671 1433 vero,
1726 1366 1865 1439 quia

219 1459 286 1517 ab
305 1456 515 1513 eadem
538 1455 801 1510 doctrina
821 1454 1213 1527 evangelicam
1236 1456 1503 1523 ﬁdem,ac
1528 1462 1862 1512 sanctarum

219 1544 655 1616 Scripturarum
686 1545 954 1600 notitiam
975 1550 1338 1615 acceperant,
1362 1546 1607 1616 dignum
1634 1551 1778 1611 erat,
1803 1550 1866 1600 ut

216 1633 491 1690 collectas
509 1633 783 1701 facerent,
815 1638 872 1688 et
887 1634 1225 1689 eorumdem
1252 1651 1576 1705 pauperum
1606 1633 1866 1706 inopiam

218 1727 635 1779 sustentarent.
673 1722 833 1778 Unde
858 1722 1015 1777 idem
1040 1722 1218 1778 alibi:
1261 1724 1323 1778 Si
1367 1724 1733 1794 spiritalium,
1784 1722 1868 1778 in-

219 1814 362 1884 quit,
385 1828 577 1868 eorum
604 1814 895 1883 participes
942 1814 1081 1883 facti
1108 1821 1238 1868 sunt
1270 1815 1499 1881 gentiles
1545 1815 1721 1883 (Joan.
1773 1830 1865 1880 xv,

218 1904 282 1956 27
288 1910 343 1973 );
376 1907 437 1957 et
465 1902 523 1958 in
555 1900 984 1973 hac-Epistula:
1020 1901 1082 1957 Si
1125 1918 1223 1958 nos
1269 1903 1415 1957 vobis
1452 1904 1740 1974 spiritalia
1784 1919 1869 1958 se-

216 1993 553 2047 minavimus
583 1992 628 2061 (Ι
662 1992 783 2046 Cor.
818 2008 895 2059 ix,
930 1992 1042 2061 41),
1066 1996 1176 2047 etc.
1202 1996 1437 2046 Poterat
1460 1991 1577 2047 illis
1620 2009 1747 2047 esse
1778 2009 1871 2047 or-

217 2079 441 2136 dinatio
472 2078 863 2135 Ecclesiarum
896 2078 1133 2135 Galatiae
1185 2081 1257 2135 ad
1299 2080 1585 2148 salutem;
1638 2088 1695 2136 et
1741 2081 1873 2137 ideo

216 2170 385 2224 dicit:
423 2168 578 2224 Sicut
608 2168 884 2235 ordinavi,
909 2172 1019 2223 etc.
1053 2170 1165 2224 Sed
1197 2169 1335 2240 quia
1367 2170 1565 2225 minus
1590 2176 1726 2226 nota
1746 2184 1875 2226 esse

216 2263 472 2331 poterat,
505 2258 633 2313 ideo
690 2258 956 2312 eamdem
1023 2258 1397 2314 manifestare
1470 2260 1710 2314 curavit.
1780 2259 1876 2315 Ait

213 2347 413 2403 enim:
440 2350 547 2401 Per
574 2362 744 2401 unam
774 2346 1022 2411 Sabbati,
1050 2351 1158 2401 etc.
1212 2346 1396 2404 Unam
1445 2348 1700 2419 Sabbati,
1752 2348 1875 2420 pri-

216 2451 391 2492 murn
426 2434 665 2490 Sabbati
714 2441 902 2497 vocat,
962 2434 1071 2489 hoc
1118 2439 1208 2490 est
1257 2435 1413 2490 diem
1459 2436 1872 2493 Dominicum:

216 2524 380 2579 unde
412 2522 473 2578 in
506 2522 849 2594 Evangelia:
889 2524 1006 2579 Una
1032 2523 1261 2578 Sabbati
1308 2524 1518 2593 (Matth.
1574 2542 1771 2590 xxvm,
1808 2527 1832 2580 1
1861 2542 1875 2588 :

217 2613 396 2669 Marc.
449 2629 563 2679 XVI,
618 2614 687 2677 2;
751 2613 877 2666 Luc.
935 2628 1087 2677 xxxv,
1142 2613 1210 2679 1;
1268 2614 1425 2668 Joan.
1485 2631 1579 2680 xx,
1641 2616 1712 2685 1).
1777 2614 1880 2670 Dis

219 2718 463 2773 quoque
494 2700 797 2756 Dominico
832 2699 1059 2755 monuit
1083 2700 1205 2755 ﬁeri
1226 2701 1521 2769 collectas,
1546 2704 1783 2774 quando
1805 2704 1878 2759 ad

215 2807 604 2847 communem
655 2790 1139 2859 exhortationem,
1188 2795 1245 2846 et
1296 2792 1618 2862 profectum
1672 2808 1878 2848 conve-

210 2880 487 2944 niebant.
519 2880 785 2946 Uecebat,
821 2885 886 2934 ut
911 2896 977 2935 eo
1020 2880 1196 2935 etiam
1244 2880 1338 2935 die
1388 2882 1765 2937 convenirent
1807 2882 1880 2937 ad

207 2974 565 3025 sanctorum
619 2984 944 3039 pauperum
975 2967 1457 3023 sublevationem.
1488 2970 1677 3034 Quaeri
1707 2970 1881 3025 etiam

205 3063 438 3130 potest,
474 3073 653 3128 quare
685 3074 798 3113 non
822 3056 985 3112 omni
1006 3057 1241 3121 die,aut
1261 3060 1722 3129 temporejussit
1756 3059 1882 3114 ﬁeri

203 3145 524 3204 collectas.
551 3145 797 3211 Idcirco,
828 3146 966 3217 quia
996 3151 1232 3200 noverat
1259 3148 1419 3216 quod
1445 3152 1502 3201 et
1541 3147 1730 3217 magis
1764 3146 1883 3202 col-

201 3236 528 3307 ligeretur,
560 3240 619 3290 et
646 3235 845 3290 minus
873 3239 1144 3304 gravaret
1181 3250 1282 3303 per
1334 3234 1634 3291 intervella
1660 3242 1880 3307 tempo-
1911 3220 1955 3287 C

199 3341 371 3381 rum.
411 3322 727 3392 Sequitur:
767 3321 1148 3392 Unusquisque
1178 3321 1323 3392 apud
1339 3338 1396 3378 se
1412 3331 1597 3393 ponat,
1623 3324 1732 3379 hoc
1772 3329 1880 3392 est,

198 3414 261 3468 in
300 3414 546 3467 secreto
576 3409 836 3466 thesauri
869 3409 961 3464 sui
1018 3410 1334 3466 recondam.
1386 3412 1455 3466 Et
1502 3412 1640 3483 quia
1687 3414 1887 3469 volun-

196 3499 444 3559 tarium
483 3514 697 3554 munus
727 3504 951 3554 certum
982 3503 1071 3553 est
1100 3505 1214 3555 Deo
1244 3517 1373 3556 esse
1403 3508 1727 3574 acceptum,
1753 3503 1882 3557 ideo

200 3590 264 3646 in
299 3604 532 3646 eorum
565 3587 762 3659 posuit
789 3587 1051 3655 arbitrio,
1105 3588 1339 3645 dicens:
1393 3592 1554 3657 Quod
1599 3594 1712 3647 sibi
1754 3593 1883 3663 pla-

200 3679 415 3736 cucrit.

272 3780 612 3855 Sequitur:
648 3782 711 3839 Ut
738 3797 848 3836 non
877 3798 1002 3837 cum
1028 3798 1245 3850 venero,
1299 3788 1429 3839 tunc
1456 3786 1693 3843 collecte
1722 3789 1879 3857 ﬁant.

201 3872 394 3927 Multa
426 3885 672 3942 quoque
701 3875 866 3923 erant
896 3871 1049 3924 inter
1075 3886 1174 3926 eos
1219 3872 1593 3945 corrigenda;
1651 3881 1707 3928 et
1754 3876 1883 3930 ideo

206 3961 472 4026 monuit,
512 3963 578 4013 ut
608 3958 771 4029 prius
794 3948 1228 4029 colligerentur,
1248 3977 1320 4014 ne
1339 3961 1397 4014 iu
1419 3960 1537 4015 illis
1558 3963 1882 4033 occupatis,

200 4066 332 4123 quas
367 4048 735 4120 corrigenda
765 4053 953 4113 erant,
988 4048 1296 4118 corrigere,
1332 4065 1449 4103 non
1482 4055 1697 4120 posset.
1749 4051 1883 4105 Cum

197 4145 395 4196 autem
425 4153 684 4211 praesens
714 4138 894 4206 fuero,
926 4141 1038 4191 etc.
1073 4136 1221 4193 Nota
1253 4136 1391 4209 quia
1421 4137 1481 4192 in
1542 4140 1884 4194 eorumdem

205 4229 407 4301 posuit
440 4225 719 4290 arbitrio,
757 4230 840 4294 ut,
874 4242 1023 4296 quos
1069 4224 1182 4296 ipsi
1234 4227 1568 4297 probarent,
1598 4226 1731 4281 illos
1781 4244 1886 4298 per

204 4317 503 4391 epistolas
521 4314 1117 4369 mitteretJerusalem
1140 4316 1394 4384 perferre
1418 4313 1709 4371 collectus.
1730 4317 1881 4378 Qua-

209 4413 385 4464 tenus
408 4404 743 4477 dupliciter
762 4403 913 4474 grati
937 4401 1309 4468 haberentur,
1326 4409 1382 4459 et
1406 4420 1716 4458 munerum
1742 4406 1882 4460 assi.

207 4498 525 4570 gnatione,
564 4497 625 4547 et
652 4491 1035 4564 epistolarum
1066 4492 1591 4548 commendatione.

1966 568 2220 633 dalizati,
2251 570 2566 623 deteriores
2597 568 2996 623 redderentur.
3034 563 3099 618 Et
3142 563 3250 617 hoc
3293 565 3402 626 est,
3451 557 3606 628 quod

1966 658 2079 712 ait:
2114 660 2254 713 Nolo
2283 674 2373 713 vos
2394 675 2541 712 nunc
2570 664 2628 712 in
2652 658 2893 712 transitu
2920 653 3141 714 videre;
3175 668 3247 706 ne
3270 653 3416 706 forte
3435 667 3614 705 causa

1968 746 2214 813 itineris,
2248 754 2306 802 et
2335 764 2450 802 non
2502 747 2797 815 manendi,
2830 745 3123 799 videretur
3172 741 3243 795 ad
3284 756 3384 795 eos
3435 738 3615 794 decli-

1969 852 2158 890 nasse.
2195 836 2321 890 Alio
2351 852 2484 890 vero
2515 853 2712 897 sensu,
2756 836 2896 890 dum
2946 850 3009 889 se
3052 829 3446 887 Macedoniam
3492 845 3617 900 per-

1969 925 2216 979 transire
2256 924 2415 989 dicit,
2449 930 2506 978 et
2534 926 2688 995 apud
2721 923 3048 979 Corinthios
3078 921 3177 976 diu
3212 934 3470 981 manere,
3528 918 3610 972 la-

1969 1018 2158 1068 tenter
2186 1012 2317 1069 illos
2346 1013 2566 1081 laudat,
2599 1018 2657 1068 et
2684 1013 2827 1068 istos
2854 1010 3242 1082 reprehendit,
3267 1025 3332 1064 ac
3351 1007 3399 1064 si
3427 1006 3611 1062 dicat:

1974 1103 2036 1156 In
2070 1102 2469 1156 Macedoniam
2491 1102 2883 1174 pertransiho;
2909 1101 3048 1171 quia
3072 1099 3214 1155 nihil
3238 1097 3351 1153 tale
3371 1101 3461 1153 est
3476 1094 3612 1162 illis,

1974 1194 2039 1244 ut
2068 1207 2247 1245 causa
2277 1190 2604 1261 corrigendi
2636 1205 2872 1245 necesse
2902 1189 2979 1243 sit
3011 1186 3246 1242 morari.
3289 1186 3457 1256 Apud
3515 1200 3617 1240 vos

1976 1278 2161 1334 multa
2190 1284 2347 1343 sunt,
2383 1298 2509 1350 quae
2542 1280 2883 1351 corrigenda
2915 1282 3088 1343 sunt;
3120 1282 3177 1331 et
3205 1276 3334 1331 ideo
3365 1273 3616 1341 manebo,

1973 1367 2060 1423 vel
2093 1373 2244 1423 certe
2275 1369 2546 1424 hiemabo.

2046 1458 2362 1528 Sequitur:
2397 1458 2561 1529 Spero
2592 1462 2777 1513 autem
2820 1472 2911 1511 me
2946 1456 3298 1526 aliquantum
3355 1452 3619 1523 temporis

1975 1564 2197 1602 manere
2234 1549 2381 1619 apud
2420 1565 2534 1613 vos,
2590 1552 2700 1603 etc.
2760 1546 3169 1602 Animadverte
3226 1557 3405 1613 quam
3449 1544 3621 1595 caute

1978 1637 2313 1708 promiserit
2344 1637 2459 1691 illis
2490 1637 2782 1692 diutinam
2800 1632 3271 1706 suipraasentiam
3292 1648 3305 1698 ;
3330 1629 3413 1684 ait
3428 1628 3618 1684 enim:

1979 1724 2037 1779 Si
2065 1726 2328 1781 Dominus
2356 1728 2689 1798 permiserit.
2723 1726 2834 1782 Sed
2889 1740 3071 1795 quare
3123 1721 3234 1777 sub
3284 1722 3449 1775 tanta
3493 1733 3628 1772 cau-

1980 1814 2133 1870 tela?
2152 1815 2523 1881 Videlicet,ut
2542 1816 2591 1870 si
2614 1816 2685 1870 ad
2706 1831 2804 1870 eos
2828 1810 3275 1881 venisset,etdiu
3289 1805 3628 1871 mansisset,

1979 1901 2370 1975 intelligerent
2401 1906 2597 1961 divina
2624 1903 3063 1976 dispensatione
3088 1905 3285 1956 actum
3317 1898 3533 1963 fuisse;
3580 1895 3631 1951 si

1981 2009 2112 2047 vero
2146 2010 2261 2048 non
2294 1994 2567 2060 venisset,
2630 1982 2903 2049 similiter
2953 1990 3152 2045 divina
3193 1984 3631 2058 dispensatione

1983 2085 2179 2136 actum
2211 2082 2620 2154 intelligerent,
2645 2087 2700 2137 et
2718 2098 2832 2136 non
2851 2078 3151 2151 Apostolo,
3174 2076 3275 2132 sed
3299 2074 3411 2130 sibi
3434 2074 3627 2143 impu-

1982 2174 2194 2225 tarent.
2228 2172 2358 2226 Haec
2386 2172 2561 2227 etiam
2593 2170 2820 2227 cautela
2850 2168 3018 2225 nobis
3050 2165 3512 2222 commendatur.
3528 2162 3631 2217 Se-

1985 2259 2213 2329 quitur:
2268 2262 2603 2316 Permanebo
2662 2261 2878 2332 Ephesi,
2937 2261 3046 2313 etc.
3107 2254 3332 2320 Quare?
3383 2252 3624 2316 Ostium,

1983 2346 2196 2419 inquit,
2230 2354 2483 2419 apertum
2512 2352 2750 2415 est.etc.,
2771 2347 2939 2420 quasi
2964 2346 3184 2401 diceret
3207 2360 3220 2399 :
3248 2341 3433 2398 Multa
3456 2339 3633 2396 corda

1986 2436 2274 2505 ardentia,
2308 2443 2366 2493 et
2398 2436 2791 2494 desiderantis
2822 2436 2996 2492 ﬁdem
3056 2434 3128 2490 ad
3191 2429 3632 2504 suspiciendam

1984 2525 2382 2597 evangelicum
2414 2527 2743 2581 doctrinam
2776 2528 2978 2597 parata
3004 2527 3166 2579 sunt.

2061 2632 2338 2703 Sequitur
2363 2651 2377 2688 :
2408 2633 2511 2689 Sed
2540 2633 2847 2688 adversarii
2877 2632 3057 2686 multi.
3081 2629 3251 2699 Nam,
3285 2628 3438 2683 sicut
3464 2622 3637 2679 multi

1991 2722 2245 2792 Spiritus
2277 2723 2463 2777 sancti
2497 2722 2684 2794 gratia
2720 2722 3118 2776 incitabantur
3145 2718 3216 2774 ad
3251 2714 3633 2781 credendum,

1988 2811 2073 2865 ita
2103 2810 2266 2865 multi
2300 2812 2637 2865 diemonum
2671 2812 2971 2872 instinctu,
3005 2809 3077 2864 ai
3136 2804 3631 2879 persequendum.

1989 2902 2219 2955 Ostium
2252 2900 2466 2970 quippe
2498 2900 2620 2969 ipse
2648 2906 2737 2955 est
2781 2900 2880 2970 qui
2914 2899 3093 2952 dicit:
3127 2899 3235 2965 Ego
3262 2912 3387 2950 sum
3434 2895 3637 2949 ostium

1993 2990 2167 3057 (Joan.
2193 3006 2246 3053 κ,
2277 2990 2337 3053 7,
2366 2990 2443 3055 9),
2479 2994 2592 3044 etc.
2631 3006 2644 3054 ;
2677 2993 2734 3043 et
2756 2988 2914 3043 item:
2939 2988 3103 3041 Nemo
3132 2986 3279 3040 venit
3300 2983 3376 3039 ad
3397 2984 3639 3045 Patrem,

1992 3079 2105 3130 nisi
2132 3093 2232 3146 per
2256 3093 2341 3130 me
2372 3077 2548 3145 (Joan.
2582 3094 2698 3144 xxv,
2728 3078 2806 3145 6).
2857 3075 3007 3141 Quid
3069 3079 3160 3129 est
3217 3088 3381 3145 ergo,
3428 3070 3645 3134 dicere,

1992 3168 2199 3219 ostium
2253 3166 2399 3220 mihi
2458 3174 2702 3235 apertum
2742 3174 2839 3232 est,
2893 3164 3017 3219 nisi‘
3042 3162 3171 3217 aliis
3200 3161 3397 3216 verbis
3429 3158 3643 3214 dicere.

1993 3254 2169 3308 Sinus
2192 3254 2399 3307 divina
2433 3253 2821 3309 miserstionis
2850 3249 3489 3321 laxatusestsuscipere
3519 3264 3639 3303 cre-

1991 3342 2239 3397 dentes?
2271 3342 2582 3414 Sequitur:
2616 3343 2676 3397 Si
2723 3344 2937 3399 venerit
2971 3339 3301 3404 Timotheus,
3335 3341 3445 3393 etc.
3503 3335 3638 3391 Pro-

1991 3431 2155 3487 misit
2185 3448 2384 3497 suum,
2418 3432 2689 3503 promisit
2717 3437 2773 3487 et
2803 3430 3090 3487 Timothei
3128 3430 3477 3485 adventum:
3509 3425 3637 3497 ipse

1990 3520 2145 3575 enim
2182 3521 2573 3592 non,eratibi,
2632 3521 2771 3591 quia
2827 3520 3048 3575 missus
3108 3519 3297 3573 fuerat
3356 3516 3428 3571 ad
3487 3513 3633 3570 alias

1994 3609 2321 3678 Ecclesiae;
2355 3615 2637 3666 venturus
2664 3615 2858 3665 tamen
2892 3615 3015 3665 erat
3065 3606 3435 3664 Corinthum.
3489 3605 3636 3661 Nam

1992 3698 2133 3770 quia
2156 3699 2467 3771 episcopus
2500 3703 2624 3754 erat
2653 3708 2710 3753 et
2768 3698 2966 3770 magni
3028 3697 3217 3753 meriti
3277 3698 3641 3768 cooperator,

1991 3788 2324 3858 Apostolus,
2357 3789 2487 3841 ideo
2520 3787 2841 3858 plurimum
2875 3785 3161 3841 sollicitus
3193 3789 3318 3840 erat
3365 3799 3467 3855 pro
3526 3781 3650 3848 illo,

1992 3891 2064 3929 ne
2099 3876 2245 3930 forte
2276 3881 2385 3929 aut
2429 3874 2928 3945 pseudoapostoli,
2987 3878 3088 3927 aut
3142 3873 3293 3927 male
3343 3872 3647 3925 credentes

1990 3963 2238 4019 insidias
2267 3962 2351 4017 illi
2384 3968 2797 4033 praepararent,
2823 3966 2880 4015 et
2901 3959 3473 4031 laqueumincideret
3492 3973 3645 4011 mor-

1991 4053 2089 4105 tis.
2117 4051 2425 4121 Sequitur:
2461 4051 2605 4120 0pus
2654 4051 2799 4103 enim
2863 4050 3085 4103 Domini
3130 4054 3428 4110 operatur;
3474 4060 3540 4098 ac
3591 4043 3642 4101 si

1992 4140 2247 4195 diceret:
2281 4138 2472 4203 Illum,
2504 4138 2602 4209 qui
2634 4136 2783 4192 tanti
2817 4135 3012 4191 meriti
3044 4134 3355 4206 estquanti
3386 4135 3646 4205 etego,et

1994 4230 2093 4301 qui
2127 4227 2494 4297 coapostolus
2525 4242 2691 4282 meus
2721 4230 2830 4294 est,
2853 4225 3100 4299 dignum
3129 4228 3218 4281 est
3241 4228 3303 4279 ut
3327 4222 3647 4280 honoriﬁce
3712 4242 3721 4250 ’

1992 4317 2357 4389 suscipiatis.

2064 4406 2372 4478 Sequitur:
2432 4404 2685 4461 Deducite
2736 4408 2925 4461 autem
2973 4405 3138 4459 illum
3192 4406 3256 4459 in
3309 4417 3469 4473 pace,
3512 4404 3644 4469 etc.,

1994 4497 2163 4568 quasi
2196 4495 2411 4552 diceret
2438 4513 2449 4550 :
2480 4496 2672 4565 Illum,
2698 4511 2875 4567 quem
2905 4511 3037 4548 cum
3062 4493 3340 4547 fratribus
3370 4490 3647 4546 omnibus

275 4602 617 4677 Sequitur:
648 4598 798 4667 Quod
828 4599 880 4653 si
908 4597 1136 4669 dignum
1164 4600 1360 4669 fuerit,
1394 4604 1459 4653 ut
1497 4604 1548 4654 et
1600 4614 1697 4668 ego
1744 4617 1885 4657 eam.
1919 4585 1966 4650 D
1998 4589 2296 4677 σειίερρετίο,Δ
2316 4591 2373 4639 et
2403 4584 2503 4677 qui
2537 4589 2709 4677 tanta:
2741 4588 2829 4638 est
2851 4580 3244 4677 auctoritatis,
3267 4580 3643 4677 dignare-est.

210 4699 316 4749 etc.
352 4695 429 4749 Et
462 4694 568 4747 est
600 4703 849 4743 sensus:
884 4686 944 4741 Si
978 4686 1230 4742 multum
1250 4686 1555 4743 collectum
1580 4689 1774 4752 fuerit,
1798 4690 1887 4744 di-

211 4797 397 4855 gnum
429 4779 559 4836 erit
588 4780 658 4831 ut
688 4781 745 4829 et
783 4789 889 4846 ego
938 4791 1090 4840 eam,
1142 4775 1281 4846 quia
1330 4777 1495 4832 decet
1543 4778 1884 4851 episcopum

210 4870 403 4927 multa
434 4881 657 4926 secum
684 4864 927 4931 deferre,
956 4870 1029 4927 ut
1058 4864 1378 4919 multorum
1420 4866 1617 4938 inopia
1657 4873 1887 4923 susten-

209 4964 387 5018 tetur.
424 4958 651 5014 Mecum
680 4953 827 5024 (669)
859 4954 1040 5017 ibunt,
1087 4952 1250 5018 dicit,
1291 4954 1622 5011 utlaetiores
1662 4956 1889 5025 ﬁerent,

210 5050 351 5105 dum
385 5066 455 5106 se
486 5060 638 5102 cum
676 5041 950 5114 episcopo
998 5041 1287 5111 proficisci
1342 5043 1549 5098 debere
1600 5047 1889 5101 audirent.

211 5139 532 5212 Sequitur:
578 5132 825 5188 Veniam
853 5139 1038 5185 autem
1082 5130 1153 5185 ad
1205 5146 1316 5196 vos,
1363 5135 1472 5185 etc.
1529 5130 1889 5203 Notandum,

1999 4681 2191 4729 utnon
2216 4672 2405 4729 solum
2423 4672 2741 4727 honorifice
2764 4663 3122 4743 suscipiatis,
3149 4669 3248 4723 sed
3275 4672 3338 4723 ut
3359 4667 3641 4723 comitatu

1997 4763 2069 4817 ad
2102 4778 2195 4816 me
2225 4761 2546 4827 deducatis,
2583 4764 2645 4813 ut
2674 4759 2733 4813 in
2768 4774 2907 4830 pace
2922 4759 3135 4812 veniat.

2070 4868 2212 4938 (670)
2247 4866 2558 4937 Sequitur:
2595 4866 2666 4919 De
2725 4866 2917 4935 Apollo
2977 4868 3159 4920 autem
3207 4863 3411 4939 fratres
3468 4864 3639 4935 (671),

1996 4966 2186 5011 notum
2218 4956 2361 5010 vobis
2388 4956 2551 5025 facio,
2587 4960 2694 5008 etc.
2728 4953 2829 5009 llis
2863 4970 3119 5025 namque
3160 4953 3349 5009 verbis
3389 4951 3646 5008 ostendit

2000 5043 2310 5116 Apostolus
2340 5060 2400 5098 se
2432 5043 2770 5098 satisfacere
2827 5042 3086 5097 voluisse
3135 5044 3405 5114 precibus
3443 5037 3644 5094 Corin-

2000 5133 2282 5189 thiorum.
2318 5132 2645 5187 Manil’estat
2670 5133 2869 5198 etiam,
2902 5131 3169 5204 quamvis
3211 5131 3459 5185 latenter
3508 5126 3647 5197 quia

210 5230 354 5300 quia
382 5244 513 5282 non
552 5220 753 5279 solum
785 5220 1099 5274 adventum
1130 5235 1305 5273 suum
1337 5221 1649 5290 promittit,
1680 5223 1780 5277 sed
1837 5227 1896 5278 et
1999 5222 2115 5296 ipsi
2148 5220 2459 5295 petierunt,
2490 5226 2555 5275 ut
2585 5222 2655 5275 ad
2679 5238 2777 5276 eos
2810 5220 3086 5293 dirigeret
3118 5214 3644 5291 Apollo,quoniam

213 5318 554 5373 diutinum.
594 5310 791 5375 Quare
818 5307 1269 5381 ergodiutinum
1294 5309 1794 5379 promittit‘Hdeo,
1820 5328 1893 5369 ne
2003 5313 2073 5366 de
2111 5310 2258 5382 ipsis
2287 5315 2427 5366 erat.
2490 5310 2651 5376 Quod
2706 5326 2839 5365 vero
2891 5308 3122 5363 distulit
3157 5305 3352 5360 venire
3401 5304 3473 5361 ad
3521 5320 3643 5377 eos,

213 5407 385 5476 forte,
420 5407 587 5462 dum
623 5398 895 5455 audirent
923 5413 1053 5453 eum
1076 5397 1246 5467 juxta
1271 5398 1576 5464 transisse,
1608 5404 1664 5455 et
1692 5400 1762 5457 ad
1794 5417 1893 5460 eos

287 5603 451 5674 (669)
472 5600 704 5674 Autog.
739 5592 1003 5651 multum.

293 5661 452 5749 i670)
488 5673 560 5728 In
598 5661 795 5739 ειιῑιοε.
821 5679 1006 5738 marg.
1030 5661 1126 5721 hic
1151 5661 1364 5737 legitur
1388 5680 1516 5736 cap.
1554 5663 1750 5721 vau

2004 5399 2261 5457 ostendit
2298 5399 2451 5454 idem
2481 5397 2791 5467 Apostolus
2822 5416 2935 5453 non
2983 5397 3053 5450 ad
3103 5411 3166 5450 se
3217 5393 3484 5463 attinere,
3540 5393 3642 5450 sed

2078 5596 2166 5667 (67
2176 5596 2201 5652 t
2234 5596 2407 5667 Vulg.
2436 5598 2631 5665 /ratre.
