4034 6166
407 329 521 391 411

1422 331 1763 394 ATTONIS
1808 329 2398 397 VERCELLENSIS
2443 331 2797 394 EPISCOPI

3698 323 3825 388 412

410 463 606 534 potius
636 461 708 518 ad
741 461 937 534 ipsum
967 479 982 530 ;
1014 467 1305 535 quatenus
1337 461 1456 519 haec
1489 463 1813 525 audientes.
1866 481 2046 536 quare
2078 468 2134 534 Α
2237 464 2549 536 Sequitur:
2606 464 2866 519 Salutant
2910 478 3001 519 vos
3056 477 3242 518 omnes
3315 459 3582 518 Ecclesiae
3655 458 3828 518 Asilae.

411 551 704 607 distulerit
753 552 823 607 ad
881 569 982 608 eos
1036 554 1250 620 venire,
1302 552 1712 626 intelligerent,
1766 554 2052 622 videlicet,

413 641 567 713 quod
591 641 842 696 audierit
862 641 1015 697 inter
1035 659 1132 698 eos
1150 642 1571 711 dissensiones,
1599 648 1656 698 et
1677 643 1978 712 scandala;
1999 649 2055 698 et

407 729 626 786 idcirco
657 729 777 786 haec
808 731 1220 804 intelligentes,
1255 749 1395 787 suos
1427 749 1650 788 errores
1672 733 2050 804 corrigerent,

407 835 666 890 suosque
695 820 869 875 etiam
903 837 1095 876 mores
1125 826 1438 887 mutarent,
1473 829 1530 876 et
1559 823 1930 878 Timotheum
1965 840 2054 878 ve-

408 908 666 965 nientem
699 909 1020 964 honorifice
1041 911 1430 981 susciperent,
1457 916 1538 977 ut,
1566 928 1791 967 reverso
1813 929 1877 967 eo
1901 913 2054 967 bona

319 1066 326 1070 ἢ
409 997 480 1052 de
512 996 625 1052 illis
658 1002 950 1063 narrante,
988 997 1142 1053 idem
1165 997 1370 1070 Apollo
1394 1000 1755 1055 occasionem
1779 1001 1954 1056 eundi
1979 1001 2050 1056 ad

407 1102 505 1141 eos
532 1090 806 1141 sumeret.

478 1175 624 1244 (672)
656 1175 962 1246 Sequitur:
1003 1177 1246 1244 Vigilate.
1283 1177 1406 1232 Non
1441 1182 1559 1234 tam
1588 1181 2051 1251 corporis,quam

405 1263 601 1342 potius
615 1264 830 1318 mentis
847 1265 1014 1320 docet
1028 1265 1306 1336 vigiliam.
1331 1267 1637 1338 Sequitur:
1665 1269 1883 1323 Stalein
1925 1271 2049 1339 ﬁde.

407 1356 539 1407 Haec
570 1353 723 1407 enim
758 1357 877 1407 tam
909 1352 1028 1408 illis
1060 1355 1330 1410 convenit
1353 1357 1450 1426 qui
1473 1363 1850 1423 recesserant,
1874 1375 2048 1430 quam

406 1441 501 1497 bis
534 1441 631 1512 qui
667 1441 725 1495 in
749 1442 950 1497 eadem
979 1451 1439 1513 permanserant.
1468 1446 1775 1517 Sequitur:
1809 1449 2054 1503 l’iriliter

406 1532 570 1601 agite.
601 1529 717 1586 Viri
741 1546 974 1601 quoque
995 1531 1053 1586 in
1077 1532 1259 1587 sacris
1284 1534 1600 1605 Scripturis
1623 1552 1724 1606 pro
1761 1537 2049 1606 perfectis,

409 1617 685 1687 mulieres
708 1636 810 1690 pro
832 1619 1188 1691 imperfectis
1211 1623 1393 1694 accipi
1417 1623 1640 1679 solent:
1664 1630 1721 1679 et
1741 1626 1868 1680 ideo
1889 1625 2049 1696 dicit,

407 1707 664 1775 viriliter,
699 1725 834 1775 non,
861 1726 1020 1764 more
1052 1710 1387 1775 mulierum,
1427 1714 1732 1779 enerviter,
1767 1731 1830 1768 ac
1862 1713 2050 1769 molli-

407 1801 523 1852 ter:
560 1796 978 1868 Co-nfortamini,
1011 1799 1119 1854 hoc
1149 1809 1258 1868 est,
1291 1801 1348 1855 in
1379 1817 1445 1856 ea
1477 1802 1608 1869 fide,
1642 1819 1708 1858 ac
1740 1803 1863 1874 ipse
1905 1803 2050 1858 invi-

2166 553 2423 626 Dignum
2457 554 2674 625 quippe
2703 559 2810 620 est,
2840 557 2906 607 ut
2935 550 3202 624 specialis
3224 549 3482 606 Ecclesia
3501 567 3532 604 a
3556 549 3824 622 generali

2165 642 2450 714 suscipiat
2479 641 2913 698 salutationem.
2949 641 3256 696 Praemissa
3285 639 3542 712 generali
3588 637 3824 694 saluta-

2163 731 2342 798 tione,
2378 732 2509 802 subj
2522 733 2687 786 unxit
2717 730 3051 803 specialem.
3085 729 3396 800 Sequitur:
3422 728 3684 783 Salutant
3729 744 3826 784 vos

2164 821 2400 874 multum
2430 821 2489 874 in
2514 821 2746 875 Domino
2767 818 2990 891 Aquila,
3012 827 3062 874 et
3087 818 3365 885 Priscilla,
3388 822 3496 873 etc.
3523 817 3629 871 Isti
3654 818 3818 872 enim

2164 909 2412 964 maritus
2443 914 2498 964 et
2527 927 2670 965 uxor
2699 907 3057 980 intelligendi
3094 911 3249 963 sunt.
3286 907 3352 962 Ili
3401 907 3582 961 etiam
3630 905 3817 961 Paulo

2164 999 2460 1068 conjuncti
2491 1003 2770 1064 erant;et
2801 997 2941 1069 quia
3000 1013 3223 1068 magna)
3281 996 3436 1064 ﬁdei,
3489 995 3824 1066 magnique

2163 1091 2330 1142 erant
2360 1087 2570 1152 meriti,
2604 1086 2733 1142 ideo
2765 1085 3174 1142 salutationem
3209 1101 3410 1140 eorum
3445 1083 3824 1138 direxit.de-

2164 1176 2466 1230 mesticam
2500 1175 2733 1230 illorum
2766 1175 3072 1231 ecclesiam
3105 1189 3202 1229 eos
3235 1173 3506 1245 appellat,
3543 1173 3652 1244 qui
3698 1176 3818 1226 tam

2161 1266 2502 1320 eorumdem
2537 1264 2838 1331 doctrinis,
2872 1279 3050 1335 quam
3083 1268 3142 1318 et
3171 1261 3466 1318 alimoniis
3506 1265 3821 1317 sustenta-

2164 1353 2401 1408 bantur.

2234 1443 2539 1514 Sequitur:
2594 1443 2853 1498 Satutant
2909 1458 3001 1497 vos
3045 1444 3248 1512 fratres
3295 1456 3497 1496 omnes.
3558 1439 3822 1511 Dignum

2163 1537 2313 1587 certe
2343 1537 2452 1595 est,
2485 1537 2548 1585 ut
2577 1532 2648 1586 ab
2680 1530 2954 1586 omnibus
3009 1529 3286 1584 fratribus
3346 1527 3475 1583 aliis
3534 1527 3822 1583 omnibus

2161 1620 2438 1676 salutatio
2456 1619 2760 1691 dirigatur,
2781 1619 2836 1673 id
2853 1623 2958 1685 est,
2984 1617 3143 1674 salus
3164 1622 3414 1689 optetur.
3442 1621 3586 1671 Post
3607 1631 3818 1672 omnes

2162 1725 2394 1780 quoque
2425 1707 2827 1773 salutationes,
2861 1707 3167 1778 subjunxit
3220 1710 3278 1760 et
3325 1721 3516 1768 suam,
3576 1703 3814 1760 dicens:

2159 1799 2433 1852 Salutatio
2458 1813 2580 1852 mea
2626 1813 2797 1850 manu
2851 1795 3038 1851 Pauli.
3090 1797 3272 1860 Quam
3333 1793 3574 1865 propria
3635 1810 3817 1848 manu

1011 1849 1115 1854 -η
1154 1849 1258 1868 η-,
1381 1849 1445 1856 ν-
1477 1849 1608 1869 κη,
1643 1849 1706 1858 η
1742 1849 1862 1874 Tw
2852 1849 2869 1851 κ
3028 1849 3037 1851 ν
3098 1849 3128 1860 ς
3333 1849 3352 1865 .
3443 1849 3461 1864 .

408 1885 902 1946 cemconsolando
918 1889 1809 1947 corroboraminiAdhecetiam
1826 1892 2052 1960 attinet,
2085 1849 2131 1914 Β
2163 1887 2494 1953 conﬁrmat,
2526 1903 2662 1940 cum
2694 1884 3028 1956 SUbjunXiti
3063 1884 3124 1939 Si
3144 1885 3264 1956 (Ιυίδ
3291 1900 3405 1937 ηοη
3437 1892 3596 1938 ama‘
3628 1884 3822 1938 Domi“

407 1975 564 2044 quod
586 1975 877 2046 sequitur:
910 1975 1106 2032 Omnia
1128 1983 1307 2034 vestra
1328 1981 1388 2034 in
1407 1981 1677 2035 charitate
1694 1981 1857 2049 ﬁant:
1885 1981 2051 2052 quasi

405 2062 674 2118 dixisset:
698 2063 1112 2136 Unusquisque
1136 2083 1249 2121 non
1263 2085 1430 2122 suam
1447 2067 1818 2124 solummodo
1831 2074 2054 2140 quaerat

405 2149 679 2216 salutem,
711 2153 811 2208 sed
838 2153 1084 2209 fratrum
1116 2157 1400 2210 omnium.

477 2239 625 2308 (673)
655 2240 957 2311 Sequitur:
993 2242 1228 2298 Obsecro
1255 2253 1436 2299 autem
1464 2262 1573 2311 vos,
1606 2250 1830 2316 /ratres,
1878 2251 2052 2304 nostis

405 2326 626 2381 domum
679 2331 994 2399 Stephants,
1053 2338 1104 2386 et
1159 2333 1470 2403 Fortunati,
1525 2339 1632 2389 etc.
1690 2336 1758 2391 Hi
1820 2354 2051 2409 quoque

399 2416 673 2487 primitiae
704 2417 926 2474 Achaiae
956 2419 1254 2491 dicuntur,
1290 2423 1428 2494 quia
1457 2423 1628 2495 primi
1661 2441 1728 2480 ex
1769 2443 1834 2481 ea
1865 2429 2051 2483 credi-

405 2505 546 2560 deru
559 2509 620 2560 nt
639 2523 651 2561 :
685 2508 748 2562 in
767 2509 1145 2564 ministerium
1163 2513 1329 2565 etiam
1342 2523 1656 2569 sanctorum
1667 2517 1719 2569 si
1732 2517 1873 2586 ipsos
1893 2519 2050 2573 ordi-

403 2598 693 2660 naverunt,
727 2595 866 2667 quia
896 2603 1168 2670 suppteto
1198 2617 1305 2654 sua
1327 2617 1686 2674 suorumque
1709 2606 2051 2662 necessitate

405 2698 654 2754 quaque
676 2683 886 2741 habere
915 2691 1205 2758 poterant,
1220 2691 1577 2761 pauperibus
1599 2709 1838 2765 erogare
1859 2695 2051 2751 decre-

405 2775 629 2826 verant.
656 2771 720 2827 In
747 2789 813 2829 eo
839 2791 992 2842 vera,
1013 2777 1170 2847 quod
1203 2778 1359 2846 dicit,
1384 2785 1445 2835 ut
1473 2786 1527 2836 et
1557 2798 1646 2837 vos
1674 2784 1880 2838 subditi
1906 2787 2047 2851 silis,

408 2864 675 2914 nontam
745 2877 844 2918 eos
904 2864 1193 2935 subditos,
1245 2884 1422 2938 quam
1485 2871 1678 2942 potius
1727 2871 2049 2930 imitatores

405 2964 630 3013 eorum,
665 2955 728 3005 ut
759 2951 903 3007 alios
929 2953 1199 3009 subditos
1231 2955 1506 3025 habeant,
1531 2965 1710 3031 Optat.
1737 2961 2047 3033 Sequitur:

406 3036 618 3093 Gaudeo
649 3037 834 3096 autem
865 3043 922 3096 in
952 3046 1253 3114 praesentia
1273 3047 1583 3117 Stephants,
1617 3053 1724 3104 etc.
1753 3051 1851 3104 Isti
1893 3052 2047 3106 enim

403 3125 484 3195 id,
517 3129 671 3199 quod
703 3129 900 3186 deerat
929 3130 1066 3203 illis,
1099 3134 1491 3204 praedicando,
1522 3142 1580 3192 et
1609 3137 1666 3192 in
1701 3139 1814 3193 ﬁne
1844 3141 2050 3196 conﬁr-

2163 1992 2296 2030 num
2324 1977 2503 2031 Iesum
2557 1975 2850 2039 Christum,
2876 1979 2985 2029 etc.
3023 1973 3247 2040 Quibus
3278 1972 3470 2028 verbis
3521 1988 3628 2026 eos
3693 1988 3821 2043 per-

2161 2065 2325 2130 cutit,
2359 2064 2458 2136 qui
2491 2080 2687 2119 amore
2718 2063 3026 2118 hominum
3059 2061 3250 2130 divisi,
3284 2060 3382 2116 alii
3413 2060 3699 2131 Petriani,
3724 2060 3819 2116 alii

2162 2153 2428 2208 Pauliani
2451 2153 2814 2208 dicebantur.
2837 2152 3142 2208 Anathema
3171 2151 3448 2206 Hebraeus
3471 2166 3672 2205 sermo
3698 2154 3817 2217 est;

2161 2243 2576 2314 interpretatur
2607 2246 2801 2297 autem
2833 2241 3118 2311 perditus,
3151 2241 3268 2296 sive
3299 2238 3552 2294 alienus.
3619 2244 3819 2295 Maron

2161 2332 2299 2386 Athe
2331 2348 2485 2397 vero,
2517 2348 2634 2386 non
2695 2335 2815 2386 tam
2867 2331 3162 2396 Hebraeus,
3215 2343 3396 2400 quam
3445 2332 3654 2400 Syrus.
3709 2329 3816 2383 Sed

2161 2424 2398 2492 propter
2425 2420 2638 2492 linguae
2670 2419 2954 2474 unitatem
2987 2419 3109 2474 fieri
3144 2422 3354 2490 potest,
3391 2422 3457 2472 ut
3486 2417 3537 2472 si
3577 2434 3814 2489 compo-

2161 2508 2340 2564 situm
2374 2508 2584 2580 linguae
2619 2508 2901 2563 unitatem
2934 2508 3057 2562 fieri
3089 2511 3299 2579 potest,
3346 2511 3412 2560 ut
3470 2506 3519 2561 si
3567 2523 3814 2578 compo-

2161 2599 2338 2654 situm
2371 2615 2440 2653 ex
2474 2597 2710 2652 Hebraeo
2741 2603 2798 2652 et
2852 2601 3014 2669 Syro,
3073 2601 3128 2651 et
3183 2596 3646 2666 interpretetur:
3707 2597 3811 2650 Do-

2162 2690 2342 2742 minus
2362 2695 2552 2742 noster
2571 2689 2750 2742 venit:
2783 2690 2846 2741 ut
2875 2687 2952 2741 sit
2981 2702 3222 2742 sensus:
3257 2685 3313 2739 Si
3344 2685 3481 2756 quis
3509 2702 3630 2740 non
3658 2689 3819 2740 amat

2157 2777 2489 2840 Dominum,
2525 2775 2601 2831 sit
2629 2774 2965 2840 anathema,
2999 2775 3198 2830 Maran
3230 2773 3413 2829 Atba:
3447 2773 3561 2829 hoc
3592 2779 3707 2843 est,
3760 2773 3819 2828 in

2160 2867 2412 2921 adventu
2443 2863 2602 2919 illius
2634 2865 2712 2919 sit
2742 2865 3024 2936 perditus,
3049 2867 3108 2919 et
3137 2880 3170 2918 a
3189 2862 3484 2918 consortio
3507 2864 3819 2933 justorum

2161 2953 2775 3011 alienatus.Adventus
2789 2952 3006 3024 quippe
3023 2951 3327 3022 ejus,sicut
3339 2952 3817 3023 eritgloriﬁcatio

2159 3043 2471 3109 honorum,
2505 3043 2585 3096 ita
2605 3042 2713 3096 erit
2736 3045 2794 3097 et
2823 3041 3228 3097 condemnatio
3261 3040 3576 3096 malorum.
3613 3041 3682 3096 Et
3709 3041 3817 3096 hoc

2160 3149 2276 3188 non
2299 3131 2556 3202 optantis
2579 3136 2708 3186 voto
2730 3130 2871 3185 dicit
2892 3129 3228 3201 Apostolus,
3252 3130 3351 3184 sed
3379 3131 3578 3202 potius
3595 3131 3814 3202 Spiritu

404 3216 598 3272 nando
631 3218 1070 3292 suppleverunt.
1099 3222 1406 3294 Sequitur:
1441 3227 1762 3296 nefacerunt
1801 3231 1951 3283 enim
1997 3239 2049 3286 ει
2081 3221 2124 3286 C
2163 3219 2551 3294 praedicentis.
2575 3220 2882 3291 Sequitur:
2911 3221 3104 3276 Gratia
3125 3220 3350 3275 Domini
3367 3221 3488 3275 Jesu
3511 3220 3814 3274 vobiscum.

402 3321 587 3361 meum
643 3308 926 3378 spiritum,
961 3310 1098 3381 quia
1127 3327 1490 3384 quaecunque
1522 3315 1666 3370 mihi
1719 3301 2048 3374 necessaria

401 3395 1245 3461 sunt,subministraverunt:et
1267 3406 1524 3473 vestrum,
1543 3405 1819 3475 quoniam
1843 3413 2045 3462 vestra:

402 3482 708 3538 charitatis
738 3501 917 3539 causa
945 3486 1053 3542 hoc
1087 3495 1351 3559 egerunt.
1386 3491 1700 3562 Sequitur:
1737 3496 2049 3565 Cognoscite

403 3585 531 3640 ergo
561 3573 658 3641 qui
685 3572 953 3644 ejusmodi
979 3583 1141 3642 sunt;
1175 3576 1282 3631 hoc
1314 3583 1420 3643 est,
1445 3579 1743 3647 honorate,
1768 3583 2043 3640 honorem

406 3657 743 3730 impcndite.
769 3661 993 3724 Quibus
1023 3665 1214 3719 verbis
1243 3667 1518 3738 ostendit,
1554 3671 1706 3741 quod
1743 3671 1823 3735 hi,
1857 3673 1956 3742 qui
1988 3674 2047 3728 iu

403 3747 664 3804 Ecclesia
693 3750 934 3820 majoris
963 3752 1142 3807 studii
1177 3759 1334 3821 sunt,
1366 3755 1453 3810 vel
1485 3763 1656 3825 certe,
1685 3763 1747 3814 ut
1785 3761 2046 3831 doceant,

405 3834 492 3891 vel
519 3841 583 3891 ut
601 3853 709 3893 sua
731 3839 1087 3912 pauperibus
1109 3842 1391 3911 tribuant,
1419 3848 1630 3918 majori
1652 3848 1868 3906 honore
1889 3851 2048 3924 digni

407 3925 660 3981 habendi
692 3933 830 3982 sunt
858 3945 872 3996 ;
908 3931 1062 3986 unde
1094 3931 1247 3988 idem
1280 3933 1414 3989 alibi
1444 3951 1456 3992 :
1487 3936 1804 4009 Presbyteri
1839 3941 2054 4010 duplici

404 4015 607 4072 honore
634 4016 792 4088 digni
818 4017 1120 4075 habeantur
1149 4023 1193 4093 (1
1226 4024 1360 4078 Tim.
1399 4041 1447 4093 v,
1481 4027 1589 4092 17),
1621 4031 1729 4082 etc.

477 4141 630 4282 (672g
665 4143 748 4197 In.
784 4157 979 4216 autog.
1008 4163 1193 4220 marg.
1219 4148 1314 4229 hic
1337 4148 1550 4220 legitur
1566 4167 1692 4223 cap.
1736 4154 1977 4210 LXVIII.

479 4213 608 4282 (673
662 4213 723 4267 In
758 4220 934 4282 autog
965 4233 1149 4282 marg.
1184 4219 1278 4274 hic
1313 4219 1526 4282 legitur
1556 4239 1682 4282 can.
1718 4225 1904 4281 LXIX.

479 4213 629 4282 (673)
662 4213 723 4267 In
758 4213 1278 4290 autog‘margfhic
1313 4213 1526 4292 legitur
1556 4213 1682 4295 cap.
1718 4225 1904 4281 LXIX.

2160 3311 2226 3365 Et
2256 3314 2346 3365 est
2374 3325 2614 3364 sensus:
2647 3313 2765 3364 Hoc
2797 3313 2950 3379 opto,
2985 3312 3050 3363 ut
3078 3307 3378 3380 illagratia
3400 3308 3477 3363 sit
3501 3309 3810 3365 vobiscum

2158 3401 2296 3469 quia
2325 3398 2500 3453 creati
2533 3397 2694 3464 estis,
2729 3413 2962 3468 quaque
2991 3397 3167 3452 etiam
3201 3397 3509 3468 redempti.

2228 3487 2540 3559 Sequitur:
2569 3487 2821 3541 Charitas
2850 3502 2972 3542 mea
2999 3503 3125 3541 cum
3156 3486 3408 3542 omnibus
3436 3487 3611 3543 vobis.
3671 3487 3816 3542 Cha-

2159 3576 2300 3630 ritas
2333 3591 2566 3646 quoque
2600 3573 2762 3629 Pauli
2787 3579 2912 3630 erat
2932 3575 3017 3630 sic
3037 3573 3284 3630 aliorum
3305 3581 3509 3646 optare
3529 3574 3815 3641 salutem,

2159 3664 2658 3736 quemadmodum
2693 3680 2860 3718 suam
2881 3665 3047 3735 (674).
3072 3665 3142 3719 Et
3160 3663 3312 3730 ideo,
3339 3666 3396 3718 in
3421 3663 3645 3720 Christo
3664 3665 3824 3732 Iesu,

2161 3753 2327 3825 quasi
2361 3752 2620 3808 diceret:
2653 3753 2730 3807 Ea
2759 3751 3039 3808 charitate
3095 3770 3198 3808 vos
3245 3752 3490 3824 diligite,
3539 3770 3660 3824 qua
3707 3770 3825 3828 ego

2159 3859 2263 3897 vos
2295 3840 2511 3913 diligo;
2546 3840 2654 3896 hoc
2685 3845 2792 3911 est,
2824 3845 2890 3896 ut
2946 3858 3060 3897 non
3113 3842 3306 3897 solum
3359 3846 3648 3906 vestram,
3722 3844 3830 3898 sed

2161 3929 2427 3986 omnium
2459 3929 2804 3985 desideretis
2838 3929 3113 3986 salutem.
3145 3931 3336 3995 Amen,
3353 3947 3548 3985 sermo
3570 3935 3667 3986 est
3685 3947 3835 3988 con-

2162 4019 2532 4082 ﬁrmationis,
2568 4035 2683 4089 quo
2716 4018 2914 4073 omnia
2935 4019 3244 4075 conﬁrmat
3263 4018 3597 4090 superiora.

2695 4107 2862 4176 Finit,
2897 4109 3001 4164 Deo
3045 4109 3277 4179 gratias.

2236 4230 2390 4300 (674)
2424 4230 2486 4284 In
2519 4233 2716 4302 autog.
2751 4246 2936 4302 marg.
2969 4229 3064 4286 hic
3096 4230 3311 4303 legitur
3341 4249 3468 4304 cap.
3522 4233 3685 4288 LXX.

929 4441 1541 4538 EPISTULA
1611 4446 2192 4546 SECUNDA
2260 4453 2425 4546 AD
2490 4453 3285 4548 COBINTHIOS.

957 4727 1488 4784 ARGUMENTUM.

481 4813 635 4866 Beati
670 4813 833 4868 Pauli
865 4816 1109 4887 apostoli
1142 4819 1460 4874 secundam
1490 4819 1811 4892 Epistolam
1843 4822 1914 4877 ad
1949 4822 2055 4877 Co-

406 4900 918 4972 rinthioslecturi,
953 4905 1100 4961 scire
1131 4907 1414 4964 debemus
1463 4908 1846 4965 intentionem
1895 4910 2056 4967 illius

406 4995 712 5062 penetrare
744 5009 849 5048 nos
883 5009 1072 5064 posse,
1096 4995 1144 5050 si
1172 5012 1276 5051 nos
1299 5013 1430 5052 cum
1455 4997 1551 5052 illo
1574 4999 1912 5071 peregrinos
1929 5017 2056 5056 esse

406 5079 755 5136 recolamus.
797 5083 945 5151 (675)
975 5084 1177 5140 omnis
1208 5087 1390 5150 enim,
1423 5088 1521 5158 qui
1548 5088 1619 5142 ad
1643 5087 1936 5144 ccelestem
1960 5107 2055 5161 pa-

405 5168 575 5224 triam
600 5169 808 5242 tendit,
834 5172 1176 5244 peregrinus
1198 5182 1287 5230 est
1307 5177 1556 5232 mundo:
1582 5182 1636 5232 et
1661 5179 1921 5249 quandiu
1946 5179 2054 5235 hac

405 5257 523 5313 vita
552 5259 756 5330 utitur,
808 5263 975 5334 quasi
1031 5263 1086 5318 in
1148 5264 1340 5320 aliena
1395 5267 1584 5338 patria
1633 5273 2050 5326 commoratur.

405 5344 841 5419 Verumtamen,
875 5352 1014 5424 quia
1039 5353 1158 5409 base
1191 5354 1310 5409 vita
1339 5355 1733 5411 ineifabilibus
1766 5355 1937 5429 plena
1966 5362 2055 5414 est

407 5436 703 5505 periculis,
727 5445 903 5511 atque
921 5442 1164 5500 diversis
1185 5441 1645 5510 calamitatibus,
1672 5444 1884 5501 idcirco
1908 5463 2053 5518 pau-

2079 4737 2128 4802 D
2159 4751 2360 4791 corum
2391 4739 2477 4791 est
2507 4751 2663 4804 vere,
2694 4737 3066 4810 perfecteque
3107 4742 3285 4793 Deum
3319 4753 3520 4802 nosse,
3552 4743 3663 4794 aut
3696 4739 3845 4795 dili-

2166 4841 2300 4897 gere
2327 4843 2339 4880 :
2375 4825 2482 4880 hoc
2509 4828 2616 4893 est,
2639 4827 2950 4898 perpaucis
2971 4831 3062 4882 est
3079 4829 3412 4900 praeceptum
3431 4826 3668 4884 Domini
3691 4829 3847 4886 luci-

2161 4913 2293 4968 dum
2328 4915 2656 4970 illuminans
2685 4915 2867 4970 oculos
2897 4916 3066 4982 (Psal.
3099 4931 3258 4986 xvm,
3289 4914 3344 4986 9)
3371 4932 3384 4982 ;
3444 4914 3503 4970 id
3554 4921 3652 4972 est
3702 4934 3851 4990 per-

2164 5003 2338 5074 pauci
2369 5007 2526 5071 sunt,
2557 5003 2658 5075 qui
2690 5003 2774 5058 ita
2804 5005 3054 5075 perfecte
3093 5005 3273 5060 Deum
3325 5011 3720 5076 cognoscant,
3782 5012 3854 5063 ut

2165 5107 2270 5146 nec
2300 5092 2360 5146 in
2394 5092 2513 5159 Dei,
2548 5108 2652 5148 nec
2684 5092 2742 5147 in
2774 5093 3021 5164 proximi
3052 5092 3364 5149 dilectione
3395 5093 3730 5153 offendant.
3771 5101 3854 5151 At

2164 5184 2303 5236 tunc
2334 5180 2413 5248 hi,
2449 5180 2666 5252 quibus
2697 5186 2785 5236 est
2806 5186 3158 5254 praeceptum
3187 5179 3452 5237 lucidum
3477 5181 3852 5241 illuminans

2164 5268 2384 5335 oculos,
2419 5276 2766 5342 agnoscunt,
2800 5273 2941 5344 quia
2967 5272 3249 5327 universa
3274 5272 3384 5328 viae
3413 5271 3646 5328 Domini
3672 5276 3857 5330 mise—

2163 5359 2428 5424 ricordia,
2449 5362 2499 5413 et
2528 5361 2728 5415 veritas
2758 5361 2931 5431 (Psal.
2977 5376 3131 5426 xxxv,
3167 5357 3276 5431 10).
3306 5358 3534 5424 Quibus
3552 5360 3582 5415 ?
3617 5362 3860 5435 Requi-

2164 5447 2859 5506 rentibustestamentum
2881 5450 3030 5521 ejus,
3054 5451 3112 5505 et
3123 5447 3464 5504 testimonia
3481 5449 3617 5520 ejus
3640 5451 3853 5524 (Ibid).

479 5564 626 5648 (Q75)
657 5567 721 5620 In
751 5571 949 5639 autog.
993 5585 1177 5642 marg.
1233 5567 1447 5641 legitur
1501 5567 1596 5625 hic
1663 5587 1789 5643 cap.
1852 5570 2040 5643 LXXI,
2082 5569 2304 5629 scilicet
2339 5573 2664 5633 numeratis
2699 5573 2944 5648 hujusce
2992 5591 3127 5633 cum
3169 5573 3370 5648 primae
3410 5573 3693 5648 Epistolas
3744 5593 3858 5635 ce-

409 5634 651 5708 pitibus.
