4070 6168
236 343 345 406 413

780 340 1192 407 EXPOSITIO
1237 342 1312 404 IN
1359 342 1793 405 EPISTOLAS
1838 340 2095 404 PAULI.
2130 372 2207 388 -
2244 343 2323 403 ΙΝ
2368 343 2620 406 EPIST.
2663 341 2717 403 II
2763 343 2866 404 AD
2912 340 3088 404 COR.

3519 335 3641 398 414

303 476 454 548 (676)
482 476 613 533 Ηωο
645 493 877 550 quoque
907 476 1165 549 Epistola
1192 482 1610 533 testamentum
1644 475 1743 532 Dei
1766 480 1874 545 est,
1907 474 1961 541 Α
1995 474 2117 548 qui,
2150 493 2285 531 cum
2319 477 2390 533 ad
2422 477 2676 549 aliquem
2710 474 3116 532 ecclesiasticae
3166 470 3469 546 dignitatis
3499 486 3639 544 gra-

240 572 291 624 et
325 566 512 622 multa
544 566 603 621 in
628 584 697 623 ea
724 563 824 623 Dei
851 567 1187 624 testimonia
1208 569 1597 623 continentur.
1634 567 1718 621 Illi
1746 583 1882 637 ergo

239 656 450 729 quibus
480 662 570 712 est
601 663 953 729 praeceptum
975 657 1209 713 Domini
1240 656 1503 712 lucidum
1539 656 1884 713 illuminans

238 745 453 811 oculos,
487 750 543 800 et
574 746 675 817 qui
709 747 1014 818 requirunt
1036 752 1454 802 testamentum
1486 746 1607 813 Dei,
1633 751 1690 801 et
1720 746 1881 801 testi-

237 834 431 891 monia
459 838 607 903 ejus,
633 837 851 906 quique
874 836 1050 891 etiam
1083 853 1250 891 suam
1280 841 1606 906 agnoscunt
1630 836 1882 907 peregri-

236 925 550 988 nationem,
584 925 762 995 huius
801 931 1049 996 possunt
1079 926 1337 997 Apostoli
1360 931 1665 997 penetrare
1688 924 1881 981 inten-

234 1015 472 1084 tionem,
506 1014 785 1085 quoniam
816 1014 955 1069 alibi
985 1031 1224 1086 corpore
1266 1016 1624 1082 detinentur,
1657 1020 1713 1069 et
1742 1014 1881 1070 alibi
1922 1028 1927 1031 ‘

234 1107 427 1160 mente
455 1102 845 1175 delectantur,
865 1104 1367 1175 quemadmodum
1386 1105 1511 1175 ipse
1541 1104 1877 1175 Apostolus.

230 1196 593 1264 Quapropter
622 1192 726 1263 illi,
762 1194 862 1264 qui
913 1209 1173 1265 corpore,
1208 1198 1265 1248 et
1314 1198 1505 1248 mente
1539 1194 1760 1248 mundo
1790 1193 1878 1248 in-

230 1283 473 1346 hmrent,
506 1281 873 1353 impossibile
922 1287 1029 1350 est,
1063 1288 1127 1337 ut
1156 1282 1343 1353 ipsius
1391 1283 1658 1354 Apostoli
1688 1282 1877 1338 inten-

225 1372 446 1426 tionem
479 1376 784 1443 penetrare
816 1371 1064 1444 possint.
1792 1390 1793 1393 η

294 1458 501 1514 Sciens
532 1464 727 1515 autem
760 1460 1075 1532 Apostolus
1107 1477 1298 1527 suam,
1334 1477 1510 1533 quam
1543 1461 1612 1515 ad
1648 1460 1877 1531 plebem

230 1547 661 1605 Corinthiorum
693 1550 1119 1621 corrigendam,
1139 1556 1374 1622 propter
1396 1549 1611 1605 multos
1642 1549 1877 1604 illorum

230 1653 477 1707 errores,
512 1637 753 1705 dixerat,
789 1639 1102 1710 profecisse
1150 1638 1483 1709 epistolam,
1536 1643 1705 1711 parat
1734 1638 1875 1693 diri-

230 1741 360 1798 gere
391 1727 712 1781 secundam
744 1728 815 1783 ad
848 1728 1343 1783 corroborandum
1370 1745 1572 1784 eorum
1605 1728 1876 1783 obedien-

1993 566 2133 620 dum
2197 566 2560 638 perveniunt,
2605 572 2663 621 et
2722 583 2821 638 per
2867 563 3064 621 omnia
3120 563 3482 619 voluntatem
3539 560 3637 617 Dei

1994 655 2315 727 adimplere
2360 656 2617 721 student,
2652 657 2723 711 ad
2772 655 3046 710 eumdem
3094 652 3287 707 divina
3337 653 3635 708 voluntate

1991 745 2220 801 venisse
2250 745 2522 801 credendi
2554 757 2712 800 sunt.

2063 863 2383 932 Sequitur:
2444 863 2507 915 Et
2558 862 2868 916 Timotheus
2913 864 3107 933 frater.
3163 858 3636 914 Animadverten-

1992 950 2155 1014 dum,
2176 951 2313 1021 quia
2342 967 2403 1006 se
2431 949 3187 1021 Apostolum,Timotheum
3210 949 3449 1003 fratrem
3472 947 3636 1015 dicit,

1992 1040 2268 1111 quoniam
2320 1040 2491 1095 ambo
2544 1041 2713 1109 servi,
2764 1041 2936 1095 ambo
2963 1038 3254 1111 apostoli;
3291 1038 3392 1092 sed
3419 1041 3638 1092 tamen

1991 1146 2106 1183 non
2134 1128 2309 1183 unius
2352 1128 2674 1201 dignitatis.
2710 1127 2859 1182 Illud
2912 1129 3087 1183 etiam
3140 1127 3465 1191 sciendum,
3499 1125 3638 1197 quia

1990 1217 2083 1271 hic
2098 1218 2408 1289 separatim
2439 1218 2813 1272 Timotheum
2834 1217 3130 1281 nominat;
3157 1215 3635 1288 Pbilippensibus

1990 1306 2271 1377 scribens,
2306 1307 2416 1361 sibi
2440 1306 2765 1377 conjungit,
2789 1311 2844 1360 et
2873 1306 3079 1360 ambos
3110 1321 3304 1359 servos
3334 1310 3515 1359 vocat.
3542 1303 3634 1359 Sic

1988 1395 2143 1450 enim
2167 1396 2247 1451 ait
2279 1412 2293 1452 :
2327 1397 2537 1451 Paulus
2552 1400 2603 1449 et
2630 1394 3095 1450 Timotheusservi
3114 1394 3478 1450 Christilesu.
3502 1392 3634 1448 Ideo

1989 1485 2108 1540 haec
2140 1485 2257 1557 egit
2284 1484 2595 1556 Apostolus
2637 1485 2776 1556 quia
2824 1482 2907 1537 illi
2942 1484 3001 1537 in
3033 1481 3196 1536 nullo
3244 1481 3632 1546 deviaverant,

1988 1578 2043 1628 et
2072 1579 2377 1645 propterea
2402 1579 2565 1629 tanta
2586 1573 2901 1629 auctoritas
2920 1588 3034 1626 non
3068 1574 3191 1626 erat
3212 1570 3295 1624 eis
3329 1573 3633 1624 montran-

1988 1662 2108 1717 da:
2145 1662 2236 1717 isti
2286 1679 2440 1727 vero,
2493 1662 2651 1735 quia,
2685 1662 2742 1716 in
2794 1662 2996 1715 multis
3045 1661 3396 1723 erraverant,
3451 1656 3637 1712 multa

1987 1751 2103 1807 illis
2132 1758 2254 1806 erat
2274 1752 2593 1807 auctoritas
2615 1750 3091 1806 demonstranda.
3114 1748 3263 1804 Nota
3292 1746 3638 1817 etiam,quia

228 1814 389 1911 gFm'
430 1814 528 1911 Ita-
550 1820 744 1911 tamen
793 1817 1327 1911 confortat_e°mm_
1363 1817 1781 1911 οὶῖέδίθηίίθοτην
1813 1822 1878 1872 nt
1905 1841 1955 1907 B
1985 1858 2118 1897 cum
2151 1841 2249 1896 illo
2272 1842 2477 1897 scribit
2508 1841 2848 1904 secundam,
2874 1856 2974 1911 per
2995 1854 3170 1909 quem
3202 1814 3491 1891 direxerat
3514 1814 3634 1902 pri-

228 1903 465 1959 illorum
496 1905 732 1961 denotet
762 1907 1215 1977 contumaciam,
1233 1908 1331 1978 qui
1363 1906 1556 1962 adhuc
1587 1923 1727 1961 suos
1750 1924 1876 1978 pra-

224 2009 324 2048 vos
354 1998 527 2049 actus
558 1995 848 2068 corrigere
898 1995 1222 2051 noluerant.
1258 1996 1407 2050 Illud
1457 2002 1654 2051 tamen
1688 1995 1873 2051 scien-

225 2081 394 2149 dum,
422 2083 562 2154 quia
592 2084 703 2139 hac
734 2101 833 2155 spe
865 2084 1205 2140 sublevatus
1236 2089 1325 2141 est
1370 2085 1704 2157 Apostolus,
1737 2086 1879 2156 quia

222 2171 454 2226 audivit
484 2188 584 2228 eos
616 2173 868 2228 maxime
897 2190 966 2229 ea
1014 2175 1335 2229 correxisse
1366 2192 1493 2245 quae
1524 2175 1775 2230 attinent
1804 2174 1875 2229 ad

221 2261 518 2327 ordinem,
551 2265 608 2316 et
631 2261 975 2333 dignitatem
998 2262 1452 2319 ecclesiasticam
1480 2281 1492 2318 :
1522 2269 1575 2319 et
1601 2265 1729 2320 ideo
1760 2280 1875 2319 non

217 2348 554 2415 diffidebat,
589 2354 651 2404 ut
683 2350 962 2420 paulatim
1002 2368 1201 2407 eorum
1258 2354 1687 2425 corrigerentur
1716 2353 1872 2408 vitia.

219 2437 397 2501 Nam,
432 2438 571 2509 quia
602 2439 820 2505 omnia,
854 2457 979 2510 qua:
1012 2443 1083 2495 ad
1114 2442 1377 2495 ordinem
1410 2442 1872 2497 ecclesiasticum

219 2526 497 2592 attinent,
552 2533 940 2595 correxerant,
977 2547 1111 2601 spes
1161 2531 1411 2586 dabatur
1458 2530 1759 2603 apostolis,
1811 2536 1875 2587 ut

218 2614 363 2670 vitia
394 2620 451 2671 et
482 2633 673 2672 mores
698 2634 899 2673 corum
928 2618 986 2673 in
1020 2621 1212 2675 futuro
1244 2619 1689 2691 corrigerentur.

290 2704 808 2762 Festinavit'etiam
834 2707 985 2763 hanc
1001 2708 1115 2764 illis
1135 2709 1451 2764 secundam
1476 2709 1725 2781 dirigere
1749 2709 1872 2781 Epi-

214 2792 459 2859 stolam,
477 2796 755 2866 quoniam
781 2797 839 2851 in
864 2798 1054 2868 prima
1074 2797 1533 2853 duriusfuerunt
1561 2798 1865 2871 increpati,

212 2881 593 2954 nimiumque
622 2887 981 2942 contristati:
1015 2892 1326 2958 quatenus,
1352 2889 1493 2943 dum
1517 2903 1578 2943 se
1609 2889 1680 2943 ab
1714 2896 1866 2959 Apo-

210 2970 363 3027 stolo
398 2971 562 3045 diligi
609 2975 901 3042 audirent,
934 2992 1073 3047 erga
1119 2977 1301 3031 bonos
1332 2982 1496 3032 actus
1542 2977 1866 3032 devotiores

207 3060 448 3127 ﬁerent,
480 3066 536 3118 et
566 3063 625 3117 in
675 3064 866 3119 fructu
917 3066 1266 3135 pmnitentiae
1313 3066 1677 3137 proficerent,
1720 3084 1863 3138 quo-

205 3149 375 3205 niam
412 3167 547 3206 vera
578 3153 919 3223 pmnitentia
939 3158 1029 3208 est
1059 3154 1279 3209 malum
1313 3156 1596 3223 deserere,
1625 3157 1866 3211 interve-

204 3237 419 3294 niente
435 3239 653 3295 dolore.
684 3244 816 3295 Haec
843 3246 1038 3296 tamen
1059 3243 1308 3297 maxime
1328 3260 1505 3298 causa
1525 3244 1635 3298 fuit
1655 3245 1869 3299 descri-

202 3327 425 3400 bendi,
452 3344 519 3383 ac
540 3328 825 3399 dirigendi
844 3330 1198 3398 Epistolam;
1224 3333 1363 3403 quia
1384 3333 1648 3389 doctores
1670 3349 1873 3389 eorum

200 3433 321 3488 pro
356 3414 616 3470 aliorum
668 3418 922 3489 peccatis
969 3420 1174 3474 durius
1204 3421 1437 3476 fuerant
1486 3422 1784 3494 increpati,
1818 3427 1877 3477 et

203 3505 488 3561 multum
522 3506 870 3561 contristati.
894 3508 1000 3571 Qui
1032 3508 1206 3564 etiam
1240 3527 1310 3564 ne
1341 3511 1567 3577 durius,
1605 3518 1704 3566 aut
1726 3528 1876 3584 aegre

208 3594 470 3657 ferrent,
502 3610 564 3650 se
593 3594 788 3666 ipsum
822 3594 938 3651 illis
987 3600 1290 3669 proposuit
1318 3599 1671 3671 exemplum,
1706 3601 1875 3673 quasi

210 3682 477 3738 dixisset
507 3698 521 3738 :
554 3683 677 3738 Non
711 3685 941 3753 durius,
974 3703 1089 3741 non
1121 3704 1268 3759 aegre
1298 3688 1581 3754 feratis,si
1615 3707 1717 3761 pro
1740 3690 1879 3745 alio-

212 3789 349 3827 rum
386 3773 646 3843 peccatis
696 3773 889 3829 fuistis
940 3774 1261 3847 increpati;
1297 3794 1431 3832 cum
1479 3794 1585 3850 ego
1618 3780 1877 3849 quotidie

211 3860 480 3917 diversis
514 3861 808 3932 periculis,
841 3880 907 3918 ac
938 3866 1111 3919 morti
1144 3866 1500 3935 subjaceam.
1536 3868 1643 3930 Qui
1676 3868 1872 3935 etiam,

211 3955 277 4006 ut
297 3966 365 4007 se
385 3951 729 4006 ostenderet
749 3952 899 4007 bona
920 3953 991 4006 de
1012 3952 1131 4009 illis
1153 3955 1480 4020 sentire,sic
1501 3972 1742 4010 exorsus
1764 3960 1875 4022 est,

209 4040 686 4112 dicens:(CAp.I.)
705 4042 916 4095 Paulus
934 4041 1615 4114 apostolus.Jamjamque
1637 4060 1878 4099 securus

207 4129 281 4184 de
310 4144 532 4185 eorum
564 4128 959 4197 conversione,
990 4136 1048 4185 et
1093 4132 1519 4199 emendatione,
1553 4148 1616 4187 se
1647 4148 1879 4203 quoque

204 4217 593 4290 Apostolum,
618 4234 731 4273 non
754 4223 949 4273 tamen
968 4224 1240 4275 vocatum
1264 4220 1426 4278 dicit.
1443 4222 1589 4276 Nam
1623 4221 1759 4292 quia
1779 4222 1878 4276 de-

204 4308 549 4372 viaverunt,
582 4311 849 4362 vocatum
872 4308 1186 4364 audierunt
1218 4326 1229 4365 :
1264 4311 1495 4382 et,quia
1524 4328 1585 4366 se
1615 4327 1880 4366 correxe-

207 4403 372 4464 runt,
408 4396 797 4453 solummodo
853 4398 1102 4469 apostoli
1135 4399 1384 4453 audiunt
1413 4400 1581 4470 (677).
1616 4401 1668 4454 Is
1698 4400 1878 4466 enim,

210 4491 276 4541 ut
305 4487 405 4543 sui
440 4484 818 4557 apostolatus
850 4487 1256 4543 auctoritatem
1285 4488 1677 4554 confirmaret,
1708 4494 1765 4544 et
1796 4506 1882 4543 ra-

1988 1947 2168 1985 mam.
2199 1933 2387 1996 Quare
2436 1929 2604 1984 haic?
2634 1927 2933 1992 Videlicet,
2966 1932 3031 1980 ut
3081 1924 3412 1980 ostenderet
3454 1922 3633 1993 quod,

1984 2019 2085 2075 illo
2118 2025 2411 2084 narrante,
2440 2020 2592 2074 bona
2623 2018 2691 2072 de
2724 2017 2867 2086 ipsis
2898 2014 3168 2070 audierit.

2059 2135 2378 2206 Sequitur:
2424 2135 2672 2189 Ecclesiae
2724 2134 2839 2199 Dei,
2892 2136 2999 2187 etc.
3052 2129 3366 2185 Corinthus
3417 2132 3633 2183 metro-

1986 2224 2135 2295 polis
2167 2229 2255 2280 est
2296 2223 2528 2278 Achaiae
2579 2220 2906 2294 provincia,
2941 2225 2999 2274 et
3053 2219 3199 2285 ideo,
3234 2218 3374 2272 dum
3426 2216 3633 2271 scribit

1986 2312 2257 2369 Ecclesiae
2289 2311 2744 2375 Corinthiorum,
2778 2308 2981 2364 scribit
3013 2312 3069 2362 et
3115 2307 3295 2362 totius
3326 2304 3633 2376 provincia!

1985 2401 2435 2457 habitatoribus.
2471 2401 2711 2473 Propter
2742 2399 2860 2453 haec
2891 2402 2947 2454 et
2977 2395 3315 2467 subjunxit:
3350 2396 3493 2449 Cum
3512 2410 3635 2448 san-

1984 2493 2085 2547 ctis
2116 2492 2387 2557 omnibus,
2424 2495 2532 2545 etc.
2569 2494 2840 2543 Attamen
2869 2486 3013 2541 illud
3048 2490 3137 2541 est
3167 2485 3635 2539 animadverten-

1983 2580 2332 2651 dum,quare
2346 2578 2660 2634 Ecclesium
2676 2577 3110 2633 Corinthiorum
3126 2573 3344 2629 sanctis
3357 2572 3634 2627 omnibus

1974 2669 2236 2740 junxerit
2262 2687 2275 2737 ;
2308 2668 2595 2733 videlicet,
2623 2667 2760 2741 quia
2783 2665 3005 2721 audivit
3035 2682 3133 2719 eos
3152 2662 3486 2735 proiecisse.
3505 2659 3631 2715 Alio

1979 2774 2111 2813 vero
2152 2774 2352 2823 sensu,
2387 2756 2539 2828 quod
2594 2756 2695 2823 ait,
2729 2772 2851 2811 cum
2896 2754 3093 2809 sanctis
3139 2752 3409 2817 omnibus,
3443 2753 3637 2821 potest

1979 2847 2201 2902 dictum
2235 2848 2382 2918 (678)
2416 2847 2485 2900 de
2516 2844 2938 2911 sacerdotibus,
2968 2858 3218 2914 quorum
3254 2841 3509 2912 primum
3544 2842 3635 2892 est

1974 2936 2241 2991 invocare
2256 2950 2467 2989 nomen
2490 2933 2734 2987 Domini.
2751 2933 3005 2998 Nam,ne
3027 2931 3358 2986 viderentur
3378 2946 3413 2982 a
3434 2927 3633 2982 minus

1974 3024 2435 3096 intelligentibus
2483 3022 2882 3093 praatermissi,
2920 3037 3053 3075 cum
3095 3018 3345 3074 fuissent
3396 3017 3633 3071 nomine

1976 3113 2244 3169 Ecclesiae
2277 3110 2704 3183 comprehensi,
2731 3111 2859 3165 ideo
2884 3109 3189 3180 subjunxit
3219 3124 3230 3161 :
3268 3107 3403 3161 Cum
3430 3106 3633 3159 sanctis

1900 3202 1944 3271 (ξ’,
1982 3200 2253 3254 omnibus.
2315 3197 2595 3253 Similiter
2646 3195 3120 3268 Philippensilius
3168 3194 3451 3259 scribens,
3503 3193 3633 3247 ait:

1979 3290 2113 3344 Cum
2142 3289 2431 3359 episCOpis,
2454 3292 2507 3341 et
2535 3284 3167 3357 diaconibusSequitur
3199 3300 3211 3337 :
3248 3282 3435 3338 Gratia
3458 3281 3630 3347 vobis,

1983 3382 2092 3432 etc.
2128 3378 2318 3432 Unum
2369 3382 2456 3431 est
2486 3392 2634 3447 opus
2684 3375 2889 3441 Patris,
2922 3378 2977 3429 et
3008 3372 3134 3430 Filii
3163 3398 3177 3439 ;
3212 3377 3516 3445 propterea
3546 3370 3632 3425 di-

1984 3468 2063 3522 cit
2098 3483 2109 3520 :
2144 3466 2181 3521 Α
2212 3468 2315 3521 Deo
2344 3467 2527 3529 Patre,
2560 3468 2613 3519 et
2642 3466 2702 3519 in
2730 3466 2961 3519 Domino
2989 3466 3115 3519 Jesu
3147 3462 3380 3518 Christo.

2056 3593 2203 3662 (679)
2256 3589 2533 3661 Sequitur
2584 3606 2596 3644 :
2650 3588 2974 3645 Benedictus
3019 3589 3179 3654 Deus,
3212 3588 3340 3641 'etc.
3393 3585 3633 3642 Talibus

1982 3679 2175 3735 verbis
2203 3684 2424 3734 textum
2448 3695 2564 3733 suae
2596 3678 2864 3749 Epistolas
2891 3693 3205 3749 aggressus
3227 3680 3316 3731 est
3344 3676 3632 3732 ordinare.

1986 3768 2093 3824 Ubi
2128 3768 2472 3834 notandum,
2503 3768 2642 3838 quia
2680 3784 2839 3822 more
2868 3767 3038 3822 solito
3088 3766 3431 3838 mysterium
3466 3769 3637 3821 recte)

1986 3857 2117 3911 fidei
2152 3861 2482 3910 monstrare
2512 3854 2757 3909 curavit.
2794 3856 3081 3925 Loquitur
3109 3854 3266 3910 enim
3298 3855 3369 3908 de
3400 3859 3512 3909 Deo
3538 3854 3636 3909 Pa-

1985 3950 2093 4015 tre,
2126 3950 2184 3998 et
2213 3943 2381 3998 donis
2414 3942 2621 4012 ipsius,
2655 3948 2712 3998 et
2741 3944 2990 3998 Domino
3019 3943 3159 3997 Jesu
3190 3942 3439 4006 Christo,
3474 3941 3635 3998 locu-

1985 4037 2157 4087 turus
2188 4032 2464 4101 deinceps
2513 4031 2583 4085 de
2631 4031 2852 4100 Spiritu
2905 4036 3128 4098 sancto,
3179 4030 3447 4099 quamvis
3486 4034 3545 4085 et
3576 4029 3634 4083 in

1988 4120 2158 4176 donis
2188 4120 2377 4191 ipsius
2402 4118 2654 4188 Spiritus
2677 4122 2918 4172 sanctus
2939 4116 3313 4186 intelligatur.
3344 4117 3505 4180 Quod
3532 4132 3635 4171 au-

1984 4213 2102 4264 tem
2132 4207 2272 4262 dicit
2304 4223 2317 4261 :
2351 4205 2673 4262 Benedictus
2720 4210 2886 4272 Deus,
2919 4209 2969 4261 et
3016 4207 3200 4274 Pater,
3234 4208 3367 4271 etc.,
3400 4204 3634 4260 duobus

1986 4298 2177 4353 modis
2207 4300 2397 4368 potest
2426 4294 2709 4367 distingui
2730 4298 2786 4350 et
2814 4293 3079 4366 intelligi.
3108 4293 3432 4350 Benedictus
3464 4298 3634 4362 Deus,

1987 4404 2182 4443 rerum
2214 4390 2438 4440 creator
2466 4384 2751 4455 omnium,
2772 4384 2872 4454 qui
2905 4388 2993 4438 est
3021 4388 3069 4438 et
3102 4387 3265 4439 Pater
3292 4384 3513 4438 Domini
3535 4399 3637 4438 no-

1986 4477 2091 4530 stri
2116 4480 2253 4531 Jesu
2276 4475 2482 4529 Christi
2508 4492 2521 4541 ;
2553 4472 2664 4529 hoc
2695 4477 2803 4543 est,
2838 4472 3117 4537 Verbum,
3142 4472 3296 4543 quod
3329 4476 3452 4526 erat
3481 4472 3637 4526 Deus

214 4581 334 4632 tam
358 4576 638 4649 ejusdem
662 4576 1008 4647 dignitatem
1024 4593 1151 4633 esse
1173 4579 1878 4649 monstraret,subjunxit:
1913 4566 1961 4631 D
1989 4565 2049 4620 ίῐι
2081 4564 2366 4636 Principio
2397 4563 2550 4634 εἰ)οά
2603 4563 2853 4617 Ρεῖτθω·
2885 4562 2991 4615 Sed
3023 4561 3131 4615 hoc
3182 4577 3297 4616 non
3319 4561 3471 4649 rideo,
3494 4558 3638 4614 diei“

214 4671 321 4721 Per
350 4668 700 4722 voluntatem
732 4667 849 4721 Dei.
896 4666 1042 4722 Nam
1094 4683 1209 4722 non
1239 4684 1464 4732 omnes,
1498 4668 1597 4739 qui
1631 4667 1879 4739 apostoli

215 4755 528 4820 dicuntur,
563 4771 666 4826 per
692 4754 1049 4811 voluntatem
1085 4756 1179 4811 Dei
1215 4760 1372 4811 sunt.
1409 4756 1538 4811 Sive
1568 4757 1717 4823 ideo,
1762 4759 1879 4828 Dei,

215 4849 280 4899 ut
308 4845 661 4901 ostenderet
684 4860 747 4899 se
776 4861 889 4899 non
922 4843 1116 4899 solum
1139 4846 1209 4899 ab
1240 4845 1474 4900 homine
1494 4846 1721 4901 Christo
1743 4860 1881 4917 apo-

214 4934 439 4989 stolum
477 4934 841 5003 factum,sed
873 4931 1051 4987 etiam
1082 4950 1116 4987 a
1146 4933 1390 4989 Deo.Sic
1422 4934 1595 4988 etiam
1631 4935 1754 5006 ipse
1782 4935 1881 4991 Dei

1994 4672 2147 4721 mus,
2182 4658 2246 4709 ut
2276 4652 2429 4708 alius
2461 4653 2537 4708 sit
2584 4668 2778 4707 sermo
2810 4650 3159 4721 suscipiens,
3192 4654 3251 4704 et
3280 4648 3431 4704 alius
3463 4648 3637 4704 homo

1992 4748 2337 4815 susceptus;
2371 4742 2471 4797 sed
2500 4745 2734 4812 propter
2757 4738 3191 4794 distinctionem
3226 4742 3639 4810 naturas,nunc

1992 4836 2279 4896 excelsus,
2314 4846 2467 4885 nunc
2516 4828 2758 4883 humilis
2811 4828 3177 4898 praedicatur.
3211 4831 3379 4884 Pater
3420 4828 3640 4883 miseri-

1992 4922 2322 4979 cordiarum.
2356 4919 2503 4975 Nota
2529 4918 2668 4988 quia
2697 4934 2730 4972 a
2762 4932 2820 4971 re
2852 4916 3127 4987 ipsa,hoc
3157 4918 3353 4983 est,ab
3384 4916 3514 4989 ipsa
3535 4932 3643 4971 sua

214 5022 400 5080 Filius
435 5023 711 5095 loquitur
739 5022 976 5078 Judaeis.
1012 5022 1230 5087 Omnia,
1260 5023 1469 5093 inquit,
1503 5039 1629 5093 quae
1655 5005 1883 5095 θριαεέια
1989 5010 2318 5066 intentione
2352 5006 2611 5071 inchoat,
2646 5006 2850 5060 dicens
2886 5022 2898 5059 :
2933 5006 3103 5060 Pater
3131 5005 3638 5095 misericordiarum

213 5117 339 5167 sunt
388 5115 469 5181 ei,
502 5115 651 5182 facio
697 5127 911 5182 semper
956 5112 1135 5182 (Joan.
1182 5128 1303 5177 vm,
1336 5111 1447 5181 29).
1484 5110 1700 5167 Paulus
1748 5130 1880 5169 vero

214 5216 320 5271 per
365 5202 743 5258 voluntatem
775 5201 876 5257 Dei
906 5217 970 5256 se
1018 5204 1289 5255 vocatum
1335 5200 1475 5256 dicit
1526 5201 1877 5272 apostolum,

214 5290 356 5360 quia
386 5307 502 5363 per
530 5289 729 5346 omnia
754 5288 1112 5347 voluntatem
1142 5289 1245 5345 Dei
1274 5289 1577 5362 implebat.
1601 5290 1690 5346 Illi
1720 5307 1880 5364 ergo,

288 5523 448 5664 $676)
489 5522 552 5577 In
583 5526 781 5593 autog.
813 5536 997 5594 marg.
1028 5520 1123 5577 hic
1153 5520 1368 5593 legitur
1398 5539 1522 5594 cap.
1560 5523 1772 5581 LXXII.

312 5597 450 5664 677)
483 5593 1057 5664 Subintelligendum
1088 5594 1335 5654 fortasse
1363 5610 1580 5664 nomen,
1603 5596 1690 5654 vel
1722 5596 1772 5655 al

312 5597 450 5667 677)
483 5593 1057 5666 Subintelligendum
1088 5594 1335 5654 fortasse
1363 5593 1580 5665 nornen,
1603 5596 1690 5654 vel
1722 5596 1882 5655 aliud

224 5664 360 5723 tale.

1993 5104 2303 5171 quatenus,
2338 5098 2477 5151 dum
2512 5094 2594 5150 illi
2630 5095 2901 5149 audirent
2931 5100 3110 5151 Deum
3138 5111 3251 5150 non
3284 5093 3474 5149 solum
3508 5106 3641 5145 esse

1992 5205 2187 5244 rerum
2218 5185 2483 5242 omnium
2532 5189 2872 5251 creatorem,
2908 5185 3008 5240 sed
3042 5184 3271 5239 Patrem
3305 5179 3639 5235 misericor-

1992 5278 2246 5347 diarum,
2278 5275 2742 5343 sublevarentur,
2768 5279 2825 5330 et
2853 5272 3311 5330 consolationem
3341 5272 3633 5340 caperent.

2085 5511 2211 5583 678)
2243 5506 2609 5583 Subauditur
2637 5522 2767 5572 esse,
2789 5504 2884 5583 _v_el
2908 5502 3177 5583 intelligi.

2085 5574 2212 5655 679)
2244 5582 2306 5639 In
2338 5584 2534 5652 autog.
2572 5594 2755 5649 marg.
2789 5575 2883 5632 hic
2908 5574 3120 5647 legitur
3149 5590 3272 5646 cap.
3309 5575 3348 5630 Ι.
