4026 6168
366 301 485 369 415

1385 312 1723 377 ATTONIS
1769 310 2357 375 VERGELLENSIS
2399 309 2757 373 EPISCOPI

3658 306 3778 370 416

367 439 773 498 Animadverte
796 443 975 501 etiam
1007 447 1145 518 quia
1175 465 1288 504 non
1322 449 1729 506 misericordire
1760 450 2013 515 Patrem,
2045 456 2097 521 Α
2129 446 2287 517 quia,
2308 445 2460 501 sicut
2487 462 2664 500 causa
2682 443 2891 500 salutis
2911 459 3152 500 suorum
3178 441 3509 499 auditorum
3529 442 3783 499 tribula-

372 530 470 584 sed
505 531 1039 591 misericordiarum
1091 554 1217 593 esse
1265 539 1425 603 dicit,
1461 540 1679 594 scilicet
1731 539 1867 610 quia
1900 555 2013 592 non

372 618 562 674 solum
594 620 653 675 in
688 623 1040 695 baptismate
1074 634 1304 697 peccata
1338 631 1600 700 remittit,
1626 632 1725 684 sed
1759 630 1929 683 etiam
1958 629 2016 680 in

372 708 756 781 pcenitudine,
792 718 848 767 et
895 714 1084 769 cordis
1133 718 1515 784 contritione;
1552 718 1669 775 sive
1717 719 1855 789 quia
1902 734 2017 771 non

374 794 564 874 solum
601 806 834 871 peccata
881 803 1146 871 dimittit,
1182 808 1281 861 sed
1315 813 1368 863 et
1401 808 1632 879 pristini
1682 809 1898 880 gradus
1931 807 2017 861 di-

373 884 654 956 gnitatem
687 891 910 956 reddit;
946 893 1064 947 sive
1107 895 1245 965 quia
1298 913 1411 950 non
1445 898 1642 962 unius,
1675 902 1774 951 aut
1807 910 2017 967 pauco-

375 991 528 1045 rum,
563 978 660 1031 scd
696 979 1036 1049 multorum,
1072 983 1189 1037 imo
1235 986 1498 1040 omnium
1534 992 1901 1058 peccatorum
1934 990 2021 1039 est

375 1065 677 1121 relaxator.

449 1154 723 1226 Sequitur
758 1176 771 1213 :
801 1161 864 1213 Et
898 1161 1034 1216 Deus
1085 1164 1247 1217 totius
1296 1165 1704 1219 consolationis.
1742 1164 2021 1218 Animad-

376 1248 529 1297 verte
555 1246 712 1316 quia,
747 1263 881 1303 cum
917 1254 1057 1305 Deus
1087 1254 1255 1306 totius
1275 1254 1664 1308 cansolationis
1694 1253 1852 1318 dicit,
1874 1250 2021 1305 ωυι-

375 1335 466 1388 tas
517 1334 641 1388 vult
692 1339 1000 1393 ostendere
1065 1341 1497 1411 tribulationes,
1560 1343 1835 1414 quoniam
1898 1340 2021 1396 aliae

378 1426 536 1488 sunt,
568 1440 695 1495 quae
727 1442 760 1479 a
782 1426 952 1481 malis
984 1427 1341 1498 hominibus,
1371 1431 1494 1486 aliae
1519 1449 1669 1495 vero,
1704 1449 1830 1502 quos
1855 1430 2023 1485 adia-

377 1510 509 1566 bolo
542 1512 897 1570 inferuntur;
929 1522 1053 1587 Ipse
1099 1536 1371 1590 namque,
1408 1522 1543 1592 quia
1596 1523 1666 1575 ab
1698 1521 1791 1575 his
1834 1518 2022 1573 omni-

379 1600 489 1655 bus
522 1599 749 1669 liberat,
780 1604 909 1661 ideo
938 1607 1093 1663 Deus
1124 1610 1305 1664 totius
1336 1610 1753 1664 consolationis
1784 1626 1911 1664 esse
1942 1607 2025 1661 di—

378 1687 549 1744 citur.
586 1693 748 1756 Quod
782 1710 914 1751 mox
961 1698 1315 1765 manifestat,
1352 1717 1484 1754 cum
1535 1699 1839 1770 subjunxit
1872 1714 1883 1752 :
1920 1698 2026 1765 Qui

376 1780 692 1835 consolatur
712 1798 811 1837 nos
843 1784 899 1838 in
932 1788 1087 1841 omni
1114 1789 1477 1844 tribulatione
1506 1794 1715 1843 nostra.
1750 1786 2021 1842 Consola-

377 1870 475 1921 tur
504 1867 718 1940 quippe
747 1889 884 1927 suos
917 1891 1094 1930 causa
1137 1877 1345 1932 salutis
1375 1877 1644 1933 aliorum.
1680 1879 1746 1931 Et
1778 1877 1884 1930 hoc
1915 1879 2024 1940 est,

383 1957 534 2027 quod
568 1959 650 2013 ait
682 1977 695 2014 :
732 1962 795 2016 Ut
826 1965 1098 2032 possimus
1141 1970 1194 2020 et
1225 1969 1331 2037 ipsi
1380 1968 1652 2021 consolari
1700 1983 1803 2031 eos,
1840 1967 1935 2037 qui
1966 1967 2022 2019 in

379 2047 539 2099 omni
562 2062 819 2117 pressura
848 2056 995 2106 sunt.
1029 2054 1177 2108 Sane
1225 2056 1527 2109 sciendum
1577 2056 1713 2127 quia
1742 2056 1855 2109 duo
1888 2058 2027 2108 sunt

378 2150 592 2205 genera
618 2138 1013 2195 tribulationis
1037 2158 1049 2197 :
1070 2160 1254 2198 unum
1288 2144 1740 2215 videlicet,quod
1768 2161 1800 2197 a
1830 2160 2026 2215 perse-

380 2224 705 2289 cutorihus,
729 2231 786 2281 et
806 2229 1167 2298 quibuslibet
1186 2232 1354 2287 malis
1373 2232 1713 2287 hominibus
1744 2232 2024 2298 infertur;

382 2309 631 2367 alterum
662 2330 794 2369 vero
824 2332 1031 2387 genus,
1064 2320 1217 2389 quod
1245 2337 1312 2375 ex
1358 2320 1712 2393 paenitudine
1746 2321 2024 2375 nascitur.

380 2403 501 2455 Hoc
531 2417 763 2472 quoque
811 2421 921 2459 non
975 2406 1172 2463 minus
1220 2408 1340 2475 illo,
1376 2410 1654 2479 quoniam
1700 2408 1843 2463 illud
1893 2424 2027 2463 cum

383 2488 583 2545 laetitia
630 2491 763 2546 ferri
798 2498 1022 2564 potest;
1071 2497 1178 2551 hoc
1226 2514 1380 2563 vero,
1414 2502 1697 2569 quantum
1750 2515 1864 2552 non
1914 2495 2030 2551 nisi

389 2594 520 2643 cum
552 2579 793 2637 tristitia
814 2582 1097 2654 habetur;
1136 2586 1290 2659 quia,
1314 2588 1454 2642 dum
1490 2588 1661 2642 homo
1694 2586 2030 2642 recordatur

383 2684 625 2725 suorum
659 2678 1159 2747 peccatorum,pro
1177 2676 1258 2730 eis
1294 2676 1460 2731 timet
1489 2673 2031 2748 puniri.Apostolici

386 2774 617 2830 quoque
648 2760 776 2827 viri,
811 2761 939 2817 ideo
971 2781 1003 2817 a
1044 2764 1439 2831 tribulatione,
1476 2783 1601 2838 quae
1633 2783 1664 2818 a
1699 2769 2029 2836 persecuto-

385 2846 549 2903 ribus
580 2848 955 2916 inferebatur,
989 2851 1408 2923 liberabantur,
1442 2858 1507 2907 ut
1546 2853 1676 2907 aliis
1710 2852 1940 2907 afﬂictis
1971 2851 2031 2904 in

386 2936 743 3007 pmnitudine
774 2940 1229 2996 consolationem
1264 2947 1503 3013 possent
1552 2941 2027 2998 subministrare.

384 3028 454 3080 Et
483 3025 591 3081 hoc
621 3032 710 3082 est
736 3029 888 3102 quod
925 3031 1085 3099 dicit,
1118 3040 1180 3087 ut
1215 3033 1491 3103 possimus
1522 3040 1572 3087 et
1606 3034 1727 3103 ipsi
1756 3030 2034 3087 consolari

385 3130 498 3181 eas,
530 3119 639 3170 etc.
671 3142 684 3183 ;
717 3135 783 3172 ac
810 3117 856 3173 si
889 3118 1106 3175 diceret
1139 3139 1152 3176 :
1186 3122 1317 3177 Ideo
1346 3121 1667 3176 liberamur
1695 3138 1728 3176 a
1759 3136 2030 3192 persecu-

2128 536 2362 601 bantur,
2385 535 2467 588 sic
2498 539 2554 589 et
2582 552 2782 589 eorum
2809 551 2987 589 causa
3006 532 3214 587 salutis
3240 533 3312 588 ab
3342 533 3566 588 eisdem
3592 532 3783 588 tribu-

2128 623 2446 679 lationibus
2469 625 2787 677 eruebantu
2801 642 2845 691 r,
2869 628 2926 677 et
2954 622 3078 676 suis
3102 621 3495 677 reddebantur
3521 639 3534 688 ;
3572 626 3786 693 quate-

2129 730 2241 767 nus
2273 713 2382 783 ipsi
2417 713 2471 766 in
2509 713 2619 767 ﬁde
2668 714 3202 768 corroborarentur.
3239 710 3386 764 illud
3418 727 3558 765 sane
3591 711 3784 766 scien-

2129 803 2291 871 dum,
2321 802 2459 872 quia
2490 807 2825 857 sanctorum
2857 801 3302 872 prazdiCatorum
3326 799 3785 866 afflictio,tribu-

2132 891 2294 956 latio,
2316 908 2380 945 ac
2413 892 2627 961 passio,
2654 891 2995 945 scandalum
3017 894 3238 961 poterat
3259 906 3387 945 esse
3405 888 3780 957 auditorum;

2131 981 2289 1052 quia,
2322 981 2462 1034 dum
2499 998 2638 1036 suos
2669 982 2934 1035 doctores
2963 980 3236 1035 videbant
3262 979 3319 1035 vi
3353 995 3691 1049 oppressos,
3718 994 3785 1033 ae

2133 1070 2384 1127 diversis
2418 1069 2704 1126 laceratos
2734 1068 3153 1137 tormentis,illi
3176 1067 3537 1140 quoque,qui
3562 1068 3786 1123 inﬁrmi

2134 1164 2299 1213 erant
2329 1157 2388 1213 in
2423 1159 2555 1228 ﬁde,
2590 1158 2972 1213 scandalizari
3004 1162 3313 1229 poterant;
3344 1173 3411 1212 eo
3440 1156 3599 1227 quod
3633 1156 3787 1228 ipso-

2133 1265 2263 1302 rum
2301 1248 2751 1318 promissionem
2785 1252 3087 1303 crederent
3128 1248 3468 1302 frustratam
3507 1250 3793 1301 :econtra

2132 1336 2215 1391 illi
2251 1339 2348 1407 qui
2374 1338 2500 1407 jam
2533 1338 2889 1391 corroborati
2922 1342 3090 1391 erant
3119 1336 3177 1390 in
3210 1336 3343 1403 ﬁde,
3367 1336 3509 1389 dum
3532 1351 3633 1391 eos
3664 1335 3788 1407 pati

2133 1428 2465 1497 cernebant,
2501 1429 2783 1497 optabant
2833 1444 2895 1481 se
2948 1427 3137 1481 socios
3168 1427 3292 1481 ﬁeri
3324 1424 3784 1480 tribulationum

2133 1532 2197 1570 ac
2226 1516 2587 1586 passionum,
2614 1521 2677 1570 ut
2700 1522 2937 1587 possent
2964 1533 3093 1572 esse
3115 1520 3417 1571 consortes
3434 1513 3789 1570 consolatio-

2133 1604 2263 1660 nis:
2300 1606 2367 1660 Et
2396 1605 2523 1659 ideo
2556 1606 2697 1660 dicit
2732 1622 2744 1661 :
2778 1606 2912 1676 Spes
2961 1613 3153 1661 nostra
3181 1606 3348 1675 ﬁrma
3374 1610 3455 1660 est
3484 1620 3586 1676 pro
3616 1604 3786 1659 vobis.

2135 1696 2222 1759 Et,
2255 1695 2423 1766 quasi
2446 1695 2903 1766 interrogassent
2926 1712 3052 1767 qua:
3080 1699 3173 1750 est
3198 1711 3334 1766 spes
3363 1699 3466 1750 tua
3490 1695 3659 1749 ﬁrma
3684 1709 3790 1765 pro

2136 1784 2323 1851 nobis,
2358 1785 2669 1855 respondet
2699 1785 2820 1855 ipse
2856 1804 2869 1840 :
2903 1784 3142 1840 Scientes
3171 1786 3456 1855 quoniam,
3478 1785 3623 1838 sicut
3650 1784 3793 1838 socii

2133 1876 2451 1944 passionum
2495 1876 2653 1937 estis,
2685 1880 2794 1928 etc.
2824 1892 2837 1940 ;
2869 1874 3040 1944 quasi
3090 1874 3221 1929 aliis
3252 1872 3443 1928 verbis
3491 1871 3741 1928 dixisset
3771 1888 3785 1927 :

2135 1963 2293 2016 Adeo
2326 1962 2477 2015 ﬁrmi
2513 1979 2723 2016 sumus
2751 1962 2821 2015 de
2853 1962 3039 2030 vobis,
3065 1966 3130 2015 ut
3157 1961 3468 2015 credamus
3499 1958 3642 2030 quia
3671 1974 3790 2013 non

2136 2050 2327 2105 solum
2352 2051 2423 2105 de
2454 2051 2669 2105 nostris
2706 2050 3184 2105 tribulationibus
3214 2066 3326 2104 non
3362 2047 3791 2104 scandalizabi-

2136 2139 2304 2203 mini,
2339 2141 2437 2194 sed
2472 2140 2666 2211 potius
2696 2139 3028 2211 gaudebitis
3051 2140 3240 2195 socios
3271 2156 3373 2193 vos
3406 2138 3530 2193 ﬁeri
3563 2137 3791 2209 passio-

2139 2245 2303 2293 num,
2339 2233 2403 2283 ut
2449 2228 2685 2300 possitis
2713 2245 2862 2295 esse,
2896 2234 2953 2284 et
2995 2227 3431 2284 consolationis.
3465 2226 3619 2282 Illud
3650 2242 3791 2281 sane

2137 2318 2466 2383 sciendum,
2499 2318 2637 2389 quia
2660 2318 2769 2374 hoc
2798 2334 2913 2373 non
2935 2318 3128 2373 solum
3162 2316 3261 2372 illo
3291 2322 3557 2388 tempore
3575 2316 3790 2387 agebao

2137 2410 2252 2471 tur,
2280 2408 2381 2462 sed
2415 2414 2471 2461 et
2501 2424 2657 2462 nunc
2679 2409 2893 2477 agitur.
2916 2406 3086 2462 Verbi
3120 2407 3310 2478 gratia
3340 2411 3466 2462 :est
3492 2405 3715 2477 aliquis
3731 2404 3789 2460 in

2138 2495 2394 2551 Ecclesia
2444 2501 2597 2551 recte
2646 2497 2908 2564 credens,
2942 2502 3210 2567 recteque
3256 2495 3573 2562 vivens,cui
3609 2496 3658 2549 si
3685 2494 3793 2550 ali-

2140 2601 2265 2655 quae
2298 2585 2565 2641 accidant
2585 2584 3017 2651 tribulationes,
3038 2584 3493 2657 persecutiones,
3506 2588 3562 2639 et
3582 2584 3792 2638 adver-

2140 2674 2362 2741 sitates,
2398 2673 2503 2743 illi,
2538 2674 2638 2745 qui
2671 2674 2729 2728 in
2781 2674 3025 2729 ecclesia
3053 2673 3272 2729 inﬁrmi
3301 2679 3460 2740 sunt,
3491 2672 3632 2727 dum
3665 2672 3795 2727 haec

2138 2763 2356 2831 vident,
2388 2763 2569 2818 vitam
2606 2762 2787 2828 illius,
2822 2781 3000 2834 quam
3032 2765 3196 2836 prius
3226 2762 3583 2822 venerationi
3614 2762 3797 2817 habe-

2143 2853 2301 2918 bant,
2336 2853 2634 2923 despectui
2664 2853 2889 2907 ducunt
2919 2870 2933 2907 :
2965 2854 3121 2925 quod
3168 2853 3239 2908 de
3269 2852 3475 2907 amicis
3502 2852 3616 2906 Job
3648 2850 3799 2922 legi-

2140 2944 2238 2996 tur
2266 2946 2463 2996 actum
2492 2957 2505 2995 :
2539 2942 2648 3012 ipsi
2674 2942 2833 2997 enim
2855 2942 3040 2997 sancti
3064 2941 3351 3007 vixerunt,
3372 2945 3431 2996 et
3449 2941 3562 2995 Job
3595 2949 3798 2995 sancte

2140 3030 2328 3087 vivere
2360 3031 2753 3097 crediderunt,
2799 3031 2984 3086 donec
3016 3046 3360 3102 percussum
3390 3046 3527 3085 eum
3562 3046 3684 3085 non
3715 3029 3796 3083 vi-

2147 3121 2396 3186 derunt;
2430 3137 2563 3175 mox
2595 3136 2727 3175 vero
2760 3124 2826 3174 ut
2853 3124 3135 3186 tentatus,
3162 3135 3503 3190 percussus,
3525 3123 3586 3173 et
3614 3117 3802 3174 omni.

387 3204 637 3271 toribus,
671 3210 735 3260 ut
763 3208 925 3263 vobis
956 3209 1187 3265 afflictis
1229 3210 1687 3266 consolationem
1740 3208 2033 3265 submini-
2066 3195 2108 3260 Ο
2145 3210 2256 3264 bus
2288 3214 2377 3265 est
2408 3210 2829 3281 temporalibus
2860 3208 3032 3264 bonis
3063 3210 3339 3275 nudatus,
3370 3209 3430 3263 in
3451 3209 3805 3280 increpatio-

387 3296 663 3361 stremus,
713 3299 1086 3353 ostendentes
1134 3299 1287 3370 quod
1334 3299 1488 3355 Deus
1538 3298 1833 3354 neminem
1879 3298 1938 3353 in
1970 3312 2034 3352 se

388 3383 775 3450 credentium,
808 3385 947 3440 velit
979 3389 1182 3457 perire.

458 3471 737 3542 Sequitur
793 3492 805 3528 :
871 3476 1146 3542 Quoniam
1200 3479 1344 3531 sicut
1411 3478 1701 3531 abundant
1755 3470 2033 3547 pass-ianos

389 3557 597 3614 Christi
627 3560 688 3613 in
719 3562 893 3627 nobis,
928 3569 1036 3618 etc.
1068 3563 1227 3618 Talis
1269 3570 1362 3620 est
1391 3581 1621 3629 sensus,
1656 3565 1824 3634 quasi
1856 3563 2034 3618 dixis-

392 3651 483 3703 set
516 3664 530 3714 ;
561 3648 825 3704 Christus
877 3657 1071 3707 autem
1122 3653 1179 3706 in
1229 3654 1504 3707 omnibus
1560 3652 2039 3707 tribulationibus

395 3751 652 3807 praesens
700 3738 870 3793 nobis
914 3741 1104 3806 adest,
1135 3758 1240 3813 pro
1289 3744 1461 3812 cujus
1508 3758 1706 3796 amore
1759 3742 2038 3813 patimur,

397 3840 566 3896 opem
599 3841 717 3881 suae
766 3827 1159 3886 miserationis
1209 3831 1540 3903 indulgens,
1574 3836 1631 3885 et
1675 3835 1939 3903 potenter
1966 3830 2038 3884 ab

396 3914 543 3986 ipsis
576 3915 1056 3976 tribulationibus
1074 3937 1287 3977 eruens
1307 3937 1319 3976 :
1342 3938 1475 3976 nam
1499 3926 1643 3992 quot
1660 3938 1692 3975 a
1714 3924 2042 3991 persecuto—

399 4004 563 4059 ribus
592 4004 943 4077 ingeruntur
972 4010 1295 4079 passiones,
1324 4014 1409 4065 tot
1438 4027 1472 4064 a
1499 4009 1726 4065 Christo
1757 4008 2041 4063 adminis-

399 4098 632 4149 trantur
655 4098 1116 4162 consolationes;
1155 4100 1312 4153 unde
1346 4098 1656 4154 Psalmista
1686 4114 1698 4153 :
1733 4098 2045 4153 Secundum

397 4183 812 4240 multitudinem
854 4188 1109 4242 dolorum
1153 4190 1323 4256 (Psal.
1356 4205 1513 4253 xcm,
1550 4190 1656 4258 19),
1689 4192 1797 4242 etc.
1834 4186 2045 4257 Sequi»

398 4276 495 4327 tur
528 4288 541 4325 :
573 4275 705 4327 Sive
733 4283 918 4329 autem
948 4277 1302 4344 tribulamur,
1319 4293 1420 4347 pro
1448 4284 1622 4331 vestra
1653 4275 2042 4345 tribulatione,

398 4368 451 4417 et
476 4362 669 4432 salute,
703 4366 812 4417 etc.
848 4364 1001 4420 Sane
1032 4367 1377 4432 notandum,
1413 4366 1551 4437 quia
1579 4364 1926 4436 generaliter
1955 4363 2045 4418 lo—

400 4449 606 4521 quitur
647 4452 961 4523 Apostolus
1011 4470 1023 4507 :
1076 4458 1134 4508 et
1179 4454 1299 4508 haec
1347 4454 1562 4508 locutio
1593 4453 1881 4526 generalis
1934 4459 2042 4520 est,

399 4540 540 4611 quia
585 4542 861 4598 omnibus
909 4543 1179 4599 convenit
1226 4543 1505 4615 apostolis
1553 4543 1693 4598 viris
1730 4562 1742 4598 :
1776 4544 1874 4598 sed
1908 4559 2044 4597 cum

399 4629 560 4697 dicit,
591 4632 707 4686 sive
736 4633 1090 4701 tribu/amur,
1118 4649 1223 4705 pro
1268 4640 1443 4687 vestra
1472 4632 1847 4698 tribulatione,
1880 4635 1930 4686 et
1953 4648 2044 4686 sa-

400 4718 534 4785 lute,
602 4721 1097 4793 subaudiendum,
1173 4723 1531 4778 tribulamur.
1584 4720 2045 4776 Tribulabantur

399 4822 655 4879 namque
685 4826 720 4865 a
750 4811 1176 4881 persecutione,
1210 4828 1385 4883 quam
1441 4811 1809 4883 patiebantur
1836 4826 2043 4887 omnes

400 4898 706 4970 apostolici
737 4900 865 4971 viri,
901 4917 1080 4955 causa
1132 4901 1342 4956 salutis
1375 4916 1617 4956 suorum
1669 4901 2041 4967 auditorum;

400 4988 541 5061 quia
562 5005 670 5043 sua
698 5005 798 5044 eos
821 4990 1230 5061 praedicatione
1251 4990 1324 5045 ab
1354 4990 1526 5045 ﬁdem
1559 4994 1851 5044 traxerant
1874 5007 1887 5044 :
1913 5005 2044 5060 spe-

397 5078 540 5134 ciale
569 5079 787 5151 quippe
807 5079 1007 5135 odium
1043 5080 1150 5135 hoc
1170 5086 1293 5134 erat
1323 5081 1602 5135 adversus
1633 5096 1754 5146 eos,
1777 5078 1916 5151 quia
1937 5095 2048 5133 sua

400 5168 531 5224 illos
580 5170 850 5225 doctrina
879 5186 913 5225 a
944 5169 1100 5224 cultu
1160 5168 1449 5224 idolorum
1495 5169 1876 5225 abduxerant.
1921 5168 2047 5223 Siue

397 5259 778 5324 exhortamur,
803 5275 900 5331 pro
924 5265 1108 5315 vestra
1123 5259 1528 5324 exhortatione,
1542 5262 1598 5312 et
1614 5259 1810 5325 salute,
1827 5257 2045 5313 subau-

400 5345 558 5400 ditur
607 5349 777 5418 (680),
836 5348 1230 5404 exhortamur.
1282 5347 1598 5403 Sciendum
1654 5351 1743 5402 est
1791 5361 2048 5418 namque

399 5509 417 5572 ι
473 5508 621 5579 (680)
652 5511 715 5563 In
749 5516 943 5580 autog.
974 5510 1341 5575 subauditur,
1374 5511 1424 5563 et
1452 5508 1633 5562 salute
1653 5508 2048 5572 exhortamur;

404 5594 581 5649 quam
602 5581 1115 5652 transpositionem
1141 5583 1766 5650 verborum,tanquam
1794 5580 1866 5633 ab
1892 5596 2048 5652 ama-

404 5649 648 5708 nuensis
677 5649 900 5708 calamo
934 5668 1235 5724 perperam
1288 5651 1584 5724 injectum,
1616 5649 2047 5707 emendandam

2141 3313 2273 3352 nem
2300 3301 2711 3369 proruperunt,
2729 3297 3033 3353 credentes
3054 3298 3185 3367 ejus
3205 3298 3359 3353 bona
3377 3313 3494 3352 non
3511 3312 3651 3352 vere
3672 3313 3802 3353 eae

2143 3386 2315 3450 bona,
2349 3387 2455 3441 sed
2502 3384 2802 3441 simulata.
2836 3386 2966 3441 Haec
3013 3386 3192 3442 etiam
3243 3385 3489 3441 nuncin
3541 3384 3805 3441 Ecclesia

2143 3476 2369 3530 actitari
2389 3474 2597 3529 solent.
2623 3475 2986 3545 Quapropter
3007 3478 3324 3530 monentur
3343 3474 3427 3540 hi,
3450 3474 3548 3544 qui
3574 3473 3803 3529 inﬁrmi

2145 3569 2284 3618 sunt
2314 3564 2371 3617 in
2406 3564 2538 3629 ﬁde,
2573 3568 2638 3618 ut
2668 3564 2810 3617 adeo
2840 3568 3108 3618 crescant
3136 3564 3193 3618 in
3217 3579 3305 3631 ea,
3336 3569 3395 3618 et
3423 3564 3806 3619 corroboren-

2144 3657 2261 3722 tur,
2294 3658 2584 3722 quatenus
2641 3656 2793 3707 recte
2851 3653 3157 3709 credentes
3206 3654 3433 3723 possint
3485 3653 3686 3708 dicere
3733 3652 3802 3708 de

2146 3741 2264 3796 illis
2296 3758 2309 3795 :
2344 3742 2473 3811 Spes
2498 3745 2685 3796 nostra
2714 3744 2879 3811 ﬁrma
2904 3751 2980 3796 est
3004 3758 3104 3813 pro
3134 3741 3307 3807 vobis,
3339 3746 3447 3796 etc.

2172 3888 2175 3891 _
2221 3831 2368 3903 (681)
2398 3831 2662 3886 Nolumus
2708 3839 2892 3886 autem
2924 3846 3010 3886 vos
3058 3832 3338 3901 ignorare,
3387 3835 3500 3886 etc.
3533 3831 3807 3902 (Imperat

2147 3919 2459 3991 Apostolus
2488 3920 2872 3990 semetipsum
2922 3936 3242 3991 proponere
3270 3918 3607 3990 exemplum
3654 3919 3803 3988 suis,

2152 4009 2290 4080 quia
2320 4008 2571 4063 nimium
2606 4009 2838 4063 fuerant
2865 4006 3184 4080 redarguti,
3206 4012 3266 4064 et
3298 4006 3606 4078 increpati,
3636 4012 3700 4062 et
3731 4007 3801 4062 ob

2151 4098 2261 4154 hoc
2318 4097 2646 4153 contristati
2695 4113 2708 4151 :
2762 4100 2820 4150 et
2878 4095 3070 4152 adhuc
3128 4095 3189 4152 in
3243 4100 3433 4167 coepta
3477 4095 3807 4151 intentione

2153 4203 2548 4257 perseverans,
2564 4184 2704 4241 dicit
2727 4202 2740 4241 :
2774 4185 3035 4241 Nolumus
3060 4201 3152 4241 vos
3173 4187 3460 4258 ignorare,
3481 4189 3596 4242 etc.
3624 4202 3638 4251 ;
3663 4202 3808 4255 qna-

2153 4275 2203 4331 si
2235 4275 2451 4331 diceret
2481 4292 2493 4329 :
2528 4277 2716 4341 Quare
2746 4291 2896 4345 aegre
2926 4275 3075 4330 ferre
3105 4274 3351 4339 debetis,
3382 4272 3433 4329 si
3462 4290 3569 4345 pro
3602 4290 3809 4346 pecca~

2154 4364 2229 4421 tis
2261 4364 2512 4420 aliorum
2540 4364 2681 4421 estis
2714 4364 3032 4436 redarguti,
3064 4380 3198 4421 cum
3230 4379 3336 4436 ego
3383 4378 3564 4420 causa
3593 4362 3810 4419 salutis

2154 4453 2402 4509 aliorum
2437 4454 2683 4509 diversis
2710 4452 3189 4513 tribulationibus
3208 4452 3486 4509 subditus
3513 4452 3809 4508 existens?

2074 4565 2120 4629 Β
2156 4542 2226 4598 Ut
2252 4541 2337 4596 illi
2370 4544 2674 4598 audientes
2720 4543 3151 4609 erubescerent,
3180 4558 3300 4601 non
3331 4540 3623 4613 patientes
3655 4541 3809 4598 ferre

2154 4633 2610 4703 increpatiouem
2642 4632 2734 4687 sui
2768 4631 3055 4703 magistri.

2223 4723 2373 4777 Asia.
2410 4721 2609 4776 Asiam
2643 4721 2928 4776 minorem
2961 4719 3288 4792 intelligere
3316 4720 3625 4776 debemus.
3662 4719 3812 4777 Dicit

2154 4811 2311 4867 enim
2342 4810 2705 4881 Augustinus
2739 4825 2752 4866 :
2784 4810 2843 4864 Si
2875 4810 2947 4865 ad
2990 4825 3306 4865 numerum
3358 4808 3601 4876 referas,
3632 4808 3813 4865 tertia

2154 4917 2290 4973 pars
2308 4903 2397 4955 est
2414 4898 2618 4954 mundi
2648 4916 2662 4966 ;
2695 4898 2744 4953 si
2767 4899 2837 4953 ad
2859 4898 3349 4971 magnitudinem,
3369 4898 3658 4955 medietas
3686 4902 3813 4955 est:

2146 4988 2421 5061 jungitur
2451 5004 2726 5059 namque,
2761 5002 2831 5042 ex
2859 4986 3203 5047 occidentali
3224 4988 3373 5059 (682)
3407 4991 3592 5059 parte,
3616 4987 3811 5045 Mace-

2155 5077 2340 5135 doniae
2366 5096 2378 5145 ;
2413 5095 2482 5134 ex
2511 5076 2977 5148 septentrionali,
3002 5077 3149 5134 mari
3174 5077 3414 5133 Pontico
3440 5094 3456 5145 ;
3487 5093 3558 5134 ex
3590 5077 3814 5134 media-

2156 5185 2251 5236 na,
2280 5167 2614 5239 {Egyptiaco
2644 5165 2831 5233 mari;
2863 5182 2932 5222 ex
2979 5164 3269 5232 orientali,
3303 5165 3651 5237 Propontico
3685 5181 3811 5222 ma-

2157 5257 2204 5311 ri
2235 5275 2247 5312 :
2285 5273 2352 5312 ac
2380 5273 2481 5327 per
2506 5256 2615 5311 hoc
2666 5254 2864 5311 insula
2910 5258 3018 5325 est,
3045 5253 3304 5311 diversas
3353 5260 3550 5313 tamen
3582 5254 3817 5312 habens

2156 5345 2505 5418 provincias,
2557 5344 2615 5400 id
2666 5349 2778 5415 est,
2829 5343 3181 5416 Bithyniam,
3231 5343 3661 5418 Pamphyliam,
3704 5344 3815 5416 Ly-

2158 5505 2458 5561 duximus.

2229 5577 2377 5724 E981)
2411 5579 2473 5633 In
2504 5581 2699 5649 autog.
2719 5592 2920 5704 marg.
2954 5576 3049 5634 hic
3078 5576 3291 5651 legitur
3318 5592 3448 5650 cap.
3481 5579 3552 5634 ll.

2249 5650 2353 5705 b82
2403 5650 2611 5722 Autog.
2644 5651 2857 5707 omenta
2886 5667 2923 5705 ι.

2249 5650 2374 5722 682)
2403 5650 2611 5722 Autog.
2644 5650 2923 5707 orientali.
