4026 6168
243 291 356 349 417

804 289 1219 349 EXPOSlTlO
1262 288 1340 348 IN
1389 286 1813 349 EPISTOLAS
1858 284 2115 346 PAULI.
2152 320 2230 333 --
2258 292 2335 351 IN
2382 297 2630 361 EPIST.
2664 302 2717 362 ΙΙ
2758 305 2862 367 AD
2907 310 3084 372 COR.

3528 320 3645 386 418

244 417 1895 513 ciam,(683),etc.:etdictaestaquadamfeminamomine
1924 412 2334 513 Aliberentur,
2369 432 2419 480 et
2471 429 2738 491 liberatis
2785 441 3004 509 gratias
3060 446 3169 501 Deo
3225 451 3457 511 referre.
3498 455 3643 513 Nam

242 508 399 575 Asia,
424 525 554 578 quae
578 509 731 579 apud
761 510 1037 579 antiquos
1068 508 1383 580 imperium
1412 508 1600 564 tenuit.
1619 507 1891 572 Orientis,

2006 512 2196 607 omnis
2218 511 2552 589 inﬁrmitas,
2577 530 2677 578 aut
2700 527 3020 586 debilitatio
3049 534 3107 589 in
3131 540 3316 609 capite
3342 547 3640 617 consistit;

242 602 297 653 et
345 597 789 669 interpretatur,
821 597 994 663 elata,
1027 598 1148 653 sive
1195 597 1436 654 elevata.
1489 598 1558 651 Et
1608 597 1757 651 bene
1812 595 1891 649 ibi
1999 601 2075 663 et,
2112 598 2176 697 si.
2197 605 2415 671 gaudet
2446 623 2629 665 unum
2661 618 3015 687 membrum,
3049 595 3418 697 congaudent
3445 595 3643 694 omni;

242 685 384 743 talia
414 687 636 758 patitur
654 686 986 757 Apostolus,
1012 687 1152 756 quia
1177 687 1447 758 superbis
1476 685 1778 740 humilitas
1799 699 1890 738 ec-

245 775 579 832 clesiasticae
611 775 773 846 pacis
802 775 1093 830 conditur.

316 883 593 950 Quoniam
633 897 803 953 supra
848 880 1069 935 modum
1106 882 1325 948 gravati
1352 896 1560 941 sumus,
1593 883 1703 933 etc.
1736 878 1894 931 Adeo

244 976 376 1028 orta
408 973 597 1026 fuerat
628 970 955 1043 persecutio
987 971 1269 1025 adversus
1299 968 1592 1041 apostolos
1630 984 1696 1023 eo
1743 972 1895 1020 tem-

249 1077 408 1133 pore,
428 1060 584 1116 utde
610 1061 730 1115 vita
762 1059 1064 1132 temporali
1091 1059 1501 1131 desperarent;
1534 1062 1592 1113 et
1622 1058 1730 1111 hoc
1760 1059 1848 1109 est
1880 1071 1893 1108 :

252 1149 429 1204 Taedet
456 1164 554 1204 nos
584 1151 781 1204 vivere.
819 1149 921 1203 Sed
952 1149 1060 1220 ipsi
1088 1150 1149 1203 in
1175 1148 1333 1203 nobis
1361 1149 1516 1217 ipsis,
1566 1152 1675 1200 etc.
1727 1145 1898 1207 Quaa-

249 1239 501 1294 rendum
533 1242 623 1294 est
652 1236 826 1309 quale
849 1253 1195 1309 responsum
1221 1236 1460 1291 dederat
1490 1235 1575 1290 eis
1607 1250 1787 1299 mors,
1808 1230 1898 1287 vel

247 1326 426 1398 quale
473 1327 612 1382 dare
660 1330 868 1399 potest.
927 1327 1257 1397 Responsum
1302 1327 1496 1380 mortis
1551 1323 1897 1391 habuerant,

247 1417 392 1490 quia
412 1415 679 1472 destituti
705 1414 965 1471 humano
987 1414 1221 1482 solatio,
1243 1414 1504 1469 divinum
1529 1411 1900 1468 solummodo

245 1506 685 1578 exspectabant.
721 1507 786 1562 Ut
830 1522 942 1559 non
986 1506 1163 1560 simus
1202 1504 1430 1574 ﬁdentes
1453 1506 1515 1557 in
1544 1503 1719 1557 nobis.
1756 1502 1901 1555 Bene

243 1597 395 1651 dicit
425 1611 541 1650 non
573 1595 820 1649 ﬁdentes
852 1608 981 1649 esse
1011 1594 1071 1648 in
1105 1593 1460 1665 semetipsis,
1496 1592 1635 1663 quia
1674 1589 1761 1644 illi
1805 1604 1899 1644 so-

246 1686 371 1740 lent
400 1684 657 1749 liberari,
684 1685 782 1756 qui
812 1683 873 1737 in
901 1684 1142 1738 Domino
1165 1684 1526 1737 conﬁdentes
1550 1681 1898 1736 redduntur.

244 1775 350 1831 Sed
401 1778 463 1830 in
502 1775 749 1840 Domino,
783 1776 881 1845 qui
908 1775 1135 1828 suscitat
1164 1778 1430 1829 mortuos.
1464 1772 1619 1825 Adeo
1650 1783 1902 1839 namque

2004 688 2287 744 membra.

2072 778 2211 832 Nam
2266 782 2447 850 gloria
2496 794 2684 844 n0sh‘a
2729 794 2844 850 haec
2893 809 2991 865 est,
3025 802 3080 857 id
3131 812 3237 875 est,
3272 812 3641 872 testimonium

2003 871 2343 966 conscientiae
2372 879 2595 931 nostra}.
2629 881 2762 936 ldeo
2799 885 2917 941 haec
2950 890 3196 963 dicebat,
3225 871 3369 966 quia
3399 917 3640 960 securus

2005 954 2076 1007 de
2103 972 2210 1011 sua
2230 962 2585 1019 conscientia
2607 971 2909 1029 existebat.
2935 979 3057 1035 Non
3087 954 3442 1044 enim‘causa
3474 990 3644 1058 lucri,

2007 1048 2381 1140 autappetitu
2400 1050 2668 1110 humana:
2689 1058 2879 1117 laudis
2896 1070 3372 1140 praadicabat,sed
3388 1048 3645 1137 ofﬁcium

2009 1133 2100 1240 sui
2149 1138 2511 1206 apostolatus
2559 1145 2857 1216 implebat.
2890 1133 3037 1225 (685)
3083 1160 3149 1214 Et
3179 1133 3297 1219 haec
3325 1183 3430 1221 vox
3462 1133 3647 1240 peri;

2011 1227 2237 1328 ctorum
2262 1233 2384 1297 est;
2417 1232 2572 1287 unde
2599 1246 2930 1305 monentur,
2955 1249 3019 1298 ut
3047 1246 3127 1301 ita
3147 1250 3330 1308 vivere
3354 1227 3649 1328 studeant,

2011 1315 2076 1409 ut
2101 1311 2222 1369 haec
2254 1317 2373 1389 rite,
2394 1319 2583 1420 dicere
2614 1328 2859 1395 possint.
2886 1334 2950 1384 Et
2981 1334 3121 1404 quid
3149 1311 3652 1420 appellasset—gl;

2010 1400 2159 1457 riam
2192 1421 2381 1475 suam,
2420 1410 2623 1483 incipit
2654 1417 3046 1489 manifestare,
3079 1400 3324 1485 dicendo
3356 1448 3369 1485 :
3417 1400 3567 1501 Quod
3593 1438 3653 1493 in

2009 1492 2379 1563 simplicitate,
2411 1504 2463 1553 et
2493 1504 2823 1577 sinceritate,
2857 1514 2962 1563 etc.
2988 1511 3342 1585 Simplicitas
3372 1492 3524 1578 en‘im
3558 1541 3652 1580 ca-

2011 1586 2099 1635 ret
2122 1585 2280 1638 omni
2304 1586 2663 1663 duplicitate,
2678 1600 2734 1648 et
2754 1596 3058 1656 sinceritas
3079 1605 3235 1658 omni
3260 1611 3649 1682 corruptione.

2011 1670 2113 1725 His
2139 1672 2369 1729 duabus
2394 1678 2705 1737 virtutibus
2722 1689 3026 1744 contrarizr
3043 1696 3326 1750 suntduze
3344 1670 3566 1769 pestes;
3590 1670 3648 1758 id

2012 1765 2121 1857 est,
2146 1761 2458 1832 duplicitas
2487 1775 2542 1822 et
2575 1775 2886 1844 corruptio.
2920 1778 3008 1848 Et,
3043 1786 3105 1834 ut
3136 1761 3465 1843 ostenderet
3495 1761 3650 1862 quod

248 1869 388 1919 οιιιω
440 1864 671 1918 fuerant
719 1864 1173 1934 persecutiones,
1227 1865 1292 1916 ut
1341 1861 1560 1934 ereptio
1608 1860 1893 1930 ipsorum,
1925 1847 1975 1913 B
2008 1847 2279 1906 istieduaz
2304 1854 2548 1911 virtutes
2574 1876 2685 1914 non
2721 1861 2779 1915 in
2812 1866 3101 1936 sapientia
3122 1873 3338 1927 carnali
3368 1878 3648 1935 consiste-

244 1951 622 2008 resuscitatio
653 1952 961 2006 diceretur.
991 1954 1050 2005 In
1083 1967 1197 2022 quo
1227 1950 1431 2005 conﬁsi
1463 1954 1678 2014 essent,
1711 1946 1898 2001 mani-

245 2042 428 2097 festat
459 2041 764 2096 subdendo
788 2057 800 2094 :
837 2041 944 2107 Qui
972 2039 1037 2095 de
1065 2042 1232 2095 tantis
1257 2041 1518 2111 periculis
1545 2039 1751 2108 eripuit
1778 2051 1899 2104 nos,

241 2134 298 2185 et
326 2131 482 2186 eruit
499 2146 520 2191 ;
553 2129 610 2183 id
644 2133 754 2193 est,
778 2145 893 2183 non
922 2128 1111 2184 solum
1136 2130 1207 2182 de
1241 2127 1568 2199 praeteritis,
1591 2127 1691 2180 sed
1725 2124 1900 2179 etiam

236 2219 317 2273 de
351 2217 745 2290 praesentibus
774 2217 1041 2272 liberavit
1074 2235 1087 2272 :
1124 2222 1181 2272 et
1210 2217 1349 2289 quia
1379 2217 1554 2271 etiam
1587 2217 1658 2270 de
1692 2211 1902 2269 futuris

237 2306 485 2376 liberat,
518 2307 824 2377 subjunxit
859 2324 872 2361 :
920 2307 1192 2374 Quoniam
1239 2311 1294 2361 et
1341 2306 1518 2360 adhuc
1553 2306 1766 2375 eripiet.
1800 2301 1901 2356 His

235 2396 449 2451 verbis
470 2396 726 2451 ostendit
755 2412 818 2451 se
838 2396 1030 2451 adhuc
1059 2412 1394 2467 passurum,
1417 2400 1474 2449 et
1497 2394 1693 2448 divina
1713 2390 1903 2463 gratia

240 2488 583 2553 eruturum,
608 2485 905 2555 quomodo
935 2484 1292 2549 manifestat,
1313 2482 1702 2554 adjuvantibus
1731 2481 1902 2535 etiam

236 2574 420 2630 vobis.
455 2572 555 2628 His
584 2573 777 2628 verbis
815 2574 1073 2629 ostendit
1119 2589 1180 2628 se
1228 2574 1287 2628 in
1338 2572 1535 2627 labore
1583 2572 1846 2625 futurum
1883 2584 1897 2621 :

237 2679 383 2719 nam
417 2661 538 2717 illis
569 2662 926 2732 adjutorium
960 2679 1195 2718 necesse
1228 2668 1317 2718 est
1344 2663 1578 2731 inferre,
1603 2659 1703 2731 qui
1735 2658 1791 2712 in
1824 2658 1903 2712 la-

238 2754 385 2808 bore
418 2751 754 2807 consistunt
781 2768 793 2807 :
828 2752 1098 2823 qualiter,
1125 2752 1519 2816 manifestant,
1545 2766 1679 2805 cum
1710 2748 1853 2802 dicit
1883 2765 1895 2802 :

236 2842 307 2896 In
336 2842 615 2897 oratione.
648 2840 757 2895 Ubi
789 2842 1136 2908 ostenditur,
1172 2842 1311 2912 quia
1341 2840 1592 2896 multum
1626 2837 1777 2893 valet
1806 2854 1900 2892 as-

239 2930 426 2985 sidua
455 2930 661 2985 oratio.
695 2930 857 2995 Quod
891 2947 1005 2985 non
1038 2932 1230 2985 solum
1264 2930 1382 2999 hic,
1417 2931 1515 2984 sed
1563 2928 1740 2983 etiam
1795 2926 1899 2980 ali-

238 3019 301 3073 bi
326 3020 769 3074 manifestatur.
788 3019 1024 3091 Legitur
1044 3020 1224 3087 enim,
1242 3020 1395 3090 quod
1418 3023 1621 3073 Petrus
1643 3015 1903 3071 oratione

234 3107 538 3164 liberatus
569 3107 780 3163 fuisset
809 3109 879 3162 de
910 3124 1138 3163 carcere
1172 3126 1184 3163 :
1237 3125 1371 3162 nam
1412 3110 1492 3162 ita
1526 3106 1741 3160 dicitur
1774 3120 1787 3159 :
1838 3104 1905 3158 Et

2012 1945 2156 2007 rent,
2192 1941 2321 1997 ideo
2352 1945 2657 2015 subjunxit
2687 1966 2701 2003 :
2733 1953 2848 2005 Non
2884 1956 2940 2008 in
2971 1961 3244 2027 sapientia
3270 1968 3505 2020 carnali.
3540 1968 3648 2024 Sed

2014 2027 2109 2083 ubi
2144 2031 2497 2100 manifestat,
2524 2037 2761 2094 dicens:
2797 2046 2860 2095 In
2889 2049 3070 2113 gratia
3099 2052 3218 2103 Dei.
3245 2051 3313 2105 Et
3343 2052 3433 2108 his
3462 2058 3653 2113 verbis

2010 2118 2200 2189 tangit
2220 2118 2384 2175 illum
2412 2140 2862 2198 sensum,quem
2888 2135 3062 2189 latius
3085 2136 3139 2191 in
3166 2141 3655 2217 prtecedentiEpi-

2011 2210 2161 2260 stola
2176 2219 3014 2287 exposuerat.lteprehenderat
3031 2226 3183 2281 enim
3206 2210 3655 2305 pseudoaposto-

2011 2294 2118 2361 los,
2145 2298 2242 2367 qui
2273 2315 2451 2355 causa
2472 2301 2614 2357 lucri
2648 2310 3063 2379 praedicabant,
3087 2320 3143 2369 et
3174 2294 3446 2376 timentes
3466 2294 3651 2379 offen-

2011 2384 2147 2440 dere
2193 2404 2491 2458 personas,
2526 2393 2707 2449 Deum
2744 2398 3037 2456 hominem
3073 2405 3310 2475 factum,
3345 2416 3547 2467 natum
3597 2419 3654 2469 et

2014 2491 2252 2564 passum
2280 2480 2587 2550 negabant.
2622 2484 2864 2543 Nolebat
2885 2491 3037 2545 enim
3066 2497 3377 2564 Apostolus
3407 2517 3439 2553 a
3460 2501 3655 2557 Corin-

2012 2562 2151 2619 thiis
2174 2568 2453 2638 accipere,
2470 2587 2539 2626 ne
2562 2573 2772 2629 similis
2791 2577 2908 2633 illis
2930 2581 3239 2650 videretur,
3257 2603 3506 2659 quorum
3530 2599 3655 2648 erat

2010 2654 2414 2724 reprehensor,
2440 2659 2577 2727 sive,
2604 2679 2675 2718 ne
2706 2664 3031 2724 libertatem
3057 2654 3395 2746 increpandi
3421 2681 3651 2737 amitte-

2010 2748 2123 2810 ret;
2149 2749 2205 2798 et
2229 2748 2379 2817 quod
2405 2749 2478 2803 ab
2500 2749 2629 2805 aliis
2644 2752 2914 2811 Ecclesiis
2937 2760 3275 2832 accipiebat,
3293 2783 3324 2821 a
3341 2769 3652 2827 Corinthiis

2011 2834 2268 2903 accipere
2292 2835 2541 2891 nolebat.
2560 2841 2625 2893 Et
2645 2841 2774 2896 ideo
2797 2845 3024 2901 dicebat
3040 2868 3051 2904 :
3067 2852 3451 2910 Abundantius
3467 2863 3651 2914 autem

2009 2922 2079 2975 ad
2110 2938 2218 2976 vos.
2248 2923 2313 2976 Et
2342 2924 2481 2994 quia
2512 2928 2584 2980 ab
2616 2929 2746 2985 aliis
2777 2935 3116 3005 accipiebat,
3140 2941 3369 2997 dicebat
3395 2961 3408 2999 :
3433 2947 3493 2999 In
3523 2964 3652 3014 gra-

2012 3012 2091 3063 tia
2113 3011 2211 3064 Dei
2238 3017 2546 3068 conversati
2570 3033 2797 3081 sumus;
2829 3027 2884 3076 et
2915 3024 3052 3094 quia
3083 3028 3154 3082 ab
3186 3028 3315 3085 istis
3339 3050 3476 3101 non,
3499 3011 3654 3090 dice-

2014 3100 2156 3154 bat:
2209 3102 2588 3160 Abundantius
2635 3108 2703 3162 ad
2748 3125 2855 3165 vos.
2891 3112 3131 3169 Nolebat
3174 3119 3327 3174 enim
3370 3100 3655 3195 accipere,

231 3198 457 3252 Petrus
498 3198 723 3266 quidem
768 3197 1090 3251 servabatur
1139 3199 1195 3251 in
1243 3212 1461 3252 carcere
1505 3197 1638 3265 (Act.
1688 3211 1790 3259 x11,
1823 3194 1901 3263 5),
1934 3208 1977 3275 C
2017 3205 2088 3241 ne
2117 3189 2281 3244 daret
2311 3193 2672 3250 occasionem
2708 3200 3050 3272 accipiendi,
3075 3205 3196 3261 sive
3227 3224 3297 3262 ne
3328 3207 3656 3269 libertatem

229 3289 359 3341 etc.
389 3289 460 3337 ln
481 3300 598 3354 quo
631 3285 777 3339 facto
809 3290 1121 3339 monentur
1149 3285 1541 3351 sublimiores,
1565 3289 1632 3338 ut
1660 3300 1770 3337 non
1802 3283 1900 3337 de-

231 3374 579 3445 dignentur
600 3373 964 3428 orationibus
986 3374 1279 3429 minorum
1304 3374 1615 3444 sublevari,
1634 3389 1767 3427 cum
1793 3373 1903 3428 iste

228 3466 433 3517 tanta:
460 3461 821 3517 auctoritatis
844 3478 957 3518 non
979 3463 1423 3535 dedignabatur.
1444 3463 1583 3529 Quis
1601 3463 1754 3518 enim
1780 3467 1905 3517 tan-

229 3556 308 3606 ta;
344 3550 725 3606 auctoritatis
746 3552 774 3604 Ἰ
801 3552 1030 3606 Nullus.

312 3658 381 3714 Ut
416 3672 493 3711 ex
516 3657 819 3712 multarum
838 3662 1091 3729 personis
1118 3662 1407 3730 facz’erum,
1440 3663 1555 3731 ejus
1586 3661 1754 3731 (684),
1790 3666 1898 3737 etc.

230 3747 300 3802 In
338 3745 710 3815 quibusdam
741 3749 1171 3820 exemplaribus
1192 3749 1484 3804 invenitur
1512 3767 1580 3805 ex
1601 3751 1903 3805 multarum

231 3851 616 3908 personarum
643 3840 913 3907 [ueterum
934 3854 954 3898 ;
987 3838 1043 3892 in
1080 3840 1458 3909 quibusdam,
1489 3856 1557 3893 ea:
1604 3842 1906 3894 multarum

232 3926 435 3996 facie;
491 3924 552 3979 in
603 3924 981 3995 quibusdam,
1029 3943 1099 3981 ea:
1142 3930 1445 3981 multarum
1494 3931 1760 3996 personis.
1794 3928 1905 3982 Sed

234 4014 377 4071 talis
400 4018 503 4069 est
526 4030 756 4083 sensus,
778 4014 834 4067 id
858 4020 977 4069 est:
1006 4016 1083 4069 Ex
1107 4016 1427 4071 multorum
1452 4017 1756 4071 hominum
1776 4033 1910 4072 con-

234 4109 446 4167 ventu,
479 4102 625 4157 dum
659 4120 692 4156 a
720 4101 1200 4159 tribulationibus
1222 4104 1546 4160 liberamur
1575 4106 1762 4177 gratia
1782 4105 1904 4170 Dei,

232 4197 290 4248 et
320 4191 780 4263 vobismetipsis
813 4193 1131 4260 reddimur,
1155 4211 1253 4265 per
1280 4195 1500 4262 multos,
1523 4194 1609 4251 vel
1643 4213 1677 4250 a
1709 4195 1910 4251 multis

233 4286 443 4353 grates
469 4280 803 4336 referantur
816 4286 949 4336 Deo.
972 4281 1097 4336 Alio
1121 4300 1321 4350 sensu,
1343 4285 1482 4338 dum
1507 4284 1711 4340 multis
1734 4300 1910 4339 causa

234 4369 462 4427 salutis
488 4369 722 4424 illorum
748 4371 1067 4442 reddimur,
1094 4376 1149 4425 ct
1174 4377 1377 4427 nostra
1400 4373 1805 4444 praedicatione
1832 4373 1903 4427 ad

236 4459 424 4516 ﬁdem
470 4456 790 4526 trahimus,
826 4476 926 4530 per
978 4460 1215 4526 multos,
1249 4460 1335 4516 vel
1386 4479 1418 4515 a
1466 4461 1667 4516 multis
1716 4466 1909 4534 grates

2010 3280 2351 3349 increpandi
2386 3283 2701 3340 amitteret.

2083 3388 2402 3460 Sequitur:
2454 3393 2566 3447 Non
2616 3395 2733 3450 alia
2780 3400 3101 3470 scripsimus
3152 3405 3297 3460 vobis
3327 3408 3496 3479 (686),
3543 3414 3657 3471 etc.

2014 3477 2114 3532 His
2132 3479 2320 3533 verbis
2344 3498 2455 3535 non
2477 3482 2589 3538 alia
2612 3503 2671 3540 se
2689 3488 2998 3557 Apostolus
3017 3494 3321 3565 scripsisse
3340 3477 3655 3574 signiﬁcat,

2013 3584 2191 3638 quam
2225 3586 2351 3639 quae
2384 3571 2494 3640 ipsi
2536 3574 2771 3645 scriptis
2801 3580 2927 3649 ejus
2958 3579 3240 3652 legerant,
3274 3591 3329 3641 ct
3360 3588 3527 3644 factis
3559 3571 3654 3648 co;

2013 3662 2360 3727 gnoverant:
2386 3659 2477 3715 his
2498 3679 2749 3735 namque
2772 3666 3001 3724 duobus
3026 3671 3257 3729 indiciis
3283 3678 3665 3750 uniuscujus-

2014 3762 2126 3816 que
2166 3748 2413 3813 devotio,
2446 3756 2502 3804 et
2550 3754 2910 3825 propositum
2965 3762 3393 3820 manifestatur.
3428 3767 3489 3821 In
3537 3748 3662 3840 quo

2014 3835 2163 3889 facto
2188 3842 2499 3891 monentur
2520 3842 2946 3911 praedicatores,
2966 3851 3027 3900 ut
3054 3866 3285 3921 semper
3310 3870 3377 3906 ea
3395 3835 3663 3921 doceant,

2015 3928 2071 3977 et
2093 3939 2260 3994 agere
2290 3927 2587 3991 studeant,
2613 3946 2738 3999 qua:
2771 3933 2842 3985 ad
2877 3932 3127 3991 salutem
3161 3956 3403 3995 suorum
3429 3942 3665 3997 audito-

2017 4029 2147 4065 rum
2183 4013 2498 4068 sufﬁciant.

2088 4120 2361 4189 Sequitur
2385 4137 2396 4174 :
2431 4124 2596 4192 Spero
2627 4134 2808 4180 autem
2833 4128 2973 4198 quod
2996 4147 3161 4201 usque
3192 4135 3250 4187 in
3274 4134 3440 4204 ﬁnem
3468 4152 3664 4207 cogno-

2017 4214 2196 4276 scetis,
2248 4215 2355 4265 etc.
2414 4216 2573 4267 Hanc
2603 4214 2826 4272 scilicet
2855 4234 3015 4289 spem
3059 4238 3127 4276 ex
3174 4238 3373 4279 eorum
3406 4225 3663 4298 sumpsit

2020 4300 2393 4355 correctione.
2424 4304 2705 4359 Audierat
2733 4306 2890 4361 enim
2922 4307 3052 4365 illos
3082 4327 3150 4365 ea
3188 4313 3440 4369 maxime
3470 4331 3661 4371 corre-

2019 4390 2194 4459 xisse,
2226 4408 2352 4461 quae
2395 4393 2465 4446 ad
2497 4393 2956 4452 ecclesiasticum
2988 4399 3236 4455 attinent
3265 4402 3550 4458 ordinem.
3584 4404 3667 4459 Ex

2022 4496 2139 4550 qua
2168 4481 2541 4545 correctione,
2567 4500 2669 4554 spe
2700 4491 3029 4557 assumpta,
3057 4490 3328 4547 credebat
3352 4508 3450 4547 eos
3482 4492 3541 4547 in
3575 4494 3665 4547 fu-

236 4549 608 4605 referantur.
657 4548 762 4603 His
817 4548 1008 4603 verbis
1067 4550 1321 4605 ostendit
1377 4550 1715 4622 Apostolus,
1772 4551 1900 4622 quia

2020 4548 2149 4623 ture
2182 4570 2357 4623 etiam
2391 4548 2928 4644 caetera-corrigere:
2957 4548 3319 4649 Quapropter
3346 4579 3465 4634 ait:
3496 4582 3666 4652 Spero

236 4654 428 4693 causa
461 4635 678 4692 salutis
710 4634 942 4691 illorum
979 4637 1400 4709 liberabantur,
1435 4657 1684 4711 quorum
1736 4641 1910 4696 etiam

238 4743 426 4782 causa
481 4725 916 4781 afﬁciebantur.
973 4727 1043 4780 Et
1092 4744 1226 4782 cum
1286 4729 1559 4800 superius
1620 4730 1908 4785 dixisset:

238 4815 669 4880 Adiuvantibus
698 4815 846 4869 vobis
878 4817 938 4869 in
969 4819 1237 4885 oratione,
1271 4824 1328 4872 et
1359 4834 1514 4873 nunc
1559 4820 1702 4873 dicit
1735 4837 1746 4874 :
1802 4826 1911 4875 Per

237 4907 448 4961 multos
478 4906 688 4976 gratiae
716 4908 975 4974 agantur,
1004 4908 1339 4960 manifestat
1369 4923 1429 4961 se
1460 4906 1624 4972 velle,
1658 4913 1742 4973 ut,
1768 4909 1907 4963 dum

238 4993 325 5048 illi
357 4995 421 5048 in
456 4992 844 5048 tribulatione
874 4993 1291 5060 dctinercntur,
1324 5001 1555 5050 orarent
1586 5002 1649 5050 ut
1693 4996 1909 5059 liberae

241 5088 478 5150 rentur,
537 5086 597 5135 et
643 5080 927 5148 liberatis,
978 5087 1173 5152 grates
1224 5088 1335 5137 Deo
1388 5084 1760 5139 referrentur.
1798 5087 1911 5140 Ista

241 5172 423 5226 etiam
460 5168 750 5227 salutaris
782 5170 1002 5240 regula,
1027 5186 1152 5240 quae
1183 5174 1324 5225 tunc
1346 5173 1706 5239 servabatur,
1732 5174 1910 5228 etiam

241 5277 406 5315 nunc
440 5258 677 5314 actitari
710 5259 899 5314 debet.
934 5259 1077 5315 Nam
1111 5276 1244 5313 cum
1280 5261 1683 5331 pradicatores
1714 5261 1770 5315 in
1803 5263 1907 5316 tri-

239 5349 565 5406 bulatione
615 5347 972 5414 detinentur,
1024 5348 1238 5404 debent
1282 5350 1577 5407 auditores
1627 5368 1811 5420 orare,
1848 5356 1911 5408 ut

312 5566 477 5636 (683)
511 5568 729 5638 autog.
758 5565 961 5638 titiam.

314 5633 480 5723 (683)
516 5633 703 5711 νωεῖ
725 5637 789 5697 Ut
815 5652 885 5696 ex
911 5636 1218 5695 multorum
1242 5639 1496 5712 personis
1524 5641 1659 5716 ejus,
1692 5646 1801 5702 etc.

2022 4658 2161 4728 quod
2190 4676 2353 4730 usque
2386 4662 2441 4713 in
2486 4661 2653 4729 linem
2680 4665 3024 4732 cognoscetis.
3056 4665 3252 4722 Potest
3279 4672 3336 4722 et
3365 4669 3437 4723 ad
3468 4669 3666 4740 ipsum

2021 4749 2241 4811 referri,
2276 4750 2428 4819 quod
2463 4751 2562 4815 ait,
2594 4767 2771 4819 spero,
2806 4757 2938 4819 etc.,
2974 4758 3037 4807 ut
3066 4755 3144 4811 sit
3174 4773 3383 4811 sensus
3416 4776 3429 4813 ε
3485 4759 3666 4830 Spero

2022 4838 2173 4906 quod
2201 4838 2257 4891 in
2282 4843 2465 4908 empto
2496 4839 2810 4908 prOposito,
2842 4859 3015 4912 quem
3048 4849 3103 4898 et
3132 4845 3386 4918 scriptis,
3411 4853 3469 4903 et
3495 4847 3666 4902 factis

2021 4927 2360 4998 agnovistis,
2388 4943 2478 4980 me
2509 4944 2741 4997 quoque
2775 4946 2959 5001 usque
2989 4932 3045 4985 in
3080 4932 3252 4989 ﬁnem
3279 4934 3663 5007 cognoscetis.

2022 5014 2153 5079 Sed,
2180 5013 2228 5068 si
2262 5016 2329 5069 ad
2364 5014 2494 5070 illos
2526 5018 2792 5086 refertur,
2818 5027 3089 5090 provocat
3118 5040 3216 5078 eos
3246 5023 3339 5077 bis
3369 5022 3560 5077 verbis
3592 5019 3665 5074 ad

2023 5104 2460 5174 perseverantia:
2493 5105 2709 5160 bonum
2742 5132 2756 5174 ;
2788 5108 2836 5163 si
2868 5115 3061 5165 autem
3092 5112 3163 5165 ad
3199 5128 3281 5177 se,
3322 5115 3379 5163 et
3428 5109 3550 5180 ipse
3595 5108 3666 5165 de

2022 5194 2457 5262 perseverantiae
2489 5194 2642 5249 bono
2668 5198 2925 5264 conﬁdit,
2955 5200 3232 5268 quoniam
3266 5199 3481 5251 bonum
3514 5213 3663 5268 opus

2021 5287 2275 5351 emptum
2297 5282 2377 5335 nil
2394 5283 2567 5347 valet,
2584 5284 2694 5339 nisi
2722 5287 3084 5357 compleatur
3106 5289 3509 5356 perseverante
3528 5287 3661 5344 ﬁne.

2020 5369 2166 5424 Hinc
2192 5375 2280 5425 est
2304 5372 2457 5442 quod
2481 5371 2539 5427 in
2563 5372 2754 5428 Veteri
2777 5374 3150 5429 Testamento
3178 5373 3365 5428 cauda
3385 5374 3584 5445 simul,
3607 5379 3665 5434 et

2113 5568 2240 5649 §§§)
2268 5572 2335 5649 in
2361 5573 2778 5649 _autog.__n_iarg.
2812 5566 2921 5649 hic
2936 5565 3151 5642 legitur
3179 5584 3307 5649 cap.
3347 5569 3444 5633 ΙΙΙ.

2113 5568 2240 5638 685)
2272 5572 2335 5623 In
2369 5573 2562 5643 autog.
2598 5584 2778 5639 marg.
2812 5568 2907 5621 hic
2936 5568 2964 5621 l<

2090 5568 2239 5715 €686)
2268 5639 2442 5717 Vulg.
2474 5640 2769 5697 scribimus
2796 5639 2964 5699 vobis.
