4034 6166
415 319 484 379 4'!
499 325 535 382 9

1430 310 1767 372 AT'l‘UNlS
1816 308 2401 372 VERCELLENSIS
2449 308 2798 371 EPISCOPI

3701 312 3814 371 420

423 457 596 524 caput
623 451 680 505 in
708 445 993 503 sacriﬁcio
1017 444 1378 500 offerebatur.
1397 443 1652 498 Caudam
1676 441 1875 509 simul,
1898 447 1954 498 et
1974 459 2065 498 ca-
2094 444 2148 509 Α
2179 441 2407 497 levitate
2432 441 2515 496 uti
2539 441 2802 509 videtur;
2832 441 2932 497 sed
2959 455 3066 513 ego
3092 456 3237 496 usus
3260 457 3376 496 non
3400 456 3531 496 sum
3564 440 3816 509 levitate,

419 545 527 612 put
574 540 628 593 in
681 536 966 594 sacrilicio
1005 535 1231 604 offerre,
1265 537 1352 588 est
1383 532 1600 588 bonum
1633 548 1781 603 opus
1811 536 2061 603 caeptum

418 629 824 700 perseverante
849 625 964 680 ﬁne
993 621 1303 694 complere.
1329 620 1491 677 Unde
1522 625 1577 676 et
1601 619 1882 676 Dominus
1907 638 1920 675 :
1958 621 2066 688 Qui

412 716 849 788 perseveraverit
871 712 1083 785 (Matth.
1107 729 1160 781 x,
1184 710 1296 782 22),
1319 714 1428 766 etc.
1453 709 1614 776 Quod
1647 714 1838 764 autem
1867 708 2061 781 sequi-

414 810 516 862 tur
541 823 555 861 :
589 806 736 861 Sicut
765 808 818 859 et
845 801 1165 872 cognovistis
1192 817 1261 856 ex
1285 804 1468 871 parte,
1499 799 1547 854 si
1580 799 1650 854 ad
1683 815 1853 854 suam
1883 799 2060 853 refer-

417 900 516 952 tur
537 909 862 967 personam,
880 891 1006 945 ideo
1028 889 1188 957 dicit,
1205 888 1345 960 quia
1370 886 1591 943 nullius
1614 887 1868 942 hominis
1892 886 2059 942 meri-

413 989 541 1040 tum
564 984 623 1038 in
652 983 758 1037 hac
778 981 894 1034 vita
915 979 986 1034 ad
1015 979 1307 1050 integrum
1339 977 1472 1047 quis
1495 993 1844 1047 cognoscere
1873 975 2058 1042 valet;

415 1075 485 1128 ad
511 1074 627 1128 haec
649 1071 821 1126 etiam
850 1067 1107 1140 respicit,
1137 1069 1290 1138 quod
1317 1067 1395 1122 ait
1419 1083 1430 1120 :
1468 1066 1530 1120 In
1551 1066 1638 1121 die
1657 1067 1890 1133 Domini,
1915 1071 2056 1132 etc.;

414 1162 464 1217 si
487 1165 680 1216 autem
709 1160 778 1214 ad
802 1157 1133 1214 Corinthios
1156 1157 1423 1224 refertur,
1447 1155 1575 1210 ideo
1607 1171 1676 1210 ex
1706 1160 1868 1226 parte
1897 1153 2056 1220 dicit,

416 1250 553 1322 quia
585 1250 712 1320 jam
745 1247 932 1302 multa
962 1249 1349 1301 correxerant.

487 1338 764 1409 Sequitur
797 1354 808 1391 :
862 1337 1001 1403 Quia
1050 1335 1228 1405 gloria
1258 1338 1432 1388 vestra
1461 1350 1671 1404 sumus,
1703 1337 1813 1388 etc.
1850 1331 2059 1404 Agnito

414 1427 677 1501 Apostoli
701 1426 931 1493 atl'ectu,
955 1423 1358 1496 gloriabantur
1377 1423 1435 1476 in
1466 1438 1530 1477 eo
1553 1421 1862 1486 Corinthii,
1891 1421 2059 1492 quasi

413 1519 473 1572 in
505 1515 832 1573 clarissimo
865 1518 1044 1586 patre,
1077 1518 1133 1568 et
1163 1511 1573 1583 probatissimo
1604 1510 1906 1582 magistro.
1931 1511 2061 1582 Ipse

413 1605 876 1679 quoque,agnita
892 1618 1091 1658 eorum
1110 1599 1896 1671 obedientia,gloriabaturin
1918 1599 2056 1667 illis,

411 1695 580 1767 quasi
611 1694 668 1748 in
703 1691 924 1747 devotis
948 1689 1103 1760 filiis,
1128 1694 1184 1744 et
1215 1689 1646 1756 obedientibus,
1673 1693 1845 1759 atque
1878 1687 2056 1742 bone-

409 1784 515 1840 stis
536 1780 858 1853 discipulis.
887 1778 1148 1850 Magistri
1171 1794 1307 1849 ergo
1331 1783 1471 1832 tunc
1495 1781 1634 1832 sunt
1653 1775 1838 1875 gloria
1861 1775 2056 1877 subdi-
2087 1813 2134 1877 B

408 1879 624 1940 torum,
659 1887 791 1925 cum
823 1873 994 1924 tanta:
1025 1872 1159 1923 sunt
1193 1866 1517 1921 sanctitatis
1549 1871 1606 1920 et
1638 1865 1851 1934 meriti,
1887 1869 1951 1918 ut
1979 1865 2052 1918 ab

407 1959 666 2017 Ecclesia
681 1955 1032 2014 venerationi
1056 1955 1400 2011 habeantur.
1425 1953 1732 2010 Auditores
1755 1970 1887 2010 vero
1912 1958 2051 2008 tunc

407 2049 596 2122 gloria
627 2051 766 2103 sunt
796 2045 1236 2117 magistrorum,
1269 2060 1400 2098 cum
1454 2043 1535 2098 ita
1565 2042 1900 2098 obedientes
1931 2042 2052 2096 exi-

406 2142 592 2205 stunt,
623 2142 686 2191 ut
707 2153 808 2208 per
827 2133 1125 2205 singulare
1151 2133 1490 2188 obedientim
1513 2133 1731 2185 bonum
1765 2149 1798 2186 a
1823 2131 2052 2186 cunctis

405 2230 774 2283 venerentur.
797 2224 1157 2294 QuaprOpter
1183 2222 1452 2292 utrisque
1479 2236 1716 2275 necesse
1747 2225 1854 2290 est,
1879 2225 1943 2274 ut
1971 2221 2054 2274 ita

406 2316 596 2371 vivere
627 2313 920 2379 studeant,
952 2316 1244 2382 quatenus
1275 2307 1386 2363 sibi
1428 2308 1673 2363 invicem
1709 2308 1895 2380 gloria
1925 2325 2053 2364 esse

409 2407 646 2476 queant.
673 2402 782 2457 Sed
817 2401 1049 2472 quando
1080 2398 1202 2453 haec
1223 2397 1407 2469 gloria
1441 2396 1958 2452 manifestabitur?
1991 2399 2054 2452 In

405 2493 497 2549 die
515 2493 736 2548 Domini
762 2491 939 2546 nostri
955 2490 1080 2544 Iesu
1112 2487 1356 2548 Christi;
1388 2486 1445 2540 id
1477 2491 1584 2553 est,
1607 2485 1668 2540 in
1702 2486 1794 2541 die
1818 2486 2048 2554 judicii.

408 2582 490 2638 Ibi
509 2581 664 2637 enim
680 2597 809 2652 qua:
825 2577 999 2632 fuerit
1015 2575 1280 2631 omnium
1300 2575 1749 2645 praedicatorum
1765 2575 2049 2640 doctrina,

404 2677 462 2726 et
483 2669 850 2725 subditorum
873 2665 1222 2728 obedientia,
1247 2663 1748 2718 manifestabitur:
1779 2664 2051 2730 Quoniam

407 2759 546 2814 nihil
594 2759 702 2813 erit
751 2763 1013 2827 opertum,
1067 2752 1208 2824 quod
1254 2768 1364 2807 non
1421 2752 1687 2806 reveletur
1735 2752 1941 2822 (Matth.
1995 2770 2048 2822 x,

405 2849 518 2920 26),
555 2851 664 2902 etc.

477 2936 754 3008 Sequitur
783 2952 796 2989 :
832 2937 899 2989 Et
925 2934 986 2988 in
1012 2933 1113 2986 hac
1141 2929 1467 3000 conﬁdentia
1494 2930 1649 2984 volui
1675 2930 1832 3000 prius
1862 2932 2052 2986 venire

405 3027 478 3084 ad
507 3043 616 3096 vos,
649 3030 758 3080 etc.
792 3023 848 3077 Si
881 3023 951 3078 ad
986 3019 1288 3092 superiora
1317 3019 1437 3074 hanc
1473 3019 1764 3074 sententia
1792 3019 2047 3090 respicit,

408 3119 479 3173 de
502 3115 624 3188 spei
645 3111 1001 3171 confidentia
1022 3109 1197 3175 dicit;
1222 3109 1269 3163 si
1294 3113 1488 3163 autem
1513 3108 1583 3163 ad
1615 3107 1906 3174 inferiora,
1923 3125 2050 3179 quas

2175 531 2314 602 quia
2343 529 2655 586 utilitatem
2688 530 2976 602 prmposui
3007 529 3312 586 voluntati.
3344 529 3488 586 Nam
3521 546 3702 602 quare
3746 533 3816 587 ad

2173 635 2270 675 eos
2286 637 2401 674 non
2423 620 2663 686 venerit,
2678 637 3018 692 quanquam
3041 619 3307 688 latenter,
3322 620 3580 675 ostendit
3597 625 3816 690 tamen,

2172 709 2325 780 quod
2360 725 2472 764 non
2505 709 2576 763 ad
2610 725 2692 773 se,
2725 709 2826 764 sed
2859 710 2928 763 ad
2961 707 3094 763 illos
3123 708 3445 763 attinuerit.

2241 798 2514 869 Sequitur
2548 813 2561 852 :
2616 799 2721 852 Aut
2767 814 2884 868 quae
2919 798 3109 868 cogito,
3142 796 3439 852 secundum
3466 813 3698 853 carnem
3724 815 3813 855 co-

2169 887 2328 954 gito?
2358 887 2502 940 Non.
2538 886 2605 940 Et
2641 891 2730 942 est
2775 902 2986 941 sensus
3019 902 3032 941 :
3089 885 3191 941 Ille
3220 886 3545 942 secundum
3577 904 3812 946 carnem

2171 976 2498 1047 cogitando,
2534 977 2687 1046 quod
2724 975 3010 1046 promisit,
3044 991 3157 1030 non
3192 975 3416 1046 implet,
3448 977 3544 1048 qui
3577 983 3681 1032 aut
3713 977 3816 1034 ali-

2170 1066 2340 1135 cujus
2389 1081 2647 1135 personae
2695 1065 3083 1128 veneratione,
3117 1068 3218 1118 aut
3267 1063 3414 1118 lucri
3445 1065 3684 1132 terreni,
3722 1072 3816 1122 aut

2169 1152 2486 1224 cujuslibet
2513 1155 2806 1220 vanitatis,
2842 1152 2927 1209 vel
2973 1152 3221 1208 levitatis
3266 1169 3445 1209 causa
3481 1155 3680 1211 diﬁ‘ert
3710 1157 3815 1211 im-

2170 1241 2328 1313 plere
2351 1242 2507 1313 quod
2540 1242 2842 1314 promisit:
2881 1241 3164 1313 spiritalis
3193 1248 3448 1311 econtra,
3474 1244 3821 1315 spiritaliter

2170 1331 2502 1402 cogitando,
2528 1349 2640 1386 non
2673 1331 2877 1402 implet
2907 1331 3061 1402 quod
3094 1332 3384 1402 promisit,
3408 1333 3544 1403 quia
3576 1334 3818 1404 profun-

2169 1420 2302 1475 dius
2327 1419 2549 1490 aliquid
2577 1420 2648 1474 de
2669 1419 2859 1475 salute
2879 1419 3086 1474 animas
3112 1419 3412 1492 intelligit;
3437 1426 3496 1476 et
3512 1421 3640 1477 ideo
3667 1421 3822 1478 utili-

2169 1513 2348 1564 tatem
2373 1507 2655 1564 voluntati
2680 1509 2983 1580 praeponit.
3006 1508 3152 1564 Nam
3174 1508 3407 1564 carnale
3427 1515 3532 1577 est,
3556 1511 3820 1568 voluntac

2167 1601 2286 1652 tem
2345 1595 2602 1661 utilitati,
2655 1596 2916 1668 spiritale
2965 1613 3122 1665 vero,
3170 1597 3483 1654 utilitatem
3527 1599 3815 1656 voluntati

2169 1702 2522 1758 praaponere.
2544 1686 2908 1759 Quapropter
2933 1686 3263 1758 intelligens
3284 1688 3605 1760 Apostolus
3626 1691 3815 1762 magis

2169 1775 2240 1829 ad
2262 1791 2465 1830 eorum
2491 1776 2732 1831 attinere
2760 1775 3032 1843 salutem,
3057 1777 3105 1832 si
3134 1793 3247 1832 non
3273 1778 3496 1833 veniret
3523 1778 3597 1833 ad
3631 1795 3812 1850 ipsos,

2165 1863 2292 1918 ideo
2326 1863 2553 1918 distulit
2583 1863 2796 1920 venire.

2237 1953 2514 2024 Sequitur
2548 1970 2560 2007 :
2615 1955 2678 2009 Ut
2726 1955 2777 2009 si
2816 1954 2962 2026 apud
2999 1970 3085 2010 me
3115 1955 3250 2022 EST,
3282 1959 3335 2011 et
3365 1955 3546 2012 NON?
3575 1957 3811 2014 Subau-

2165 2043 2341 2109 ditur,
2368 2059 2503 2098 non.
2533 2044 2598 2097 Et
2623 2047 2711 2098 est
2740 2059 2988 2099 sensus:
3012 2045 3179 2115 Apud
3204 2043 3338 2100 illos
3359 2050 3449 2101 est
3467 2051 3567 2111 est,
3595 2052 3652 2102 et
3681 2066 3808 2119 non,

2165 2132 2286 2203 qui,
2320 2132 2472 2204 quod
2523 2133 3020 2188 manifestandum
3053 2137 3143 2189 est
3173 2149 3288 2189 non
3321 2135 3732 2205 manifestant,
3759 2144 3813 2195 et

2162 2222 2264 2293 qui
2295 2220 2654 2276 voluntatem
2688 2220 2926 2277 utilitati
2958 2228 3321 2294 priaponunt.
3353 2224 3524 2295 Apud
3556 2241 3654 2281 me
3685 2244 3810 2284 vero

2162 2329 2278 2366 non
2309 2315 2396 2366 est
2425 2320 2522 2381 est,
2546 2319 2597 2365 et
2627 2326 2738 2366 non
2761 2327 2782 2371 ;
2813 2311 2954 2382 quia
2974 2311 3138 2367 nulla
3167 2309 3418 2380 falsitas,
3443 2313 3607 2369 nulla
3628 2323 3814 2373 muta-

2163 2398 2360 2455 bilitas
2389 2418 2402 2466 ;
2437 2405 2494 2455 et
2541 2400 2684 2470 quia
2730 2416 2846 2454 non
2879 2416 3086 2455 sumus
3117 2399 3281 2456 vobis
3311 2403 3568 2460 mentiti.
3601 2409 3812 2462 Beatus

2162 2505 2314 2561 papa
2342 2488 2655 2560 Gregorius
2687 2489 2758 2544 de
2791 2488 2899 2544 hoc
2946 2489 3072 2544 loco
3103 2489 3294 2545 taliter
3323 2490 3610 2563 loquitur,
3643 2497 3811 2567 quasi

2159 2577 2403 2633 dixisset
2433 2595 2445 2631 :
2481 2577 2648 2648 Apud
2675 2593 2767 2632 me
2790 2593 2904 2633 non
2927 2582 3015 2633 est
3035 2583 3118 2633 est
3145 2588 3198 2635 et
3226 2595 3373 2641 non;
3405 2580 3514 2637 hoc
3536 2589 3650 2653 est,
3671 2601 3814 2641 aura

2161 2665 2566 2721 mutabilitatis
2599 2683 2712 2721 non
2747 2683 2997 2737 moveor,
3033 2667 3174 2739 quia
3201 2667 3452 2724 levitatis
3501 2670 3643 2727 vitio
3698 2690 3809 2730 non

2161 2755 2500 2810 succumbo.

2230 2844 2552 2915 Sequitur:
2607 2845 2809 2899 Fidelis
2864 2846 3021 2900 Deus.
3075 2845 3307 2914 Fidelis,
3354 2846 3627 2920 inquam,
3675 2853 3812 2923 quia

2159 2950 2276 2988 non
2309 2937 2397 2988 est
2427 2933 2581 3004 apud
2615 2949 2748 2988 eum
2779 2937 2860 2988 est
2886 2943 2937 2989 et
2965 2950 3094 2990 non.
3129 2936 3275 2991 Nota
3303 2938 3463 3007 quia,
3493 2938 3641 2994 dum
3675 2941 3814 2998 dicit

2161 3021 2551 3086 ﬁdelem,vult
2573 3022 2875 3076 ostendere
2897 3039 2978 3087 se,
2999 3039 3254 3095 suosque
3271 3025 3500 3082 similes
3523 3043 3660 3084 esse
3685 3031 3814 3086 ﬁde-

2164 3110 2247 3166 les
2277 3127 2289 3165 :
2323 3127 2389 3165 ac
2421 3110 2468 3166 si
2501 3110 2695 3164 dicat:
2729 3109 2788 3164 Si
2821 3109 2918 3165 ille
2949 3111 3159 3178 ﬁdelis,
3194 3129 3328 3184 ergo
3360 3114 3562 3170 fideles
3594 3123 3656 3173 et
3690 3135 3812 3185 nos,

407 3207 504 3272 sit,
530 3180 684 3260 idem
707 3201 982 3258 ostendit.
1015 3200 1075 3255 Ut
1102 3197 1420 3266 secundum,
1445 3197 1653 3268 inquit,
1677 3199 1919 3266 gratiam
1949 3197 2050 3254 ha—
2082 3180 2124 3246 C
2165 3215 2266 3271 per
2295 3215 2442 3268 quos
2480 3199 2605 3270 ipse
2648 3198 2928 3270 loquitur.
2963 3201 3030 3254 Et
3076 3201 3206 3256 ideo
3252 3180 3565 3273 subjunxit
3597 3223 3611 3260 :
3677 3180 3814 3277 Quia

407 3295 626 3351 beretis.
659 3291 822 3356 Quod
853 3305 984 3345 vero
1025 3287 1187 3355 dicit,
1223 3286 1564 3351 secundam,
1597 3287 1825 3341 duobus
1857 3286 2049 3342 modis

405 3387 595 3456 potest
617 3379 881 3450 intelligi.
904 3377 1156 3432 Primam
1179 3376 1394 3446 quippe
1420 3373 1752 3429 habuerunt
1773 3375 1831 3428 in
1857 3392 2048 3431 susce-

406 3473 602 3545 ptione
625 3467 910 3541 Epistolm,
935 3465 1252 3521 secundam
1286 3463 1564 3518 baberent
1597 3463 1653 3517 in
1685 3463 1814 3532 ejus
1844 3479 2046 3534 corpo-

403 3560 510 3616 rali
543 3557 866 3632 praesentia.
893 3552 1149 3625 Epistola
1178 3552 1306 3621 ejus
1337 3550 1529 3622 imago
1562 3551 1705 3617 fuit;
1743 3551 2048 3622 praesentia

406 3648 685 3722 corporis,
718 3647 933 3701 veritas
961 3660 974 3709 ;
1010 3647 1066 3697 et
1094 3642 1222 3696 ideo
1254 3640 1354 3711 qui
1387 3645 1771 3709 susceperunt
1801 3656 1934 3694 eum
1985 3641 2044 3695 in

403 3731 1194 3803 similitudine,susciperent
1219 3745 1348 3784 eum
1377 3727 1432 3781 in
1453 3726 1711 3782 veritate.
1727 3725 1850 3781 Alio
1872 3729 2043 3784 modo

402 3827 653 3900 primam
669 3823 916 3897 gratiam
930 3814 1566 3887 habuerunt,quoniam
1584 3815 1747 3886 prius
1763 3831 1895 3870 eum
1909 3832 2044 3871 cum

402 3915 616 3988 gaudio
639 3911 1117 3982 susceperunt,et
1138 3905 1207 3961 ad
1234 3902 1700 3976 praedicationem
1723 3902 1910 3974 ipsius
1927 3921 2045 3959 cre-

402 4004 719 4069 diderunt;
755 3998 1074 4056 secundam
1125 3993 1372 4067 gratiam
1420 3991 1719 4059 haberent,
1753 3992 1803 4046 si
1853 3993 2042 4049 denuo

399 4091 781 4164 corporaliter
810 4103 943 4143 eum
977 4085 1362 4155 susciperent.
1395 4080 1578 4144 Quam
1611 4080 1735 4152 ipse
1767 4082 2040 4146 ostendit,

400 4197 535 4236 cum
559 4176 1004 4251 dispositionem
1037 4189 1206 4228 suam
1239 4171 1459 4226 eisdem
1494 4169 1868 4223 manifestare
1898 4169 2043 4224 inci-

398 4269 487 4339 pit
512 4286 524 4322 :
560 4269 622 4320 Et
648 4283 750 4337 per
771 4280 880 4333 vos,
911 4261 1122 4332 inquit,
1149 4260 1388 4316 transire
1417 4259 1476 4310 in
1500 4257 1908 4327 Macedoniam,
1932 4262 2038 4314 etc.

400 4355 620 4425 Magnae
650 4365 905 4422 namque
937 4347 1259 4420 dignitatis,
1296 4344 1507 4414 meriti,
1550 4361 1614 4398 ac
1661 4345 1860 4416 gratiae
1915 4363 2043 4402 esse

398 4443 871 4515 prmdicarentur,
902 4438 950 4494 si
974 4437 1164 4506 toties,
1192 4440 1248 4489 et
1277 4432 1480 4490 tandiu
1503 4432 1760 4504 Apostoli
1787 4451 2040 4506 praesen-

395 4532 479 4588 tia
518 4531 972 4604 perfruerentur.

467 4621 778 4693 Sequitur:
815 4618 946 4673 Cum
977 4617 1091 4672 hac
1119 4629 1242 4684 ergo
1272 4611 1588 4678 voluissem,
1621 4613 1879 4682 nunquid
1908 4613 2040 4668 levi-

400 4711 509 4764 tate
529 4726 656 4763 usus
685 4724 807 4761 sum
831 4711 856 4759 .9
885 4701 1480 4759 Animadvertendum
1505 4705 1612 4766 est,
1636 4701 1772 4771 quia
1795 4706 2040 4772 Aposto-

394 4795 489 4852 lus
521 4797 869 4868 promiserat
901 4810 962 4848 se
992 4798 1300 4847 venturum
1332 4790 1402 4846 ad
1435 4805 1570 4857 eos;
1619 4791 1719 4844 sed
1751 4789 1890 4860 quia
1921 4807 2034 4845 non

391 4883 570 4955 venit,
603 4901 675 4940 ne
707 4885 995 4939 videretur
1022 4883 1082 4936 in
1125 4879 1345 4934 malum
1377 4877 1664 4934 mendacii
1697 4879 2033 4948 incurrisse,

390 4973 598 5045 incipit
626 4972 877 5028 levitatis
902 4971 1106 5026 vitium
1140 4975 1382 5040 tergere,
1410 4973 1466 5022 et
1496 4967 1624 5022 ideo
1657 4967 1795 5021 dicit
1830 4986 1842 5023 :
1875 4971 2037 5024 Nun-

389 5061 521 5133 quid
545 5061 769 5118 levitate
789 5077 918 5116 usus
939 5062 1099 5115 sum?
1121 5056 1481 5113 Subauditur
1500 5071 1609 5110 non
1631 5073 1649 5109 :
1671 5056 1840 5126 quasi
1863 5056 2037 5113 dixis-

389 5155 479 5208 set
500 5150 628 5208 aliis
651 5149 845 5206 verbis
870 5166 882 5204 :
911 5148 1028 5215 Ille,
1048 5146 1148 5218 qui
1173 5163 1287 5202 non
1315 5144 1518 5217 implet
1541 5145 1695 5216 quod
1724 5145 2032 5216 promittit,

479 5344 604 5419 (ἔξω
637 5345 971 5419 Vulsit“?-

479 5410 603 5488 6A88')
637 5410 782 5488 Sila}
802 5410 975 5488 juxta
1003 5414 1201 5486 Vulg.,
1226 5429 1339 5488 seu
1370 5410 1563 5488 Silius.
1598 5411 1741 5488 Vide
1762 5415 1905 5488 ‘Act.
1938 5433 2030 5488 xv,

385 5483 476 5560 22.
505 5483 648 5542 Item
676 5483 842 5543 initia
870 5483 1318 5560 geminas—Epist.
1344 5485 1414 5560 ad
1439 5483 1736 5560 Thessal.;
1762 5486 1782 5540 Ι
1810 5487 1960 5542 Petri
1977 5483 2030 5556 v,

389 5558 486 5624 12;
508 5559 634 5614 Act.
666 5574 758 5626 xv,
788 5555 902 5628 27,‘
912 5560 974 5613 41
1004 5584 1019 5625 ;
1052 5555 1446 5628 Act.'xv1,_lt.
1478 5555 1601 5628 Ado
1635 5561 1883 5614 testatur
1912 5555 2031 5617 Ma?

385 5599 645 5712 ῥεᾶὁῐῦἓ
658 5599 1040 5690 ὃιέἷίέεὲιιίῐηέ
1052 5599 2030 5702 31V;PEuiiﬁdelisaimuui'éEéiSE,

2155 3305 2329 3344 sermo
2357 3294 2561 3357 noster,
2590 3290 2685 3359 qui
2714 3291 2774 3358 fit
2798 3289 2944 3359 (687)
2973 3290 3120 3360 apud
3149 3307 3258 3358 vos,
3294 3296 3406 3348 etc.
3431 3294 3664 3359 Quibus
3691 3315 3811 3354 ver-

2157 3379 2248 3434 bis
2279 3394 2448 3433 suam
2471 3377 2799 3432 doctrinam
2825 3377 3082 3433 ostendit
3107 3395 3236 3435 esse
3266 3396 3461 3436 veram
3491 3400 3504 3450 ;
3541 3385 3690 3456 quia
3722 3387 3813 3442 do-

2157 3468 2340 3522 ctrina
2371 3465 2656 3537 Apostoli,
2689 3467 2956 3522 doctrina
2983 3473 3073 3522 est
3101 3469 3351 3524 Domini.

2225 3556 2504 3626 Sequitur
2535 3571 2548 3609 :
2611 3555 2705 3609 Dei
2752 3557 2904 3609 enim
2948 3556 3128 3612 Filius
3157 3558 3423 3615 Dominus
3450 3565 3614 3617 Iesus
3649 3563 3810 3619 Chri-

2156 3649 2288 3709 stus,
2313 3645 2408 3714 qui
2460 3645 2518 3698 in
2548 3643 2692 3698 vobis
2707 3643 3039 3714 prxdicatus
3061 3649 3160 3716 est,
3184 3651 3291 3702 etc.
3319 3647 3583 3704 Primum
3613 3650 3678 3707 in
3702 3653 3807 3708 hoc

2157 3732 2280 3788 loco
2311 3731 2685 3804 quzerendum
2717 3737 2806 3787 est
2837 3732 2970 3804 quis
3000 3733 3077 3788 sit
3114 3735 3226 3789 iste
3253 3734 3546 3804 Silvanus,
3577 3740 3671 3796 vel
3707 3758 3810 3797 cur

2153 3821 2228 3876 sit
2255 3819 2561 3876 Timotheo
2594 3819 2961 3891 praepositus.
2997 3821 3266 3878 Silvanus
3303 3825 3461 3880 enim
3512 3827 3642 3899 ipse
3704 3836 3811 3896 est,

2152 3910 2252 3980 qui
2283 3913 2341 3965 et
2371 3909 2555 3965 Sileas
2588 3909 2762 3980 (688),
2796 3908 3015 3981 quippe
3045 3911 3104 3965 in
3133 3911 3374 3968 Actibus
3404 3918 3814 3986 apostolorum

2153 3999 2489 4070 frequenter
2518 4002 3014 4053 commemoratur
3046 4016 3060 4053 :
3108 4000 3179 4056 de
3211 4017 3326 4072 quo
3359 4003 3539 4059 etiam
3571 4005 3812 4079 legitur,

2150 4087 2290 4159 quia
2312 4088 2381 4142 de
2406 4085 2786 4158 Jerosolymis
2810 4085 3068 4143 directus
3091 4093 3180 4144 est
3204 4089 3275 4144 ab
3301 4092 3588 4162 apostolis
3607 4097 3814 4153 Antio-

2150 4176 2344 4232 chiam
2376 4192 2509 4230 cum
2543 4173 2804 4246 epistolis
2837 4177 2975 4244 (Act.
3009 4194 3100 4244 xv,
3133 4177 3252 4248 27),
3286 4186 3526 4251 propter
3559 4183 3815 4240 diversi-

2150 4269 2326 4319 tatem
2369 4265 2654 4330 ciborum,
2689 4267 2745 4317 et
2794 4268 2856 4318 ut
2911 4263 3120 4336 legalia
3170 4283 3348 4322 onera
3395 4285 3429 4323 a
3482 4273 3818 4329 cervicibus

2149 4354 2402 4409 auferret
2456 4351 2840 4408 credentium.
2894 4353 3063 4423 Nam,
3113 4355 3263 4410 sicut
3314 4357 3529 4414 Saulus
3586 4360 3816 4418 indicat

2148 4442 2518 4510 Paulum,sic
2539 4445 2596 4496 et
2626 4439 2895 4496 Silvanus
2926 4442 3162 4499 Sileam.
3191 4444 3254 4498 Hi
3282 4461 3517 4518 quoque
3547 4449 3663 4504 viri
3696 4468 3813 4508 non

2073 4548 2116 4612 D
2149 4531 2338 4586 solum
2361 4530 2701 4595 Corinthiis,
2727 4531 2825 4586 sed
2861 4537 2916 4586 et
2943 4531 3570 4594 Thessalonicensibus
3597 4540 3815 4610 praedi-

2152 4624 2444 4675 caverunt.
2481 4619 2590 4673 Sed
2624 4619 2831 4690 quzsrit
2861 4621 3004 4676 forte
3034 4621 3248 4692 aliquis
3282 4639 3294 4676 :
3347 4627 3540 4689 Quare
3589 4633 3719 4684 tam
3753 4629 3812 4686 in

2149 4709 2278 4777 hac,
2315 4724 2488 4780 quam
2527 4711 2583 4762 et
2628 4707 2685 4761 in
2725 4706 2827 4763 illa
2858 4709 3114 4781 Epistola
3139 4710 3406 4767 Silvanus
3437 4718 3814 4786 praeponitur

2151 4797 2457 4853 Timotheo
2479 4796 2506 4850 ‘I
2537 4795 2768 4852 Noverit
2810 4796 2924 4868 ille,
2960 4798 3060 4870 qui
3091 4799 3198 4854 hoc
3229 4801 3456 4871 quaerit,
3493 4804 3642 4874 quia
3674 4805 3810 4862 ideo

2148 4885 2295 4940 forte
2328 4885 2704 4956 praeponitur,
2741 4887 3020 4957 quoniam
3052 4889 3216 4958 prius
3244 4891 3545 4960 Apostolo,
3581 4898 3644 4948 et
3676 4895 3810 4965 ejus

2147 4973 2544 5046 praedicationi
2577 4973 2828 5040 inhaesit,
2861 4981 2920 5030 et
2967 4976 3129 5048 prius
3172 4977 3358 5033 factus
3387 4984 3475 5034 est
3505 4983 3812 5055 particeps

2146 5063 2274 5132 ejus
2297 5061 2694 5118 tribulationis
2719 5079 2731 5116 :
2768 5063 2923 5135 quod
2946 5069 3004 5120 et
3032 5065 3179 5121 liber
3200 5067 3478 5122 Actorum
3504 5069 3811 5140 apostolo-

2145 5168 2276 5207 rum
2297 5151 2651 5207 manifestat.
2670 5153 2906 5225 Legitur
2925 5155 3104 5223 enim,
3120 5155 3276 5226 quia,
3293 5172 3425 5211 cum
3449 5162 3810 5230 susceptum

2143 5355 2208 5424 ut
2224 5367 2359 5406 eum
2384 5349 2555 5406 divus
2569 5349 2773 5424 Petrus
2791 5352 2888 5408 cit.
2904 5353 3008 5424 Ep.
3038 5357 3237 5421 vocat;
3272 5351 3496 5424 quique
3513 5353 3811 5410 verisimi-

2144 5421 2276 5477 liter
2299 5423 2453 5476 inter
2474 5423 2848 5494 septuaginta
2869 5421 3188 5494 discipulos
3205 5421 3698 5480 adnumerandus
3721 5426 3812 5480 vi-

2143 5493 2316 5568 detur
2342 5509 2354 5546 :
2380 5509 2633 5564 eumque
2649 5493 2910 5568 martyrii
2932 5493 3189 5568 palmam
3206 5495 3568 5568 robtinuisse,
3589 5497 3808 5568 Silam,

2144 5569 2200 5646 et
2232 5563 2555 5646 Silnvanum,
2588 5563 2871 5646 tanquam
2900 5563 3049 5626 d'uos
3078 5567 3386 5628 distinctos
3416 5563 3573 5626 viros
3615 5565 3819 5646 Graeci

2145 5635 2238 5694 die
2269 5636 2336 5696 13
2359 5635 2504 5695 Julii
2535 5635 2754 5696 colunt.
3801 5644 3810 5648 ’
