4034 6166
175 324 281 384 421

756 316 1172 380 EXPOSITIO
1217 322 1294 381 IN
1342 322 1762 383 EPISTOLAS
1810 323 2074 385 PAULI.
2108 356 2186 370 —-
2228 326 2304 385 IN
2342 325 2590 387 EPIST.
2637 328 2691 389 II
2738 332 2843 391 AD
2890 335 3067 397 COR.

3504 346 3622 406 422

174 456 436 515 ofﬁcium
470 451 769 508 voluisset
800 467 1078 523 peragere
1110 455 1434 527 assumpsit
1478 455 1689 511 Sileam
1751 474 1836 512 se-
1871 459 1926 525 Α
1958 458 2051 512 sui
2086 458 2200 513 ﬁde
2230 460 2611 528 consociavit,
2648 464 2706 519 in
2738 482 2848 523 uno
2881 469 3120 535 homine,
3148 474 3357 541 faciens
3407 493 3620 547 pacem-

173 564 303 604 cum
338 545 504 616 (ALL,
540 559 628 607 xv,
666 542 779 611 40).
812 544 951 595 Post
983 540 1091 594 hac
1124 540 1357 614 legitur,
1392 544 1687 615 quia,cum
1722 562 1846 616 per-

173 640 481 711 agrassent
495 631 733 705 Syriam
747 628 1128 699 (lbid.,4l),et
1146 630 1404 687 Ciliciam
1431 635 1844 689 conﬁrmantes

169 724 485 790 Ecclesiae,
520 724 815 777 venerunt
847 717 1103 773 Derben.
1148 725 1255 775 etc.
1311 722 1653 779 Timotheus
1684 740 1839 791 vero,

169 828 538 889 quamquam
571 810 647 865 ah
679 805 964 880 Apostolo
997 805 1077 861 sit
1108 809 1414 866 ordinatus
1447 812 1841 883 episcopus,et

173 904 426 960 multum
463 901 538 955 ab
572 916 639 954 eo
670 898 963 962 laudetur,
998 897 1209 951 merito
1244 904 1436 954 tamen
1467 902 1840 972 supponitur.

171 999 283 1050 Iste
315 992 500 1047 etiam
532 989 675 1045 ordo
699 990 969 1043 servatur
996 983 1055 1037 in
1093 985 1379 1043 Ecclesia:
1416 990 1696 1059 quoniam
1719 989 1841 1060 epi-

170 1082 325 1152 scopi
353 1081 533 1150 juxta
564 1093 739 1133 suum
766 1076 1039 1131 ordinem
1073 1076 1245 1131 sedes
1278 1076 1497 1131 habent

238 1169 512 1226 Christus
534 1166 714 1239 igitur
745 1165 842 1219 Dei
877 1163 1066 1219 Filius
1101 1180 1217 1219 non
1267 1165 1445 1220 habet
1499 1170 1575 1221 est
1605 1172 1675 1221 et'
1710 1183 1843 1235 non,

172 1260 456 1334 quoniam
490 1255 655 1311 nulla
682 1257 770 1309 est
800 1254 856 1307 in
877 1251 977 1306 illo
992 1250 1419 1323 falsitas,nulla
1440 1255 1617 1309 etiam
1652 1260 1845 1310 muta-

176 1346 573 1413 bilitas,sicut
595 1342 874 1414 scriptum
899 1346 1016 1396 est:
1042 1341 1202 1410 Apud
1230 1356 1398 1412 quem
1416 1358 1527 1396 non
1559 1348 1843 1398 esttrans-

172 1439 402 1495 mutatio
435 1436 579 1507 (Jac.
618 1434 656 1500 1,
692 1431 802 1501 17),
832 1433 919 1484 etc
968 1427 1071 1483 Sed
1102 1428 1243 1483 EST
1294 1429 1359 1482 in
1416 1431 1519 1484 illo
1578 1432 1685 1495 fuit
1709 1448 1726 1491 .·
1788 1432 1843 1485 id

174 1534 279 1593 est,
312 1525 454 1599 quia
487 1526 686 1578 manet
713 1520 772 1574 in
803 1535 867 1573 eo
913 1517 1272 1573 inconvulsa
1318 1517 1556 1589 veritas,
1620 1520 1845 1574 incom-

177 1614 482 1674 mutabilis
522 1611 769 1679 bonitas,
804 1607 962 1664 Unde
993 1609 1049 1661 et
1077 1608 1159 1661 ad
1192 1607 1439 1675 Moysen
1500 1607 1679 1661 dicit:
1738 1608 1847 1676 Ego

175 1724 297 1763 sum
327 1705 422 1777 qui
451 1717 579 1757 sum
611 1698 798 1771 (Exod.
824 1714 904 1763 IlI,
942 1696 1047 1765 14).
1101 1700 1218 1749 etc.
1255 1692 1347 1747 llli
1402 1694 1622 1767 quippe
1679 1712 1846 1750 vera-

181 1799 321 1854 citer
379 1799 470 1850 est
511 1807 659 1858 esse,
691 1788 780 1844 cui
836 1803 949 1841 non
983 1783 1181 1851 aliter,
1215 1789 1321 1837 aut
1360 1782 1729 1837 dissimiliter
1760 1788 1850 1837 est

184 1902 327 1949 esse,
367 1882 469 1937 sed
502 1880 611 1934 hoc
635 1876 719 1931 illi
750 1880 839 1931 est
866 1888 1014 1940 esse,
1043 1871 1154 1941 qui
1188 1876 1315 1935 est;
1353 1875 1631 1925 creaturae
1692 1888 1847 1942 vero,

186 1972 321 2044 quia
352 1985 470 2023 non
503 1984 537 2021 a
566 1982 628 2021 se
655 1964 870 2019 habent
898 1975 1048 2021 esse,
1082 1958 1165 2012 ab
1197 1956 1298 2011 illo
1315 1958 1630 2026 accipiunt,
1661 1962 1721 2012 ut
1744 1975 1849 2029 pro

186 2058 425 2117 modulo
456 2072 563 2112 suo
594 2070 721 2109 esse
752 2050 998 2123 possint.
1036 2046 1129 2101 111i
1163 2062 1320 2117 ergo,
1341 2047 1431 2100 cui
1476 2064 1590 2102 non
1623 2052 1713 2102 est
1742 2048 1851 2103 ali-

185 2156 287 2215 ter,
325 2152 425 2203 aut
455 2142 823 2199 dissimiliter
847 2153 995 2204 esse,
1030 2136 1134 2191 sed
1168 2134 1226 2188 id
1255 2139 1343 2189 est
1371 2134 1457 2188 illi
1488 2152 1639 2202 esse,
1692 2138 1849 2206 quod

188 2243 292 2304 est,
328 2252 443 2291 non
476 2233 637 2289 aliud
669 2235 757 2286 est
787 2225 1172 2295 contrarium,
1206 2223 1319 2278 nisi
1351 2222 1519 2294 illud,
1542 2225 1697 2295 quod
1732 2243 1849 2281 non

190 2333 298 2384 est.
331 2323 634 2391 Quocirca,
667 2319 819 2375 sicut
850 2332 1021 2373 omne
1050 2315 1275 2368 bonum
1311 2313 1382 2367 ab
1417 2313 1513 2368 illo
1545 2320 1656 2380 est,
1692 2314 1774 2368 ita
1796 2321 1853 2370 ct

191 2431 385 2486 omne,
416 2412 573 2484 quod
607 2408 953 2465 naturaliter
983 2408 1092 2472 est,
1146 2403 1218 2457 ab
1277 2401 1374 2457 illo
1433 2408 1558 2471 est;
1623 2420 1762 2474 ergo
1795 2410 1853 2461 et

191 2519 367 2561 omne
395 2503 617 2557 bonum
650 2498 721 2552 ab
748 2495 866 2551 illo'
892 2497 1037 2551 Item
1064 2508 1076 2546 :
1113 2490 1315 2547 Omnis
1347 2492 1527 2563 igitur
1583 2497 1852 2549 creatura

192 2596 368 2658 bona,
427 2595 483 2645 et
539 2603 712 2643 omne
768 2586 990 2640 bonum
1054 2598 1088 2636 a
1143 2580 1297 2647 Deo,
1357 2585 1413 2635 et
1461 2581 1654 2636 omnis
1687 2598 1849 2638 croa-

191 2689 329 2739 tura
358 2680 430 2735 ab
460 2677 561 2732 illo
593 2680 706 2732 est.
740 2674 944 2743 Itaque
976 2669 1301 2725 notandum
1332 2675 1420 2723 est
1451 2668 1609 2740 quia,
1662 2685 1850 2739 quan-

190 2777 323 2827 tum
354 2769 423 2824 ad
458 2766 832 2838 dignitatem,
866 2765 922 2815 et
958 2758 1288 2813 libertatem
1313 2757 1617 2812 doctorum
1643 2759 1854 2815 attinet

192 2876 314 2915 non
346 2857 517 2912 debet
550 2853 666 2908 illis
692 2867 823 2907 esse
850 2852 997 2905 estet
1024 2863 1158 2913 non,
1194 2846 1291 2900 sed
1327 2854 1406 2899 est
1433 2845 1491 2900 in
1551 2845 1670 2900 illis
1722 2863 1854 2903 esse

192 2949 405 3004 debet:
434 2944 543 2999 hoc
571 2947 679 3008 est,
715 2939 855 3011 quia
885 2954 999 2993 non
1032 2935 1391 2991 voluntatem
1426 2936 1689 2998 utilitati,
1750 2939 1850 2993 sed

192 3036 513 3093 utilitatem
547 3032 763 3086 debent
793 3042 1126 3100 praeponere
1182 3023 1488 3079 voluntati.
1548 3026 1645 3080 Dei
1694 3028 1851 3082 enim

193 3123 385 3181 Filius
410 3119 696 3176 Dominus
713 3117 889 3171 Jesus
909 3113 1175 3169 Christus
1192 3130 1303 3167 non
1321 3112 1596 3167 habetest
1624 3119 1676 3167 et
1698 3130 1807 3169 non
1835 3131 1848 3181 ;

1880 1826 1927 1889 B

1957 546 2045 601 his
2078 549 2359 638 quilonge
2392 557 2539 614 sunt,
2571 554 2619 605 et
2652 554 2737 607 his
2768 559 2867 626 qui
2882 574 3051 629 prope
3076 560 3215 629 (Ibid
3243 607 3258 629 ,
3296 564 3382 631 15,
3412 546 3527 638 717).

2030 636 2343 706 Sequitur:
2381 640 2444 692 Et
2475 640 2572 709 qui
2609 644 2772 697 unxit
2793 662 2890 700 nos
2921 648 3081 702 Deus.
3140 648 3312 705 quit
3343 636 3496 725 nos,
3532 655 3620 710 in-

1956 740 2158 795 quam,
2194 726 2555 792 coelestibus,
2589 733 2647 783 et
2677 732 3045 802 spiritalibus
3067 737 3261 805 donis,
3312 747 3370 797 et
3432 744 3621 799 chari-

1957 813 2271 880 smatibus,
2306 820 2372 868 ut
2404 832 2674 873 essemus
2704 838 2877 888 genus
2913 825 3165 894 electum,
3209 832 3392 899 regale
3444 851 3621 890 sacer-

1955 903 2101 997 tiuin
2130 905 2178 969 (1
2402 923 2463 967 ιι,
2495 908 2572 973 9),
2606 912 2931 967 secundum
2965 916 3119 984 quod
3153 918 3233 971 ait
3266 920 3624 997 Petrusapo-

1956 989 2168 1086 slolus.
2210 990 2302 1086 Illi
2332 997 2722 1086 namque,qui
2758 998 2814 1051 in
2834 1000 3021 1054 Veteri
3046 1002 3421 1064 Testamento
3443 989 3615 1086 unge-

1957 1077 2197 1142 bantur,
2230 1079 2499 1136 ﬁdelium
2549 1086 2832 1155 gerebant
2886 1090 3154 1159 ﬁguram.
3219 1095 3496 1167 Sequitur
3516 1077 3626 1158 :vEt

1957 1166 2056 1236 qui
2084 1167 2328 1259 siqutwit
2356 1186 2478 1227 nos.
2514 1173 2632 1228 Hoc
2665 1174 2824 1228 enim
2857 1192 2957 1245 pro
2984 1193 3191 1250 magno
3217 1166 3362 1241 dixit
3389 1213 3402 1255 ;
3437 1190 3493 1245 id
3517 1197 3625 1259 est,

1958 1254 2294 1324 specialiter
2324 1262 2383 1312 et
2415 1261 2796 1332 singulariter
2839 1281 2953 1334 prae
3011 1270 3285 1328 omnibus
3344 1254 3627 1337 creaturis

1956 1340 2152 1411 elegit,
2187 1361 2251 1397 ac
2283 1346 2507 1403 dilexit.
2544 1351 2660 1406 Nos
2694 1367 2828 1405 vero
2857 1355 3008 1422 quod
3043 1356 3286 1417 charum
3338 1365 3631 1426 habemus

1958 1429 2289 1501 signemus.
2321 1434 2491 1503 Nota,
2528 1439 2683 1509 quod
2736 1438 2828 1493 his
2882 1444 3069 1498 verbis
3129 1463 3315 1507 unum
3372 1459 3632 1514 ostendit

1958 1533 2109 1587 opus
2140 1522 2351 1588 Patris,
2387 1530 2447 1579 et
2474 1526 2626 1593 Filii,
2662 1528 2943 1598 quoniam
2976 1548 3073 1587 eos
3090 1534 3257 1593 Pater
3283 1541 3500 1600 dicitur
3521 1563 3629 1602 un-

1958 1620 2119 1674 gere,
2151 1619 2206 1662 et
2263 1612 2521 1683 signare,
2556 1633 2706 1688 quos
2758 1616 2934 1674 Filius
2984 1622 3196 1679 dicitur
3257 1633 3628 1692 conﬁrmare.

1959 1694 2130 1792 Ergo,
2164 1712 2311 1767 quos
2345 1703 2662 1759 conﬁrmat
2692 1704 2871 1760 Filius
2929 1711 3237 1769 conﬁrmat
3311 1724 3369 1774 et
3426 1726 3630 1794 Pater;

1960 1783 2119 1885 quia,
2153 1800 2298 1885 quos
2334 1790 2507 1885 ungit
2537 1792 2837 1885 ethsignat
2869 1795 3055 1863 Pater,
3111 1805 3277 1874 ungit
3333 1814 3391 1863 et
3440 1783 3638 1885 signat

1965 1869 2185 1970 Filius;
2219 1879 2275 1927 et
2307 1877 2530 1945 quibus
2582 1880 2751 1935 Pater
2807 1881 2905 1937 dat
2962 1869 3246 1957 Spiritum
3300 1869 3635 1970 suum,udat

1962 1963 2020 2050 et
2052 1958 2252 2050 Filius,
2285 1964 2430 2033 quia
2461 1965 2666 2032 Patris,
2701 1974 2755 2023 et
2790 1970 2912 2025 Filii
2948 1990 3099 2030 unus
3131 1978 3413 2050 Spiritus.

1964 2045 2209 2147 iidem‘in
2244 2051 2507 2147 Epistola
2554 2058 2624 2147 ad
2686 2057 3009 2117 Romanos:
3073 2065 3134 2119 Si
3176 2045 3315 2139 quis
3365 2045 3632 2147 Spiritum

1964 2134 2168 2239 ‘Christi
2186 2154 2318 2239 lnon‘
2347 2140 2531 2210 habet,
2567 2145 2656 2239 hic
2685 2164 2801 2201 non
2827 2154 2905 2202 est
2934 2153 3049 2221 ejus
3103 2134 3281 2227 (Rom.
3318 2134 3410 2219 v1;
3429 2134 3635 2239 9).

1963 2222 2073 2319 _h°°
2104 2227 2456 2295 nomadum:
2491 2233 2649 2302 (ἒΙυίθι,
2694 2252 2830 2290 cum
2860 2240 2929 2293 de
2962 2222 3321 2310 Perl'ectione
3376 2222 3633 2319 hominis

1960 2312 2300 2408 loqueretur
2325 2318 2541 2392 (Ibid),
2574 2324 2754 2379 totius
2784 2327 3087 2386 Trinitatis
3112 2334 3249 2390 fecit
3274 2312 3632 2408 mentionem

1962 2401 2103 2492 quia
2132 2418 2368 2492 summa
2400 2411 2777 2478 perfectionis
2809 2414 2867 2468 in
2900 2417 3191 2478 Trinitate
3225 2401 3520 2492 consistit.

2040 2490 2354 2587 Sequitur:
2422 2500 2489 2587 βε
2547 2500 2698 2556 dedit
2734 2505 2937 2574 pignus
2987 2509 3254 2585 Spiritus,
3322 2527 3430 2578 etc.
3481 2490 3631 2587 Cane

1962 2579 2309 2683 notandum,
2340 2585 2482 2653 quia
2509 2589 2721 2661 pignus
2756 2609 2857 2662 pro
2894 2611 2952 2649 re
2982 2579 3632 2683 credita,velpromissa

1962 2666 2172 2763 datur;
2207 2673 2264 2722 et
2293 2686 2427 2763 cum
2462 2692 2555 2731 res
2589 2680 2900 2748 promissa,
2934 2684 3019 2738 vel
3054 2666 3278 2749 credita

2272 2758 2510 2865 pigri-us.
2547 2766 2731 2865 D‘atur
2759 2770 2934 2865 etiam
2958 2773 3171 2865 pignus
3205 2798 3311 2852 pro

1965 2842 2098 2940 dine
2132 2844 2209 2940 rei
2243 2849 2497 2919 creditae,
2516 2855 2600 2909 vel
2626 2842 3072 2926 proniisszesUbi
3097 2842 3629 2940 solerterantima‘d-

1964 2932 2326 3028 vertendum,
2362 2947 2651 3007 quantum
2684 2944 2921 3000 dabitur
2948 2949 3148 3009 electis
3194 2960 3323 3028 jam

1964 3016 2343 3118 talibus,cum
2369 3016 3620 3118 tantumeis’tribuaturadhucmortalibus:

1964 3106 2072 3217 hoq
2104 3112 2209 3206 est,
2246 3118 2469 3181 quanta
2499 3120 2608 3172 erit
2639 3136 2860 3176 merces
2896 3128 2952 3177 et
3010 3106 3621 3217 remuneratiowreghi

189 3213 335 3286 quia
366 3227 478 3266 non
508 3207 670 3263 aliud
699 3203 973 3273 vuIt,nisi
1005 3203 1159 3274 quod
1195 3201 1336 3257 utile
1360 3208 1530 3267 est,et
1563 3202 1703 3257 utile
1725 3205 1855 3274 ejus
1886 3182 1928 3247 (ἶ
1967 3194 2245 3305 caelestis,
2274 3217 2407 3256 cum
2445 3206 2623 3261 etiam
2653 3226 2809 3264 nunc
2840 3216 3001 3266 tanta
3031 3182 3621 3305 δηξίζὲἔξέιὶιέῖῖἒ

189 3318 315 3358 non
348 3303 439 3355 est
471 3293 940 3361 coactum,veluti
975 3290 1232 3353 hominis
1259 3309 1271 3347 :
1310 3307 1412 3345 nec
1445 3295 1533 3345 est
1549 3292 1722 3349 etiam
1749 3292 1856 3348 ali-

189 3389 345 3463 quid
368 3388 647 3442 adversus
666 3399 805 3439 eum
834 3399 927 3437 am
941 3378 1367 3452 bignum,sicut
1388 3380 1540 3448 apud
1568 3380 1853 3437 homines.

188 3480 268 3535 Et
290 3478 427 3531 ideo
460 3472 757 3544 subjungit
789 3468 1362 3542 Apostolus,dicens:
1398 3469 1661 3539 Quotquot
1704 3473 1855 3526 enim

186 3565 594 3640 promissiones
622 3562 719 3616 Dei
757 3563 887 3613 sunt
943 3560 1001 3613 in
1068 3558 1163 3612 illo
1220 3557 1377 3621 EST,
1433 3562 1540 3612 etc.
1577 3557 1736 3612 Talis
1769 3564 1857 3614 est

193 3671 437 3719 sensus,
471 3650 640 3723 quasi
670 3649 951 3703 dixisset:
987 3646 1191 3701 Omnis
1216 3645 1429 3700 veritas
1453 3645 1714 3701 Christus
1744 3652 1851 3715 est,

196 3754 249 3800 et
279 3744 402 3798 ideo
430 3757 537 3812 per
568 3741 749 3810 ipsum
778 3752 935 3791 amen
966 3737 1091 3801 Deo,
1126 3735 1262 3805 quia
1295 3752 1395 3805 per
1426 3734 1618 3806 ipsum
1661 3738 1853 3791 omnis

197 3832 451 3888 veritas:
488 3844 625 3883 nam
659 3842 829 3881 amen
859 3824 1072 3879 veritas
1103 3824 1552 3893 interpretatur:
1602 3840 1727 3893 quae
1758 3842 1852 3879 ve-

191 3923 335 3976 ritas
368 3935 477 3992 per
506 3915 806 3972 Christum
840 3917 928 3969 est
951 3911 1340 3977 manifestata,
1364 3915 1419 3965 et
1446 3911 1516 3965 ab
1575 3912 1852 3981 apostolis

191 4010 531 4082 praedicata,
567 4011 627 4060 et
658 4002 903 4058 diversis
926 4001 1134 4073 signis,
1169 4004 1225 4056 et
1248 3998 1547 4054 miraculis
1592 4004 1680 4054 est
1710 4018 1848 4056 con-

196 4101 452 4154 ﬁrmata.
487 4095 653 4158 Quod
687 4091 1041 4163 omne,quod
1073 4089 1340 4146 Christus
1364 4088 1629 4160 promisit
1648 4106 1849 4144 verum

193 4189 289 4255 sit,
321 4185 662 4258 impleatur,
699 4181 873 4251 hujus
905 4179 1205 4235 sententia
1236 4177 1532 4233 conclusio
1562 4177 1698 4233 talis
1721 4196 1850 4234 esse

196 4282 405 4349 potest,
442 4272 615 4345 quasi
648 4270 928 4325 dixisset:
955 4268 1231 4336 Omnium
1263 4266 1721 4338 promissionum
1753 4285 1846 4323 ve-

196 4367 339 4421 ritas
369 4363 641 4420 Christus
673 4364 782 4424 est,
814 4376 942 4429 quae
974 4374 1076 4430 per
1106 4374 1211 4412 nos
1250 4356 1622 4428 praedicatur,
1657 4362 1712 4411 et
1734 4358 1845 4413 im-

195 4453 374 4526 pletio
407 4450 703 4523 sequitur.
736 4445 982 4502 Pulchre
1013 4446 1250 4516 quidem
1282 4444 1584 4515 subjunxit
1613 4445 1720 4499 :Ad
1739 4447 1852 4516 glo-

196 4545 340 4599 riam
370 4543 470 4598 Dei
495 4540 644 4609 (689)
675 4556 687 4605 ;
724 4536 1000 4608 quoniam
1033 4534 1285 4590 multum
1317 4535 1387 4589 ad
1437 4532 1684 4606 gloriam
1744 4535 1849 4590 Dei
1879 4550 1926 4615 Ι)

200 4633 427 4698 attinet,
461 4630 509 4685 si
544 4626 745 4683 omnia
776 4627 844 4680 ab
876 4623 998 4689 illo,
1030 4628 1086 4679 et
1116 4640 1218 4695 per
1244 4621 1573 4684 illum,etin
1596 4622 1696 4679 illo
1721 4640 1849 4679 esse

199 4724 547 4785 noscuntur,
580 4722 637 4771 et
668 4714 1095 4786 intelliguntur.

278 4811 585 4881 Sequitur:
620 4807 725 4873 Qui
756 4813 937 4859 autem
965 4802 1261 4871 conﬁrmat
1280 4817 1373 4856 nos
1403 4802 1705 4867 vobiscum,
1747 4803 1851 4857 Do-

203 4900 391 4954 minus
423 4897 668 4953 Christus
700 4894 867 4965 (690),
922 4891 1288 4956 subauditur,
1352 4896 1475 4946 est:
1534 4891 1641 4947 iste
1696 4892 1850 4946 enim

205 4986 481 5043 Hebraeus
504 4988 720 5049 erat,et
749 4982 1021 5055 gentibus
1052 4978 1417 5050 loquebatur.
1443 4985 1587 5051 Ergo
1602 4979 1737 5035 talis
1764 4985 1853 5035 est

204 5091 453 5131 sensus:
491 5072 778 5131 Dominus
808 5071 1069 5125 Christus
1091 5071 1196 5132 est,
1231 5068 1329 5137 qui
1362 5084 1468 5123 nos
1498 5074 1554 5122 et
1582 5086 1682 5123 vos
1712 5070 1853 5125 inea

204 5162 342 5230 ﬁde,
374 5181 500 5236 quae
568 5162 831 5234 patribus
859 5164 945 5213 est
990 5154 1298 5228 promissa,
1357 5154 1681 5210 conﬁrmat.
1713 5156 1854 5222 Quia

205 5254 324 5323 ipse
349 5257 397 5307 et
438 5268 550 5324 pax
604 5254 808 5317 nostra,
842 5248 938 5319 qui
963 5246 1091 5318 fecit
1148 5250 1377 5314 utraque
1433 5260 1602 5298 unum
1633 5244 1849 5316 (Ephes.

209 5340 277 5395 in
306 5341 411 5413 24).
443 5346 501 5398 et
530 5342 678 5396 duos
716 5336 963 5410 parietes
996 5350 1063 5390 ex
1093 5331 1276 5388 diviso
1301 5332 1594 5389 venientes
1627 5333 1685 5387 in
1733 5349 1852 5389 una

307 5576 427 5651 (389)
458 5572 634 5651 Yulg.
666 5568 995 5651 adgloriam
1021 5568 1303 5651 nostram.
1562 5639 1573 5651 ἱ
1602 5641 1611 5651 ο
1800 5640 1809 5651 .

289 5637 632 5725 (690')Vu1§.
664 5637 967 5717 qui'autem
1014 5637 1306 5709 conﬁrmat
1333 5653 1430 5696 nos
1488 5639 1764 5699 vobiscum
1787 5640 1849 5698 in

1967 3288 2063 3393 tqs
2093 3286 2539 3393 administretur
2568 3296 2790 3353 electis.
2824 3300 2892 3353 Et
2922 3286 3055 3357 hoc,
3090 3309 3419 3387 sciendum,
3482 3286 3621 3393 quia

1967 3372 2095 3426 ideo
2129 3375 2343 3446 pignus
2375 3380 2566 3452 datur,
2604 3391 2667 3439 ut
2695 3388 2905 3443 certior
2933 3389 3111 3450 homo
3143 3372 3442 3462 reddatur.

1967 3470 2235 3567 tia-ergo
2295 3468 2550 3567 .Sp‘iritus
2610 3475 2798 3567 sancti
2835 3477 2961 3533 ideo
2991 3483 3273 3544 tribuitur
3302 3494 3521 3567 electis,
3556 3505 3621 3556 ut

1965 3560 2238 3613 certiores
2271 3555 2388 3611 sint
2418 3560 2487 3613 de
2519 3564 2909 3631 promissione
2939 3573 3100 3641 regni
3136 3576 3407 3638 caelestis.
3508 3555 3520 3567 ι

2036 3646 2181 3746 (691)
2213 3645 2488 3746 Sequitur
2564 3651 2671 3746 ligo
2701 3657 2885 3746 autent
2900 3660 3091 3714 testem
3114 3664 3301 3723 invoco
3322 3674 3619 3746 Deum,etc

1965 3735 2342 3789 Laboraverat
2358 3736 2671 3806 Apostolus
2686 3743 2881 3812 superi
2893 3761 2980 3811 us,
2992 3753 3056 3802 ut
3070 3752 3289 3810 crimen
3310 3735 3563 3821 levitat}8
3584 3783 3619 3821 ἃ

1963 3839 2025 3877 se
2056 3826 2323 3894 tergeret,
2357 3828 2412 3876 et
2470 3841 2531 3880 se
2571 3827 2895 3887 immunem
2957 3852 2991 3888 a
3023 3842 3311 3898 mendacii
3373 3850 3616 3911 crimine

1961 3912 2310 3966 ostenderet.
2342 3911 2470 3965 Jam
2500 3931 2655 3969 nunc
2686 3917 2888 3988 incipit
2920 3926 3295 3985 manifestare
3343 3950 3521 4004 quare
3542 3941 3613 3995 ad

1960 4016 2058 4054 eos
2092 4015 2206 4053 non
2234 3999 2473 4065 venerit,
2509 4018 2641 4056 cum
2675 4005 2850 4059 dicit:
2886 4008 2992 4077 Ego
3046 4024 3228 4069 autem
3286 3999 3473 4077 tes-tem
3522 4027 3613 4079 ίη-

1958 4104 2104 4153 voco,
2133 4091 2240 4141 etc.
2276 4087 2498 4152 Quibus
2530 4091 2721 4145 verbis
2750 4095 3008 4150 ostendit
3058 4103 3210 4170 quod
3271 4121 3384 4161 non
3435 4126 3611 4180 penes

1959 4193 2115 4241 eum,
2150 4175 2249 4229 sed
2283 4192 2427 4246 pene
2485 4176 2616 4232 illos
2677 4179 2870 4245 fuerit,
2932 4188 3085 4255 quod
3149 4191 3220 4245 ad
3283 4209 3381 4250 eos
3435 4175 3610 4255 vene-

1960 4263 2037 4317 rit
2066 4262 2332 4357 Ostendit
2355 4261 2549 4357 etiam,
2586 4281 2718 4357 cum
2750 4268 2890 4322 dicit
2914 4276 3200 4332 :Parcens
3226 4281 3392 4351 vobis,
3455 4288 3608 4357 quod

1964 4352 2128 4406 multi
2157 4356 2323 4407 erant
2378 4352 2683 4410 incorrecti
2733 4357 2886 4412 inter
2915 4376 3035 4428 eos,
3070 4382 3321 4435 quorum
3377 4352 3612 4444 pec-cata

1960 4442 2208 4496 necdum
2240 4445 2405 4496 erant
2434 4447 2665 4498 excocta
2686 4447 3048 4517 paenitudine
3073 4471 3085 4507 :
3112 4442 3472 4531 quapropter
3493 4481 3608 4520 non

1959 4530 2114 4584 venit
2144 4530 2213 4584 ad
2246 4547 2364 4599 eos,
2397 4535 2461 4584 ut
2493 4531 2606 4586 illis
2636 4533 2848 4606 locum,
2883 4542 2938 4591 et
2995 4544 3228 4613 tempus
3288 4530 3607 4619 paenitendi

1962 4619 2324 4682 concederet,
2360 4624 2649 4689 quatenus
2708 4640 2839 4677 cum
2893 4628 3132 4695 veniret,
3194 4649 3307 4688 non
3369 4636 3609 4695 haberet

1963 4708 2117 4778 quod
2152 4713 2427 4779 parceret.
2462 4708 2606 4763 Nam
2643 4715 2705 4764 ut
2736 4711 2856 4766 haec
2888 4716 3104 4772 arctius
3136 4735 3337 4778 eorum
3397 4728 3607 4783 menti-

1962 4796 2071 4851 bus
2104 4796 2441 4859 inculcaret,
2476 4801 2681 4851 testem
2721 4803 2897 4855 Deum
2932 4804 2987 4857 in
3021 4806 3278 4866 animam
3310 4829 3516 4883 suam;
3548 4816 3608 4872 id

1962 4890 2072 4951 est,
2106 4902 2282 4956 super
2313 4884 2590 4948 animam,
2626 4888 2941 4945 invocavit.
3004 4898 3067 4948 Et
3128 4896 3274 4954 bene
3332 4902 3606 4972 quidem;

1962 4975 2100 5043 quia
2135 4975 2227 5028 Dei
2261 4972 2449 5028 solum
2481 4980 2567 5028 est
2601 4976 2805 5032 animos
2839 4986 3059 5037 secreta
3116 5002 3482 5058 cognoscere,
3516 5007 3605 5044 sc-

1962 5063 2221 5115 cundum
2247 5062 2399 5131 quod
2435 5061 2718 5133 scriptum
2748 5074 2872 5121 est:
2903 5069 3084 5125 Homo
3130 5074 3288 5129 videt
3340 5077 3398 5129 in
3457 5076 3603 5131 facie

1964 5154 2113 5204 Deus
2142 5154 2339 5203 autem
2374 5148 2431 5203 in
2463 5151 2648 5206 corde.
2684 5155 2901 5213 Idcirco
2932 5160 3106 5214 etiam
3140 5161 3602 5226 dicebat,testem

1961 5238 2148 5293 Deum
2182 5238 2406 5305 invoco,
2443 5256 2685 5310 parcens
2715 5245 2899 5315 vobis,
2953 5253 3243 5319 quatenus
3291 5250 3389 5319 qui
3437 5250 3600 5323 digni

1961 5332 2145 5394 erant,
2179 5327 2288 5383 hoc
2319 5326 2645 5400 audientes,
2674 5349 2789 5389 non
2822 5336 3515 5410 scandalizarentur,ejus
3538 5354 3603 5398 se

2209 5636 2273 5693 In
2304 5638 2500 5711 autogo
2536 5651 2719 5707 ωερε.
2752 5635 2846 5694 hi°
2875 5633 3088 5709 legitur
3119 5653 3246 5714 cap'
3281 5640 3355 5704 IV
