4034 6166
396 300 516 361 423

1425 287 1756 349 ATTONlS
1800 286 2379 349 VERCELLENSIS
2423 287 2770 352 EPISCOPI

3687 299 3809 359 ιερ-

398 430 706 506 praesentia
733 426 1006 499 indignos
1029 424 1404 496 judicantes;
1440 420 1522 475 illi
1553 438 1707 486 vero,
1750 420 1847 490 qui
1875 424 2042 475 erant
2072 422 2120 486 Α
2157 423 2641 493 transgressione,
2675 440 2790 478 non
2822 424 3001 479 laetari
3036 426 3107 480 de
3150 426 3497 482 succedente
3528 429 3811 485 emenda-

398 521 646 593 indigni,
678 520 757 573 ita
789 517 1091 573 studerent
1119 514 1311 569 vivere
1343 517 1634 583 quatenus
1662 511 1849 581 ipsius
1894 527 2038 580 pra:-

399 611 592 668 sentia
619 606 780 678 digni
816 607 1035 661 tierent.

470 699 589 755 Non
611 698 746 770 quia
775 696 1091 751 dominatur
1118 691 1246 761 ﬁdei
1274 689 1604 754 vestrantlis
1629 688 1822 743 verbis
1852 692 2043 741 osten-

401 786 488 841 dit
546 784 855 859 Apostolus
903 798 1022 836 rem
1080 796 1208 834 esse
1265 778 1673 843 voluntariam,
1731 794 1845 831 non
1903 792 2041 830 coa—

399 880 557 933 ctam
587 894 603 942 ;
635 891 768 930 nam
791 876 998 927 coactae
1023 869 1350 923 reinecesse
1364 874 1453 921 est
1474 867 1761 921 dominari
1789 884 1801 931 ;
1834 863 2038 919 volun-

400 966 560 1022 tarias
591 979 721 1018 vero
751 960 839 1015 vel
871 962 1225 1031 spontaneis,
1257 955 1433 1011 veluti
1464 955 1616 1023 fidei,
1654 972 1766 1008 non
1800 959 1886 1008 est
1942 969 2039 1007 ne-

398 1070 561 1112 cesso
588 1050 1045 1107 dominationem
1078 1046 1390 1111 adhibere;
1425 1051 1481 1099 et
1511 1045 1637 1098 ideo
1696 1043 2038 1113 subjunxit:

394 1146 532 1200 Nam
558 1142 665 1211 ﬁde
683 1141 861 1203 statis,
896 1136 1064 1209 quasi
1097 1136 1312 1189 diceret
1340 1152 1351 1189 :
1382 1134 1506 1188 Non
1539 1137 1626 1187 est
1657 1149 1892 1187 necesse
1940 1132 2041 1185 do-

393 1230 777 1288 minationem
802 1225 1094 1283 adhibere.
1156 1223 1652 1294 quemadmodum
1713 1221 2042 1276 sacerdotes

393 1321 732 1378 Judaeorum
763 1313 1223 1372 dominationem
1277 1314 1621 1368 exercebant
1679 1311 1737 1364 in
1787 1307 2040 1380 populo;

396 1427 532 1467 nam
566 1409 681 1463 ﬁde
711 1406 900 1462 statis.
934 1404 1058 1459 Non
1089 1400 1674 1473 longe,sedadjutores
1699 1415 1890 1454 sumus
1910 1413 2045 1465 gau-

393 1500 478 1556 dii
508 1500 685 1555 vestri.
702 1493 1087 1561 Quaerendum
1119 1497 1208 1546 est
1235 1506 1415 1560 quare
1443 1505 1504 1543 se
1534 1488 1690 1543 dicat
1718 1487 2043 1557 adjutorem

394 1587 593 1660 gaudii
609 1601 735 1641 esse
753 1600 887 1639 cum
900 1581 1168 1653 superius
1185 1578 1430 1633 nimium
1452 1594 1511 1631 se
1530 1577 1768 1631 dixisset
1785 1576 1838 1629 in
1858 1576 2045 1646 prima

394 1676 653 1749 Epistola
684 1672 1113 1728 contristatum.
1146 1668 1256 1723 Sed
1290 1667 1440 1735 ideo,
1473 1666 1610 1737 quia
1635 1666 1787 1720 sicut
1808 1662 2045 1718 tristitia

391 1771 480 1822 est
510 1767 566 1819 in
599 1780 761 1828 casu,
797 1761 879 1815 ita
908 1758 1113 1813 laetitia
1142 1763 1230 1811 est
1262 1757 1319 1810 in
1354 1755 1725 1815 correctione,
1749 1758 1805 1808 et
1836 1769 2039 1808 emen-

392 1849 846 1922 datione,quaei
898 1848 1147 1902 diceret:
1208 1846 1354 1908 Quia
1414 1844 1710 1897 tristitiam
1773 1842 1949 1896 habui
1979 1842 2036 1894 in

392 1941 555 1997 vobis
588 1938 955 1998 cadentibus,
989 1934 1214 2006 gaudeo
1237 1934 1400 1987 vobis
1433 1932 1894 2002 rcsurgentibus,
1956 1947 2045 1985 ex-

392 2028 783 2085 hortationem
805 2024 1220 2087 adhibendo,et
1241 2021 1521 2077 salutaria
1543 2022 1804 2076 antidota
1827 2018 2047 2074 submi-

393 2116 718 2175 nistrando.
756 2116 817 2169 In
849 2130 964 2184 quo
999 2114 1149 2166 facto
1182 2116 1496 2165 monentur
1526 2109 1958 2173 przediratores,
1982 2112 2048 2161 ut

392 2206 807 2263 suisstudeant
823 2201 1264 2271 resurgentibus
1279 2200 1571 2268 adjutores
1586 2198 1848 2263 esse,scri
1860 2198 2045 2251 bendo

404 2293 786 2357 exhortando,
820 2297 877 2345 et
908 2289 1189 2343 salutaria
1242 2288 1504 2342 antidota
1552 2287 1881 2357 premendo.
1909 2286 2048 2340 Nam

392 2383 499 2456 ﬁde
518 2384 694 2437 statis.
727 2380 894 2435 Hunc
924 2378 1080 2433 enim
1114 2376 1306 2431 locum
1340 2375 1576 2447 exponit
1625 2374 1958 2444 Gregorius,
1991 2378 2048 2427 et

393 2471 636 2528 alteram
652 2467 1028 2523 intentionem
1046 2464 1304 2537 Apostoli
1324 2463 1499 2518 fuisse
1517 2464 1669 2517 mani
1683 2461 2046 2532 I'estat,quasi

395 2562 646 2617 diceret:
675 2560 736 2613 In
769 2574 834 2613 eo
858 2556 1009 2627 quod
1047 2556 1159 2609 {ide
1216 2554 1407 2616 statis,
1441 2552 1666 2606 similes
1725 2569 1823 2605 vos
1876 2551 2046 2605 nobis

398 2667 526 2705 esse
556 2645 985 2719 cognoscimus.
1020 2642 1493 2697 Obliviscebatur
1524 2640 1679 2694 enim
1734 2639 2046 2710 Apostolus

394 2738 689 2809 prioratus
720 2731 1230 2789 suiauctoritatem
1259 2746 1271 2794 ;
1291 2730 1445 2782 unde
1461 2746 1521 2782 se
1538 2726 1839 2798 parvulum
1856 2726 2045 2780 nomi-

395 2831 495 2881 nat
524 2825 584 2880 in
615 2819 1308 2895 sequentibus,dicendo:
1345 2823 1633 2887 Tanquam
1662 2816 2047 2886 parvuli/"acti

389 2930 580 2973 sumus
608 2915 669 2968 in
696 2911 876 2967 medio
902 2910 1067 2965 vestri
1097 2909 1145 2979 (l
1172 2908 1343 2961 Thess-
1372 2923 1433 2969 ιι,
1465 2907 1521 2974 7)
1542 2923 1560 2965 ;
1592 2910 1689 2959 et:
1721 2907 1823 2959 Nos
1861 2908 2047 2959 autem

390 3019 568 3061 servos
596 3012 797 3057 vestros
820 3002 897 3068 (II
931 2999 1049 3055 Cor.
1084 3013 1161 3063 iv,
1190 2998 1246 3064 5)
1273 3014 1287 3064 ;
1317 2995 1593 3067 quoniam
1624 2996 1821 3049 deerat
1850 2993 2041 3064 culpa.

389 3095 717 3166 Apparente
744 3105 876 3145 vero
908 3087 1101 3159 culpa,
1135 3084 1224 3140 sui
1275 3085 1570 3156 prioratus
1628 3083 2037 3137 auctoritatem

2154 508 2308 565 tione
2340 529 2503 573 ;nam
2522 529 2635 567 non
2654 513 2844 576 minor
2862 514 3101 569 tristitia
3120 520 3210 570 est
3233 516 3303 570 de
3318 533 3433 571 non
3455 518 3813 575 succedente

2150 600 2760 672 emendatione,quam
2782 603 2854 656 de
2876 605 3514 675 trangressione.Quasi
3552 607 3809 667 diceret:

2151 687 2290 756 Ego,
2323 690 2420 758 qui
2456 690 2527 743 ab
2560 691 2849 746 extraneis
2882 693 3130 763 atﬂigor,
3165 697 3222 747 et
3243 694 3462 762 tristor,
3511 695 3722 750 saltem
3755 697 3813 752 in

2149 776 2335 842 vobis,
2369 777 2546 831 veluti
2581 785 2742 850 pater
2770 780 2826 834 in
2866 780 3023 844 filiis,
3078 784 3460 853 requiescam.
3495 785 3573 837 De
3618 785 3815 855 quibus

2150 868 2472 933 Oportuerat
2496 884 2582 921 me
2607 868 3109 937 gaudereDuobus
3136 870 3328 926 modis
3348 877 3692 941 Oportuerat
3721 889 3814 928 me

2151 954 2444 1023 gaudere:
2481 958 2552 1009 de
2585 958 2746 1011 vobis
2778 957 2836 1011 in
2870 964 3055 1028 empto
3090 958 3383 1028 proposito
3412 961 3813 1031 permanenti-

2151 1042 2283 1110 bus,
2318 1043 2438 1097 sive
2470 1045 2539 1098 de
2571 1045 2737 1099 vobis
2771 1047 3219 1115 corrigentibus,
3253 1053 3307 1103 et
3327 1049 3807 1117 emendantibus,

2154 1130 2446 1199 Conﬁdens
2474 1149 2618 1193 sum,
2654 1138 2761 1188 etc.
2794 1135 3033 1189 Duobus
3064 1136 3253 1190 modis
3283 1137 3588 1192 confidens
3628 1154 3767 1193 sum
3794 1155 3806 1202 ;

2152 1218 2292 1288 quia
2324 1220 2498 1275 credo
2529 1219 2872 1293 intelligere,
2906 1228 3047 1277 tunc
3077 1228 3332 1278 vestrum
3391 1228 3619 1280 rectum
3683 1241 3813 1282 esse

2150 1306 2455 1377 gaudium,
2489 1309 2537 1362 si
2571 1325 2663 1363 me
2683 1310 2948 1366 sentiatis
2976 1311 3264 1382 gaudere;
3298 1312 3419 1368 sive
3448 1314 3686 1369 confido
3736 1314 3818 1371 ita

2153 1395 2315 1467 diligi
2345 1413 2380 1451 a
2407 1396 2592 1464 vobis,
2630 1402 2690 1452 ut
2720 1416 2915 1454 meum
2948 1400 3228 1471 gaudium
3258 1405 3520 1457 vestrum
3551 1420 3686 1459 esse
3718 1404 3813 1460 de-

2154 1484 2388 1554 putetis.

2227 1573 2364 1627 Nam
2395 1589 2464 1628 ex
2492 1576 2672 1629 multa
2700 1576 3085 1645 tribulatione,
3120 1584 3228 1634 etc.
3263 1579 3361 1635 His
3390 1582 3586 1637 verbis
3613 1586 3819 1637 osten-

2158 1660 2244 1715 dit
2273 1677 2387 1731 quo
2420 1664 2649 1729 alfectu,
2683 1670 2739 1719 et
2769 1681 3103 1735 quoamore
3128 1683 3264 1738 erga
3294 1667 3632 1724 Corinthios
3661 1670 3817 1725 deti-

2161 1756 2415 1805 neretur.
2451 1750 2716 1806 Ostendit
2745 1753 2900 1807 enim
2936 1755 3089 1824 quod
3127 1755 3695 1828 nullaangustia.vel
3721 1758 3823 1813 tri-

2155 1837 2379 1893 bulatio
2411 1856 2542 1894 eum
2576 1856 2610 1893 a
2638 1842 2961 1897 Corinthiis
2977 1848 3819 1916 separareposset.Permutta:

2156 1929 2446 1999 tacrymas.
2480 1930 2666 1992 Quare
2697 1946 2797 2002 per
2828 1930 3044 1986 multas
3083 1932 3437 1999 manifestat,
3470 1934 3720 1990 dicens:
3756 1936 3817 1992 Ut

2155 2032 2263 2071 non
2294 2020 2715 2081 contristemini,
2743 2025 2849 2074 etc.
2880 2045 2893 2087 ;
2925 2020 3092 2091 quasi
3117 2021 3370 2076 diceret:
3397 2022 3544 2078 Nolo
3560 2040 3668 2079 vos
3690 2040 3821 2080 con-

2157 2106 2405 2173 tristare,
2438 2109 2537 2161 sed
2571 2109 2875 2163 ostendere
2907 2125 3081 2179 quam
3109 2110 3453 2165 charitatem
3477 2109 3735 2167 habeam
3757 2114 3814 2168 in

2155 2195 2340 2263 vobis,
2377 2201 2438 2249 ut
2467 2197 2526 2250 in
2558 2197 3815 2265 abundantioresollicitudine,abundantio~

2152 2299 2275 2337 rem
2308 2284 2645 2356 intelligatis
2676 2285 3044 2341 charitatem.
3083 2287 3145 2341 Et
3177 2288 3284 2343 hoc
3320 2289 3605 2360 est,quod
3628 2289 3813 2346 dicit:

2156 2373 2536 2429 Abundantius
2567 2375 2628 2427 in
2651 2374 2815 2429 vobis.

2224 2465 2289 2517 Si
2317 2464 2442 2533 quis
2469 2468 2651 2518 autem
2681 2467 3072 2530 constristavit,
3107 2470 3214 2520 etc.
3244 2466 3355 2520 Sed
3378 2482 3567 2536 quare
3588 2467 3735 2521 dicit
3758 2483 3818 2522 se

2157 2552 2778 2615 contristatum,etnon
2799 2555 3212 2608 contristatum
3236 2552 3264 2606 ?
3285 2553 3446 2607 Talis
3468 2559 3562 2609 est
3579 2572 3803 2611 sensus

2157 2639 2323 2709 quasi
2356 2641 2609 2694 diceret:
2645 2642 3015 2697 Contristatis
3047 2658 3160 2705 me,
3192 2646 3247 2696 et
3271 2658 3383 2696 non
3420 2644 3816 2709 comristatis,

2156 2728 2294 2797 quia
2321 2729 2485 2782 vobis
2518 2730 3059 2799 peccantibus,data
3089 2734 3175 2785 est
3199 2729 3341 2784 mihi
3369 2732 3604 2787 occasio
3628 2732 3817 2787 incre-

2156 2818 2330 2885 pandi
2359 2834 2371 2883 ;
2406 2822 2696 2887 quatenus
2732 2835 2861 2873 mea
2890 2819 3206 2889 increpatio
3233 2823 3292 2873 et
3324 2819 3659 2875 invectione
3697 2836 3807 2876 me-

2152 2904 2326 2961 liores
2358 2906 2755 2961 efiiceremini.
2790 2908 2857 2961 Et
2886 2907 2993 2962 hoc
3050 2907 3303 2979 exponit,
3367 2924 3507 2963 cum
3569 2908 3715 2963 dicit
3743 2926 3811 2964 ex

2150 2999 2346 3066 parte;
2378 2996 2545 3067 quasi
2577 2996 2767 3051 dicat:
2820 3001 2881 3050 In
2940 3002 3169 3051 tantum
3230 3012 3324 3051 me
3384 2998 3804 3055 contristastis.

2153 3088 2440 3153 quantum
2474 3084 2787 3151 cecidistis,
2820 3091 2877 3140 et
2903 3086 3186 3141 damnum
3216 3086 3538 3141 habuistis.
3583 3089 3652 3144 Ut
3701 3103 3803 3142 non

390 3158 744 3245 recordatur,
777 3158 1022 3232 dicendo
1049 3193 1061 3230 :
1098 3173 1238 3242 Quid
1267 3175 1433 3228 vultis
1454 3173 1481 3227 ‘I
1510 3177 1578 3227 In
1610 3175 1767 3243 virga
1820 3174 2032 3226 veniam
2065 3158 2107 3223 C
2143 3188 2375 3226 mter-em
2397 3189 2583 3227 omnes
2614 3189 2721 3228 vos.
2757 3179 2888 3228 Dum
2922 3182 3114 3246 partes
3145 3180 3327 3240 erant,
3363 3192 3479 3229 una
3514 3180 3707 3241 stans,
3751 3181 3807 3232 et

387 3270 458 3327 ad
486 3286 575 3326 vos
605 3269 648 3340 (l
671 3268 792 3323 (ἔον.
819 3283 895 3335 ιν,
917 3266 1029 3329 21),
1064 3271 1171 3318 etc.
1198 3263 1302 3317 Ubi
1340 3263 1475 3317 dicit
1509 3262 1635 3333 ipse
1698 3261 2034 3332 Gregorius,

388 3360 528 3432 quia
555 3364 696 3413 tunc
714 3370 988 3413 summus
1004 3353 1167 3407 locus
1184 3357 1335 3406 recte
1356 3352 1594 3421 regitur,
1613 3367 1743 3404 cum
1765 3351 2039 3421 praelatus

390 3449 579 3520 magis
609 3446 763 3499 vitiis
802 3439 1716 3513 quaml'ratribusdominatur.ln
1748 3456 1862 3509 quo
1891 3440 2039 3494 facto

389 3539 703 3592 monentur
728 3530 1106 3605 przelati.cum
1134 3528 1367 3599 culpam
1395 3528 2040 3598 parantrcprehendere

385 3625 468 3680 ita
496 3624 636 3678 vitia
664 3622 876 3676 feriant
900 3634 1002 3690 per
1031 3616 1369 3687 displinam,
1395 3622 1683 3685 quatenus
1741 3632 1841 3685 per
1872 3621 2039 3669 natu-

384 3731 510 3770 ram
541 3711 766 3767 similes
787 3726 848 3764 se
870 3723 997 3763 esse
1018 3712 1368 3777 cognoscant
1394 3722 1405 3772 ;
1435 3721 1567 3757 nam
1594 3710 1811 3757 natura
1833 3720 2039 3759 omnes

387 3803 642 3875 aequales
660 3797 989 3872 genuit,sed
1012 3795 1165 3866 quod
1190 3810 1343 3848 unus
1360 3793 1523 3847 alteri
1542 3793 2043 3864 preefertur,culpa

390 3892 543 3949 fecit.
579 3889 740 3946 Unde
773 3901 1008 3942 necesse
1040 3889 1148 3951 est,
1186 3888 1247 3936 ut
1280 3881 1500 3954 praelati
1536 3880 1700 3936 bonis
1728 3899 1788 3936 se
1820 3881 2042 3936 similes

385 3997 516 4038 esse
536 3980 857 4053 praebeant;
875 3972 1043 4030 malis
1064 3987 1196 4026 vero
1216 3971 1503 4042 prioratus
1528 3971 1615 4025 sui
1639 3972 2042 4026 auctoritatem

384 4069 713 4127 ostendant.
766 4065 924 4120 Hanc
982 4062 1264 4118 intellexit
1318 4060 1703 4115 intentionem
1781 4059 2040 4131 Apostoli

393 4160 608 4225 fuisse;
641 4156 739 4226 qui
765 4171 973 4210 sensus
996 4150 1374 4207 inconvulsus
1398 4165 1430 4202 a
1451 4148 1787 4203 doctoribus
1816 4153 2044 4202 estser-

391 4247 640 4302 vandus.

467 4333 614 4405 (692)
646 4329 1337 4400 CAP.1I.)Statuiautem,
1372 4329 1460 4379 etc
1508 4341 1521 4390 ;
1574 4324 1627 4378 id
1687 4328 1775 4378 est
1832 4324 2044 4384 delibo-

392 4422 537 4485 ravi,
569 4426 626 4476 et
645 4417 1001 4475 decrevi.llis
1032 4416 1229 4472 verbis
1261 4414 1513 4469 ostendit
1534 4414 1685 4483 apud
1715 4430 1774 4468 se
1807 4413 2041 4484 quidem

2148 3259 2327 3318 altera
2341 3262 2584 3329 cadens;
2606 3262 2705 3316 sed
2731 3264 3024 3318 stantibus
3037 3263 3265 3318 videzur
3284 3263 3525 3335 Apostol
3538 3264 3804 3336 usloqui,

2149 3365 2297 3419 quos
2329 3366 2440 3403 non
2474 3354 2676 3404 onerat
2709 3366 2721 3417 ;
2758 3357 2814 3405 et
2845 3352 2894 3405 si
2926 3351 3056 3407 illos
3078 3369 3193 3407 non
3226 3357 3449 3421 onerat,
3473 3357 3687 3407 onerat
3716 3369 3806 3408 ca-

2150 3440 2372 3504 dentes,
2408 3437 2556 3504 ideo,
2591 3439 2728 3509 quia
2749 3456 2862 3510 quo
2887 3440 3074 3511 magis
3097 3440 3292 3512 plures
3315 3441 3386 3495 de
3411 3440 3677 3497 facinore
3709 3458 3809 3496 cu—

2142 3526 2388 3595 juslibet
2415 3527 2907 3592 scandalizentur,
2941 3546 3004 3583 eo
3036 3530 3271 3601 gravius
3301 3535 3571 3601 peccant.

2222 3613 2440 3684 Suﬂieit
2470 3616 2562 3669 illi
2592 3618 2688 3685 qui
2715 3618 2983 3687 ejusmodi
3019 3622 3113 3685 est,
3147 3626 3255 3673 etc.
3289 3619 3329 3673 Α
3365 3619 3640 3675 Pluribus
3668 3619 3817 3676 dicit

2151 3702 2288 3774 quia
2309 3720 2342 3756 a
2364 3702 2565 3758 multis
2588 3704 2776 3759 fuerat
2794 3706 3124 3777 increpatus
3137 3710 3192 3761 et
3216 3707 3817 3778 objurgatus.0mnes

2152 3791 2303 3846 enim
2340 3809 2455 3846 uno
2477 3792 2674 3847 animo
2705 3800 3189 3849 consurrexerunt
3209 3796 3279 3849 ad
3304 3796 3433 3866 ejus
3454 3796 3814 3869 increpatio-

2151 3898 2280 3935 nem
2313 3889 2370 3936 et
2425 3881 2862 3953 expulsionem:
2903 3887 2961 3937 et
3010 3882 3140 3938 ideo
3167 3883 3329 3953 dicit,
3364 3884 3555 3956 suffici
3573 3903 3596 3946 ;
3643 3893 3813 3958 quasi

2151 3969 2368 4024 diceret
2388 3986 2408 4029 ;
2438 3969 2751 4025 Suft’icitad
2767 3973 2896 4039 ejus
2923 3971 3811 4043 correptionem,expulsionem,

2153 4063 2208 4112 et
2239 4058 2660 4121 confusionem,
2695 4063 2753 4113 et
2781 4060 3273 4123 emendationem,
3321 4060 3461 4130 quia
3510 4077 3543 4115 a
3605 4061 3815 4116 multis

2153 4147 2543 4218 redarguitur,
2574 4146 2710 4217 quia
2740 4152 2967 4203 tantum
2996 4148 3128 4218 quis
3150 4146 3427 4204 abhorret
3448 4165 3631 4205 suum
3666 4149 3829 4205 deli--

2152 4239 2331 4295 ctum.
2364 4240 2650 4307 quantum
2682 4235 2827 4291 alios
2857 4237 3154 4309 cognoscit
3182 4236 3498 4293 abhorrere

2152 4326 2235 4379 Ita
2285 4334 2335 4379 et
2393 4328 2613 4379 econtra
2668 4327 2847 4393 magis
2901 4325 3116 4381 donetis
3171 4330 3280 4380 etc.
3331 4325 3509 4389 Quasi
3544 4325 3814 4381 diceret:

2153 4413 2315 4469 Sicut
2343 4429 2547 4468 omnes
2576 4429 2693 4467 uno
2723 4412 2922 4468 animo
2954 4414 3023 4468 ad
3056 4415 3184 4485 ejus
3214 4412 3622 4484 expulsionem
3640 4418 3702 4469 et
3720 4414 3818 4469 in-

389 4529 489 4569 eos
522 4509 673 4565 nolle
696 4505 1026 4563 contristari
1058 4505 1195 4572 ;sed
1229 4502 1393 4567 velle,
1428 4505 1489 4555 ut
1543 4502 1652 4573 ipsi
1714 4503 2039 4569 tristentur,
2070 4528 2118 4591 D
2151 4502 2541 4572 crepationem
2573 4502 2910 4557 surrexistis
2954 4502 3035 4557 ita
3090 4507 3324 4557 econtra
3374 4519 3585 4557 omnes
3646 4516 3819 4575 inque

387 4605 444 4657 et
473 4599 860 4670 corrigantur,
886 4600 1196 4666 quatenus,
1226 4592 1351 4663 ipse
1380 4589 1642 4653 veniens,
1674 4589 1731 4643 in
1765 4590 1850 4644 eis
1882 4592 2037 4661 quod

390 4688 837 4759 reprehenderet
865 4700 977 4738 non
1011 4683 1270 4737 haberet.
1307 4680 1366 4734 Si
1394 4680 1547 4734 enim
1605 4694 1719 4748 ego,
1776 4683 2038 4736 contristo

385 4789 496 4842 vos,
530 4772 1098 4829 etc.Contristaverat
1121 4771 1277 4824 enim
1299 4786 1399 4823 eos
1431 4768 1488 4822 in
1531 4768 1716 4849 prima
1740 4769 2037 4839 Epistola;

385 4878 543 4919 nunc
563 4861 697 4917 dicit
727 4878 739 4915 :
775 4862 832 4916 Si
863 4876 956 4931 ego
985 4862 1250 4915 contristo
1280 4874 1407 4921 vos;
1433 4858 1531 4911 sed
1566 4856 1699 4911 talis
1747 4863 1837 4911 est
1906 4875 2037 4913 sen-

384 4969 524 5009 sus:
554 4954 694 5017 Vos,
729 4950 830 5021 qui
862 4966 953 5004 me
999 4946 1376 5013 contristatis,
1434 4947 1717 5009 cadendo,
1776 4948 2037 5017 poteritis

385 5058 476 5097 me
505 5040 821 5105 lastiﬁcare,
856 5038 1235 5109 resurgendo.
1270 5037 1331 5090 Et
1360 5036 1454 5091 hor
1471 5038 1649 5107 ipsum
1670 5038 1871 5107 scripsi
1888 5037 2036 5091 vobis

384 5128 713 5201 Scripserat
742 5128 898 5183 enim
932 5127 988 5181 in
1012 5126 1203 5198 prima
1226 5124 1478 5196 Epistola
1501 5145 1514 5186 ς
1541 5123 1743 5178 scribit
1762 5126 1940 5180 etiam
1974 5125 2032 5179 in

382 5219 659 5273 secunda.
692 5217 880 5280 Quare
914 5232 1008 5270 ma
1040 5215 1280 5269 nifestat
1312 5230 1323 5267 :
1362 5214 1424 5270 Ut
1480 5229 1589 5266 non
1644 5228 1766 5266 cum
1812 5230 2029 5284 venero,

384 5308 671 5361 tristitiam
686 5321 848 5376 super
867 5305 1158 5360 tristitiam
1173 5301 1750 5357 habeam.Tristitiam
1776 5318 2033 5374 namque

383 5409 556 5464 super
580 5393 878 5449 tristitiam
912 5393 1127 5448 habere
1157 5396 1266 5459 est,
1319 5391 1387 5444 de
1445 5405 1694 5459 quorum
1766 5391 2033 5448 tristatur

452 5602 599 5687 (692)
632 5598 694 5663 In
727 5609 920 5682 autog,
944 5620 1130 5681 marg.
1165 5603 1260 5663 hic
1287 5601 1501 5677 legitur
1521 5619 1647 5679 cap.
1674 5603 1741 5663 V.

2150 4589 2367 4659 animo,
2399 4589 2485 4643 vel
2520 4588 2726 4657 magis,
2758 4590 2830 4643 ad
2861 4591 2988 4660 ejus
3021 4590 3409 4661 receptionem
3441 4595 3501 4645 et
3533 4589 3821 4646 subleva-

2102 4727 2112 4736 ,
2148 4677 2364 4733 tionem
2398 4678 2752 4750 consurgite,
2787 4683 2851 4731 ut
2879 4678 3056 4733 illud:
3091 4678 3222 4735 Nolo
3247 4687 3481 4734 mortem
3504 4682 3826 4750 peccatoris

2149 4768 2337 4822 Ezech.
2363 4783 2561 4835 xxxm,
2597 4768 2683 4837 il)
2714 4784 2727 4834 ;
2761 4771 2818 4821 et
2849 4768 3177 4840 Quacunque
3234 4767 3367 4822 hora
3415 4773 3683 4839 peccator
3740 4768 3820 4823 ad

2147 4874 2234 4911 me
2257 4873 2548 4912 conversus
2576 4858 2746 4927 luerit
2775 4857 2965 4927 (lbid.,
3000 4859 3107 4928 t2),
3139 4862 3246 4913 etc.
3270 4856 3620 4928 Specialiter
3646 4858 3824 4912 enim

2146 4952 2286 5000 tunc
2318 4945 2631 5017 Apostolus
2660 4945 2829 5000 illum
2863 4952 3213 5017 praeceperat
3244 4945 3507 5016 ejiei,qui
3557 4962 3822 5002 uxorem

2145 5041 2328 5105 patris
2360 5034 2672 5090 violaverat
2703 5036 2748 5105 (1
2778 5035 2898 5090 Cor.
2930 5052 2984 5097 v,
3022 5037 3093 5106 1).
3118 5036 3225 5090 Sed
3260 5040 3454 5089 tamen
3492 5035 3617 5090 haec
3677 5052 3829 5091 sen-

2142 5124 2326 5179 tentia
2353 5126 2422 5179 ad
2457 5140 2661 5178 omnes
2692 5125 2915 5189 attinet,
2951 5125 3047 5195 qui
3081 5129 3217 5179 tunc
3247 5121 3724 5194 expellebantur,
3762 5128 3829 5180 et

2142 5229 2298 5267 nunc
2329 5211 2717 5283 expelluntur.
2753 5212 3011 5282 Ejecerat
3049 5213 3203 5269 enim
3266 5211 3431 5266 illum
3487 5212 3547 5267 in
3612 5212 3830 5284 prima

2141 5301 2437 5372 Epistola:
2470 5302 2525 5354 in
2561 5301 2818 5356 secunda
2865 5303 3126 5373 prazcipit
3180 5300 3454 5371 recipere,
3510 5301 3827 5369 quoniam

2146 5395 2383 5447 noverat
2413 5406 2547 5446 cum
2572 5391 2630 5445 in
2663 5406 2939 5463 processu
2962 5388 3242 5463 temporis
3261 5388 3506 5461 dignum
3532 5386 3826 5446 fructum
