4026 6168
214 319 329 379 425

775 320 1192 382 EXPOSITIO
1236 321 1313 380 IN
1359 319 1789 381 EPISTOLAS
1836 319 2196 380 PAULL—
2227 320 2304 380 ΙΝ
2349 321 2594 381 EPIST.
2640 320 2690 379 ll
2738 318 2837 378 AD
2883 319 3058 380 COR.

3502 320 3619 381 426

216 450 568 523 poenitentiae
603 450 809 508 fecisse
836 470 847 508 :
883 469 1041 519 nam,
1076 452 1189 508 nisi
1222 452 1608 524 cognovisset,
1643 467 1859 522 nequa-
1890 451 1944 516 Α
1977 450 2299 521 periculum
2332 452 2529 521 instat,
2553 451 2717 508 valde
2738 451 3060 506 cavendum
3092 454 3199 522 est,
3225 451 3497 522 ut,juxta
3518 452 3617 507 Sa-

214 557 386 613 quam
419 541 678 613 recipere
700 542 984 612 jussisset
1013 559 1026 608 ;
1060 559 1195 597 nam
1221 540 1559 613 paenitentia
1579 558 1703 611 qua:
1728 557 1860 595 cum

212 628 405 685 dolore
437 630 610 685 fuerit
640 631 835 686 oblata
868 632 1061 685 fructu
1092 648 1207 685 non
1240 630 1459 685 carebit
1492 647 1503 684 :
1549 630 1703 701 quod
1737 646 1859 683 ma-

213 718 520 775 nifestatur
552 720 609 773 in
652 720 823 774 David
859 724 916 773 et
945 720 1005 774 in
1039 720 1237 774 Achab
1260 720 1431 791 (693).
1461 724 1541 776 Ne
1570 719 1861 774 abundan-

210 811 334 863 tiori
364 810 599 863 tristitia
632 809 1025 870 absorbeatur;
1057 808 1226 881 quasi
1260 809 1478 864 diceret
1512 826 1522 862 :
1568 807 1860 879 Suscipite

208 895 399 963 illum,
434 912 504 951 ne
537 896 682 951 forte
713 912 746 951 a
786 895 989 951 limine
1021 896 1289 951 Ecclesiae
1323 898 1616 968 projectus
1658 895 1811 949 dicat
1844 910 1857 949 :

207 986 332 1041 Jam
354 984 492 1056 quia
517 988 807 1055 projectus
830 1003 863 1040 a
882 985 1086 1039 limine
1104 986 1371 1039 Ecclesiae
1396 1002 1550 1049 sum,
1567 983 1859 1039 consortio

208 1076 494 1129 bonorum
519 1091 631 1129 non
658 1074 840 1136 fruor,
860 1075 931 1128 de
957 1090 1061 1145 spe
1084 1073 1406 1129 caelestium
1431 1074 1717 1128 donorum
1744 1089 1857 1127 non

207 1180 534 1235 prwsumo;
570 1162 705 1234 quid
752 1166 950 1229 restat,
984 1162 1095 1217 nisi
1128 1162 1335 1216 saltem
1369 1161 1855 1217 delectationibus

204 1251 629 1324 temporalibus
650 1252 849 1305 fruar?
866 1251 1031 1306 Unde
1054 1250 1219 1306 valde
1238 1268 1471 1306 necesse
1490 1256 1578 1305 est
1600 1255 1664 1305 ut
1681 1266 1860 1305 causa

206 1341 426 1414 proprii
460 1340 652 1397 delicti
688 1340 853 1395 fratri
900 1340 1459 1408 condescendamus,
1495 1356 1565 1394 ne
1613 1339 1709 1394 ille
1757 1339 1857 1410 qui

200 1431 331 1485 ideo
360 1434 548 1486 fuerat
571 1431 789 1501 ejectus
821 1433 887 1484 ut
918 1429 1292 1500 reciperetur,
1316 1445 1430 1483 non
1465 1433 1752 1500 receptus,
1784 1429 1854 1483 ad

200 1518 634 1591 blasphemiam
658 1522 713 1573 et
735 1520 807 1574 ad
829 1517 1107 1573 barathra
1131 1516 1492 1573 infidelitatis
1514 1518 1855 1589 desperatus

201 1606 494 1663 trahatur.
1236 1658 1239 1659 ν

264 1697 545 1768 Sequitur
578 1713 589 1751 :
642 1698 874 1768 Pr0pter
914 1696 1058 1768 quod
1087 1698 1325 1765 obsecro,
1358 1701 1467 1751 etc.
1500 1695 1852 1750 Charitatem

194 1785 337 1841 dicit
365 1786 525 1841 illam
550 1802 665 1856 qua
684 1785 1044 1841 intellexerat
1068 1801 1128 1839 se
1157 1784 1561 1839 remissionem
1581 1800 1855 1839 consecu-
1884 1822 1931 1887 B

194 1882 318 1930 tum
335 1875 606 1930 omnium
623 1874 1350 1929 delictorum.Charitatem
1362 1889 1496 1927 vero
1511 1874 1855 1929 conﬁrmare

192 1964 246 2017 in
276 1963 408 2033 illo,
432 1967 518 2018 est
544 1962 817 2018 affectum
842 1962 1075 2034 pietatis
1099 1962 1422 2030 ostendere,
1439 1978 1554 2032 qua
1574 1967 1631 2016 et
1655 1962 1855 2017 remis-

192 2052 427 2107 sionem
460 2057 835 2124 peccatorum
871 2067 933 2105 se
964 2054 1342 2105 consecutum
1367 2056 1668 2120 agnoscat,
1696 2054 1752 2106 et
1784 2051 1854 2105 de

192 2158 296 2213 spe
328 2141 497 2211 regni
532 2140 784 2194 caelestis
817 2143 1153 2211 praesumat.
1187 2138 1466 2209 Sequitur
1501 2157 1513 2194 :
1557 2140 1675 2193 Ideo
1705 2142 1851 2193 enim

187 2230 310 2286 haec
331 2230 557 2299 scripsi,
579 2233 639 2282 ut
662 2244 983 2299 cognoscam
1004 2229 1443 2299 experimentum
1463 2236 1716 2295 vestrum,
1742 2232 1849 2283 etc.

185 2318 291 2373 His
327 2316 525 2372 verbis
560 2317 813 2371 ostendit
863 2317 1018 2389 quod
1069 2317 1181 2388 ipsi
1222 2318 1351 2387 jam
1400 2322 1693 2388 coeperant
1725 2334 1852 2373 esse

184 2405 537 2461 obedientes
571 2424 583 2461 :
641 2404 893 2460 maxime
942 2407 1013 2461 ob
1053 2405 1182 2471 hoc,
1217 2404 1357 2475 quia
1386 2421 1453 2459 ea
1483 2411 1851 2461 corrcxerant

182 2513 316 2567 quas
347 2495 423 2549 ad
457 2494 681 2549 cultum
717 2494 849 2550 ﬁdei
883 2499 940 2549 et
970 2494 1233 2548 ordinem
1267 2492 1729 2549 ecclesiasticum
1762 2498 1848 2549 at-

179 2585 478 2640 tinebant.
512 2584 581 2638 Et
632 2584 761 2637 ideo
810 2583 1103 2654 ascripsit,
1156 2588 1220 2637 ut
1268 2582 1451 2638 istum
1503 2584 1846 2655 reciperent,

180 2679 487 2745 quatenus
510 2673 782 2743 probaret
803 2673 850 2727 si
885 2673 943 2727 in
967 2673 1244 2727 omnibus
1266 2672 1603 2727 obedientes
1626 2677 1842 2741 essent,

177 2763 321 2834 quia
354 2760 460 2817 illa
487 2779 623 2817 vera
652 2766 739 2816 est
768 2760 1116 2829 obedientia,
1150 2776 1274 2831 quae
1323 2762 1380 2815 in
1431 2761 1592 2817 nullo
1640 2763 1841 2833 praeci-

178 2852 411 2923 pientis
443 2849 733 2905 voluntati
766 2850 1002 2905 resistit.

247 2939 584 3011 Sequitur:
639 2938 698 2993 Si
744 2941 835 2993 cui
881 2939 1098 3010 aliquid
1150 2938 1384 3000 donatis.
1418 2942 1475 2993 et
1524 2942 1624 2993 rel.
1658 2940 1727 2993 Et
1756 2944 1844 2995 est

171 3045 403 3083 sensus
429 3046 441 3083 :
466 3027 647 3082 Vobis
673 3027 1018 3097 rogantibus
1039 3043 1143 3097 ego
1166 3026 1398 3091 donavi,
1422 3027 1643 3081 debetis
1665 3033 1721 3082 et
1740 3045 1841 3084 vos

168 3134 265 3173 me
304 3122 564 3187 rogante
595 3117 831 3171 donare.
856 3115 1171 3170 Sciendum
1205 3131 1344 3169 sane
1366 3116 1504 3185 quia
1536 3132 1649 3170 non
1681 3121 1842 3172 tanta

162 3206 559 3278 providentia
588 3210 711 3260 erat
742 3205 801 3259 in
834 3204 986 3270 istis,
1023 3208 1243 3274 quanta
1272 3203 1331 3257 in
1365 3204 1660 3274 Apostolo.
1695 3205 1840 3260 Nam

160 3295 320 3366 ipse,
355 3293 655 3365 quidquid
687 3294 914 3364 agebat,
941 3290 1281 3363 spiritaliter
1302 3291 1529 3363 agebat,
1554 3294 1691 3363 quia
1712 3293 1843 3364 Spi-

1969 539 2285 607 lomonem,
2317 558 2503 611 neque
2535 542 2605 597 ad
2637 543 2953 611 dexteram,
2987 556 3175 611 neque
3208 542 3279 595 ad
3312 541 3613 598 sinistram

1969 629 2332 685 declinemus
2363 631 2546 700 (Prov.
2582 648 2655 697 1v,
2687 633 2793 697 27;
2830 632 2957 686 [δαί.
2991 646 3119 696 xxx,
3151 630 3263 696 2t).

2042 718 2319 789 Sequitur
2350 735 2362 772 :
2415 719 2528 773 Non
2572 720 2718 773 enim
2758 723 3075 791 ignoramus
3105 718 3451 789 cogitationes
3477 723 3610 793 ejus.

1971 807 2134 861 Hunc
2160 805 2353 862 locum
2377 808 2586 862 beatus
2618 825 2767 879 papa
2788 808 3099 881 Gregorius
3125 808 3205 862 ita
3231 808 3484 879 exponit.
3518 810 3613 864 Di-

1969 895 2047 950 cit
2078 895 2231 951 enim
2268 914 2280 950 :
2335 898 2425 951 Hae
2458 901 2596 951 sunt
2626 896 2810 951 hostis
2842 897 3065 969 antiqui
3096 897 3388 964 versutiie,
3420 902 3484 953 ut
3513 914 3616 970 per

1968 984 2354 1040 immoderata
2378 986 2531 1040 bona
2556 984 2718 1039 fallat
2738 986 3023 1041 incautos.
3049 986 3195 1042 Nam
3220 987 3351 1042 inde
3380 986 3527 1043 solet
3552 987 3613 1043 in

1968 1075 2138 1129 corde
2168 1074 2406 1129 alterius
2440 1074 2659 1129 malum
2692 1091 2967 1145 generare
2999 1074 3152 1141 rixae,
3178 1077 3333 1132 unde
3365 1074 3613 1131 alterum

1965 1163 2120 1217 videt
2152 1162 2479 1234 neglectum
2517 1162 2745 1233 pietatis
2776 1163 3004 1218 fecisse.
3038 1166 3323 1228 Quoniam
3366 1167 3615 1237 perfecte

1967 1251 2185 1306 bonum
2221 1269 2347 1307 esse
2380 1269 2492 1306 non
2528 1256 2736 1323 potest,
2763 1252 2913 1321 quod
2950 1251 3030 1305 ita
3062 1253 3275 1321 agitur,
3300 1253 3349 1307 si
3381 1271 3494 1310 non
3528 1259 3613 1310 at-

1966 1342 2168 1395 tendat
2188 1342 2342 1412 quod
2373 1340 2510 1394 mali
2541 1358 2607 1395 ex
2640 1340 2821 1395 altera
2852 1344 3013 1410 parte
3037 1340 3290 1395 oriatur:
3328 1341 3436 1397 nisi
3471 1343 3615 1399 forte

1965 1429 2079 1485 tale
2108 1429 2181 1485 sit
2207 1429 2349 1484 illud
2377 1431 2615 1498 bonum,
2642 1429 2796 1500 quod
2824 1429 3046 1499 absque
3070 1428 3309 1484 alterius
3336 1430 3611 1487 seandalo

1965 1519 2089 1574 fieri
2124 1536 2237 1574 non
2272 1520 2479 1590 possit,
2504 1524 2559 1573 et
2590 1535 2703 1573 non
2730 1517 2934 1572 fecisse
2956 1521 3256 1588 peccatum
3291 1517 3386 1572 sit.
3411 1520 3611 1574 Addu-

1965 1606 2041 1661 cit
2062 1608 2268 1663 beatus
2290 1625 2439 1680 papa
2460 1607 2773 1679 Gregorius
2801 1606 2967 1661 illum
2996 1606 3092 1677 qui
3117 1605 3336 1661 crimen
3364 1608 3609 1662 commi-

1964 1697 2040 1751 sit
2063 1697 2131 1751 ad
2156 1696 2577 1767 testimonium,
2594 1703 2651 1752 et
2671 1695 2943 1767 intelligit
2964 1710 3096 1749 eum
3114 1695 3366 1766 jussisse
3385 1696 3612 1752 tradere

1963 1786 2215 1853 diabolo,
2252 1787 2390 1841 dum
2434 1786 2707 1858 praecepit
2736 1785 2961 1839 Satana:
2993 1785 3241 1839 tradere.
3275 1784 3425 1840 Dicit
3453 1785 3611 1841 enim

1965 1875 2104 1946 quia
2134 1892 2349 1945 magna
2380 1874 2703 1947 magisterii
2736 1879 2857 1929 arte
2890 1879 3083 1928 actum
3116 1876 3224 1941 est,
3258 1879 3324 1928 ut
3371 1873 3467 1929 ille
3513 1891 3614 1929 co-

1964 1968 2129 2019 actus
2151 1964 2623 2019 substerneretur
2642 1964 2697 2017 in
2724 1980 2915 2034 poena,
2931 1963 3029 2033 qui
3054 1966 3260 2032 sponte
3280 1963 3615 2019 substratus

1964 2058 2052 2107 est
2082 2053 2138 2105 in
2172 2052 2365 2123 culpa,
2400 2057 2455 2105 et
2486 2051 2585 2122 qui
2617 2056 2820 2106 auctor
2862 2050 2973 2105 fuit
3022 2049 3256 2105 malitiae
3312 2051 3368 2105 in
3420 2051 3613 2123 culpa,

1964 2146 2116 2197 esset
2146 2140 2443 2212 flagellum
2476 2140 2799 2211 disciplima
2830 2139 2887 2194 in
2933 2158 3120 2211 poena.
3156 2139 3403 2210 Exponit
3434 2140 3613 2195 etiam

1963 2231 2087 2301 ipse
2120 2247 2245 2301 quae
2277 2228 2416 2284 dicit
2442 2228 2759 2300 Apostolus
2795 2246 2805 2282 :
2861 2229 2923 2283 Si
2970 2231 3064 2283 cui
3111 2228 3376 2293 donastis,
3406 2231 3455 2282 et
3494 2244 3609 2298 ego,

1962 2319 2129 2389 quasi
2156 2318 2400 2373 dixisset
2431 2336 2443 2372 2
2476 2318 2700 2373 Vestris
2724 2318 2893 2373 bonis
2918 2316 3144 2372 actibus
3169 2332 3364 2370 meum
3391 2315 3609 2372 bonum

1961 2408 2259 2478 conjunxi,
2292 2408 2427 2479 quia
2460 2424 2657 2463 meum
2689 2424 2816 2463 esse
2847 2406 2995 2476 volo,
3030 2408 3078 2461 si
3129 2404 3268 2476 quid
3314 2404 3451 2460 boni
3481 2420 3605 2459 ero-

1959 2495 2109 2568 gatis
2141 2496 2309 2566 (694).

2028 2584 2338 2656 Sequitur:
2376 2587 2449 2640 Et
2480 2601 2593 2656 ego,
2618 2586 2668 2639 si
2696 2587 2788 2640 cui
2815 2585 3034 2647 donavi,
3060 2588 3194 2651 ctc.,
3226 2581 3393 2654 quasi
3425 2581 3603 2638 dixis-

1956 2677 2078 2729 set:
2114 2674 2338 2728 Vestris
2361 2674 2531 2729 bonis
2565 2691 2758 2729 meum
2784 2674 3005 2729 bonum
3038 2672 3276 2741 sociavi,
3310 2672 3447 2743 quia
3468 2688 3599 2743 pro-

1954 2767 2080 2834 pter
2103 2779 2204 2817 vos
2234 2763 2645 2817 misericordia;
2678 2780 2824 2834 opus
2847 2762 3127 2833 impendi.
3153 2762 3218 2816 Et
3240 2765 3306 2817 ut
3330 2761 3597 2816 ostende-

1954 2856 2039 2905 ret
2070 2851 2166 2905 ubi
2201 2851 2321 2905 baac
2355 2852 2785 2923 compaginatio
2817 2851 2999 2915 fieret,
3024 2852 3349 2921 subjungit,
3374 2852 3438 2905 in
3463 2867 3595 2921 per-

1951 2956 2084 2993 sona
2116 2940 2340 2994 Christi.
2376 2940 2481 2994 Sed
2516 2941 2654 3009 quia
2686 2945 2911 3010 poterat
2942 2939 3154 3009 aliquis
3185 2940 3234 2991 ei
3267 2939 3458 2992 dicere
3493 2957 3506 2993 :
3551 2939 3595 2993 Ο

1951 3027 2242 3098 Apostole,
2269 3044 2448 3099 quare
2471 3033 2526 3081 te
2556 3028 2634 3081 ita
2658 3026 2956 3092 humilias,
2983 3043 3163 3097 quare
3184 3032 3239 3081 te
3264 3029 3341 3080 ita
3369 3027 3599 3094 subdis,

1953 3121 2017 3170 ut
2033 3116 2463 3171 Corinthiorum
2488 3116 2641 3170 bona
2658 3116 2775 3170 tuis
2797 3116 3112 3181 assimiles,
3127 3121 3182 3169 et
3198 3121 3299 3169 tua
3325 3114 3601 3171 illorum?

1873 3188 1916 3253 C
1955 3203 2084 3258 ideo
2117 3204 2459 3275 subjunxit:
2494 3206 2570 3259 Ne
2599 3206 3096 3259 circumveniamur
3123 3222 3156 3258 α
3186 3204 3411 3259 Satana.
3436 3204 3506 3258 Et
3538 3209 3603 3260 ut

1955 3298 2308 3348 monstraret
2340 3310 2516 3364 quam
2552 3298 2720 3348 acuto
2753 3293 2969 3348 mentis
3001 3309 3177 3347 sensu
3209 3309 3448 3365 sagaces
3480 3294 3603 3348 dia-

1951 3380 2070 3435 boli
2102 3381 2346 3437 insidias
2378 3386 2730 3453 penetraret,
2755 3382 3059 3451 subjunxit
3087 3398 3099 3435 :
3133 3384 3249 3437 Non
3271 3384 3421 3437 enim
3451 3384 3604 3454 igno-

1952 3488 2168 3541 ramus,
2193 3476 2302 3525 etc.
2333 3471 2401 3525 Et
2429 3478 2516 3526 est
2548 3488 2795 3526 sensus:
2830 3470 2946 3525 Deo
2981 3475 3215 3527 auctore
3237 3472 3390 3527 acuti
3424 3474 3601 3528 sudes

156 3385 282 3438 ritu
313 3386 537 3437 sancto
562 3380 769 3452 plenus
791 3384 948 3435 erat:
983 3380 1078 3434 isti
1110 3397 1242 3434 vero
1275 3379 1679 3452 intelligebant
1710 3399 1842 3437 mox

154 3470 529 3527 donandum
555 3486 683 3524 esse
705 3470 859 3541 quod
884 3470 1196 3540 Apostolus
1221 3470 1483 3541 petebat;
1512 3487 1645 3524 nam
1671 3471 1717 3525 si
1746 3470 1841 3527 ille

154 3558 533 3632 rogantibus
564 3557 679 3612 illis
712 3556 969 3625 donavit,
996 3557 1181 3611 multo
1212 3557 1419 3629 magis,
1447 3557 1545 3614 illo
1578 3564 1835 3631 rogante,

155 3648 271 3721 ipsi
303 3647 653 3703 debuerant
683 3647 919 3701 donare.
956 3646 1020 3699 Et
1050 3646 1157 3701 hoc
1191 3647 1517 3711 sciendum,
1544 3649 1682 3718 quia
1715 3649 1838 3720 ipse

157 3738 531 3794 incitaverat
562 3752 660 3790 eos
693 3739 758 3790 ut
788 3735 1064 3805 ejicerent
1093 3734 1259 3788 illum
1293 3736 1393 3806 qui
1426 3735 1645 3791 crimen
1679 3754 1837 3793 com-

158 3828 423 3883 miserat
459 3823 881 3894 fornicationis,
914 3829 971 3879 et
1010 3828 1073 3878 ut
1101 3823 1231 3878 duri
1264 3824 1547 3878 adversus
1581 3841 1714 3879 eum
1748 3842 1837 3880 es-

158 3920 315 3983 sent,
353 3919 419 3970 et
455 3913 584 3968 ideo
615 3916 737 3967 tam
772 3912 1035 3966 studiose
1074 3912 1316 3981 rogabat
1361 3917 1424 3965 ut
1473 3914 1841 3983 susciperent

1950 3576 2177 3628 sumus,
2214 3559 2351 3631 quia
2400 3565 2569 3615 acuto
2602 3559 2813 3615 mentis
2847 3559 3080 3631 ingenio
3113 3577 3350 3633 sagaces
3384 3560 3599 3618 diaboli

1948 3648 2195 3703 insidias
2226 3654 2621 3721 penetramus,
2655 3666 2727 3705 ne
2760 3650 2903 3704 forte
2937 3651 3091 3721 quod
3125 3651 3269 3706 bene
3309 3668 3476 3707 mens
3506 3653 3597 3707 in-

1948 3737 2141 3803 choat,
2177 3736 2302 3808 ipse
2353 3738 2409 3791 in
2458 3738 2692 3791 malitiae
2728 3739 2899 3793 finem
2932 3744 3245 3793 convertat.
3280 3744 3409 3795 Ηωο
3440 3741 3596 3796 enim

1949 3826 2007 3879 in
2040 3826 2205 3880 libris
2238 3824 2561 3879 moralibus
2592 3827 2733 3879 dicit
2761 3828 2967 3881 beatus
2997 3844 3149 3897 papa
3179 3827 3510 3899 Gregorius,
3534 3829 3595 3883 in

1949 3913 2046 3970 lllo
2077 3913 2347 3967 videlicet
2380 3914 2524 3979 loco,
2562 3914 2660 3967 ubi
2694 3915 2906 3985 legitur
2940 3931 2951 3967 :
3002 3914 3309 3969 Absorbebit
3337 3916 3594 3984 ﬂuvium,

1947 4006 1997 4055 et
2028 4018 2136 4055 non
2170 4002 2467 4055 mirabitur
2498 4003 2641 4068 (Job.
2678 4018 2766 4067 xL,
2802 4002 2928 4071 18);
2978 4006 3033 4054 et
3080 4001 3253 4072 paulo
3305 4008 3434 4072 post
3465 4021 3477 4057 :
3533 3992 3601 4057 1η¹

1948 4090 2119 4144 oculis
2166 4091 2281 4143 suis
2327 4089 2506 4159 capiet
2549 4105 2693 4157 eum,
2724 4093 2776 4142 et
2806 4088 2866 4142 in
2896 4089 3117 4143 sudibus
3147 4092 3261 4143 suis
3286 4088 3599 4162 perforabit

1948 4195 2109 4233 nares
2157 4180 2271 4246 eius
2294 4178 2476 4248 (lbid.,
2494 4178 2609 4248 l9);
2636 4177 2733 4231 ubi
2757 4193 2859 4248 per
2879 4178 3054 4233 sudes
3072 4178 3458 4234 subtilissima
3478 4178 3602 4234 vult

1951 4266 2196 4339 intelligi
2230 4271 2569 4322 sanctorum
2602 4266 2867 4333 consilia,
2900 4271 2955 4321 et
2999 4284 3099 4337 per
3140 4284 3309 4323 nares
3342 4267 3599 4325 occultas

1951 4356 2166 4411 diaboli
2200 4355 2466 4411 insidias.

158 4020 318 4059 eum.
360 4008 436 4058 Et
490 4001 630 4073 quia
675 4001 795 4055 illis
845 4000 1191 4071 rogantibus
1239 4000 1497 4065 donavit,
1532 4000 1658 4054 ideo
1700 4002 1841 4055 dicit

152 4102 387 4164 propter
438 4106 557 4147 vos.
592 4090 661 4145 Et
705 4094 769 4144 ut
812 4094 1044 4161 gratum
1092 4105 1268 4143 suum
1308 4105 1454 4159 opus
1486 4089 1839 4155 ostenderet,

157 4181 321 4251 dicit,
348 4184 416 4237 in
452 4194 692 4251 persona
715 4178 953 4245 Christi;
976 4178 1075 4232 ubi
1104 4193 1279 4232 suum
1303 4193 1450 4248 opus
1475 4176 1685 4232 Christi
1712 4193 1840 4232 esse

156 4268 555 4335 monstravit,
590 4268 760 4338 cujus
791 4267 1146 4338 fungebatur
1179 4265 1486 4337 legatione.
1522 4266 1684 4320 Unde
1716 4267 1841 4337 ipse

156 4359 297 4414 dicit
342 4378 356 4416 :
419 4360 784 4428 Quaecunque
829 4356 1103 4412 sotveritis
1152 4370 1316 4426 super
1371 4359 1578 4410 terram
1628 4355 1837 4421 (Matth.

154 4465 315 4514 xvm,
355 4449 481 4520 18),
544 4451 652 4500 etc.
712 4447 899 4510 Quare
953 4460 1083 4499 vero
1137 4444 1437 4499 donaverit
1481 4444 1839 4511 manifestat,
2022 4445 2168 4515 (695)
2203 4445 2524 4515 Sequitur:
2583 4444 2717 4499 Cum
2766 4448 3031 4499 venissem
3082 4452 3270 4501 autem
3313 4447 3596 4514 Troadem,

157 4538 292 4593 dum
322 4534 683 4608 subjunxit:
706 4532 1837 4604 Necircumveniamur,inquit,aSatana.
1874 4553 1918 4618 D
1952 4537 2059 4588 etc.
2096 4534 2262 4604 (696).
2314 4534 2524 4589 Narrat
2573 4534 2729 4589 enim
2778 4533 3090 4603 Apostolus
3139 4534 3453 4590 Corinthiis
3490 4536 3599 4590 iter

157 4626 493 4684 Sciendum
528 4640 658 4678 vero
682 4624 821 4695 quia
844 4624 1300 4679 circumvenitur
1333 4639 1364 4676 a
1394 4624 1605 4678 Satana
1634 4622 1721 4677 vel
1753 4623 1839 4677 ni-
1953 4639 2148 4688 suum,
2172 4638 2303 4676 cum
2334 4622 2493 4687 dicit,
2523 4640 2647 4677 cum
2668 4626 2933 4676 venissem
2956 4622 3228 4677 Troadem.
3248 4622 3393 4677 Nam
3419 4640 3599 4695 quare

163 4717 351 4772 mium
380 4713 709 4781 remissus,
735 4712 822 4768 vel
856 4713 1102 4767 nimium
1130 4729 1384 4767 severus.
1411 4712 1582 4766 Verbi
1614 4712 1837 4780 gratia:
1950 4712 2191 4768 venerit.
2228 4712 2582 4765 manifestat.
2619 4710 2744 4763 Non
2775 4709 3045 4765 videlicet
3083 4728 3260 4766 causa
3302 4712 3595 4780 vanitatis,

163 4801 859 4873 suntnonnulliquisuis
874 4800 1241 4856 auditoribus
1256 4800 1842 4868 voluntviderilenes,
1953 4801 2053 4855 sed
2080 4808 2307 4871 propter
2326 4800 2684 4869 Evangelium
2704 4799 2927 4854 Christi.
2958 4800 3019 4853 In
3041 4816 3155 4871 quo
3180 4800 3327 4855 facto
3354 4819 3596 4858 monen-

164 4895 366 4950 blandi
383 4900 447 4950 et
469 4891 737 4947 atfabiles
752 4895 807 4945 ct
825 4890 952 4944 ideo
966 4906 1167 4943 eorum
1183 4894 1373 4943 errata
1390 4906 1505 4943 non
1522 4891 1840 4959 corrigunt;
1954 4894 2048 4943 tur
2071 4888 2497 4959 praedicatores,
2522 4892 2587 4941 ut
2610 4905 2722 4941 non
2746 4887 3076 4944 discurrant
3100 4907 3276 4945 causa
3300 4892 3596 4957 vanitatis,

164 4981 219 5037 hi
244 4984 401 5040 tales
427 5000 465 5039 a
486 4982 711 5036 Satana
728 4980 1286 5034 circumveniuntur.
1305 4978 1455 5031 Sunt
1479 4977 1614 5031 item
1640 4978 1736 5048 qui
1763 4978 1845 5032 ni-
1955 4979 2053 5032 sed
2088 4994 2330 5031 suorum
2362 4976 2692 5031 auditorum
2725 4977 2951 5032 salutis.

166 5073 280 5129 mio
303 5073 467 5145 legis
496 5069 625 5124 zelo
648 5068 877 5123 accensi
896 5067 1036 5121 adeo
1059 5071 1752 5137 perscquuntursuos,ut
1773 5067 1844 5121 ad
2025 5065 2298 5136 Sequitur
2326 5082 2336 5118 :
2375 5066 2488 5120 Non
2519 5065 2688 5119 habui
2716 5069 2959 5136 requiem
2986 5070 3215 5139 spiritui
3242 5084 3377 5122 meo.
3413 5069 3600 5131 Quare

166 5161 660 5237 desperationem
689 5156 1026 5229 pertrabant
1051 5172 1062 5209 :
1095 5158 1150 5209 et
1179 5154 1274 5209 isti
1307 5171 1340 5207 a
1364 5154 1580 5208 Satana
1601 5154 1848 5209 circum-
1959 5171 2070 5209 non
2102 5154 2373 5208 habuerit
2396 5155 2657 5225 requiem
2684 5156 3055 5212 manifestat:
3082 5174 3144 5211 eo
3168 5156 3305 5227 quod
3326 5171 3433 5209 non
3454 5155 3602 5208 inve-

164 5252 528 5313 veniuntur,
556 5247 612 5301 id
642 5250 749 5313 est,
777 5244 1170 5317 decipiuntur,
1194 5242 1278 5297 illi
1306 5243 1539 5314 quidem
1565 5242 1711 5299 falsa
1734 5244 1849 5317 pie-
1956 5245 2135 5297 uerim
2168 5244 2361 5307 Titum,
2384 5248 2493 5298 etc.
2525 5244 2683 5297 Sicut
2713 5245 3067 5315 quibusdam
3101 5245 3304 5315 placet,
3338 5242 3601 5313 requiem

166 5344 302 5409 tate,
334 5339 443 5395 isti
471 5335 666 5391 nimia
687 5333 1051 5389 crudelitate.
1074 5333 1144 5387 Et
1170 5332 1309 5405 quia
1328 5331 1387 5385 in
1410 5336 1657 5403 utraque
1682 5336 1850 5404 parte
1960 5349 2074 5387 non
2106 5331 2335 5399 habuit,
2359 5332 2497 5403 quia
2523 5348 2657 5387 cum
2684 5333 2991 5389 direxisset
3013 5333 3209 5387 Titum
3232 5331 3600 5403 Corinthum,

235 5498 395 5570 (693)
427 5492 678 5570 Scilicet
709 5495 782 5570 ob
825 5491 1570 5570 contrariumpcenitentiae
1603 5493 1845 5570 exitum.
2209 5494 2416 5570 éutog.
2450 5496 2678 5563 rogatis.

170 5562 299 5626 Sive
329 5562 538 5624 Acha;
569 5566 903 5647 legendum,
938 5566 1108 5645 cujus
1138 5562 1314 5619 etiam
1362 5564 1715 5646 desperatio,
1746 5582 1849 5638 po-
2028 5563 2179 5709 (695)
2210 5564 2311 5619 Hic
2344 5562 2403 5618 in
2435 5562 2631 5637 autog.
2668 5581 2854 5637 marg.
2887 5562 3101 5635 legitur
3133 5580 3258 5641 cap.
3289 5564 3386 5624 VI.

170 5640 491 5709 tiusquam
527 5637 894 5708 posnitentia,
928 5636 1173 5709 dignum
1206 5634 1415 5693 habuit
1444 5635 1642 5693 tinem.
2051 5634 2156 5693 696
2210 5638 2435 5709 Autog..
2456 5636 2695 5695 Troades.

165 5640 491 5714 tiusquam
527 5634 894 5708 pmhitentia,
928 5636 1173 5709 dignum
1206 5634 1415 5693 habuit
1444 5634 1642 5693 tinem.
1747 5634 1765 5638 ’
2028 5634 2179 5709 (696)
2210 5638 2435 5709 Autog..
2456 5634 2695 5695 Troa—dae.

458 5766 742 5830 Parrum"
788 5762 1096 5832 CXXXIV.
3249 5767 3324 5839 M
