4026 6168
336 266 453 323 427

1354 260 1690 319 ATTONlS
1737 256 2321 321 VERCELLENSIS
2370 257 2723 318 EPISCUPI

3625 250 3741 312 428

336 393 656 467 plurimum
674 392 961 449 sollicitus
983 397 1104 449 erat
1127 410 1229 465 pro
1251 408 1348 447 eo:
1374 392 1651 462 quoniam
1672 392 1981 465 ignorabat
2009 394 2063 458 Α
2093 390 2265 463 digiis
2289 396 2376 446 est
2396 392 2542 448 conti
2554 393 2830 459 rmatum,
2846 387 2984 459 quia
3000 391 3147 442 Deus
3164 383 3475 441 invisibilis
3502 388 3750 457 proiiter

339 488 536 539 utrum
570 498 852 555 prospera
885 483 956 538 de
987 480 1325 547 Corinthiis,
1359 498 1431 535 an
1480 482 1724 536 adversa
1755 481 1986 536 nuntia-

342 576 444 628 ret.
480 571 640 637 Quod
674 576 870 627 autem
904 571 1043 627 dicit
1074 587 1088 625 :
1123 572 1187 625 Et
1215 572 1412 625 ostium
1441 569 1581 624 mihi
1609 574 1860 637 apertum
1888 574 1985 633 est,

341 659 478 716 talis
498 664 588 717 est
613 677 844 731 sensus,
869 659 1038 730 quasi
1062 658 1305 714 dixisset
1328 658 1647 713 multorum
1682 658 1988 714 hominum

345 749 522 805 corda
545 755 747 823 parata
766 752 930 805 erant
954 749 1024 803 ad
1054 749 1408 803 credendum
1434 764 1447 803 :
1482 764 1619 803 nam
1647 765 1747 819 per
1772 748 1988 802 ostium

346 839 494 896 ﬁdes
516 840 890 911 designatur:
920 838 1075 893 unde
1098 838 1354 893 Joannes
1375 836 1433 891 in
1455 837 1800 909 Apocalypsi
1831 853 1843 891 :
1873 836 1990 892 Vidi

348 932 551 986 ostium
597 936 848 996 apertum
895 929 954 981 in
1005 928 1136 982 caelo
1189 928 1369 997 (Apoc.
1402 927 1581 997 1v,1).
1634 931 1742 982 Per
1779 926 1988 981 coelum

349 1014 621 1082 Ecclesia,
644 1030 748 1086 per
767 1013 986 1069 ostium
1018 1014 1163 1068 ﬁdes
1184 1014 1543 1085 designatur.
1568 1014 1803 1069 Troada:
1832 1013 1988 1069 enim

348 1102 516 1159 multi
546 1107 711 1158 erant
740 1103 925 1174 parati
963 1103 1033 1157 ad
1060 1103 1438 1169 credendum,
1465 1103 1563 1158 sed
1596 1102 1793 1174 plures
1824 1106 1990 1157 erant

343 1192 443 1264 qui
465 1192 829 1248 credentium
846 1191 1214 1247 aemulatione
1232 1191 1504 1263 Apostolo
1532 1191 1908 1257 resistebant;
1934 1196 1990 1245 et

341 1281 470 1338 ideo
501 1281 763 1354 requiem
795 1298 909 1336 non
942 1280 1167 1346 habuit,
1191 1281 1328 1352 quia
1351 1285 1667 1352 utrumque
1690 1281 1983 1353 negotium

338 1371 488 1426 ferre
517 1386 634 1426 non
666 1369 864 1438 valuit,
898 1369 1007 1425 hoc
1038 1373 1145 1436 est,
1177 1374 1233 1424 et
1280 1386 1393 1425 non
1443 1370 1812 1425 credentibus
1845 1368 1985 1425 resi-

338 1463 510 1525 stere,
543 1462 600 1514 et
648 1458 950 1514 credentes
986 1457 1044 1512 in
1076 1457 1191 1512 ﬁde
1224 1458 1591 1513 conﬁrmare.
1626 1458 1987 1530 Quapropter

337 1547 688 1604 valefaciens
719 1547 1121 1612 credentibus,
1153 1544 1372 1602 relictis
1403 1546 1987 1617 Troadensibus,sive

341 1635 631 1707 Trojanis,
664 1635 958 1708 profectus
987 1638 1077 1690 est
1108 1634 1168 1690 in
1210 1635 1632 1699 Macedoniam,
1666 1635 1804 1707 quia
1850 1635 1985 1691 inde

338 1730 622 1782 venturus
648 1728 772 1780 erat
791 1724 979 1794 Titus,
1003 1728 1061 1779 et
1087 1723 1216 1796 ipsa
1242 1724 1624 1796 propinquior
1649 1729 1772 1780 erat
1793 1724 1987 1779 Corin-

339 1815 464 1871 tho.
495 1818 640 1870 Nam
673 1814 828 1886 quod
859 1813 976 1869 tale
1007 1812 1182 1869 fuerit
1211 1814 1338 1884 ejus
1370 1812 1499 1880 iter,
1531 1812 1679 1868 liber
1706 1814 1983 1868 Actorum

342 1903 740 1976 apostolorum
784 1902 1138 1958 manifestat.
1158 1901 1309 1957 Dicit
1346 1902 1502 1957 enim
1526 1901 1684 1974 quia,
1708 1919 1842 1957 cum
1866 1919 1990 1974 per-

253 1997 275 2019 '
342 1995 647 2065 agrassent
667 1990 935 2063 Mysiam,
950 1995 1235 2046 venerunt
1255 1991 1560 2056 Troadem,
1581 1995 1687 2045 etc.
1708 1990 1844 2061 (Act.
1870 2007 1983 2058 xvr,

341 2082 413 2152 8).
451 2080 793 2137 Macedonia
821 2096 1073 2152 namque
1104 2078 1261 2150 regio
1308 2079 1416 2136 fuit
1446 2079 1753 2135 Alexandri
1788 2080 1984 2152 magni

343 2167 595 2240 Philippi
625 2166 752 2237 ﬁlii,
785 2184 910 2239 quae
943 2167 1115 2239 plena
1144 2168 1327 2222 fertur
1371 2183 1500 2223 esse
1547 2168 1708 2223 venis
1755 2169 1883 2224 auri
1929 2173 1988 2224 et

342 2256 567 2328 argenti
593 2274 607 2325 ;
638 2256 821 2312 fertur
849 2260 907 2311 et
935 2257 995 2310 in
1023 2271 1090 2311 ea
1118 2271 1247 2311 esse
1278 2272 1447 2310 mons
1478 2256 1781 2328 Olympus,
1816 2260 1985 2328 cujus
2021 2322 2032 2329 _

341 2345 744 2401 summitatem
774 2361 880 2401 nec
918 2345 1071 2401 venti
1102 2361 1207 2399 nec
1238 2344 1448 2417 pluviae
1480 2345 1735 2417 pulsant.

408 2435 725 2507 Sequitur:
776 2434 880 2491 Deo
922 2441 1108 2489 autem
1145 2435 1382 2505 gratias.
1416 2434 1648 2489 Dixerat
1690 2451 1752 2490 se
1802 2434 1989 2491 multa

342 2523 579 2596 quidem
600 2540 966 2597 perpessum,
986 2527 1042 2579 et
1063 2539 1220 2578 nunc
1240 2522 1462 2595 gratias
1488 2525 1599 2578 Deo
1621 2524 1759 2595 agit.
1785 2525 1847 2578 In
1873 2541 1987 2596 quo

340 2614 492 2669 facto
524 2630 631 2668 nos
663 2629 989 2681 monemur,
1023 2616 1089 2666 ut
1135 2613 1206 2667 de
1257 2611 1532 2666 omnibus
1571 2616 1693 2667 tam
1728 2613 1988 2669 adversis

342 2717 520 2774 quam
543 2700 837 2773 prosperis
862 2700 1080 2773 gratias
1102 2700 1217 2755 Deo
1244 2716 1508 2772 agamus.
1530 2701 1659 2772 Egit
1685 2701 1838 2757 enim
1860 2718 1989 2774 gra-

345 2790 458 2846 tias
480 2793 614 2857 Deo,
638 2793 704 2844 ut
724 2788 857 2845 illos
884 2789 954 2844 ad
989 2788 1373 2844 imitationem
1404 2789 1495 2845 sui
1518 2795 1875 2861 provocaret,
1900 2790 1989 2846 vel

349 2882 418 2934 ut
461 2894 560 2934 eos
604 2878 677 2933 ad
718 2877 918 2950 praelia
946 2880 1220 2932 armaret.
1254 2877 1575 2949 Sequitur:
1631 2880 1736 2946 Qui
1780 2896 1992 2951 semper

345 2966 664 3038 triumphat
687 2982 785 3023 nos
804 2968 866 3022 in
887 2968 1099 3024 Christo
1121 2971 1273 3023 Jesu.
1300 2971 1412 3022 Deo
1443 2968 1660 3039 quippe
1684 2968 1990 3040 Apostolos

353 3059 414 3113 in
444 3055 676 3113 Christo
706 3055 1073 3128 triumphare
1101 3060 1208 3126 est,
1238 3055 1505 3112 videlicet
1532 3056 1590 3110 in
1636 3057 1749 3112 ﬁde
1780 3057 1993 3114 Christi

2101 479 2268 551 signa
2299 485 2354 533 et
2383 478 2667 551 prodigia,
2703 478 2770 532 ad
2808 475 3278 548 praedicationem
3313 490 3513 529 eorum
3546 474 3749 528 invisi-

2100 567 2294 623 biliter
2315 567 2679 623 credebatur.
2705 569 2771 619 Et
2794 565 2902 620 hoc
2924 564 3253 632 sciendum,
3278 562 3414 635 quia
3440 568 3751 619 consuetu-

2099 657 2296 712 dinem
2326 657 2472 729 legis
2497 653 3043 727 servatApostolus:
3066 669 3201 708 nam
3227 652 3513 725 quidquid
3540 652 3598 705 in
3620 651 3749 724 lege

2100 746 2304 800 devota
2335 751 2526 801 mente
2556 745 2922 810 offerebatur,
2956 742 3017 796 in
3052 742 3288 797 odorem
3320 740 3745 797 suavissimum

2100 836 2343 890 Domino
2367 834 2727 890 adolebatur.
2751 831 3033 888 Similiter
3062 836 3118 887 et
3148 831 3304 887 fama
3334 830 3594 887 nominis
3624 830 3741 898 Dei,

2101 941 2227 996 quae
2259 942 2292 978 a
2313 923 2541 979 Christo
2564 928 2652 978 est
2682 921 3072 986 manifestata,
3096 919 3265 991 quasi
3295 919 3438 975 odor
3461 917 3747 975 suavissi-

2100 1030 2233 1067 mus
2257 1031 2357 1084 per
2378 1012 2688 1085 Apostolos
2708 1011 2878 1082 longe
2900 1010 3130 1081 lateque
3153 1009 3209 1063 in
3235 1009 3456 1064 mundo
3474 1023 3746 1080 asperge-

2099 1102 2271 1156 batur
2315 1106 2372 1157 et
2418 1101 2762 1173 respirabat.
2795 1099 3070 1169 Sequitur
3101 1113 3113 1151 :
3167 1097 3309 1165 Quia
3340 1096 3547 1152 Christi
3575 1096 3746 1152 bonus

2098 1191 2231 1245 odor
2258 1208 2446 1246 sumus
2480 1192 2603 1259 Deo,
2637 1194 2745 1245 etc.
2780 1187 2902 1258 Ille,
2936 1186 3035 1258 qui
3078 1186 3227 1241 bene
3266 1186 3338 1241 de
3388 1185 3619 1241 Christo
3651 1203 3747 1240 as-

2097 1280 2239 1334 serit
2274 1283 2330 1334 et
2358 1278 2556 1345 sentit,
2588 1276 2797 1333 Christi
2834 1277 3020 1331 bonus
3052 1274 3194 1330 odor
3223 1279 3331 1341 est,
3365 1284 3478 1329 tam
3515 1275 3603 1329 his
3648 1278 3751 1347 qui

2095 1369 2238 1423 salvi
2265 1370 2429 1440 ﬁunt,
2462 1384 2629 1440 quam
2660 1371 2710 1421 et
2745 1367 2832 1421 his
2861 1366 2958 1437 qui
2980 1368 3260 1435 pereunt;
3291 1363 3393 1434 qui
3422 1378 3555 1419 vero
3586 1362 3751 1419 mala

2097 1457 2167 1512 de
2190 1457 2315 1528 ipso
2343 1456 2493 1513 male
2521 1457 2714 1524 sentit,
2743 1454 2830 1511 vel
2854 1454 3082 1521 asserit,
3109 1453 3302 1509 malus
3323 1453 3465 1509 odor
3488 1457 3602 1520 est,
3622 1457 3747 1510 tam

2096 1546 2469 1601 credentibus
2491 1562 2669 1616 quam
2693 1548 2749 1600 et
2775 1560 2889 1599 non
2914 1542 3285 1599 credentibus
3308 1558 3322 1598 :
3348 1541 3748 1612 credentibus,

2096 1636 2237 1707 quia
2260 1634 2410 1690 male
2435 1636 2712 1702 credunt;
2746 1651 2861 1689 non
2895 1632 3287 1697 credentibus,
3311 1632 3447 1702 quia
3478 1648 3596 1687 non
3619 1648 3743 1688 cre—

2096 1724 2352 1779 dendum
2400 1741 2527 1780 esse
2574 1722 2927 1794 intelligunt.
2961 1721 3172 1777 Beatus
3210 1736 3345 1776 vero
3375 1722 3746 1793 Augustinus

2094 1812 2235 1867 dicit
2263 1813 2402 1884 quia
2423 1817 2674 1885 cmperat
2694 1810 3008 1882 Apostolus
3030 1810 3407 1866 manifestare
3435 1809 3547 1866 iter
3568 1827 3743 1866 suum

2093 1901 2437 1968 Corinthiis;
2460 1901 2670 1956 deinde
2689 1900 2943 1956 ostendit
2964 1899 3049 1955 eis
3070 1916 3132 1954 se
3155 1898 3341 1954 multa
3361 1915 3742 1971 perpessum;

2095 1990 2304 2045 deinde
2334 1991 2559 2062 gratias
2592 1990 2712 2062 agit
2731 1989 2868 2063 Deo,
2894 1988 3146 2044 maxime
3176 1988 3248 2044 ob
3280 1987 3409 2055 hoc,
3438 1987 3583 2060 quia
3609 1988 3743 2044 talis

2095 2080 2366 2134 inventus
2389 2083 2497 2147 est,
2517 2084 2583 2134 ut
2603 2079 2727 2150 ipse
2748 2076 3139 2149 triumpharet
3158 2093 3290 2134 eum
3315 2077 3375 2132 in
3397 2076 3631 2133 Christo
3651 2102 3664 2145 ,
3688 2084 3745 2133 et

2097 2172 2227 2240 post
2247 2168 2355 2223 hoc
2381 2167 2522 2223 dicit
2543 2168 2779 2223 odorem
2804 2166 3021 2222 notitiae
3044 2165 3146 2221 Dei
3170 2182 3270 2237 per
3291 2181 3353 2221 se
3375 2166 3743 2223 manifestari

2095 2255 2154 2310 in
2185 2256 2344 2311 omni
2375 2256 2522 2311 loco.
2556 2255 2661 2311 Ubi
2696 2255 3076 2326 quaerendum
3107 2254 3240 2325 quis
3272 2254 3348 2310 sit
3390 2254 3503 2310 iste
3531 2255 3745 2310 trium-

2098 2345 2272 2416 phus,
2296 2345 2383 2399 vel
2406 2346 2539 2416 quis
2563 2345 2638 2400 sit
2661 2345 2771 2400 iste
2797 2344 2957 2400 odor.
2985 2348 3099 2398 Istc
3122 2343 3360 2415 quidem
3382 2343 3745 2417 triumphus,

2097 2434 2217 2489 sive
2247 2434 2407 2499 odor,
2431 2433 2673 2489 victoria
2695 2438 3021 2505 martyrum
3043 2436 3152 2500 est,
3177 2436 3234 2487 et
3263 2432 3488 2487 cruoris
3511 2432 3752 2505 effusio,

2097 2527 2153 2577 et
2167 2522 2430 2593 ipsorum
2450 2522 2985 2594 constantia,quam
3004 2521 3145 2576 dum
3162 2519 3430 2577 inﬁdeles
3445 2521 3751 2590 videbant,

2097 2612 2461 2666 occasionem
2494 2611 2723 2666 dicendi
2755 2609 3154 2681 accipiebant;
3209 2609 3324 2665 nisi
3354 2626 3549 2666 verum
3582 2617 3753 2666 esset

2097 2700 2471 2771 Evangelium
2493 2699 2729 2767 Christi,
2753 2715 3127 2771 nequaquam
3149 2702 3271 2754 tam
3294 2703 3630 2755 constantes
3652 2715 3753 2755 es-

2098 2794 2230 2844 sent
2248 2788 2306 2843 in
2334 2788 2631 2861 martyrio,
2646 2805 2835 2860 neque
2853 2793 3151 2844 tantorum
3170 2787 3478 2855 hominum
3502 2789 3749 2862 sanguis

2098 2877 2513 2945 effunderetur,
2539 2892 2728 2948 neque
2757 2882 2876 2932 tam
2908 2876 3172 2932 hilariter
3193 2878 3422 2932 diversa
3451 2881 3751 2934 tormenta

2099 2971 2455 3038 paterentur.
2489 2973 2569 3021 Ac
2615 2982 2718 3037 per
2756 2965 2867 3021 hoc
2897 2966 3258 3022 occasionem
3292 2966 3567 3023 credendi
3596 2968 3750 3023 acci-

2100 3056 2361 3127 piebant,
2385 3056 2637 3110 maxime
2668 3055 2738 3110 ob
2771 3054 2902 3126 hoc,
2926 3055 3066 3127 quia
3085 3072 3285 3111 eorum
3314 3056 3603 3112 confessio
3632 3073 3750 3112 non

351 3147 600 3204 victores
630 3146 890 3206 reddere.
918 3145 1065 3200 Nam
1095 3145 1208 3216 ipsi
1238 3145 1474 3216 quidem
1506 3161 1624 3200 non
1657 3145 1849 3202 solum
1878 3151 1997 3203 tro-
2028 3135 2072 3200 C
2111 3148 2236 3199 erat
2263 3143 2532 3212 delicata,
2565 3160 2681 3199 non
2712 3142 2933 3199 deliciis
2964 3144 3234 3211 afﬂuens,
3266 3146 3367 3199 sed
3400 3144 3459 3199 in
3492 3145 3674 3217 fame,
3704 3150 3759 3203 et

352 3251 565 3308 pssum,
584 3235 684 3291 sed
709 3239 767 3290 et
784 3233 1152 3306 triumphum
1174 3233 1234 3288 in
1257 3234 1370 3289 Iide
1391 3233 1605 3301 Christi
1628 3244 1996 3307 acceperunt.

352 3325 503 3381 Sane
524 3324 831 3379 sciendum
854 3323 995 3393 quia
1014 3323 1169 3393 apud
1192 3322 1464 3393 antiquos
1488 3338 1701 3394 magna
1721 3324 2000 3381 distantia

351 3418 476 3469 erat
502 3412 655 3467 inter
685 3415 968 3482 tropaeum
1009 3415 1066 3466 et
1112 3410 1505 3482 triumphum.
1536 3412 1683 3466 Nam
1715 3416 1997 3485 tropaeum

350 3500 546 3556 Graco
562 3499 735 3555 verbo
754 3497 967 3554 dicitur
978 3499 1050 3552 ab
1064 3498 1468 3563 insectatione,
1486 3500 1663 3554 trium
1670 3501 1821 3572 phus
1840 3519 1996 3569 vero,

349 3589 423 3644 ab
445 3588 864 3654 exsultatione;
896 3587 1050 3642 unde
1072 3591 1129 3642 et
1153 3587 1492 3657 triumphus
1516 3587 1732 3643 dicitur
1752 3590 1999 3646 exsulta-

348 3678 452 3745 tio,
504 3683 562 3733 et
607 3675 1040 3748 triumphantes
1070 3676 1220 3748 (697)
1267 3675 1647 3731 exsultantes.
1693 3678 1753 3733 Si
1801 3684 1995 3735 autem

347 3782 540 3823 sermo
564 3765 808 3822 Latinus
827 3770 916 3821 est
938 3764 1292 3837 triumphus,
1320 3769 1383 3820 ut
1408 3766 1761 3837 quibusdam
1784 3768 1993 3840 placet,

345 3871 482 3930 ergo
530 3873 563 3913 a
600 3855 793 3911 tribus
821 3854 1138 3927 generibus
1167 3854 1411 3909 laudum
1444 3854 1681 3923 dicitur,
1713 3858 1993 3927 quoniam

344 3944 406 4000 hi
438 3945 539 4018 qui
571 3944 843 4000 inimicos
875 3960 991 3999 non
1024 3942 1216 3999 solum
1240 3942 1542 4015 fugabant,
1567 3945 1669 4000 sed
1702 3945 1877 4000 etiam
1909 3946 1996 4001 in-

343 4031 716 4101 terimebant,
731 4032 1127 4088 laudabantur
1142 4035 1264 4087 tam
1288 4048 1322 4087 a
1344 4032 1596 4088 ducibus
1616 4049 1792 4104 quam
1808 4050 1841 4088 a
1862 4050 1995 4089 con-

342 4122 596 4189 sulibus,
619 4137 846 4177 necnon
868 4125 926 4176 et
955 4139 989 4176 a
1018 4121 1188 4192 plebe
1214 4137 1226 4174 :
1263 4121 1362 4192 qui
1389 4122 1568 4176 etiam
1595 4121 1853 4193 palmam
1887 4140 1991 4178 au-

341 4226 500 4265 ream
524 4208 908 4280 accipiebant,
924 4208 1062 4281 quia
1081 4210 1315 4280 plenam
1334 4210 1638 4265 victoriam
1664 4211 1987 4280 habebant;

340 4293 427 4348 illi
458 4299 653 4350 autem
677 4295 777 4366 qui
802 4300 1104 4366 tropaeum,
1134 4296 1240 4350 hoc
1271 4301 1380 4367 est,
1403 4296 1788 4369 semiplenam
1811 4299 1988 4356 victo-

339 4383 489 4439 riam
514 4383 829 4455 habebant,
864 4400 1138 4440 coronam
1171 4400 1410 4440 auream
1445 4386 1826 4458 accipiebant.

2111 3232 2228 3298 siti,
2260 3236 2317 3288 et
2354 3225 2618 3305 reliquis.
2651 3233 2862 3304 Sicque
2889 3232 3065 3289 etiam
3097 3234 3240 3293 odor
3269 3233 3487 3289 notitia;
3518 3233 3625 3290 Dei
3659 3250 3761 3307 per

2109 3323 2399 3377 mundum
2442 3321 2789 3394 respirabat.

2177 3410 2392 3465 Verum
2412 3410 2547 3482 quia
2567 3415 2792 3482 poterat
2808 3411 2941 3482 quis
2958 3410 3238 3483 apostolis
3254 3410 3759 3484 objicere,dicens:

2107 3499 2314 3567 Quare,
2351 3498 2399 3554 si
2429 3516 2529 3554 vos
2563 3501 2751 3555 bonus
2781 3501 2925 3555 odor
2967 3501 3109 3556 estis
3158 3501 3218 3556 in
3265 3502 3428 3556 omni
3459 3501 3613 3571 loco,
3647 3520 3762 3559 non

2107 3603 2310 3643 omnes
2341 3587 2638 3643 credunt?
2688 3587 2788 3643 Ille
2845 3606 2979 3644 vero
3034 3589 3226 3645 sciens
3270 3589 3378 3645 hoc
3426 3590 3543 3646 sibi
3586 3591 3765 3662 objici

2105 3692 2298 3747 posse,
2332 3676 2456 3748 ipse
2488 3676 2601 3732 sibi
2632 3677 2866 3748 objecit,
2900 3682 2957 3737 et
2995 3679 3283 3748 exposuit,
3315 3679 3517 3735 dicens
3550 3697 3566 3727 τ
3623 3683 3764 3737 Atii:

2105 3764 2323 3835 quidem
2349 3765 2479 3821 odor
2505 3768 2699 3821 mortis
2726 3768 2788 3820 in
2815 3773 3066 3837 martem,
3091 3773 3201 3822 etc.
3231 3785 3244 3836 ;
3279 3768 3449 3839 quasi
3478 3768 3757 3825 dixisset:

2105 3854 2148 3907 Ο
2181 3854 2487 3923 Corinthii,
2522 3871 2648 3921 nos,
2683 3855 2781 3927 qui
2816 3872 3047 3928 semper
3088 3856 3282 3912 bonus
3329 3857 3474 3913 odor
3521 3874 3758 3925 sumus,

2104 3944 2232 3997 aliis
2258 3948 2444 3999 tamen
2461 3945 2594 4000 odor
2618 3946 2815 4001 mortis
2841 3947 2901 4000 in
2929 3949 3179 4017 mortem,
3200 3946 3332 4001 aliis
3359 3949 3549 4002 autem
3566 3964 3758 4004 sumus

2100 4032 2235 4087 odor
2258 4035 2388 4090 vitae
2416 4035 2475 4088 in
2501 4036 2692 4089 vitam.
2717 4033 3003 4097 Quoniam
3029 4034 3267 4106 quidem
3290 4034 3544 4091 liberum
3565 4035 3757 4093 homi-

2103 4122 2278 4177 nibus
2324 4122 2528 4177 datum
2577 4127 2667 4178 est
2714 4123 3046 4192 arbitrium,
3087 4129 3151 4179 ut
3198 4124 3418 4179 bonum
3450 4142 3570 4181 non
3600 4129 3757 4182 esset

2101 4215 2389 4277 coactum,
2423 4212 2526 4266 sed
2556 4201 2992 4279 voluntarium;
3029 4214 3184 4285 quod
3231 4213 3345 4269 nisi
3391 4220 3569 4284 esset,
3613 4232 3753 4283 non,

2098 4299 2363 4372 inquam,
2397 4300 2544 4356 foret
2573 4302 2721 4373 (698)
2768 4301 2855 4357 vel
2908 4302 3066 4358 unde
3094 4303 3230 4359 boni
3263 4303 3523 4375 praemiis
3554 4320 3757 4360 remu-

2099 4395 2444 4445 nerarentur
2460 4406 2581 4446 sem
2592 4390 2957 4462 piternis,vel
2983 4390 3120 4446 mali
3146 4391 3334 4463 pcenis
3355 4391 3754 4464 plecterentur

407 4473 681 4544 Sequitur
711 4491 724 4530 :
774 4475 839 4528 Et
886 4460 1102 4529 odorem
1147 4474 1360 4528 notitia
1400 4490 1512 4529 sua:
1557 4476 1877 4546 manifesta!
1927 4480 1988 4533 in
2020 4502 2065 4565 Β
2096 4478 2348 4533 aeternis.
2384 4479 2449 4532 Et
2499 4460 2713 4534 iterum
2749 4497 2761 4533 :
2818 4479 2955 4550 Nos,
2988 4480 3090 4551 qui
3123 4460 3577 4552 semper'bonus
3610 4483 3756 4538 odor

333 4565 490 4617 omni
518 4564 650 4619 loco.
680 4562 929 4618 Odorem
960 4563 1198 4635 quidem
1230 4562 1450 4618 famam
1486 4566 1742 4619 nominis
1768 4565 1986 4623 Christi
2020 4562 2053 4565 “
2096 4583 2324 4633 sumus,
2353 4584 2455 4638 pro
2478 4567 2614 4622 vitio
2642 4584 2756 4623 non
2778 4568 3253 4640 suscipientium,
3278 4570 3425 4625 odor
3450 4571 3662 4627 mortis
3693 4572 3751 4628 in

332 4651 609 4723 appellat,
637 4669 762 4723 quas
788 4652 1027 4724 pulchre
1050 4669 1153 4723 per
1173 4653 1412 4708 odorem
1439 4654 1816 4726 designatur;
1847 4674 1981 4712 nam

330 4754 423 4794 res
455 4740 644 4796 invisa
672 4742 847 4797 odore
878 4741 1246 4812 dignoscitur
1277 4759 1290 4797 :
1336 4743 1420 4797 sic
1451 4748 1507 4798 et
1537 4743 1694 4798 fama
1726 4744 1983 4800 nominis

327 4829 543 4885 Christi
570 4828 942 4885 invisibiliter
982 4831 1054 4885 ad
1099 4848 1272 4887 aures
1305 4832 1566 4903 pervenit
1596 4834 1981 4901 credentium,

327 4923 384 4975 et
414 4923 586 4987 Deus,
610 4919 711 4991 qui
735 4924 861 4974 erat
882 4919 1217 4991 invisibilis,
1238 4938 1339 4992 per
1365 4920 1721 4977 invisibilem
1749 4924 1982 4996 agnitus

324 5013 415 5064 est
440 5009 938 5081 praedicationem.
977 5010 1089 5064 Iste
1118 5026 1329 5082 nempe
1359 5011 1502 5066 odor
1548 5028 1649 5082 per
1680 5012 1979 5068 Christum

325 5102 416 5154 est
438 5100 874 5168 manifestatus,
890 5103 947 5154 et
968 5114 1069 5170 per
1088 5097 1391 5170 epistolam
1417 5101 1797 5171 praedicatus:
1818 5102 1981 5157 Unde

324 5185 452 5258 ipse
479 5189 633 5245 Deus
662 5194 794 5259 Deo,
818 5188 1106 5244 Dominus
1133 5188 1399 5259 Domino,
1423 5194 1478 5245 et
1499 5189 1678 5245 Filius
1701 5190 1845 5245 dicit
1870 5195 1977 5245 Pa-

326 5276 399 5328 tri
427 5291 439 5328 :
470 5278 624 5333 Sicut
650 5280 862 5334 misisti
887 5294 973 5332 me
1003 5278 1062 5332 in
1092 5277 1378 5339 mundum.
1417 5282 1470 5333 et
1509 5294 1605 5348 ego
1635 5281 1768 5334 misi
1797 5295 1887 5335 eos
1917 5281 1979 5335 in

324 5366 596 5433 mundum
643 5368 821 5438 (Joan.
852 5384 986 5437 xvn,
1024 5367 1133 5439 18).
1179 5366 1295 5422 Hoc
1324 5366 1501 5422 etiam
1534 5366 1720 5439 signis
1750 5373 1806 5424 et
1836 5386 1975 5441 pro-

418 5487 544 5563 ῥῼῖ)
573 5494 779 5562 Autog.
821 5490 1213 5563 tripudiantes.

2095 4661 2364 4725 mortem,
2395 4672 2504 4726 pro
2549 4656 2762 4712 virtute
2791 4674 3001 4728 nempe
3033 4659 3505 4729 suscipientium,
3538 4677 3749 4716 sumus

2093 4745 2236 4799 odor
2264 4729 2392 4800 vitae
2423 4744 2483 4799 in
2512 4744 2731 4814 vitam;
2766 4753 3014 4802 mortem
3063 4763 3218 4815 vero,
3272 4752 3330 4803 et
3378 4748 3583 4820 vitam,
3632 4765 3748 4805 non

2095 4832 2275 4897 illam,
2309 4849 2428 4904 qua
2457 4825 2846 4889 communiter
2876 4836 3164 4891 morimur
3211 4841 3270 4892 et
3314 4836 3569 4892 vivimus
3609 4854 3747 4894 cum

2083 4922 2392 4993 jumentis,
2426 4927 2482 4977 et
2511 4922 2839 4994 pecoribus,
2876 4925 2979 4979 sed
3011 4924 3173 4980 illam
3207 4931 3477 4993 mortem,
3511 4927 3583 4981 de
3634 4944 3752 5000 qua

2093 5012 2374 5083 scriptum
2407 5018 2497 5068 est
2526 5029 2539 5067 :
2591 5013 2811 5080 Anima,
2846 5028 2972 5085 quae
3014 5015 3320 5084 peccaverit
3354 5016 3547 5086 (Leuit.
3579 5032 3637 5082 v,
3679 5016 3749 5087 ι),

2089 5106 2228 5167 etc.;
2263 5106 2318 5157 et
2349 5103 2527 5157 vitam
2560 5101 2746 5169 illam,
2777 5102 2848 5157 de
2878 5119 2993 5173 qua
3024 5102 3179 5158 idem
3208 5102 3529 5175 Apostolus
3565 5119 3579 5159 :
3618 5104 3750 5161 Cum

2091 5191 2363 5259 Christus,
2380 5191 2590 5261 inquit,
2614 5195 2974 5263 apparueruit
2994 5193 3108 5247 vita
3122 5197 3311 5248 nostra
3325 5192 3544 5265 (Cotoss.
3565 5210 3655 5259 ιιι,
3673 5194 3747 5266 4),

2088 5279 2411 5352 intelligere
2442 5279 2741 5335 debemus.
2775 5279 2924 5346 Quid
2957 5280 3113 5335 enim
3144 5281 3384 5353 mirum,
3417 5282 3466 5338 si
3499 5282 3571 5337 de
3605 5298 3743 5355 apo-

2089 5368 2254 5424 stolis
2285 5367 2520 5437 dicitur,
2551 5368 2706 5441 quod
2737 5367 2867 5426 aliis
2898 5368 3017 5425 sint
3044 5370 3190 5427 odor
3218 5370 3425 5428 mortis
3467 5370 3529 5428 in
3580 5386 3742 5431 mor-

418 5487 521 5540 697
573 5494 779 5562 Autog.
821 5490 1213 5563 tripudiantes.

392 5487 544 5643 €698?
569 5562 779 5634 Antog.
810 5563 985 5633 ﬂoret.
1016 5562 1162 5621 Vide
1192 5577 1336 5620 num
1362 5562 1522 5636 ﬂoret
1566 5562 1834 5637 fortasse,
1865 5564 1953 5626 vel
1983 5568 2222 5644 ﬂoreret.
