4026 6168
253 315 366 372 429

811 312 1225 374 EXPOSITIO
1270 314 1347 372 IN
1394 314 1820 376 EPISTOLAS
1865 316 2220 378 PAULl.-——
2251 319 2327 377 IN
2376 317 2622 379 EPIST.
2670 318 2719 377 ll
2765 317 2868 377 AD
2913 318 3090 377 (30R.

3533 324 3651 380 430

254 450 389 511 tem,
418 446 555 512 etc.,
582 461 716 500 cum
750 452 805 499 et
833 445 905 500 de
934 445 1162 500 Christo
1203 445 1487 518 scriptum
1520 447 1599 502 sit.
1632 464 1645 503 :
1681 449 1898 503 Positus
1929 450 1982 514 Α
2012 450 2165 518 quod
2196 448 2540 520 loquuntur,
2565 454 2969 506 verumtamen
2991 450 3282 507 humanos
3314 451 3534 507 favores
3564 453 3652 506 di-

252 540 331 589 est
364 534 455 588 hic
484 535 543 587 in
590 536 861 589 ruinam?
889 539 997 590 etc.
1033 535 1183 604 (Luc.
1216 553 1280 600 11,
1311 538 1419 601 34;
1452 538 1579 591 Isai.
1630 555 1750 599 vm,
1788 539 1899 601 14.)

253 623 397 687 Quid
430 622 608 679 etiam
641 622 855 676 mirum
887 621 934 677 si
972 623 1043 677 de
1074 624 1354 694 apostolis
1384 625 1633 693 dicatur,
1656 630 1713 680 et
1742 625 1899 680 Chri-

251 718 358 777 sto,
393 728 525 766 cum
586 711 698 766 hoc
745 712 815 766 de
868 710 989 765 solo
1039 711 1366 784 intelligere
1415 714 1755 784 possimus?
1800 714 1897 770 Sol

250 800 467 874 quippe
499 800 693 855 radios
725 816 865 855 suos
896 800 1176 855 diffundit
1198 817 1302 871 per
1333 802 1567 869 omnia;
1603 802 1900 859 illuminat

248 890 471 948 scilicet
498 894 619 943 tam
654 889 875 944 munda
904 905 1081 960 quam
1130 894 1186 944 et
1216 890 1562 959 immunda;
1595 890 1751 947 lucet
1777 896 1898 948 tam

248 977 556 1036 odoriferis
588 977 831 1033 ﬂoribus
861 994 1037 1049 quam
1080 981 1137 1033 et
1165 980 1521 1035 stercoribus
1554 997 1565 1035 :
1603 987 1897 1037 verumta-

248 1085 383 1125 men
404 1067 553 1123 radii
571 1066 758 1139 ipsius
777 1084 892 1122 non
913 1068 1390 1138 coinquinentur.
1416 1069 1510 1123 Sic
1530 1074 1586 1125 et
1610 1070 1897 1141 Christus,
1957 1076 1960 1083 ‘

248 1158 344 1230 qui
387 1157 602 1212 mutari
636 1173 750 1211 non
780 1160 991 1228 potest,
1024 1160 1135 1211 etc.
1171 1174 1184 1212 :
1220 1158 1268 1212 is
1290 1162 1503 1213 natura
1534 1159 1749 1214 mutari
1784 1177 1898 1214 non

244 1247 401 1303 valet
428 1265 442 1314 ;
477 1263 592 1302 non
616 1246 990 1301 credentibus
1021 1248 1106 1301 est
1138 1246 1197 1300 in
1228 1246 1457 1302 ruinam
1485 1264 1498 1313 ;
1532 1248 1899 1303 credentibus

244 1352 402 1403 vero,
434 1336 495 1390 in
526 1334 1034 1391 resurrectionem.
1060 1334 1154 1390 Sic
1175 1333 1347 1389 etiam
1372 1335 1748 1406 apostoli,qui
1771 1337 1901 1406 ejus

242 1426 373 1481 vice
404 1426 733 1497 iunguntur
759 1442 772 1492 ;
805 1422 957 1494 aliis,
973 1423 1126 1478 sicut
1155 1422 1297 1478 dicit
1323 1423 1637 1495 Apostolus
1664 1440 1677 1480 :
1702 1425 1900 1481 Sumus

244 1516 377 1571 odor
424 1515 616 1571 mortis
663 1515 724 1567 in
768 1518 1020 1578 mortem,
1066 1514 1197 1567 aliis
1243 1512 1374 1567 odor
1422 1515 1549 1570 vitae
1594 1516 1656 1568 in
1704 1516 1895 1569 vitam.

202 1652 208 1657 .
246 1604 425 1671 Quasi
459 1604 671 1659 iterum
705 1602 951 1658 dixisset
972 1602 1133 1673 ipse:
1168 1602 1211 1657 Ο
1243 1601 1544 1669 Corinthii,
1572 1620 1685 1658 non
1710 1604 1898 1675 parvi—

245 1693 515 1765 pendatis
532 1712 548 1759 ;
567 1692 617 1747 si
636 1691 767 1747 aliis
786 1707 993 1747 sumus
1011 1691 1155 1746 odor
1172 1690 1464 1761 mortis,in
1479 1696 1897 1761 mortem,etc.;

244 1780 677 1853 quoniam,nisi
710 1797 816 1835 nos
848 1780 1322 1851 pradicaremus,
1345 1796 1448 1835 nec
1478 1780 1597 1835 vita
1621 1781 1896 1836 obedien-

243 1872 334 1925 tiae
362 1872 769 1941 bonos,neque
791 1886 951 1924 mors
976 1869 1381 1924 inohedientiaa
1403 1873 1748 1940 sequeretur
1768 1886 1894 1925 ma-

243 1960 348 2015 los.
376 1959 528 2015 Illud
552 1976 692 2015 sane
714 1957 1190 2029 seiendum,quia
1212 1958 1337 2030 ipse
1359 1976 1540 2014 sonus
1558 1959 1901 2031 evangelicae

241 2048 677 2120 praedicationis
724 2046 1184 2116 suscipientibus
1216 2047 1358 2101 odor
1408 2048 1537 2102 vitae
1582 2052 1707 2114 est;
1740 2049 1899 2120 quia,

240 2139 386 2193 dum
411 2154 546 2193 eum
568 2136 920 2207 suscipiunt,
938 2133 1249 2205 peripsum
1268 2136 1341 2190 ad
1364 2135 1539 2190 vitam
1563 2141 1898 2191 transeunt:

237 2245 361 2284 non
416 2225 876 2297 suscipientibus
930 2229 1122 2279 autem
1155 2225 1298 2279 odor
1344 2228 1433 2278 est
1480 2226 1698 2296 pestis;
1739 2226 1897 2297 quia,

236 2334 352 2372 ceu
384 2315 656 2371 homines
688 2330 788 2385 per
817 2318 1045 2386 pestem
1076 2318 1385 2369 transeunt
1414 2315 1483 2368 ad
1519 2318 1788 2382 mortem,
1815 2315 1927 2371 sic‘

231 2410 292 2461 et
325 2404 440 2472 illi,
475 2404 576 2475 qui
609 2403 878 2459 auditum
909 2401 1067 2458 verbi
1099 2402 1201 2457 Dei
1233 2419 1349 2456 non
1379 2403 1897 2475 suscipiunt,mor—

232 2501 357 2549 tem
394 2494 506 2549 sibi
538 2495 838 2565 generant,
874 2495 931 2545 et
960 2491 1032 2545 ad
1062 2507 1191 2545 eam
1223 2495 1550 2546 transeunt.
1583 2491 1747 2547 Unde
1777 2492 1895 2548 Do-

233 2583 437 2639 minus
489 2598 591 2652 per
638 2578 995 2635 Ezechielem
1030 2597 1043 2634 :
1078 2580 1139 2634 Si
1185 2582 1631 2646 annuntiaveris,
1681 2580 1890 2652 inquit,

230 2673 409 2744 impio
437 2679 654 2743 peccata
682 2670 876 2740 ipsius,
909 2674 1019 2724 etc.
1052 2669 1265 2741 (Ezech.
1299 2686 1385 2733 ιιι,
1424 2670 1533 2740 19.)

300 2761 586 2833 Sequitur
619 2777 631 2814 :
665 2761 731 2814 Et
758 2759 837 2814 ad
866 2758 985 2815 hac
1030 2762 1149 2829 quis
1180 2767 1295 2813 tam
1323 2760 1552 2814 idoneus
1577 2763 1602 2813 .9
1632 2759 1750 2815 Hoc
1780 2764 1889 2827 est,

227 2850 371 2923 quis
397 2851 481 2905 ita
530 2849 803 2914 idoneus,
836 2852 900 2902 ut
941 2847 1177 2902 odorem
1226 2847 1444 2902 notitiae
1475 2847 1578 2902 Dei
1612 2848 1888 2904 manifes-

226 2944 333 3008 tet,
392 2936 894 3010 quemadmodum
943 2935 1097 2990 nos?
1142 2936 1277 3001 Nos,
1336 2936 1600 3006 inquam,
1636 2937 1887 3006 pseudo-

228 3026 512 3101 apostoli,
546 3026 761 3097 quibus
792 3025 970 3079 fidem
1000 3023 1451 3078 accomodastis.
1480 3023 1664 3078 Aliter
1701 3040 1712 3079 :
1748 3025 1887 3089 Quis

228 3124 356 3175 tam
390 3118 641 3172 idoneus
658 3115 730 3171 ad
761 3114 884 3168 haec
909 3116 932 3167 Ρ
961 3113 1022 3166 Id
1049 3111 1306 3182 est,quis
1335 3116 1507 3167 tantae
1533 3117 1623 3167 est
1640 3113 1886 3184 pruden-

2008 538 2152 591 vina:
2186 539 2500 608 praesentiae
2534 540 2885 610 praeferunt;
2916 538 3046 593 ideo
3079 556 3192 594 non
3224 539 3417 595 solum
3450 540 3596 594 dixit
3635 556 3648 595 ε

2011 632 2095 682 Ea:
2124 628 2246 691 Deo,
2281 627 2382 681 sed
2411 628 2587 681 etiam
2621 628 2848 683 addidit
2880 646 2891 683 :
2928 628 3119 683 Coram
3152 629 3275 683 Deo.
3297 628 3445 683 Illud
3476 630 3653 683 etiam

2009 716 2353 781 notandum,
2387 715 2527 786 quia
2557 716 2616 769 in
2650 717 2764 771 line
2809 716 2990 787 hujus
3020 715 3262 788 capituli
3312 717 3494 774 totius
3526 717 3653 773 Tri-

2009 804 2209 858 nitatis
2243 804 2307 857 ﬁt
2337 802 2557 857 mentio
2591 820 2604 857 :
2636 821 2706 859 ea:
2750 790 2875 871 Deo,
2909 805 3096 861 sancti
3143 804 3435 877 Spiritus;
3466 822 3655 863 coram

2009 893 2135 957 Deo,
2168 891 2356 947 Patris
2384 909 2397 959 ;
2428 893 2489 945 in
2520 891 2751 961 Christo,
2786 893 2932 948 Filii.

2080 982 2229 1053 (700)
2271 984 2427 1049 (CAP.
2484 980 2601 1051 III).
2651 983 2955 1050 Incipimus
2997 985 3216 1050 iterum,
3266 986 3374 1039 etc.
3427 983 3657 1039 Dixerat

2009 1070 2312 1141 superius:
2343 1071 2448 1124 Deo
2479 1073 2664 1124 autem
2695 1073 3034 1145 gratias,qui
3050 1089 3260 1145 semper
3289 1073 3657 1145 triumphavit

2008 1175 2124 1230 nos,
2158 1163 2215 1215 et
2261 1164 2488 1227 caetera,
2523 1175 2650 1230 quas
2702 1165 3049 1230 sequuntur,
3080 1178 3269 1234 usque
3317 1162 3417 1218 ubi
3466 1163 3651 1218 dicit:

2006 1253 2129 1306 Non
2158 1265 2347 1303 sumus
2376 1249 2750 1303 adulterantes
2780 1249 3002 1303 verbum
3031 1250 3145 1304 Dei.
3171 1250 3383 1307 Statim
3413 1252 3657 1324 subjun-

2007 1338 2091 1395 xit
2126 1355 2137 1393 :
2171 1339 2473 1408 Incipimus
2505 1339 2850 1407 iterum,etc.
2882 1337 3091 1407 Magna
3119 1338 3343 1394 dixerat
3361 1341 3652 1412 superius,

2008 1430 2066 1481 et
2094 1426 2210 1481 tale
2237 1426 2482 1497 aliquid,
2516 1431 2582 1480 ut
2612 1425 2803 1480 extolli
2844 1425 3141 1481 videretur
3173 1444 3185 1480 :
3220 1431 3276 1481 et
3306 1427 3434 1483 ideo
3465 1429 3607 1484 dicit
3640 1446 3653 1485 :

2008 1516 2308 1585 Incipimus
2356 1516 2577 1580 iterum,
2610 1532 2683 1569 ne
2712 1514 2908 1569 extolli
2956 1513 3272 1579 videretur,
3306 1516 3474 1587 quasi
3501 1518 3657 1573 dice-

2010 1608 2095 1659 ret
2119 1622 2132 1659 :
2156 1604 2282 1658 Non
2308 1604 2435 1658 ideo
2459 1604 2850 1675 nosmetipsos
2872 1603 3035 1658 vobis
3060 1603 3393 1671 laudamus,
3416 1609 3482 1658 ut
3502 1620 3661 1659 com-

2010 1691 2274 1747 mendari
2305 1708 2340 1746 a
2368 1690 2534 1747 vobis
2564 1691 2835 1761 velimus,
2853 1693 2954 1747 sed
2980 1695 3044 1746 ut
3071 1709 3105 1746 a
3136 1690 3420 1747 falsorum
3453 1692 3664 1747 doctri-

2010 1798 2086 1835 na
2115 1780 2569 1836 subtrahamini.
2604 1781 2714 1836 Sed
2748 1797 2927 1851 quare
2957 1779 3119 1851 dicit,
3146 1783 3391 1836 iterum?
3420 1780 3567 1845 Quia
3594 1797 3663 1836 ea

2010 1870 2333 1925 intentione
2364 1869 2553 1925 multa
2584 1869 2809 1924 dixerat
2854 1870 2913 1923 in
2947 1868 3135 1937 prima
3177 1868 3453 1940 Epistola,
3484 1869 3543 1923 id
3573 1873 3662 1925 est

2008 1976 2123 2015 non
2153 1976 2277 2014 sum
2322 1959 2500 2020 liber;
2536 1963 2654 2026 aut,
2683 1959 2833 2014 solus
2870 1973 2988 2026 ego,
3019 1962 3069 2013 et
3113 1959 3417 2024 Barnabas,
3450 1962 3557 2014 etc.
3591 1959 3662 2013 Et

2010 2048 2141 2103 ideo
2166 2047 2326 2113 dicit,
2352 2050 2573 2117 iterum,
2603 2047 2773 2118 quasi
2802 2047 3021 2101 diceret
3045 2063 3058 2100 :
3081 2046 3207 2101 Non
3238 2062 3417 2101 causa
3446 2050 3659 2101 nostra:

2008 2136 2204 2191 laudis
2223 2140 2486 2191 nostram
2508 2135 2914 2191 auctoritatem
2935 2135 3433 2202 ostendimus,sed
3454 2139 3657 2190 vestras

2010 2225 2240 2291 salutis,
2270 2230 2333 2280 ut
2364 2222 2861 2296 pseudoapostoli,
2886 2224 3101 2296 quibus
3125 2224 3299 2279 ﬁdem
3331 2240 3659 2279 accommo-

2009 2314 2215 2379 dastis,
2236 2313 2457 2369 nullius
2479 2312 2843 2368 auctoritatis
2864 2328 2994 2368 esse
3015 2314 3421 2379 ostendantur,
3446 2316 3505 2367 et
3530 2311 3660 2368 illos

2007 2401 2371 2473 relinquatis,
2403 2406 2459 2457 et
2493 2418 2585 2457 me
2633 2400 2985 2473 sequamini.
3017 2400 3298 2457 Nonnulli
3335 2400 3658 2473 interroga-

2004 2492 2118 2546 tive
2149 2491 2350 2546 volunt
2375 2491 2530 2546 hunc
2560 2489 2757 2545 locum
2780 2506 2907 2545 esse
2936 2490 3467 2561 pronuntiandum,
3500 2489 3657 2560 quod

2004 2580 2166 2646 dicit,
2219 2582 2517 2650 incipimus
2571 2580 2740 2651 (701),
2775 2583 2883 2634 etc.
2935 2578 3187 2635 Maxime
3234 2580 3306 2634 ob
3356 2578 3486 2650 hoc,
3519 2577 3660 2650 quia

2002 2669 2309 2739 subjunxit
2355 2668 2719 2740 Apostolus:
2773 2669 2879 2722 Aut
2924 2668 3180 2739 nunquid
3224 2683 3463 2738 egemus,
3513 2668 3659 2722 sicut

1999 2758 2246 2828 quidam,
2277 2762 2409 2821 etc.,
2444 2775 2510 2813 ac
2540 2758 2589 2813 si
2617 2757 2869 2813 diceret:
2895 2757 3020 2811 Non
3052 2773 3313 2829 egemus.
3338 2755 3425 2812 Illi
3458 2755 3650 2825 enim,

1999 2862 2147 2917 quos
2177 2846 2385 2917 gratia,
2415 2845 2590 2910 fama,
2611 2862 2714 2901 seu
2741 2845 3111 2901 familiaritas
3137 2845 3651 2915 commendat,non

1996 2938 2168 3005 egent
2198 2934 2444 2988 aliorum
2497 2933 2759 3004 epistolis
2810 2934 3249 3000 commendari;
3300 2934 3646 2999 econtrario,

1996 3038 2144 3092 quos
2166 3021 2247 3075 nil
2278 3021 2393 3075 tale
2413 3021 2801 3088 commendat,
2824 3026 3015 3092 egent.
3038 3020 3299 3091 Apostoli
3321 3020 3647 3091 enim,quia

1995 3109 2203 3181 gratia,
2238 3108 2559 3179 patratione
2598 3107 3038 3175 miraculorum,
3069 3107 3285 3162 virtute
3314 3123 3638 3178 signorum,

224 3212 352 3278 tiae,
386 3213 491 3264 aut
518 3202 942 3276 intelligentiae,
976 3206 1041 3255 ut
1078 3200 1263 3273 possit
1303 3201 1680 3256 manifestare
1709 3218 1889 3272 quare
1920 3187 1962 3254 C
2001 3198 2333 3253 sinceritate
2350 3196 2775 3268 praedicationis
2792 3196 3640 3268 commendabantur,noncge—

225 3300 303 3356 ad
338 3302 609 3353 nostram
659 3293 1128 3364 pradicationem
1159 3289 1254 3344 alii
1306 3290 1566 3356 credant,
1602 3288 1699 3344 alii
1731 3307 1844 3345 non
1874 3308 1888 3358 ;

223 3388 333 3444 alii
387 3384 595 3449 velint,
645 3386 704 3436 et
747 3381 1009 3452 possint;
1062 3378 1159 3433 alii
1210 3394 1315 3433 nec
1358 3377 1555 3446 velint,
1603 3394 1708 3433 nec
1758 3395 1889 3449 pos-

216 3476 352 3532 sint
412 3473 443 3528 ?
509 3472 554 3526 Ο
620 3471 815 3537 homo,
882 3473 947 3523 tu
1015 3468 1149 3541 quis
1214 3484 1296 3532 es,
1366 3467 1466 3537 qui
1534 3468 1891 3539 respondeas

366 3562 398 3616 ?

305 3580 342 3618 Ο
366 3569 398 3616 Ὶ

216 3569 593 3721 Βεεθῳιίιιιι-
622 3663 636 3703 :
667 3648 786 3702 Non
829 3661 1017 3700 sumus
1062 3646 1206 3699 sicut
1242 3645 1479 3715 plurimi
1521 3644 1891 3700 adulterantes

216 3742 464 3797 verbum
491 3738 605 3794 Dei.
628 3736 690 3790 In
720 3735 829 3790 hoc
862 3733 986 3789 loco
1017 3734 1210 3804 tangit
1231 3732 1890 3806 pseudoapostolos,qui

219 3831 480 3887 verbum
512 3826 613 3882 Dei
664 3823 1073 3880 adulterabant
1106 3839 1118 3877 :
1153 3822 1267 3893 ipsi
1309 3839 1581 3893 namque,
1617 3821 1890 3877 derelicto

224 3918 393 3974 verbi
426 3915 533 3972 Dei
560 3930 758 3978 sensu,
776 3912 1104 3968 secundum
1126 3911 1455 3966 humanum
1486 3926 1726 3966 sensum
1747 3927 1889 3981 prae-

227 4008 522 4064 dicabant
553 4021 567 4058 :
600 4002 689 4058 vel
720 4005 873 4057 certe
902 4000 961 4054 in
993 4000 1121 4071 ipso
1158 3999 1332 4054 verbo
1365 3998 1464 4053 Dei
1497 3998 1683 4064 aliter,
1714 4014 1890 4069 quam

227 4101 375 4163 erat,
408 4093 769 4151 sentiebant.
803 4091 962 4145 Adeo
994 4088 1210 4160 quippe
1260 4092 1551 4142 amatores
1598 4092 1762 4142 erant
1790 4086 1893 4141 Ju-

228 4186 414 4240 daicaa
445 4186 642 4249 sectae,
676 4184 742 4235 ut
771 4178 923 4234 male
951 4179 1023 4234 de
1065 4176 1293 4232 Christo
1327 4176 1649 4244 sentirent;
1681 4179 1740 4230 et
1765 4175 1896 4230 ideo

229 4274 438 4329 minus
498 4275 667 4326 notos
698 4268 845 4340 (699)
876 4266 1151 4322 ostendit.
1189 4266 1330 4321 Item
1380 4264 1481 4336 qui
1532 4265 1760 4320 adulter
1784 4268 1894 4330 est,

228 4363 286 4417 in
320 4362 495 4418 coitu
528 4376 643 4414 non
677 4357 897 4430 prolem
943 4354 1214 4426 requirit,
1248 4355 1346 4409 sed
1374 4352 1732 4425 voluptatem
1765 4352 1895 4407 dili-

226 4453 314 4526 git
347 4471 362 4509 :
397 4465 551 4522 ergo
580 4447 668 4503 illi
722 4447 1053 4502 adulterant
1095 4442 1337 4499 verbum
1374 4442 1496 4507 Dei,
1530 4442 1632 4513 qui
1678 4442 1738 4496 in
1772 4442 1898 4514 ipso

2000 3288 2142 3341 bant
2171 3286 2678 3340 commendatione
2706 3303 2718 3343 :
2751 3289 2986 3340 econtra
3016 3282 3510 3356 pseudoapostoli,
3539 3283 3641 3356 qui

1999 3374 2092 3429 his
2121 3374 2396 3430 omnibus
2421 3374 2714 3445 carebant,
2742 3372 3247 3428 commendatione
3277 3373 3543 3445 egebant.
3564 3373 3646 3429 De

2000 3463 2217 3519 talibus
2238 3463 2379 3518 dicit
2408 3463 2686 3518 Dominus
2710 3480 2723 3517 :
2753 3467 2851 3519 Vae
2872 3463 3036 3533 vobis,
3061 3462 3269 3519 Scribee
3286 3471 3337 3519 et
3348 3462 3643 3532 Pharisaei,

1999 3555 2095 3623 qui
2121 3552 2393 3607 devoratis
2422 3553 2611 3608 domos
2632 3552 2926 3607 viduarum
2950 3552 3164 3623 (Matth.
3196 3570 3357 3622 χχιιι,
3390 3554 3499 3622 14),
3533 3557 3646 3609 etc.

1998 3642 2147 3697 Sunt
2174 3641 2348 3697 etiam
2372 3641 2639 3697 nonnulli
2664 3642 3006 3714 presbyteri,
3021 3640 3276 3714 episcopi
3310 3641 3369 3697 in
3392 3641 3652 3699 Ecclesia

1999 3731 2407 3796 consistentes,
2427 3748 2574 3803 quos
2603 3746 2794 3802 neque
2814 3732 2991 3799 fama,
3006 3747 3195 3802 neque
3214 3731 3473 3787 doctrina
3497 3747 3651 3787 com-

2000 3819 2239 3874 mendat
2272 3837 2284 3874 :
2321 3825 2378 3874 et
2422 3820 2551 3875 ideo
2603 3819 2845 3875 alterius
2890 3819 3065 3874 laude
3111 3825 3301 3891 egent,
3357 3824 3649 3891 quatenus

2003 3908 2512 3962 commendentur.
2544 3908 2623 3961 Ad
2662 3924 2772 3975 vos,
2804 3914 2901 3962 aut
2929 3925 3002 3962 ex
3047 3908 3223 3962 vobis.
3255 3909 3338 3962 Ad
3367 3923 3457 3962 vos
3486 3907 3649 3975 dicit,

2002 3996 2140 4067 quia
2189 3995 2438 4049 aliorum
2489 3995 2753 4067 epistolis
2791 3994 3106 4049 Corinthiis
3157 3994 3651 4049 commendaban-

2002 4091 2101 4139 tur
2133 4102 2145 4138 :
2180 4099 2248 4138 ea:
2278 4083 2446 4153 vobis,
2483 4083 2622 4154 quia
2651 4084 2722 4137 ab
2749 4082 2891 4152 ipsis
2922 4082 3076 4136 aliis.
3112 4083 3179 4135 Et
3208 4081 3302 4135 his
3332 4080 3524 4135 verbis
3555 4096 3651 4135 os-

2002 4173 2265 4229 tenditur
2294 4171 2434 4242 quia
2474 4170 2558 4225 illi
2590 4171 2705 4226 huc
2736 4169 2876 4225 illuc
2906 4170 3331 4236 discurrebant,
3364 4172 3655 4241 quatenus

2006 4280 2120 4319 non
2154 4261 2347 4317 solum
2398 4260 2783 4331 substantias,
2817 4261 2917 4315 sed
2949 4259 3125 4315 etiam
3158 4258 3408 4315 salutem
3457 4258 3657 4314 aufer-

2007 4356 2172 4419 rent;
2206 4350 2453 4423 apostoli
2480 4366 2612 4406 vero
2644 4367 2758 4406 non
2791 4350 2982 4406 solum
3005 4348 3368 4405 substantias
3400 4365 3517 4405 non
3545 4346 3656 4404 tol-

2006 4442 2222 4511 lebant,
2256 4441 2356 4496 sed
2388 4440 2563 4496 etiam
2596 4439 2846 4496 salutem
2872 4440 3212 4495 ati‘erebant.

231 4558 349 4597 non
382 4538 535 4596 boni
569 4536 763 4609 operis
789 4536 1012 4590 fructus
1042 4533 1141 4589 sed
1176 4532 1449 4587 humanae
1476 4530 1670 4587 laudis
1701 4530 1895 4602 requi-
1930 4553 1977 4617 D
2081 4532 2322 4602 Epistola
2366 4538 2560 4585 nastra
2606 4546 2700 4585 vos
2745 4531 2897 4593 estis,
2931 4533 3041 4583 etc.
3074 4527 3334 4598 Epistola
3378 4526 3537 4582 enim
3571 4526 3656 4581 si-

236 4637 379 4686 runt
428 4629 611 4685 fetus.
644 4627 788 4681 Item
838 4623 1165 4680 adulterare
1210 4621 1453 4676 verbum
1502 4620 1603 4676 Dei
1643 4625 1749 4688 est,
1784 4636 1899 4675 non
1930 4614 1961 4617 ﬁ
2010 4636 2191 4692 gnum
2226 4623 2316 4675 est
2347 4618 2575 4674 salutis.
2609 4617 2887 4673 Corinthii
2922 4631 3177 4687 namque
3205 4614 3467 4687 Epistola
3496 4619 3662 4671 erant

241 4719 343 4774 Dei
375 4718 616 4782 laudes,
650 4715 751 4770 sed
784 4730 901 4769 suae
935 4711 1232 4784 sapientiae
1263 4710 1711 4767 ostentationem
1745 4726 1898 4781 quae-

239 4824 385 4865 rere.

309 4896 609 4969 Sequitur
636 4912 649 4950 :
682 4893 784 4949 Sed
812 4908 882 4947 ex
909 4892 1255 4950 sinceritate;
1283 4889 1392 4944 hoc
1420 4892 1508 4944 est
1533 4905 1602 4944 ex
1623 4886 1905 4959 simplici-

247 4990 368 5042 tate
399 4991 461 5042 et
492 4983 687 5039 cordis
738 4982 1009 5053 puritate.
1040 4979 1119 5033 Ex
1149 4978 1486 5033 sinceritate
1537 4981 1595 5032 et
1624 4976 1907 5048 simplici-

247 5080 366 5131 tate
385 5074 641 5131 verbum
668 5072 760 5127 Dei
781 5069 938 5141 loqui
963 5067 1215 5133 est,hoc,
1245 5066 1399 5137 quod
1432 5064 1711 5135 loquitur,
1737 5082 1771 5118 a
1795 5063 1908 5118 Deo

250 5180 313 5219 se
358 5164 588 5219 habere
636 5158 978 5230 intelligere.
1033 5158 1223 5211 Coram
1270 5159 1381 5209 Deo
1408 5152 1568 5223 loqui
1619 5156 1727 5217 est,
1769 5153 1911 5207 dum

253 5252 548 5325 loquitur,
583 5248 840 5304 divinam
864 5243 1233 5318 praesentiam
1256 5259 1375 5298 suae
1408 5241 1590 5297 menti
1621 5242 1909 5312 praeferre.

248 5342 365 5398 Sed
401 5340 551 5414 quia
579 5341 718 5394 sunt
764 5337 884 5409 qui,
916 5336 1051 5392 licet
1097 5351 1131 5389 a
1158 5333 1275 5389 Deo
1324 5330 1655 5403 intelligant
1702 5330 1915 5385 habere

321 5502 486 5574 (699)
537 5501 725 5574 Minus.
770 5504 947 5565 notos,
1006 5497 1254 5574 fortasse
1309 5495 1498 5574 minus
1551 5493 1820 5574 idoneos,_
1842 5507 1918 5574 ex

249 5563 540 5688 gigas
594 5570 768 5647 paulo
825 5563 1142 5643 superius:
1180 5568 1254 5625 ad
1302 5566 1417 5623 haec
1463 5567 1585 5641 quis
1634 5568 1749 5624 tam
1777 5563 1914 5623 ido-

250 5663 391 5709 nam

2014 4709 2071 4763 in
2105 4709 2376 4764 cordibus
2408 4706 2825 4779 apostolorum,
2859 4704 2999 4776 quia
3032 4703 3196 4777 jugis
3226 4708 3351 4761 erat
3380 4705 3664 4761 memoria

2015 4815 2215 4854 eorum
2242 4798 2301 4851 in
2325 4797 2489 4868 ipsis,
2510 4800 2566 4850 et
2586 4794 2983 4850 indesinenter
3002 4811 3204 4850 eorum
3227 4793 3477 4851 salutem
3499 4800 3663 4866 opta-

2016 4889 2160 4942 bant
2186 4905 2199 4953 ;
2232 4886 2388 4940 unde
2418 4884 2476 4938 in
2512 4885 2703 4954 prima
2731 4882 3392 4955 Epistola:Signaculum
3411 4887 3521 4939 mei
3540 4898 3669 4954 apo-

2018 4976 2245 5030 stolatus
2276 4989 2368 5027 vos
2396 4975 2529 5028 estis
2577 4974 2626 5044 (I
2661 4972 2782 5027 Cor.
2818 4990 2893 5043 1x,
2924 4976 3001 5041 2).
3052 4978 3117 5027 Et
3148 4974 3294 5029 bene
3341 4973 3425 5027 illi
3458 4972 3663 5026 dicun-

2019 5068 2114 5117 tur
2134 5078 2262 5117 esse
2282 5059 2561 5133 Epistola,
2587 5061 3016 5134 quorumjugis
3038 5068 3126 5117 est
3156 5061 3437 5117 memoria
3456 5059 3513 5112 in
3536 5072 3666 5111 cor-

2021 5152 2194 5207 dibus
2216 5150 2487 5217 aliorum,
2503 5150 2604 5221 qui
2627 5150 2800 5205 etiam
2822 5150 3224 5205 indesinenter
3241 5162 3442 5203 eorum
3464 5146 3668 5213 optant

2022 5240 2296 5296 salutem.
2323 5244 2469 5312 Quae
2488 5242 2683 5310 scitur,
2707 5244 2759 5294 et
2781 5241 3111 5311 legitur,etc.
3125 5239 3199 5291 Ab
3221 5234 3471 5291 omnibus
3490 5233 3668 5288 homi-

2020 5331 2181 5386 nibus
2203 5330 2348 5385 bene
2376 5328 2680 5401 dicit,quia
2700 5329 2975 5385 omnibus
2997 5331 3202 5382 notum
3224 5321 3531 5394 erat,quo:I
3552 5320 3670 5378 illis

2097 5491 2246 5636 (700g
2276 5491 2337 5545 In
2371 5500 2567 5572 autotg.
2602 5504 2789 5613 marg.
2824 5485 2916 5540 hic
2948 5481 3164 5565 legitur
3191 5496 3320 5553 cap.
3352 5479 3475 5543 VII.

2118 5564 2220 5618 701
2279 5561 2364 5619 Ita
2393 5560 2614 5618 scillcct
2643 5577 2702 5617 in
2783 5556 2902 5629 ulg.
2936 5554 3167 5631 legitur.

2118 5554 2246 5631 701)
2279 5561 2364 5619 Ita
2393 5554 2614 5618 scilicet
2643 5561 2702 5617 in
2733 5554 2902 5629 Vulg.
2936 5554 3167 5631 legitur.

2034 5606 2053 5617 ’δ
