4026 6168
321 324 430 381 431

1320 313 1652 375 ATTONIS
1699 311 2281 373 VEBCELLENSIS
2327 310 2681 371 EPISCOPI

3601 315 3716 374 432

323 451 770 525 praedicantibus
790 448 1194 504 credidissent.
1211 447 1357 515 Sive,
1381 445 1620 516 Epistola
1644 443 1857 498 Christi
1873 459 1962 497 vos
1991 447 2046 508 Α
2075 442 2232 496 niam
2267 442 2532 497 nonnulli
2556 459 2758 497 eorum
2791 442 2930 496 adeo
2947 449 3114 496 erant
3143 446 3440 498 amatnres
3461 443 3722 498 Judaicie

321 546 449 598 estis
478 542 801 595 ministrata
829 556 862 594 a
887 538 1074 607 jnobis,
1110 536 1245 609 quia
1295 535 1461 590 nobis
1511 534 1964 605 praedicantibus

325 628 669 695 credidistis,
704 633 760 683 et
798 627 1079 699 Spiritum
1132 629 1398 680 sanctum
1433 621 1774 695 percepistis
1809 639 1821 678 ξ
1857 638 1965 675 non

322 725 657 785 atramento,
685 717 778 773 sed
808 718 1018 789 Spiritu
1054 717 1148 770 Dei
1198 715 1329 769 vivi.
1365 712 1468 768 Illa
1501 712 1654 767 enim
1689 728 1801 778 res,
1837 727 1964 782 quae

325 807 664 876 destruitur,
698 812 754 864 et
797 807 1156 873 obliteratur,
1191 807 1516 858 atramento
1565 801 1778 856 dicitur
1807 816 1962 856 com-

326 897 592 954 mendari
625 915 637 954 :
672 896 772 951 illa
819 912 952 950 vero
1001 911 1129 965 quae
1181 897 1396 961 manet,
1430 891 1652 963 Spiritu
1701 890 1797 945 Dei
1831 889 1962 943 vivi.

326 987 494 1043 Fides
525 987 701 1051 enim,
733 984 871 1056 quia
903 989 1182 1056 perpetua
1211 987 1320 1048 est,
1353 987 1409 1036 et
1449 998 1535 1048 ea,
1571 997 1696 1052 quae
1725 981 1796 1034 ab
1827 996 1964 1049 apo-

325 1077 490 1132 stolis
521 1075 1033 1147 promittebantur,
1067 1072 1285 1143 Spiritu
1321 1071 1414 1125 Dei
1449 1069 1960 1134 commendantur;

325 1165 588 1220 doctrina
615 1179 748 1219 vero
773 1159 1418 1235 pseudoapostolorum,
1445 1161 1584 1230 quia
1607 1157 1963 1223 transitoria,

323 1257 667 1310 atramento.
701 1252 803 1307 His
835 1252 989 1307 enim
1022 1250 1212 1307 verbis
1256 1248 1592 1304 distantiam
1629 1247 1764 1300 facit
1811 1262 1967 1300 vero-

323 1361 455 1401 rum
487 1350 542 1400 et
597 1342 878 1399 falsorum
930 1341 1374 1414 praedicatorum
1427 1337 1594 1410 legis,
1644 1341 1700 1392 et
1747 1335 1964 1407 gratiae.

321 1435 440 1491 Non
468 1435 524 1490 in
559 1433 764 1489 tabulis
795 1430 1043 1503 lapideis.
1076 1429 1178 1485 His
1210 1428 1365 1484 enim
1407 1426 1598 1482 verbis
1627 1429 1788 1480 notat
1817 1427 1968 1496 Apo-

325 1523 511 1580 stolus
538 1523 747 1595 legem.
779 1521 958 1576 Vetus
990 1517 1356 1589 namquelex
1385 1515 1443 1570 in
1474 1513 1692 1570 tabulis
1723 1513 1968 1584 lapideis

324 1613 542 1686 scripta
567 1612 952 1682 fuit,quarum
977 1609 1178 1664 tractio
1202 1605 1576 1662 abolitionem
1597 1603 1801 1658 litterae
1825 1601 1970 1673 legis

326 1702 712 1774 signiﬁcabat.
745 1702 814 1755 Et
853 1701 997 1755 bene
1029 1699 1088 1754 in
1137 1697 1239 1752 tali
1270 1696 1576 1764 elemento,
1609 1693 1748 1764 quia
1794 1691 1875 1746 illi
1909 1693 1967 1746 in

327 1791 547 1881 duritia
573 1791 763 1846 cordis
795 1793 960 1844 erant
987 1784 1271 1842 mansuri.
1297 1785 1406 1840 Sed
1443 1783 1708 1854 nunquid
1739 1781 1830 1836 lex
1861 1782 1968 1836 hoc
1999 1817 2046 1881 B

322 1879 556 1936 voluit?
585 1879 728 1934 Non.
763 1879 872 1934 Sed
921 1876 1058 1948 quia
1109 1876 1373 1929 futurum
1405 1876 1545 1942 erat,
1571 1871 1964 1943 'portendeba-

321 1975 434 2024 tur.
465 1969 566 2024 Sed
597 1971 656 2022 in
677 1968 879 2023 tabulis
907 1965 1084 2021 cordis
1112 1963 1448 2018 carnalibus.
1481 1961 1735 2016 Tabulas
1768 1977 1967 2015 carna-

320 2059 403 2114 les
455 2057 710 2130 appellat
759 2055 990 2112 tabulas
1051 2053 1263 2109 cordis.
1299 2053 1366 2106 Et
1419 2053 1601 2118 bene;
1644 2050 1781 2120 quia
1833 2065 1964 2103 caro

322 2148 519 2219 sentit,
554 2165 652 2202 cor
681 2145 977 2202 discernit.
1010 2145 1116 2198 Per
1153 2143 1260 2198 has
1293 2157 1425 2212 ergo
1457 2139 1689 2196 tabulas
1738 2137 1962 2210 signifi-

323 2238 566 2292 cabatur
592 2236 891 2300 meritum,
925 2239 982 2288 et
1012 2231 1264 2304 dignitas
1296 2230 1554 2294 illorum,
1585 2229 1680 2298 qui
1717 2227 1774 2281 in
1807 2224 1966 2280 Chri-

323 2331 481 2382 stum
516 2329 681 2380 erant
709 2320 1006 2379 credituri.
1035 2319 1178 2374 Nam
1214 2317 1494 2373 distantia
1523 2322 1646 2371 erat
1669 2316 1822 2369 inter
1860 2314 1964 2368 hoc

321 2419 380 2472 et
409 2413 576 2470 illud.
609 2413 729 2469 Illis
761 2426 1014 2482 namque
1059 2409 1422 2464 extrinsecus
1471 2407 1608 2461 data
1639 2409 1726 2460 est
1755 2403 1866 2470 lex,
1901 2407 1967 2458 ut

322 2503 702 2571 terriﬁcaret;
737 2501 868 2558 istis
899 2499 1276 2568 intrinsecus,
1310 2501 1374 2551 ut.
1399 2495 1767 2566 justiﬁearet.
1802 2493 1872 2547 Et
1895 2491 1963 2545 il-

321 2594 382 2668 li,
411 2593 674 2664 volendo,
721 2591 987 2659 volendo,
1023 2588 1292 2656 nolendo,
1326 2587 1434 2640 sub
1484 2585 1608 2655 lege
1661 2588 1845 2649 erant,
1893 2597 1963 2636 ne

319 2683 704 2754 punirentur;
739 2681 837 2735 isti
877 2683 1083 2750 sponte
1113 2677 1221 2732 sub
1269 2675 1416 2748 lege,
1451 2679 1512 2728 ut
1538 2672 1960 2744 justiﬁcentur.

320 2775 408 2840 Et,
443 2772 594 2826 sicut
623 2769 840 2825 duritia
869 2768 1062 2823 cordis
1092 2765 1326 2820 illorum
1377 2761 1614 2818 nomine
1644 2761 1854 2833 lapidis
1889 2761 1962 2816 si-

318 2861 632 2931 gniﬁcatur
659 2859 775 2925 hic,
803 2858 884 2913 ita
913 2857 972 2912 in
1014 2854 1413 2926 sequentibus,
1449 2851 1686 2907 nomine
1728 2849 1961 2905 velami-

318 2948 432 3018 nis,
465 2947 689 3004 caecitas
721 2946 912 3004 cordis
941 2945 1225 3018 ipsorum.
1251 2944 1318 2998 Et
1349 2947 1574 2997 tantum
1599 2940 1778 2996 distat
1811 2942 1961 2994 inter

314 3038 486 3094 istius
517 3037 663 3110 legis
713 3037 1140 3108 praedicatores,
1173 3037 1228 3088 et
1273 3031 1774 3103 illius,-quantum
1807 3029 1959 3083 inter

2075 537 2262 596 sectae,
2309 537 2370 585 ut
2398 531 2584 602 legem
2617 530 2927 586 carnaliter
2955 532 3300 587 servandam
3332 533 3624 588 docerent.
3655 535 3724 588 Et

2075 626 2164 674 est
2195 638 2404 675 sensus
2453 621 2594 675 Novi
2626 621 2981 675 Testamenti
3034 637 3242 675 sumus
3291 621 3568 689 ministri,
3607 640 3722 677 non

2073 709 2319 777 Veteris,
2351 711 2505 764 sicut
2535 711 2780 781 Moyses,
2806 715 2906 765 aut
2936 709 3047 780 ipsi
3079 715 3239 776 sunt,
3264 711 3363 782 qui
3386 710 3573 782 legem
3597 728 3724 768 car-

2077 797 2508 854 naliterdocent
2525 815 2770 854 servare.
2797 800 3046 871 Ideoque
3069 800 3328 856 addidit:
3351 802 3468 856 Non
3498 803 3735 869 litterae,

2073 888 2164 942 sed
2189 890 2440 958 spiritus,
2472 888 2528 942 id
2578 894 2686 954 est,
2721 905 2833 942 non
2885 888 3030 959 legis
3061 887 3288 956 litterae,
3321 891 3420 946 sed
3476 891 3720 963 spiritus

2075 977 2272 1049 gratiae
2305 979 2640 1032 servientes.
2680 983 2866 1042 Quare
2899 995 3014 1032 non
3037 977 3064 1032 ?
3093 979 3238 1042 Quia
3267 980 3472 1048 littera,
3510 981 3724 1052 inquit,

2075 1066 2284 1120 occidit.
2312 1068 2418 1121 Sed
2449 1067 2626 1137 quaeri
2650 1071 2840 1137 potest
2866 1083 3046 1138 quare
3067 1068 3278 1122 dixerit
3299 1067 3552 1124 litteram
3575 1071 3728 1125 occi-

2076 1155 2230 1222 dere,
2269 1172 2400 1210 cum
2434 1155 2765 1224 adjunxerit
2793 1154 3181 1210 vivificantem
3214 1155 3539 1227 spiritum?
3565 1159 3732 1214 Forte

2077 1243 2856 1316 dieitaliquis,propterillud
2877 1261 3060 1300 unum
3078 1246 3732 1321 Decalogijmandatum,

2078 1334 2230 1404 quod
2268 1334 2406 1388 dicit
2441 1350 2452 1388 :
2490 1333 2749 1389 Memento
2798 1339 2858 1388 ut
2901 1336 3147 1390 observes
3175 1336 3322 1391 diem
3364 1337 3592 1394 Sabbati
3611 1357 3634 1402 ;
3665 1356 3732 1396 eo

2079 1423 2253 1493 quod,
2278 1423 2377 1494 qui
2412 1422 2724 1478 carnaliter
2745 1423 3065 1480 Sabbatum
3085 1425 3372 1494 observat,
3395 1428 3686 1484 moriatur
3705 1429 3732 1484 ‘I

2079 1511 2184 1566 Sed
2222 1511 2354 1581 quis
2387 1514 2560 1566 tanta:
2591 1515 2680 1566 est
2709 1511 3036 1584 imperitia,
3071 1519 3136 1569 ut
3165 1514 3322 1570 dicat
3350 1519 3591 1589 propter
3619 1518 3731 1574 hoc

2079 1616 2262 1654 unum
2295 1601 2638 1655 mandatum
2673 1599 2926 1656 litteram
2976 1603 3284 1659 occidere?
3312 1605 3460 1678 Ergo
3493 1612 3732 1679 propter

2078 1691 2258 1742 totam
2293 1688 2476 1760 legem
2511 1689 2620 1744 hoc
2671 1690 2828 1746 dicit.
2861 1691 3007 1746 Nam
3040 1693 3212 1764 quale
3258 1697 3366 1760 est,
3401 1697 3556 1766 quod
3588 1695 3728 1753 alibi

2079 1777 2220 1832 dicit
2252 1793 2265 1833 :
2304 1777 2804 1848 Concupisce-ntiam
2838 1781 3142 1836 nesciebam
3165 1783 3339 1853 (Rom.
3371 1801 3470 1852 v11,
3503 1787 3584 1857 7),
3617 1793 3725 1844 etc.

2081 1867 2370 1922 Occasione
2399 1875 2580 1922 autem
2626 1874 2866 1940 accepta,
2897 1875 3196 1940 peccat-um,
3229 1877 3366 1938 etc.,
3401 1874 3516 1930 tale
3547 1876 3726 1933 etiam

2075 1961 2183 2023 est,
2211 1957 2360 2028 quod
2387 1957 2914 2025 hiodicit,litteram
2937 1960 3217 2016 occidere.
3242 1961 3464 2018 Occidit
3485 1965 3724 2039 quippe,

2076 2045 2214 2116 quia
2246 2046 2443 2116 jubere
2493 2050 2702 2118 potest,
2737 2065 2851 2104 non
2883 2054 3077 2104 tamen
3121 2051 3345 2121 juvare.
3379 2053 3548 2122 Nam,
3581 2056 3726 2111 dum

2075 2135 2334 2205 praecipit
2364 2134 2584 2190 malum
2610 2153 2721 2190 non
2754 2153 2883 2192 esse
2913 2139 3228 2210 agendum.
3251 2143 3404 2212 quod
3437 2142 3654 2215 agitur,
3673 2149 3726 2200 et

2073 2225 2295 2278 bonum
2351 2225 2663 2296 agendum,
2698 2227 2850 2296 quod
2905 2244 3019 2282 non
3053 2228 3265 2300 agitur,
3299 2231 3531 2288 occidit.
3565 2234 3726 2290 Talis

2076 2329 2328 2384 namque
2349 2313 2438 2368 lex
2459 2314 2658 2369 debuit
2681 2315 2802 2369 dari
2828 2317 3099 2388 superbis
3121 2317 3178 2372 in
3201 2319 3326 2374 suis
3342 2320 3566 2378 viribus
3589 2340 3727 2380 con-

2077 2401 2412 2468 lidentibus,
2447 2420 2669 2474 suoque
2717 2404 2894 2459 etiam
2949 2411 3159 2461 conatu
3191 2407 3402 2464 salvari
3434 2412 3724 2468 credenti-

2073 2491 2205 2557 bus,
2240 2495 2527 2562 quatenus
2575 2491 2683 2547 hac
2733 2492 2859 2565 lege
2907 2495 3188 2562 conclusi,
3223 2501 3399 2569 atque
3447 2503 3725 2559 coarctati

2073 2583 2334 2649 quaerent
2363 2581 2610 2652 gratiam
2667 2598 2782 2653 qua
2813 2582 3195 2639 salvarentur.
3229 2587 3432 2644 Littera
3475 2591 3678 2646 occidit
3695 2611 3722 2655 ,-

2073 2669 2232 2739 quia,
2264 2670 2401 2723 dum
2457 2668 2826 2726 solummodo
2851 2671 3044 2741 jubet,
3078 2674 3392 2731 mortiﬁcat
3424 2695 3438 2733 :
3471 2678 3715 2749 spiritus

2072 2760 2266 2812 autem
2297 2757 2586 2828 viviﬁcat;
2623 2759 2782 2830 quia,
2799 2777 2912 2815 non
2945 2765 3172 2818 tantum
3198 2765 3507 2834 jubet,sed
3537 2769 3720 2826 etiam

2063 2846 2444 2918 juvat,fipsos
2473 2848 2688 2920 quippe
2741 2853 3071 2920 peccatores
3113 2852 3424 2923 justilicat.
3457 2855 3564 2913 Illa
3591 2861 3722 2913 tan-

2069 2941 2194 2990 tum
2228 2937 2576 3002 auditorem,
2613 2938 2732 2993 haec
2763 2939 2953 3010 magis
2981 2940 3242 3012 {requirit
3273 2943 3572 3001 factorem.

2139 3025 2286 3097 (702)
2307 3027 2579 3096 Sequitur
2601 3045 2612 3082 :
2639 3027 2798 3099 Quod
2814 3029 2867 3082 si
2887 3029 3223 3086 ministratio
3243 3035 3456 3102 mortis,
3478 3037 3592 3090 etc.
3621 3035 3719 3091 Hic

313 3128 444 3201 ipsa
475 3128 589 3182 duo
635 3127 1032 3182 Testamenta.
1085 3123 1248 3178 Unde
1277 3123 1337 3176 in
1387 3119 1768 3192 sequentibus
1817 3117 1959 3172 dicit
1995 3187 2030 3201 Η
2067 3113 2314 3168 Faustus
2347 3114 2700 3170 Manichieus
2723 3117 2894 3188 erigit
2924 3121 3262 3191 aurem,qui
3285 3121 3472 3194 legem
3501 3124 3720 3180 malam

311 3187 625 3290 Apostolus
657 3216 845 3288 magis
884 3213 1230 3286 mysterium
1272 3187 1640 3283 pradicasse,
1676 3209 1955 3279 majorem
1989 3187 2032 3254 C
2071 3203 2235 3270 dixit,
2269 3204 2412 3259 adeo
2445 3208 2506 3258 ut
2553 3205 2747 3276 ipsum
2797 3187 3052 3278 Moysem
3087 3187 3310 3264 malum
3342 3187 3596 3268 vdiceret.
3629 3215 3722 3270 Ait

315 3307 491 3364 etiam
524 3305 721 3379 Moyse
751 3303 998 3377 gloriam
1029 3303 1262 3358 habere.

385 3448 708 3520 Sequitur:
759 3446 1046 3502 Fiduciam
1091 3448 1276 3500 autem
1324 3444 1490 3498 talem
1535 3444 1814 3508 habemus,
1847 3446 1958 3496 etc.

317 3535 555 3602 Qualem
601 3535 876 3590 ﬁduciam
909 3533 1149 3588 haberet
1196 3533 1266 3586 ad
1299 3531 1484 3586 Deum
1532 3545 1635 3601 per
1664 3530 1960 3586 Christum

324 3626 737 3695 ostendit,cum
761 3622 1102 3693 subjunxit:
1131 3621 1246 3675 Non
1270 3619 1408 3690 quod
1437 3620 1764 3690 sufﬁcientes
1792 3623 1965 3676 simus

321 3718 565 3786 cogitare
593 3713 942 3786 aliquid,eto.
969 3711 1118 3766 Sane
1139 3707 1614 3778 sciendum,quia
1638 3711 1962 3766 secundum

321 3807 473 3862 hanc
503 3803 808 3877 praesentis
837 3799 1117 3872 temporis
1149 3796 1614 3868 dispositionem,
1639 3797 1751 3853 nisi
1783 3815 1816 3852 a
1845 3799 1962 3855 Deo

319 3892 941 3968 regamur,suhistere
961 3905 1076 3944 non
1091 3887 1620 3960 possumus,multo
1636 3887 1830 3943 minus
1852 3887 1964 3942 sal-

317 3985 440 4040 vari
474 4001 487 4040 :
521 3987 578 4038 et
605 3982 656 4038 si
683 3980 818 4038 boni
851 3978 1070 4051 aliquid
1103 3976 1418 4048 nequimus
1467 3975 1742 4046 cogitare,
1776 3977 1961 4033 multo

320 4073 518 4130 minus
547 4071 794 4146 operari,
825 4067 1144 4142 presertim
1168 4082 1300 4120 cum
1331 4065 1456 4136 ipse
1487 4064 1641 4120 dicat
1673 4082 1685 4120 :
1719 4067 1850 4122 Sine
1877 4083 1964 4124 me

228 4235 233 4240 η
319 4164 465 4220 nihil
480 4164 709 4235 potestis
727 4162 909 4232 facere
931 4160 1114 4230 (Joan.
1138 4173 1228 4224 xv,
1250 4156 1328 4226 5).
1355 4155 1414 4209 Si
1446 4171 1577 4209 vero
1603 4155 1766 4210 nulla
1795 4159 1962 4212 nobis

319 4254 514 4309 inesse
543 4255 735 4322 potest
781 4247 1028 4303 facultas
1078 4245 1327 4315 alicujus
1357 4245 1524 4298 bonae
1571 4245 1958 4316 cogitationis,

321 4341 508 4396 multo
539 4339 735 4392 minus
785 4335 1034 4406 alicujus
1067 4334 1148 4388 rei
1199 4331 1588 4403 perfectionis.
1623 4333 1786 4396 Quod
1831 4350 1960 4390 vero

321 4429 508 4485 dicit:
543 4431 664 4483 Non
709 4424 849 4499 quod
894 4424 1224 4494 sufﬁcientes
1267 4437 1458 4488 simus,
1510 4425 1645 4490 etc.,
1691 4422 1826 4478 talis
1875 4430 1963 4480 est

319 4535 548 4586 sensus,
571 4515 738 4590 quasi
761 4513 1038 4570 dixisset:
1064 4515 1178 4566 Nos
1203 4509 1390 4582 pauci,
1407 4509 1666 4565 etidiotae
1689 4513 1760 4566 ad
1785 4513 1956 4568 ﬁdem

319 4609 608 4663 mundum
633 4609 982 4670 convertere,
1006 4617 1071 4656 ac
1089 4599 1321 4654 trahere
1343 4615 1454 4652 non
1485 4601 1960 4669 poteramus,nisi

319 4697 418 4753 illo
459 4698 719 4766 juvante.
755 4693 902 4748 lllud
950 4691 1122 4746 etiam
1176 4688 1785 4754 animadvertendum,
1821 4691 1961 4759 quia

319 4787 494 4840 verba
523 4781 806 4855 praemisit
851 4777 1221 4844 humilitatis,
1255 4793 1320 4832 eo
1354 4777 1508 4847 quod
1560 4781 1715 4831 esset
1745 4793 1958 4849 magna

315 4875 599 4931 dicturus.
633 4873 800 4937 Nam,
835 4869 972 4941 quia
1003 4883 1214 4938 magna
1245 4865 1408 4930 dixit,
1434 4869 1488 4920 et
1518 4865 1782 4921 dicturus
1813 4873 1954 4934 erat,

313 4985 386 5022 ne
419 4965 712 5020 videretur
741 4957 954 5026 extolli,
988 4963 1044 5012 et
1073 4956 1366 5028 propriam
1401 4971 1654 5026 quaerere
1685 4955 1954 5027 gloriam,

313 5063 376 5112 ut
403 5051 672 5111 elationis
707 5049 926 5105 crimen
973 5049 1240 5118 tergeret,
1275 5044 1556 5115 praemisit
1603 5045 1905 5100 humiliter
1937 5065 1950 5102 :

306 5146 586 5217 ﬁduciam,
613 5139 827 5212 inquit,
859 5138 1022 5192 talem
1071 5135 1348 5203 habemus,
1403 5137 1512 5189 etc.
1564 5133 1724 5196 Quod
1757 5139 1952 5191 autem

312 5235 453 5290 dicit
485 5251 496 5289 :
533 5231 886 5304 Sufﬁcientia
927 5233 1116 5282 nostra
1145 5241 1178 5278 a
1209 5229 1317 5279 Deo
1349 5227 1444 5292 est,
1478 5222 1586 5277 hoc
1617 5227 1726 5288 est,
1761 5223 1953 5280 omnis

309 5331 510 5380 nostra
541 5323 786 5380 facultas
816 5321 888 5376 ab
935 5316 1035 5372 illo
1067 5320 1174 5380 est,
1205 5316 1301 5386 qui
1337 5321 1388 5369 et
1435 5313 1654 5368 idoneos
1700 5330 1796 5368 nos
1823 5316 1951 5385 fecit

307 5413 589 5469 ministros
617 5413 754 5466 Novi
798 5407 1123 5464 Testamenti
1153 5422 1169 5457 :
1201 5404 1343 5458 dum
1393 5401 1550 5456 enim
1583 5418 1644 5456 se
1694 5418 1950 5472 suosque

307 5501 531 5560 similes
562 5500 702 5555 dicit
728 5499 990 5565 idoneos,
1024 5497 1188 5552 notat
1215 5489 1773 5564 pseudoapostolos;
1806 5509 1948 5564 quo-

375 5644 526 5726 (702)
557 5647 622 5700 In
651 5644 846 5716 autog.
877 5654 1064 5712 marg.
1095 5636 1190 5694 hic
1219 5633 1434 5708 legitur
1463 5649 1589 5710 cap.
1621 5632 1769 5692 VIII.

2069 3293 2225 3347 enim
2257 3293 2414 3364 quia,
2449 3293 2560 3348 nisi
2593 3293 2682 3348 lex
2710 3293 2866 3350 mala
2893 3301 3068 3364 esset,
3101 3315 3215 3353 non
3247 3315 3374 3355 eam
3400 3303 3721 3374 Apostolus

2070 3381 2399 3437 ministram
2452 3383 2656 3438 mortis
2688 3389 2938 3440 vocaret.
2983 3386 3110 3456 Ipse
3143 3404 3276 3442 vero
3321 3405 3436 3445 non
3466 3393 3722 3448 attendit

2069 3471 2472 3539 intentionem,
2503 3487 2690 3543 neque
2710 3489 2951 3530 sensum
2971 3475 3230 3546 Apostoli
3253 3477 3557 3537 intellexit.
3573 3481 3718 3538 Nam

2073 3560 2171 3630 qui
2200 3558 2388 3631 legem
2421 3560 2748 3616 ministram
2780 3561 2922 3617 dicit
2953 3564 3177 3632 mortis,
3197 3565 3352 3622 idem
3369 3567 3510 3623 alibi
3540 3571 3716 3627 dicit:

2072 3650 2183 3703 Lex
2211 3651 2436 3719 quidem
2465 3658 2653 3706 sancta
2683 3651 2857 3722 (Rom.
2891 3669 2989 3720 vn,
3024 3653 3134 3725 12),
3160 3659 3267 3710 etc.
3305 3674 3318 3711 :
3353 3658 3574 3730 quique
3603 3677 3718 3716 non

2071 3743 2161 3793 est
2189 3737 2302 3793 sibi
2353 3739 2698 3807 contrarius,
2734 3739 2868 3796 licet
2914 3741 3088 3797 verba
3119 3743 3270 3799 inter
3321 3761 3384 3801 se
3413 3747 3718 3806 dimicent.

2073 3829 2186 3882 Lex
2202 3828 2356 3882 enim
2379 3827 2507 3884 ideo
2531 3829 2885 3885 ministratio
2905 3831 3112 3887 mortis
3135 3833 3367 3906 dicitur,
3386 3837 3719 3907 quod,dum

2071 3921 2372 3987 peccatum
2404 3918 2761 3986 manifestat,
2784 3920 3255 3992 concupiscentia
3278 3929 3716 3996 augmentatur.

2071 4007 2210 4062 Tres
2243 4023 2497 4078 namque
2517 4011 2655 4062 sunt
2674 4009 2890 4080 gradus
2911 4025 2922 4062 :
2946 4015 3248 4081 peccatum
3281 4014 3558 4084 ostendit,
3589 4034 3726 4074 con-

2072 4097 2489 4166 cupiscentiam
2523 4101 2716 4168 auget,
2751 4113 3008 4170 suosque
3030 4100 3205 4154 etiam
3239 4101 3571 4174 cognitores
3591 4123 3718 4178 gra-

2071 4185 2200 4238 vius
2227 4183 2565 4256 delinquere
2589 4186 2722 4241 facit
2749 4204 2760 4254 ;
2783 4187 3060 4258 quoniam
3080 4188 3138 4242 in
3162 4189 3406 4246 scientia
3427 4194 3623 4264 major
3639 4199 3727 4251 est

2069 4273 2477 4345 transgressio.
2503 4273 2664 4329 Unde
2693 4275 2818 4346 ipse
2848 4274 2994 4331 alias
3024 4276 3164 4333 dicit
3198 4294 3212 4334 :
3253 4279 3352 4336 Ubi
3371 4297 3481 4336 non
3503 4287 3586 4338 est
3610 4285 3719 4350 lex,

2069 4379 2169 4418 nec
2191 4365 2572 4434 praevaricatio
2602 4364 2774 4435 (Rom.
2810 4381 2887 4434 1v,
2923 4366 3047 4434 15);
3084 4369 3142 4421 et
3187 4366 3317 4423 ideo
3347 4369 3492 4425 dicit
3524 4387 3536 4424 :
3575 4370 3725 4440 Quod

2069 4455 2119 4508 si
2147 4455 2338 4508 mortis
2367 4455 2702 4509 ministratio
2723 4455 2834 4524 fuit
2863 4457 2924 4508 in
2951 4454 3154 4526 gloria.
3177 4457 3244 4511 Et
3269 4458 3438 4528 quasi
3469 4459 3724 4516 interro-

1990 4555 2036 4620 D
2068 4549 2259 4614 gatus,
2294 4559 2420 4612 quae
2469 4543 2641 4597 fuerit
2690 4544 2819 4614 ipsa
2868 4544 3074 4616 gloria,
3107 4546 3384 4613 ostendit,
3419 4549 3583 4603 itaut
3613 4565 3722 4606 non

2067 4639 2282 4702 possent
2308 4633 2416 4701 ﬁlii
2445 4633 2616 4686 Israel
2664 4633 2968 4700 intendere,
3000 4639 3110 4688 etc.
3145 4635 3306 4699 Quod
3341 4637 3490 4692 satis
3519 4643 3722 4711 aperte

2069 4719 2218 4775 liber
2243 4721 2420 4774 Exodi
2453 4720 2732 4786 declarat,
2759 4722 2958 4777 dicens
2993 4739 3004 4777 :
3043 4723 3186 4790 Quia
3216 4740 3285 4778 ex
3316 4729 3590 4783 consortio
3608 4745 3721 4784 ser-

2069 4812 2244 4864 monis
2273 4811 2370 4864 Dei
2417 4809 2722 4878 clariﬁoata
2749 4815 2826 4864 est
2873 4813 3042 4878 [acies
3087 4813 3260 4882 Moysi
3288 4815 3480 4885 (Exod.
3525 4833 3718 4886 xxxxv,

2065 4899 2178 4970 29),
2211 4903 2318 4953 etc.
2355 4899 2412 4952 Si
2444 4914 2579 4970 ergo
2613 4901 2734 4954 haec
2770 4901 2974 4956 mortis
3011 4901 3364 4960 ministratio
3397 4905 3526 4974 fuit,
3563 4907 3718 4963 mul-

2067 4991 2122 5041 to
2157 4987 2345 5059 magis
2375 4989 2713 5043 ministratio
2742 4990 2972 5060 spiritus
3001 4993 3096 5045 est.
3131 4991 3238 5046 Sed
3273 4994 3414 5064 quia
3445 4995 3716 5052 novimus

2065 5093 2191 5147 quze
2224 5075 2324 5130 illa
2377 5076 2550 5131 fuerit
2600 5076 2803 5148 gloria,
2839 5095 2966 5149 qua:
3016 5079 3093 5134 sit
3125 5079 3237 5135 ista
3277 5081 3586 5140 videamus
3619 5102 3716 5140 ne-

2065 5183 2224 5222 cesse
2255 5169 2361 5220 est.
2415 5165 2502 5219 Illi
2549 5165 2705 5221 enim
2754 5165 3001 5238 gloriam
3051 5167 3247 5224 vultus
3291 5169 3472 5244 Moysi
3521 5173 3716 5229 videre

2063 5273 2176 5310 non
2211 5259 2498 5327 poterant,
2533 5256 2671 5326 quia
2700 5261 3028 5327 peccatores
3059 5263 3243 5328 erant,
3275 5265 3333 5314 et
3365 5260 3426 5314 in
3461 5261 3716 5318 infideli-

2062 5347 2179 5400 tate
2207 5347 2372 5399 erant
2403 5345 2793 5414 permansnri.
2817 5349 2948 5400 Haec
2969 5346 3126 5400 enim
3157 5346 3260 5402 illa
3289 5353 3398 5418 est,
3421 5365 3602 5420 quam
3629 5351 3717 5406 vi-

2061 5435 2273 5488 derunt
2323 5431 2570 5504 apostoli
2617 5433 2675 5487 in
2721 5439 2918 5489 monte
2949 5435 3160 5507 (Matth.
3215 5453 3354 5502 xvn,
3408 5438 3506 5510 4);
3545 5439 3712 5496 Mare.

2063 5522 2401 5592 1x,1;Luc.
2455 5539 2526 5592 ix,
2570 5522 2700 5596 28);
2735 5527 2939 5580 Petrus
2986 5524 3274 5596 videlicet,
3322 5525 3606 5603 Jacobus,
3656 5533 3710 5588 et
