4026 6168
288 340 407 402 Α37

850 341 1262 405 EXPOSITIO
1308 342 1387 404 IN
1433 338 1859 404 EPISTOLAS
1905 336 2166 399 PAULI.
2194 339 2368 401 —lN
2412 342 2664 404 EPlS'l‘.
2711 341 2760 402 ll
2806 341 2909 403 AD
2953 341 3128 405 COR.

3574 347 3692 408 438

290 475 540 544 Patrem,
575 474 726 531 sicut
755 475 880 549 ipse
915 493 926 533 :
955 479 1060 546 Qui
1090 477 1234 532 videt
1262 493 1368 545 me,
1410 477 1550 532 videt
1607 479 1660 531 et
1711 477 1932 530 Patrem
1960 473 2015 540 Α
2044 473 2380 542 Anxiamur,
2402 478 2492 531 sed
2524 493 2633 533 non
2690 477 3072 539 destituimur;
3106 478 3162 533 id
3215 480 3304 536 est
3352 483 3466 536 Deo
3515 477 3692 536 relin-

291 566 469 638 (Joan.
503 583 616 635 xw,
649 567 724 636 9).

359 674 475 728 Non
507 675 657 727 enim
685 675 1040 744 nosmetipsos
1084 673 1471 744 praedicamus,
1505 678 1612 729 etc.
1643 699 1658 740 ;
1716 673 1774 727 id
1824 678 1932 742 est,

289 767 524 834 propter
554 779 681 826 nos,
715 764 814 818 sed
849 768 1084 834 propter
1111 765 1294 818 Jesum
1327 764 1644 827 Christum,-
1708 763 1766 818 id
1827 768 1935 830 est,

288 856 528 922 pr0pter
557 867 817 906 amorem
841 851 1065 923 ipsius;
1110 853 1248 922 quia
1279 871 1394 908 non
1429 871 1607 908 causa
1652 858 1934 925 quaestus,

287 940 376 996 vel
410 940 555 995 lucri
576 941 981 1012 praedicamus.
1007 941 1231 998 Pseudo
1261 961 1512 1015 namque
1529 943 1800 1015 apostoli,
1828 942 1937 997 etsi

286 1031 494 1085 Jesum
529 1030 945 1101 przedicabant,
981 1049 1092 1086 non
1126 1035 1319 1087 tamen
1343 1038 1576 1104 propter
1595 1050 1730 1088 eum
1757 1051 1768 1099 ;
1800 1032 1938 1103 quia

286 1136 468 1174 causa
499 1117 668 1186 lucri,
701 1119 788 1173 vel
840 1137 956 1174 sua:
1006 1119 1196 1175 laudis
1247 1123 1553 1178 docebant.
1603 1125 1706 1177 Nos
1756 1135 1934 1177 autem

282 1211 436 1266 servi
461 1217 687 1279 propter
721 1209 1018 1277 Christum,
1055 1216 1162 1265 etc.
1192 1213 1387 1266 Tantis
1417 1211 1769 1267 humilitatis
1792 1216 1934 1275 erat,

281 1305 346 1355 ut
371 1315 603 1353 servum
623 1315 684 1353 se
701 1299 1046 1353 nominaret.
1063 1299 1170 1354 Sed
1198 1304 1463 1354 etservos
1489 1300 1683 1370 posuit
1705 1305 1940 1370 propter

281 1387 619 1451 ministros;
644 1386 1137 1453 sed,uthumilius
1161 1387 1516 1459 loqueretur,
1545 1387 1692 1442 dixit
1715 1405 1933 1458 servos,

284 1480 526 1548 propter
549 1476 751 1531 Jesum
787 1476 967 1542 dicit;
1002 1477 1058 1531 id
1093 1482 1198 1541 est,
1234 1482 1472 1549 pr0pter
1493 1494 1752 1532 amorem
1774 1477 1934 1543 Jesu,

280 1570 345 1620 ut
358 1565 635 1620 ostendat
649 1581 709 1620 se
725 1582 840 1619 non
854 1583 1033 1620 causa
1047 1566 1466 1637 dignitatis,ch
1486 1584 1687 1622 eorum
1710 1567 1850 1620 meri
1863 1569 1935 1621 tis

291 1672 353 1710 se
385 1671 621 1710 servum
654 1654 1005 1710 nominasse.
1040 1656 1149 1710 Sed
1183 1656 1509 1719 sciendum,
1560 1656 1699 1726 quia
1751 1657 1936 1710 sancti

299 1742 620 1813 aliquando
652 1743 902 1798 honores
935 1744 1252 1815 refugiunt,
1287 1761 1355 1798 ne
1387 1743 1778 1810 extollantur;
1839 1743 1942 1797 ali-

2050 564 2377 636 quimur.In
2401 566 2754 636 quibusdam
2769 565 3198 638 exemplaribus
3215 568 3537 626 invenitur:
3563 569 3689 625 ino-

2048 656 2203 726 piam
2238 656 2511 727 patimur,
2539 658 2636 712 sed
2664 675 2775 714 non
2800 657 3194 723 destituimur,
3218 659 3496 730 quoniam
3519 677 3552 716 a
3573 659 3689 716 Deo

2047 750 2276 816 pastore
2302 745 2620 816 pascimur.

2117 854 2554 908 Persecutionem
2579 856 2846 924 patimur,
2873 873 2906 911 a
2929 853 3122 919 malis,
3147 859 3203 910 et
3225 855 3417 928 pravis
3440 856 3690 914 homini-

2048 943 2157 996 bus
2188 961 2199 1008 ;
2232 943 2324 996 sed
2380 959 2489 997 non
2539 943 2993 1014 derelinquimur,
3031 961 3062 999 a
3093 944 3245 1000 Deo:
3305 945 3619 1016 dejicimur,
3654 965 3689 1002 a

2047 1032 2404 1102 potentibus,
2440 1037 2496 1087 et
2522 1031 2985 1099 sublimioribus,
3023 1035 3485 1107 przecipitamur;
3509 1035 3688 1092 veluti

2047 1120 2179 1191 quis
2210 1121 2280 1174 de
2314 1126 2528 1187 monte,
2564 1121 2648 1175 vel
2681 1122 2752 1176 de
2781 1125 2947 1190 tecto,
3004 1128 3069 1177 ut
3116 1124 3548 1196 exstinguatur;
3599 1125 3691 1180 sed

2046 1225 2153 1263 non
2183 1212 2446 1279 perimus,
2480 1209 2618 1280 quia
2649 1227 2764 1264 non
2816 1211 3214 1280 extinguimur
3261 1230 3440 1269 causa
3485 1219 3688 1270 vestraa

2047 1297 2277 1353 salutis.
2306 1299 2448 1352 Nam
2465 1299 2617 1369 quod
2633 1298 2728 1352 isti
2754 1299 3030 1370 praedicta
3051 1300 3248 1354 omnia
3267 1303 3691 1359 sustinuissent

2047 1391 2103 1440 et
2133 1387 2352 1442 alacres
2384 1388 2584 1442 crediti
2623 1388 2891 1457 fuissent,
2927 1387 3074 1443 liber
3095 1393 3371 1444 Actorum
3393 1391 3689 1463 apostolo-

2048 1493 2177 1529 rum
2211 1477 2568 1543 manifestat,
2600 1477 2696 1530 ubi
2730 1476 2976 1548 legitur:
3012 1479 3168 1532 Ibant
3209 1479 3508 1546 gaudentes
3547 1481 3688 1550 (Act.

2047 1582 2098 1630 ν,
2136 1567 2361 1635 ι11),θῐο.
2390 1583 2401 1618 :
2433 1571 2487 1620 et
2518 1567 2616 1620 ubi
2649 1566 2884 1631 Paulus,
2916 1572 2973 1620 et
2999 1565 3204 1635 Sileas,
3229 1583 3361 1620 cum
3412 1567 3689 1640 flagellati

2047 1655 2316 1724 fuissent,
2341 1659 2397 1708 et
2417 1655 2474 1708 in
2500 1671 2789 1709 carcerem
2819 1655 3008 1721 missi,
3036 1659 3091 1708 et
3108 1655 3283 1726 pedes
3304 1670 3506 1710 eorum
3532 1654 3690 1726 ligno

2048 1744 2135 1800 vel
2167 1762 2340 1800 nervo
2373 1744 2624 1799 fuissent
2645 1744 2892 1807 astricti,
2912 1743 3241 1810 alacriores,
3264 1749 3318 1797 et
3340 1742 3591 1798 laetiores
3616 1744 3686 1798 ad

281 1830 1932 1903 quandorequiruntutimitentur,utApostolusbic.Nam
1967 1848 2014 1912 Β
2049 1833 2232 1887 Deum
2259 1833 2616 1887 laudandum
2642 1831 2824 1886 relicti
2847 1831 3190 1886 existebant.
3215 1832 3435 1904 Semper
3456 1834 3690 1903 mortiﬁ-

285 1935 427 1974 cum
458 1935 520 1973 se
551 1936 806 1985 servum,
833 1923 889 1974 et
920 1919 978 1974 in
1004 1921 1386 1990 sequentibus
1420 1920 1726 1990 parvulum
1750 1921 1936 1974 nomi-

289 2014 412 2076 net,
441 2008 579 2062 alibi
610 2009 780 2063 dicit:
813 2010 874 2064 In
906 2026 1010 2080 quo
1030 2012 1153 2080 quis
1170 2011 1365 2076 audet,
1391 2011 1451 2063 in
1478 2011 1797 2080 insipientia
1819 2010 1937 2064 dico

286 2098 363 2168 (II
395 2097 514 2152 Cor.
550 2114 626 2161 x1,
656 2097 747 2167 21)
780 2113 793 2150 :
829 2096 927 2150 ubi
959 2097 1133 2152 etiam
1152 2097 1290 2152 dicit
1312 2115 1372 2152 se
1391 2115 1578 2169 usque
1609 2099 1680 2152 ad
1700 2099 1937 2153 tertium

285 2186 507 2242 cmlum
539 2191 792 2257 raptum.
828 2188 1015 2252 Quare
1045 2187 1174 2254 hoc,
1209 2188 1321 2242 nisi
1356 2193 1419 2242 ut
1451 2187 1820 2243 imitaretur?
1871 2189 1938 2244 Et

285 2275 647 2340 notandum,
679 2274 819 2345 quia
847 2274 974 2329 ideo
1008 2291 1069 2329 se
1091 2275 1312 2344 laudat,
1339 2282 1404 2330 ut
1428 2275 1608 2331 falsos
1630 2276 1932 2332 excludat:

281 2380 452 2428 nam,
488 2363 538 2418 si
563 2381 624 2418 se
653 2363 952 2428 tacuisset,
983 2364 1115 2420 illos
1163 2367 1650 2422 commendasset.

361 2471 638 2537 Quoniam
667 2471 826 2535 Deus,
860 2473 958 2541 qui
987 2471 1129 2525 dixit
1158 2472 1224 2525 de
1278 2474 1535 2539 tenebris,
1595 2477 1703 2526 etc.
1752 2473 1934 2528 Tene-

282 2560 429 2614 bras
446 2559 621 2613 corda
641 2557 1007 2614 inﬁdelitatis
1031 2559 1302 2631 appellat,
1330 2577 1456 2631 quae
1478 2561 1591 2632 ipsi
1633 2561 1933 2632 quoniam,

282 2648 345 2702 in
381 2647 726 2702 inﬁdelitate
777 2649 1088 2715 manendo,
1134 2649 1501 2718 habuerunt;
1542 2650 1740 2705 lumen
1802 2667 1934 2707 vero

282 2735 990 2808 spiritalisintelligentize
1014 2738 1338 2793 doctrinam
1353 2739 1930 2795 dicit.Etestsensus:

281 2829 368 2879 De
402 2824 495 2880 his
525 2825 779 2880 tenebris
801 2826 1044 2891 dixit,id
1063 2832 1170 2892 est,
1203 2827 1385 2897 jussit
1419 2827 1617 2883 lumen
1653 2828 1934 2900 spiritalis

281 2914 570 2968 doctrinae
591 2930 864 2969 emanare
885 2934 898 2982 ;
918 2915 1038 2970 sive
1062 2917 1131 2970 de
1153 2917 1407 2971 tenebris
1425 2917 1629 2972 litteras
1652 2918 1939 2988 legis,spi-

281 3001 526 3057 ritalem
558 3001 999 3073 intelligentiam
1021 3003 1205 3072 jussit
1235 3005 1563 3073 procedere.
1589 3008 1794 3070 Quare,
1822 3022 1939 3058 ma-

281 3091 552 3156 nifestat,
579 3091 809 3145 dicens:
843 3091 920 3145 Ad
942 3093 1407 3146 illuminationem
1435 3093 1707 3158 scientiae;
1742 3093 1796 3146 id
1829 3096 1936 3158 est,

2046 1924 2311 1976 cntionem
2338 1925 2467 1977 Jesu
2497 1923 2632 1992 (Act.
2667 1939 2780 1986 xvx,
2814 1922 2926 1991 25),
2958 1924 3067 1974 etc.
3093 1920 3240 1987 Quid
3261 1925 3350 1975 est
3370 1921 3478 1976 hoc
3501 1924 3689 1976 totum

2047 2011 2256 2075 dicere,
2292 2011 2403 2064 nisi
2438 2011 2605 2081 quasi
2637 2010 2767 2065 aliis
2796 2009 2988 2065 verbis
3020 2009 3196 2075 dicat,
3243 2010 3426 2080 parati
3483 2026 3691 2064 sumus

2049 2099 2192 2152 mori
2229 2104 2462 2170 propter
2489 2099 2691 2153 Jesum
2717 2117 2730 2164 ;
2759 2107 2819 2152 ut
2854 2101 2962 2152 vita
2990 2101 3119 2154 Iesu
3151 2100 3210 2153 in
3229 2099 3541 2168 corporibus
3560 2115 3692 2154 nos-

2045 2189 2146 2242 tris
2179 2190 2574 2258 manifestetur,
2601 2187 2657 2241 id
2680 2193 2787 2251 est,
2816 2188 2888 2242 ad
2911 2186 3408 2242 immortalitatem
3429 2192 3691 2243 transea-

2050 2293 2180 2330 mus
2195 2277 2291 2331 ?Et
2313 2276 2614 2332 sciendum
2634 2277 2772 2347 quia
2794 2275 3055 2348 quotidie
3075 2275 3246 2331 Jesus
3269 2276 3536 2342 moritur,
3561 2292 3690 2330 cru-

2045 2363 2318 2436 cifigitur,
2354 2365 2605 2436 resurgit
2661 2365 2719 2419 in
2782 2365 3064 2421 membris
3121 2365 3268 2435 suis,
3327 2368 3384 2420 et
3425 2365 3691 2421 membra

2045 2453 2231 2524 ipsius
2263 2453 2453 2524 inipso
2484 2454 2865 2510 vivificantur.

2115 2563 2262 2630 (712)
2285 2561 2635 2632 Exsequitur
2654 2562 2926 2616 eumdem
2952 2578 3190 2618 sensum
3215 2561 3391 2617 latius
3414 2561 3543 2618 aliis
3563 2578 3688 2618 ver-

2044 2651 2135 2705 bis
2167 2651 2410 2705 dicendo
2446 2669 2457 2706 :
2490 2651 2713 2720 Semper
2741 2653 2889 2706 enim
2908 2668 3005 2708 nos
3025 2655 3124 2724 qui
3142 2654 3393 2718 vivimus,
3418 2656 3526 2706 etc.
3551 2657 3688 2708 Pro-

2040 2748 2164 2810 pter
2189 2741 2370 2794 Jesum
2399 2739 2558 2806 dicit,
2584 2745 2818 2811 propter
2847 2758 3058 2813 corpus
3079 2742 3240 2810 Jesu,
3265 2741 3403 2814 quia
3437 2739 3692 2796 Ecclesia

2045 2844 2256 2899 corpus
2283 2833 2371 2882 est
2398 2829 2535 2884 Jesu
2567 2845 2579 2884 :
2613 2837 2672 2883 ut
2698 2835 2748 2884 et
2770 2832 2883 2884 vita
2910 2835 3060 2903 Jesu,
3095 2840 3203 2887 etc.
3231 2849 3243 2898 ;
3269 2831 3326 2886 id
3350 2836 3460 2901 est,
3481 2832 3550 2887 ad
3583 2831 3690 2886 im-

2047 2917 2457 2972 mortalitatem
2490 2923 2879 2974 transeamus.
2914 2923 3051 2992 Ergo
3072 2941 3217 2979 mors
3255 2927 3320 2978 in
3352 2927 3527 2989 nobis,
3578 2927 3688 2980 etc.

2047 3005 2224 3068 Quasi
2257 3005 2508 3060 diceret:
2545 3007 2694 3060 Dum
2728 3025 2834 3063 nos
2863 3009 3026 3064 vobis
3057 3011 3233 3066 etiam
3271 3014 3690 3084 praedicamus,

2051 3095 2149 3166 qui
2174 3094 2758 3162 vivitis,sa3vitiam,et
2781 3100 3246 3168 persecutionem
3263 3107 3381 3157 tam
3405 3103 3691 3173 gentium,

280 3185 354 3235 ut
382 3179 532 3235 alios
554 3180 756 3234 eadem
783 3180 1047 3234 doctrina
1071 3180 1700 3251 illuminaremus(710)
1720 3185 1775 3236 in
1798 3183 1942 3252 facie
1972 3216 2016 3282 Ο
2055 3199 2231 3253 quam
2262 3182 2598 3237 Judzeorum
2633 3185 2939 3240 adversum
2973 3205 3078 3242 nos
3099 3190 3440 3258 excitamus,
3471 3192 3612 3247 adeo
3635 3196 3700 3246 ut

279 3270 545 3334 Christi;
579 3268 635 3322 id
667 3274 755 3323 est
783 3268 843 3322 in
872 3269 1014 3334 vice,
1050 3268 1243 3323 sivein
1264 3287 1509 3340 persona
1529 3271 1777 3334 Christi;
1806 3287 1942 3324 nam

278 3356 476 3412 facies
509 3373 612 3427 pro
652 3373 901 3427 persona
947 3357 1228 3427 ponitur:
1281 3359 1437 3412 unde
1483 3359 1540 3412 in
1591 3359 1944 3430 quibusdam

279 3444 732 3516 exemplaribus
766 3447 918 3516 (711)
950 3462 1199 3517 persona
1226 3446 1538 3517 invenitur,
1573 3465 1687 3503 non
1747 3448 1941 3502 facies.

361 3551 644 3606 Habemus
673 3557 855 3606 autem
875 3553 1195 3608 thesaurum
1227 3556 1415 3624 istum,
1450 3560 1557 3609 etc.
1591 3555 1946 3626 Aggreditur

276 3639 613 3711 Apostolus
625 3642 928 3696 ostendere
945 3658 1125 3712 quare
1141 3659 1201 3696 se
1224 3660 1402 3714 supra
1425 3645 1699 3698 idoneum
1721 3644 1946 3699 dixerat

279 3728 670 3800 magistrum,
704 3735 761 3784 et
790 3747 970 3801 quare
1025 3732 1457 3802 persecutiones
1508 3737 1841 3804 pateretur:
1892 3739 1948 3788 et

277 3819 402 3873 hoc
427 3818 712 3873 adversus
737 3820 1276 3890 pseudoapostolos,
1306 3821 1404 3891 qui
1429 3821 1699 3876 dicebant
1726 3821 1946 3876 nullius

281 3906 495 3963 meriti
525 3911 583 3961 et
616 3907 748 3961 fidei
781 3924 914 3961 eum
947 3923 1112 3973 esse;
1146 3913 1201 3962 et
1239 3910 1311 3962 ob
1357 3909 1465 3962 hoc
1516 3911 1946 3979 persecutiones

279 4000 619 4070 pateretur.
645 3995 1008 4050 Thesaurum
1031 3996 1246 4066 itaque,
1271 3995 1594 4067 spiritalem
1617 3996 1946 4066 intelligen-

278 4086 436 4142 tiam
475 4084 744 4139 nominat
769 4101 782 4150 ;
806 4100 947 4138 vasa
968 4088 1162 4139 autem
1188 4083 1408 4152 ﬁctilia,
1433 4084 1659 4156 fragilia
1682 4100 1941 4156 corpora.

279 4175 351 4230 Et
393 4178 498 4230 est
527 4189 777 4228 sensus:
831 4173 1100 4226 [iubemus
1156 4173 1498 4243 thesaurum,
1550 4179 1700 4241 etc.;
1756 4174 1811 4228 id
1861 4179 1949 4229 est

279 4260 626 4337 spiritalem
662 4259 1114 4333 intelligentiam
1147 4261 1205 4315 in
1239 4261 1546 4332 fragilibus
1605 4263 1948 4333 corporibus

274 4357 624 4426 gestamus.
659 4349 820 4404 Unde
851 4365 1004 4420 saepe
1033 4349 1245 4414 evenit,
1287 4355 1352 4404 ut
1400 4350 1531 4404 inde
1583 4350 1949 4406 infirmemur

276 4441 450 4496 unde
490 4438 636 4494 alios
666 4437 981 4493 salvamus.
1016 4441 1202 4503 Quare
1224 4438 1251 4492 ‘i
1283 4438 1354 4492 Ut
1381 4455 1494 4509 quo
1529 4440 1584 4492 in
1641 4439 1946 4508 t'ragilibus

278 4529 651 4602 corporibus
685 4528 959 4599 mysteria
988 4527 1184 4582 divina
1205 4532 1526 4599 gestamus,
1550 4545 1614 4582 eo
1639 4528 1948 4582 sublimitas

2057 3273 2127 3326 ad
2161 3277 2407 3326 mortem
2431 3271 2756 3326 trahamur.
2782 3274 2965 3329 Potest
2993 3277 3170 3332 etiam
3193 3278 3546 3351 increpative
3571 3297 3700 3351 pro-

2056 3361 2214 3426 ferri,
2251 3366 2316 3416 ut
2348 3361 2423 3415 sit
2454 3378 2662 3416 sensus
2691 3377 2702 3415 :
2738 3364 2877 3432 Ergo
2906 3381 3050 3419 mors
3080 3367 3140 3420 in
3161 3367 3336 3434 nobis,
3358 3372 3466 3423 etc.
3490 3369 3518 3423 ‘?
3547 3369 3693 3438 Non.

2056 3451 2116 3505 Id
2149 3454 2255 3516 est,
2283 3467 2394 3504 non
2417 3467 2649 3522 semper
2674 3469 2780 3506 nos
2813 3453 3151 3522 moriemur,
3180 3460 3236 3511 et
3255 3473 3357 3512 vos
3378 3457 3615 3514 vivetis:
3643 3462 3700 3514 et

2055 3541 2333 3595 adversus
2356 3538 2506 3607 illos,
2533 3539 2631 3610 qui
2652 3543 3155 3612 pseudoapostolis
3178 3545 3354 3600 fidem
3379 3562 3702 3602 accommo-

2055 3627 2458 3698 daverant,qui
2483 3627 2753 3682 dicebant
2775 3631 3115 3702 Apostolum
3139 3632 3362 3690 nullius
3384 3636 3698 3691 auctorita-

2055 3719 2130 3772 tis
2162 3733 2311 3780 esse,
2344 3722 2401 3771 et
2432 3716 2504 3770 ob
2539 3717 2644 3771 hoc
2675 3719 3137 3788 persecutionem
3161 3722 3279 3793 pati
3311 3741 3324 3790 ;
3351 3724 3517 3794 quasi
3543 3723 3700 3778 dice-

2057 3811 2174 3860 ret:
2209 3805 2483 3874 Nunquid
2517 3822 2748 3877 semper
2776 3809 2951 3862 vestri
2974 3810 3382 3880 praedicatores
3408 3812 3619 3883 vivent,
3645 3817 3704 3868 et

2055 3912 2160 3948 nos
2193 3893 2550 3948 moriemur?
2581 3895 2726 3948 Non.
2763 3895 3085 3951 Mutabitur
3113 3899 3252 3952 ordo
3275 3916 3294 3952 :
3345 3903 3401 3953 et
3441 3899 3547 3965 illi,
3598 3899 3698 3971 qui

2057 3999 2211 4036 nunc
2241 3982 2462 4045 vivunt,
2499 3982 2840 4046 morientur,
2874 3987 2930 4036 et
2959 4001 3086 4053 nos,
3120 3985 3219 4054 qui
3245 3985 3534 4041 morimur
3552 3987 3703 4041 vive-

2055 4078 2209 4116 IDUS.

2130 4166 2432 4237 Sequitur:
2469 4168 2740 4221 Habentes
2771 4167 3018 4222 eumdem
3046 4170 3306 4240 spiritum
3333 4170 3492 4239 ﬁdei;
3515 4169 3572 4226 id
3597 4177 3704 4238 est,

2062 4257 2333 4327 spiritum
2368 4257 2623 4310 Patrum.
2659 4256 2805 4313 Nam
2836 4273 2970 4311 cum
3003 4257 3144 4312 dicit
3166 4258 3430 4329 eumdem,
3461 4260 3705 4332 patriar-

2057 4347 2218 4417 chas,
2247 4353 2302 4401 et
2346 4346 2658 4418 prophetas
2684 4346 2806 4402 vult
2834 4346 3097 4419 intelligi,
3125 4353 3180 4404 et
3201 4365 3406 4404 omnes
3436 4347 3708 4421 illos,per

2060 4452 2208 4506 quos
2225 4435 2487 4490 doctrina
2513 4452 2676 4490 sacra
2697 4441 2785 4490 est
2806 4435 3234 4491 administrata.
3260 4437 3525 4492 Ostendit
3545 4439 3702 4494 enim

2059 4523 2151 4578 his
2182 4524 2370 4578 verbis
2394 4540 2454 4578 se
2486 4540 2716 4594 quoque
2747 4540 2814 4577 ea
2846 4524 2956 4576 fide
2979 4523 3206 4591 salvari,
3234 4540 3349 4594 qua
3369 4530 3424 4580 et
3454 4526 3653 4582 Patres
3689 4548 3702 4585 :

281 4583 532 4675 t'irtlut‘is
563 4617 659 4671 Dei
704 4583 1077 4670 excellentior
1124 4583 1485 4670 ostiandatur.
1514 4583 1607 4669 'Et
1661 4617 1804 4670 bene
1850 4634 1950 4687 per
1977 4583 2027 4650 Β
2063 4615 2201 4686 quia
2218 4583 3702 4684 quodillil'uturumjstiquoquelactumcredebant;

279 4709 654 4764 thesaurum
689 4703 973 4776 spiritalis
999 4703 1380 4776 intelligentia
1401 4705 1764 4761 ostenditur:
1791 4706 1949 4776 quia,

284 4799 452 4853 sicut
489 4795 801 4849 thesaurus
834 4809 949 4847 non
978 4792 1319 4847 hominibus
1353 4793 1764 4848 manifestatur
1785 4812 1815 4848 a
1837 4812 1952 4864 quo

283 4882 696 4941 babetur:ita
720 4886 776 4935 et
801 4880 1084 4951 spiritalis
1103 4880 1488 4951 intelligentia
1507 4881 1563 4934 in
1589 4883 1862 4936 cordibus
1896 4883 1956 4934 li-

2063 4703 2255 4758 Voluit
2277 4719 2530 4771 namque
2553 4718 2719 4755 suam
2736 4699 3126 4755 narrationem
3142 4702 3488 4758 confirmare
3509 4719 3701 4760 exem-

2066 4793 2183 4864 plo,
2213 4797 2269 4846 ct
2299 4791 2425 4844 ideo
2458 4789 2794 4858 subjunxit:
2847 4788 2996 4843 Sicut
3026 4792 3292 4861 scriptum
3331 4796 3436 4859 est;
3467 4792 3704 4860 Credidi,

2059 4886 2280 4953 propter
2309 4879 2447 4948 quod
2479 4880 2691 4932 locutus
2720 4894 2841 4931 sum
2860 4881 3028 4948 (Psal.
3063 4897 3186 4948 cxv,
3208 4881 3320 4947 10).
3345 4881 3524 4936 David
3549 4881 3705 4938 enim

2064 4969 2431 5040 loquebatur,
2464 4971 2864 5021 verumtamen
2897 4968 3050 5037 quod
3084 4969 3390 5024 credebat:
3429 4969 3706 5040 quoniam

2066 5059 2301 5131 quidem
2337 5072 2508 5110 nemo
2541 5072 2694 5110 sanie
2718 5057 2931 5112 mentis
2950 5056 3058 5112 hoc
3082 5056 3214 5112 aliis
3235 5057 3359 5112 vult
3393 5057 3705 5126 affirmare,

2067 5149 2219 5220 quod
2253 5146 2376 5218 ipse
2411 5162 2524 5200 non
2556 5145 2817 5200 credidit.
2851 5147 3160 5218 Sequitur:
3193 5147 3256 5200 Et
3282 5161 3379 5199 nos
3407 5145 3707 5208 credimus,

2067 5243 2173 5292 etc.
2215 5236 2281 5289 Et
2312 5241 2401 5289 est
2433 5251 2640 5288 sensus
2665 5251 2676 5289 :
2699 5235 2843 5300 Quia
2864 5235 3178 5301 credimus,
3205 5237 3529 5304 propterea,
3550 5233 3706 5305 quod

2066 5325 2380 5391 credimus,
2413 5322 2727 5394 loquimur.

2138 5416 2204 5469 Et
2233 5413 2401 5486 quasi
2426 5413 2842 5485 interrogasset
2865 5410 3076 5482 aliquis
3100 5427 3112 5464 :
3150 5409 3289 5481 quid
3315 5409 3525 5478 credis,
3549 5411 3703 5483 quod

287 4975 530 5030 delium
565 4971 914 5033 inculcetur,
941 4968 996 5021 in
1025 4968 1358 5023 infidelibus
1382 4970 1868 5023 verooccultatur.
1893 4971 1956 5024 In

286 5065 564 5121 omnibus
589 5059 710 5115 sive
743 5056 906 5121 locis,
930 5057 1016 5110 vel
1036 5057 1420 5127 temporibus,
1446 5057 1582 5128 quia
1608 5058 1793 5113 multa
1816 5059 1954 5113 sub-

289 5152 502 5211 audiri
535 5151 804 5222 possunt,
834 5146 1250 5201 tribulationem
1274 5147 1541 5215 patimur,
1576 5147 1633 5200 id
1665 5153 1772 5210 est,
1797 5164 1956 5218 pres-

290 5259 513 5307 suras;
547 5237 640 5293 sed
670 5253 780 5291 non
811 5237 1222 5305 angustiamur,
1255 5232 1392 5303 quia
1423 5251 1526 5305 spe
1573 5235 1779 5289 futurae
1827 5235 1956 5289 vitae

292 5333 651 5388 dilatamur.
687 5326 1038 5396 Aporiamur,
1099 5322 1395 5376 derivatur
1443 5340 1473 5377 a
1521 5323 1694 5377 verbo
1743 5323 1955 5391 Graaco,

290 5422 462 5496 quod
499 5422 589 5474 est
617 5415 814 5487 uporia
841 5431 854 5481 ;
884 5414 938 5468 id
975 5417 1081 5478 est,
1116 5410 1442 5466 anxiamur.
1476 5412 1543 5467 Et
1576 5416 1666 5468 est
1705 5428 1952 5468 sensus:

370 5600 538 5673 (710)
569 5602 634 5651 In
665 5598 862 5673 autog.
897 5591 1246 5673 illuminaret
1274 5589 1434 5657 mihi,
1464 5593 1617 5663 quod
1675 5597 1954 5664 tanquam

2138 5597 2286 5666 (711)
2314 5594 2546 5651 Scilicet
2584 5593 2642 5648 in
2675 5591 2904 5666 Grecis.

293 5663 590 5731 mendam
623 5663 1027 5740 corrigendum
1056 5663 1353 5719 duximus.

2141 5660 2288 5740 (712)
2319 5668 2381 5724 In
2414 5671 2609 5736 autog.
2645 5677 2828 5733 marg.
2850 5660 2944 5718 hic
2969 5661 3186 5735 legitur
3205 5679 3332 5738 cap.
3365 5665 3458 5724 XI.
