4026 6168
367 289 486 350 439

1392 286 1732 349 ATTONIS
1775 283 2360 346 VERCELLENSIS
2403 281 2762 347 EPISCOPI

3635 327 3638 332 -
3657 285 3780 347 440

368 422 546 480 etiam
575 424 630 478 te
661 419 817 495 loqui
852 420 998 484 dicis
1020 420 1047 476 ?
1076 420 1205 492 Ipse
1253 437 1386 476 vero
1436 420 1605 492 quasi
1655 419 2014 491 respondens
2044 419 2099 484 Α
2132 420 2458 484 mentaneo,
2491 434 2556 473 ac
2585 416 2718 489 levi,
2754 413 2948 489 glorias
2979 417 3211 490 pondus
3241 419 3566 489 comparat.
3591 415 3783 487 Hujus

369 510 674 583 subjunxit
703 527 715 566 :
748 510 992 566 Scientes
1015 511 1275 582 quoniam
1302 510 1586 564 suscitavit
1617 510 1818 564 Iesum.
1844 508 2018 562 Erant
2128 505 2236 560 loci
2268 523 2478 561 sensus
2511 509 2566 560 et
2597 507 2654 560 in
2689 505 2948 577 Epistula
2978 507 3050 561 ad
3083 507 3379 562 Romanos
3423 506 3778 574 continetur,

368 606 563 656 autem
596 599 863 655 nonnulli
897 599 1049 654 inter
1081 598 1434 669 Corinthios,
1487 598 1586 670 qui
1639 599 1709 652 de
1757 613 2014 652 resurre-

368 689 555 744 ctione
573 689 923 743 dubitabant
947 705 958 741 :
984 693 1039 741 et
1061 688 1185 742 ideo
1209 689 1490 742 adversus
1505 704 1603 742 eos
1625 687 1695 740 de
1709 687 1908 740 eodem
1929 685 2014 739 lo-

368 777 588 850 quitur.
617 779 680 832 In
707 795 821 848 qua
842 777 1164 831 intentione
1191 776 1414 831 diutius
1434 775 2014 840 versatur,adversus

368 882 517 939 quos
549 868 607 922 in
644 867 833 939 prima
861 865 1121 938 Epistola
1143 866 1331 921 fuerat
1353 866 1655 937 loquutus.
1685 865 1746 918 In
1769 881 1834 918 eo
1858 881 2009 918 vero.

370 955 525 1026 quod
558 954 657 1023 ait,
693 956 788 1025 qui
816 955 1120 1023 suscitavit,
1154 971 1268 1009 non
1322 954 1537 1020 obstat,
1588 952 1708 1008 sive
1760 957 2010 1015 Patrem,

371 1043 488 1098 sive
518 1048 698 1098 totam
730 1041 1026 1114 intelligas
1057 1042 1420 1098 Trinitatem.

445 1130 514 1185 Ut
545 1131 873 1186 ostenderet
902 1130 1080 1201 igitur
1107 1130 1438 1202 Apostolus,
1473 1131 1610 1202 quia
1645 1128 2014 1195 resurrectio,

373 1235 496 1291 quae
519 1217 808 1274 celebrata
828 1225 915 1274 est
935 1219 995 1274 in
1018 1219 1236 1291 Capite,
1261 1218 1652 1274 celebrabitur
1671 1223 1727 1273 et
1748 1218 1805 1272 in
1831 1234 2013 1272 mem-

371 1308 492 1364 bris
510 1313 566 1363 et
587 1323 714 1380 quae
737 1309 1015 1380 precessit
1037 1309 1091 1363 in
1117 1309 1341 1380 Capite,
1375 1313 1659 1381 sequetur
1677 1313 1734 1362 et
1753 1308 1811 1363 in
1829 1324 2013 1363 mem-

368 1397 513 1468 bris,
545 1398 879 1470 subjunxit:
917 1403 984 1454 Et
1041 1415 1138 1454 nos
1190 1415 1316 1453 cum
1364 1401 1492 1454 Jesu
1545 1398 1849 1455 suscitabit.
1906 1397 2010 1460 Qui

371 1485 569 1556 etiam,
602 1489 667 1540 ut
697 1491 1067 1552 monstraret,
1102 1486 1240 1558 quia
1270 1503 1518 1558 quorum
1550 1504 1668 1541 una
1713 1489 1802 1540 est
1848 1485 2011 1556 fides,

373 1573 482 1629 erit
511 1579 566 1629 et
595 1592 713 1629 una
743 1575 1006 1630 omnium
1038 1576 1096 1630 in
1129 1575 1300 1630 domo
1331 1574 1489 1646 pacis
1520 1573 1822 1639 habitatio,
1856 1573 2014 1627 addi-

372 1663 492 1718 dit:
527 1665 591 1718 Et
618 1666 903 1720 constituet
934 1665 1224 1719 vobiscum.
1259 1664 1568 1734 Sequitur:
1613 1663 1817 1718 Omnia
1864 1664 2011 1717 enim

367 1758 591 1824 propter
617 1768 708 1808 vos
736 1753 1131 1824 (subauditur,
1163 1753 1464 1819 sustineo).
1493 1753 1680 1816 Quare
1697 1751 2013 1807 sustineret

367 1857 470 1913 pro
492 1841 659 1912 ipsis,
693 1842 965 1909 ostendit,
999 1850 1058 1897 ut
1086 1843 1298 1910 gratia,
1347 1841 1559 1913 inquit,
1593 1841 1880 1895 abundans
1908 1857 2014 1911 per

365 1929 583 1993 multos,
613 1934 753 1996 etc.;
788 1929 957 2001 quasi
988 1929 1231 1985 dixisset
1257 1947 1269 1984 :
1307 1930 1456 1984 Deus
1479 1929 1694 2000 quippe
1717 1927 2010 1983 neminem

363 2016 490 2071 vult
519 2017 642 2072 suis
673 2017 842 2072 donis
876 2017 1103 2087 privari,
1150 2018 1442 2072 neminem
1493 2033 1725 2088 quoque
1776 2017 1963 2088 perire
1994 2033 2006 2071 ε

364 2106 504 2178 quia
533 2123 648 2162 non
682 2106 908 2162 laetatur
936 2107 996 2161 in
1019 2107 1342 2178 perditione
1365 2105 1763 2173 morientium,
1792 2105 1891 2161 sed
1916 2121 2010 2176 po-

362 2196 482 2250 tius
505 2212 708 2250 omnes
730 2195 853 2250 vult
877 2196 1065 2250 salvos
1081 2196 1284 2250 facere.
1310 2197 1692 2266 Quapropter,
1720 2199 1783 2248 ut
1809 2193 2005 2248 multa:

360 2284 471 2338 sibi
505 2283 823 2354 gratiarum
884 2284 1208 2338 referantur
1264 2283 1539 2354 actiones,
1592 2285 1716 2354 ipse
1765 2284 2002 2354 quidem

360 2371 550 2426 multa
578 2372 636 2425 in
671 2389 731 2427 se
760 2373 1135 2427 credentibus
1169 2371 1368 2426 intulit
1397 2373 1568 2438 dona,
1604 2376 1659 2426 et
1699 2371 2004 2426 credituris

360 2461 650 2533 promisit.
687 2463 1066 2532 Quapropter,
1101 2461 1253 2516 sicut
1283 2461 1446 2515 valde
1503 2460 1903 2526 inhonestum,
1938 2478 2004 2516 ac

357 2554 529 2620 turpe
558 2554 667 2615 est,
699 2550 994 2604 hominem
1018 2566 1240 2604 coenam
1266 2566 1561 2619 magnam,
1587 2554 1643 2604 et
1665 2549 2001 2620 opulentam

361 2639 568 2707 facere,
602 2642 658 2692 et
688 2637 906 2693 multos
939 2639 1203 2702 invitare,
1237 2644 1294 2693 et
1325 2639 1396 2693 ad
1430 2642 1754 2692 extremum
1787 2655 2002 2709 paucos

357 2726 610 2781 habere:
637 2725 719 2780 sic
743 2742 975 2796 quoque
993 2725 1163 2781 valde
1186 2731 1275 2781 est
1296 2725 1694 2796 inhonestum,
1719 2726 2004 2798 atquein-

359 2814 626 2886 dignum.
648 2813 826 2870 Deum
844 2813 1066 2869 scilicet
1087 2830 1304 2886 paucos
1327 2814 1539 2870 habere
1559 2814 2004 2870 laudatores.Ad

358 2902 467 2958 hoc
495 2901 713 2974 igitur;
745 2901 804 2957 id
838 2907 946 2970 est,
981 2907 1045 2957 ut
1079 2902 1297 2958 multos
1349 2903 1695 2975 acquireret,
1747 2904 2008 2975 quotidie

358 2991 671 3063 Apostolus
703 2991 946 3048 laborat.
980 2992 1370 3055 Quamobrem
1425 2993 2006 3048 animadvertendum

358 3085 451 3135 est
480 3080 686 3153 quanti
717 3080 907 3136 meriti
938 3080 1083 3152 ipse,
1119 3087 1464 3153 quantasque
1495 3082 2006 3154 fueritdignitatis,

2128 594 2229 648 ubi
2261 596 2373 650 ait:
2408 597 2678 650 Existimo
2711 597 2878 660 enim,
2913 596 3055 665 quod
3075 612 3184 651 non
3204 598 3334 650 sunt
3352 595 3783 667 condignaepas-

2124 684 2302 738 siones
2332 684 2494 754 hujus
2527 685 2793 753 temporis
2824 683 3001 752 (Rom.
3033 700 3156 751 vm,
3193 683 3302 752 18),
3337 687 3446 736 etc.
3485 685 3612 754 Ipse
3634 699 3778 754 quo-

2126 788 2258 842 que,
2289 771 2699 826 tribulationes
2731 772 2788 826 in
2843 772 3058 844 quibus
3112 771 3310 844 gloriae
3361 771 3594 842 pondus
3644 789 3778 844 ope-

2126 866 2346 927 rentur,
2382 862 2657 922 ostendit,
2692 877 2827 915 cum
2859 861 3166 931 subjunxit
3191 878 3203 915 :
3230 862 3348 916 Non
3367 861 3780 932 contemplanti-

2126 950 2225 1004 bus
2251 951 2409 1005 uobis
2438 965 2565 1021 quae
2593 949 2870 1016 videntur,
2902 953 3010 1004 etc.
3047 949 3111 1003 Et
3131 954 3220 1004 est
3241 965 3488 1005 sensus:
3511 949 3636 1005 Non
3661 949 3780 1006 sol-

2123 1037 2267 1092 liciti
2299 1055 2506 1093 sumus
2528 1039 2598 1092 de
2622 1038 3065 1110 temporalibus,
3086 1055 3212 1109 quae
3236 1042 3567 1105 transeunt,
3587 1040 3690 1094 sed
3714 1040 3781 1094 de

2125 1128 2378 1196 aeternis,
2410 1145 2538 1199 quae
2574 1131 2830 1183 manent.
2868 1128 2936 1182 Et
2965 1127 3074 1182 hoc
3104 1126 3360 1199 exponit,
3382 1144 3518 1182 cum
3543 1128 3777 1182 subdit:

2125 1218 2260 1285 Quae
2281 1219 2430 1272 enim
2451 1217 2724 1282 videntur,
2757 1217 3087 1286 temporalia
3110 1220 3262 1284 sunt,
3292 1221 3400 1271 etc.
3433 1217 3500 1271 Et
3529 1220 3620 1272 est
3646 1233 3780 1272 sen-

2125 1322 2260 1361 sus:
2295 1305 2412 1362 Nos
2442 1305 2812 1361 solummodo
2857 1304 3204 1361 necessariis
3258 1305 3539 1368 contenti,
3593 1306 3779 1360 aciem

2125 1395 2338 1449 mentis
2363 1394 2424 1448 in
2457 1409 2688 1464 semper
2719 1410 3000 1449 mansura
3049 1393 3380 1466 dirigimus.

2194 1483 2306 1554 (74)
2341 1485 2496 1553 (CAP.
2533 1483 2622 1554 V.)
2646 1484 2928 1555 Sequitur
2958 1500 2970 1537 :
3008 1482 3067 1537 Si
3098 1484 3376 1538 terrestris
3419 1483 3622 1538 damus
3677 1499 3780 1539 no-

2122 1575 2243 1627 stra
2271 1573 2436 1643 hujus
2477 1573 2834 1627 habitationis
2865 1572 3224 1643 dissolvatur,
3257 1575 3366 1627 etc.
3411 1572 3778 1629 Terrestrem

2122 1659 2362 1715 domum
2395 1659 2662 1715 mortalia
2694 1677 2938 1731 corpora
2960 1665 3148 1716 vocat.
3208 1662 3331 1716 Non
3375 1664 3775 1732 manufactam,

2122 1749 2323 1804 eadem
2357 1765 2619 1820 corpora,
2653 1750 2751 1803 sed
2774 1750 2899 1818 jam
2931 1747 3292 1805 immortalia
3323 1749 3572 1804 reddita.
3599 1751 3670 1804 Et
3690 1755 3779 1806 est

2121 1853 2331 1893 sensus
2367 1855 2380 1893 :
2415 1839 2548 1893 Ideo
2614 1837 2672 1892 in
2723 1838 3233 1909 persecutionibus
3291 1841 3348 1893 et
3396 1839 3777 1910 passionibus

2121 1932 2556 1999 perseverantes
2587 1944 2816 1994 sumus,
2850 1931 2906 1982 et
2934 1944 3031 1982 eas
3063 1926 3325 1982 hilariter
3382 1927 3771 1993 sustinemus,

2121 2016 2257 2087 quia
2288 2017 2427 2072 certi
2459 2017 2529 2071 de
2560 2017 2981 2072 resurrectione
3012 2033 3218 2072 sumus
3244 2034 3258 2084 ;
3284 2016 3588 2088 quoniam,
3622 2018 3671 2072 si
3701 2019 3770 2073 ab

2119 2104 2227 2160 hac
2259 2106 2374 2161 vita
2388 2105 2855 2178 migraverimus,
2874 2107 2943 2160 ad
2968 2104 3472 2161 immortalitatem
3497 2107 3769 2162 transibi-

2119 2211 2271 2249 mus.
2311 2195 2372 2248 In
2407 2211 2471 2250 eo
2501 2211 2656 2260 vero,
2690 2195 2845 2266 quod
2877 2193 3054 2250 dicit:
3088 2197 3319 2250 Domum
3343 2197 3616 2252 aeternam
3654 2212 3763 2251 non

2113 2286 2507 2354 manu/"actam,
2541 2283 2664 2338 vult
2694 2282 2939 2356 intelligi
2966 2288 3298 2339 terrestrem
3324 2285 3724 2339 manufactam
3748 2302 3760 2339 :

2115 2388 2242 2442 quae
2274 2372 2512 2444 pulchre
2539 2373 2876 2428 manufacta
2901 2373 3134 2440 dicitur,
3170 2372 3448 2444 quoniam
3490 2374 3764 2428 mortalia

2114 2476 2353 2532 corpora
2372 2460 2702 2516 visibilibus
2723 2460 3098 2516 incrementis
3120 2461 3631 2517 administrantur.
3660 2461 3764 2517 Illa

2111 2565 2244 2604 vero
2267 2548 2517 2605 caelestis
2551 2567 2665 2605 non
2709 2550 3044 2605 manufacta
3095 2550 3328 2622 dicitur,
3380 2551 3516 2621 quia
3557 2551 3763 2606 eadem

2111 2655 2356 2710 corpora
2387 2638 2606 2709 Spiritu
2639 2637 2738 2694 Dei
2772 2638 3140 2694 invisibiliter
3169 2638 3459 2711 spiritalia
3505 2638 3765 2693 efﬁcien-

2117 2731 2176 2781 tu
2189 2745 2234 2781 r.

2187 2815 2504 2887 Sequitur:
2536 2817 2676 2871 Nam
2704 2824 2755 2871 et
2785 2817 2883 2872 hoc
2930 2817 3115 2889 (715(;
3150 2817 3206 2871 id
3240 2820 3349 2882 est,
3382 2817 3452 2872 ad
3487 2817 3620 2882 hoc,
3679 2817 3766 2874 vel

2117 2908 2353 2975 propter
2383 2904 2491 2959 hoc
2546 2906 2978 2974 ingemiscimus,
3039 2906 3435 2962 habitationem
3499 2910 3764 2976 nostram,

2118 3009 2236 3063 quae
2266 2993 2323 3048 in
2354 2994 2489 3048 caelo
2519 2999 2617 3060 est,
2652 2994 2707 3048 id
2742 2997 2850 3059 est,
2884 2993 3407 3065 immortalitatem,
3437 2995 3766 3066 superindui

2117 3085 2411 3153 cupientes.
2446 3083 2703 3146 Qualiter
2729 3099 2864 3138 vero
2896 3083 3264 3155 superindui,
3297 3084 3680 3139 manifestat:
3719 3087 3768 3141 si

359 3168 458 3241 qui
491 3169 664 3224 etiam
688 3168 868 3224 vitam
893 3169 1348 3242 parvipendebat
1366 3169 1745 3240 temporalem
1770 3189 1782 3237 ;
1803 3175 2004 3242 quate-
2037 3158 2079 3225 C
2116 3174 2300 3226 tamen
2328 3174 2517 3227 vestiti
2542 3172 2761 3228 Christo
2789 3173 2958 3243 (716).
2997 3173 3159 3228 Unde
3189 3172 3352 3244 ipse:
3385 3174 3662 3244 Quotquot
3708 3176 3766 3229 in

358 3274 471 3312 nus
504 3257 722 3313 multos
751 3258 1096 3330 acquireret,
1121 3259 1220 3330 qui
1254 3259 1368 3314 Deo
1395 3259 1714 3331 gratiarum
1747 3259 2004 3314 actiones

357 3348 654 3404 referrent.

430 3436 734 3506 Sequitur:
771 3438 996 3506 Pr0pter
1023 3437 1183 3506 quod,
1219 3437 1326 3490 hoc
1359 3441 1448 3491 est
1481 3437 1593 3491 fide
1641 3437 2006 3493 resurrectio-

361 3523 474 3592 nis,
507 3521 595 3577 vel
625 3527 801 3588 certe,
836 3527 898 3578 ut
930 3523 1147 3580 multos
1179 3525 1575 3596 acquiramus,
1605 3525 1662 3579 in
1688 3526 2002 3596 pressuris,

359 3614 418 3665 et
449 3609 822 3680 passionibus
852 3628 962 3667 non
991 3612 1305 3682 defecimus.
1338 3617 1553 3668 Verum
1587 3613 1725 3684 quia
1782 3619 2006 3685 poterat

362 3697 579 3768 aliquis
609 3698 798 3754 dicere
832 3716 844 3753 :
881 3701 1173 3771 quomodo
1204 3718 1319 3756 non
1362 3703 1630 3772 deficitis,
1664 3720 1796 3758 cum
1829 3703 2004 3759 multi

361 3786 810 3858 exstinguantur
837 3801 904 3844 ex
928 3789 1090 3845 vobis
1113 3791 1140 3845 ?
1163 3791 1294 3846 Ideo
1312 3791 1642 3862 subjunxit:
1667 3793 1767 3847 sed
1789 3794 1912 3847 licet
1937 3794 2000 3859 is,

361 3878 459 3946 qui
486 3878 625 3947 [oris
653 3880 934 3943 est,noster
960 3880 1116 3936 homo
1144 3885 1548 3951 corrumpatur,
1583 3886 1640 3936 et
1664 3881 1797 3936 rel.:
1833 3899 1898 3936 ac
1929 3881 2004 3936 si-

359 3966 603 4020 dixisset
629 3983 642 4021 :
678 3983 792 4038 quo
826 3968 1014 4040 magis
1044 3968 1144 4040 qui
1176 3969 1318 4024 foris
1349 3974 1438 4024 est
1467 3970 1756 4041 atteritur,
1779 3986 1845 4025 eo
1878 3988 2001 4026 ma-

357 4053 446 4125 gis
475 4053 718 4110 interior
749 4054 923 4111 homo
952 4056 1239 4112 relevetur
1270 4059 1450 4129 (713):
1490 4062 1566 4125 et,
1601 4076 1714 4129 quo
1755 4060 2003 4115 exterior

357 4142 581 4213 majora
612 4143 829 4214 patitur
858 4144 1136 4215 pericula,
1161 4162 1226 4201 eo
1250 4146 1491 4201 interior
1519 4148 1743 4217 majora
1782 4147 1874 4203 bis
1905 4165 1999 4203 ac-

356 4229 540 4300 quirit
568 4229 750 4295 lucra,
785 4236 959 4301 atque
985 4233 1319 4288 accumulat
1371 4234 1628 4305 praemia.
1683 4235 1997 4306 Sequitur:

357 4318 421 4373 Id
449 4319 617 4383 enim,
665 4320 808 4389 quod
837 4321 896 4374 in
951 4324 1219 4391 praesenti
1272 4327 1353 4376 est
1407 4333 1870 4393 momentaneum,
1932 4341 2002 4381 ac

358 4406 492 4473 leve,
523 4410 631 4461 etc.
656 4407 803 4471 Quid
833 4413 922 4464 est
951 4409 1107 4464 enim
1139 4409 1195 4464 in
1229 4411 1546 4480 praesenti?
1568 4412 1999 4470 Tribulationes

357 4495 573 4567 quippe
604 4496 952 4568 corporales,
987 4499 1440 4569 persecutiones,
1473 4504 1529 4555 et
1557 4501 1794 4557 similia.
1849 4508 1998 4559 Bene
2029 4527 2076 4592 Β

358 4598 494 4653 ergo
540 4590 962 4640 momentaneae
1021 4603 1086 4641 ac
1143 4585 1297 4642 leves
1346 4588 1642 4659 dicuntur,
1693 4592 1834 4660 quia
1885 4592 1998 4648 cito

360 4675 940 4745 transeunt,etquasi
964 4676 1035 4730 ad
1054 4679 1414 4732 momentum
1440 4682 1791 4748 praetereunt
1815 4698 1826 4736 :
1855 4685 2001 4738 atta-

360 4775 492 4814 men
522 4777 692 4832 supra
715 4765 941 4818 modum
971 4772 1242 4820 aeternum
1271 4767 1472 4835 gloria:
1487 4768 1698 4838 pondus
1722 4775 1999 4841 operatur.

356 4853 543 4920 Supra
572 4849 791 4905 modum
847 4852 1006 4921 dicit,
1068 4854 1207 4924 quia
1262 4854 1421 4911 nulla
1478 4861 1566 4912 est
1623 4860 1999 4931 comparatio.

359 4937 550 5004 Nullo,
585 4938 849 5010 inquam,
885 4945 1051 5012 pacto
1085 4947 1312 4998 terrena
1331 4943 1682 5014 caelestibus,
1718 4952 2004 5022 tempora-

358 5026 436 5082 lia
486 5027 742 5094 eternis,
769 5030 989 5085 caduca
1032 5038 1256 5102 queunt
1301 5035 1624 5105 comparari
1682 5041 1998 5095 mansuris.

358 5117 671 5174 Sciendum
704 5135 866 5186 sane,
892 5118 1031 5190 quia
1053 5121 1459 5194 metaphoram
1480 5128 1693 5195 servat,
1715 5127 1857 5183 dum
1877 5145 2000 5185 mo-

427 5314 660 5398 (7l3lnln
693 5318 889 5396 autog.
913 5314 1213 5398 revela-tur,
1245 5320 1302 5371 et
1331 5318 1576 5398 fortasse
1621 5320 1786 5390 bene,
1820 5324 1998 5398 quia,

360 5387 416 5436 ut
442 5387 520 5505 υἷι
549 5387 1033 5490 dixerim,cortice
1055 5389 1276 5459 attrito,
1295 5391 1448 5460 quod
1471 5391 1630 5447 intus
1651 5387 1998 5461 est,'clarius

356 5471 485 5508 reVQ
516 5471 661 5508 ἃυὶΙΓ.

606 5526 669 5612 [ξι
701 5531 895 5612 autog.
922 5544 1106 5612 marg.
1131 5528 1453 5612 hiclegitur
1473 5548 1598 5606 cap.
1624 5534 1742 5591 XII.

427 5594 580 5667 (725)
609 5595 780 5670 Vulg.
811 5594 945 5657 nam
972 5606 1024 5657 et
1051 5594 1114 5657 in
1141 5602 1258 5660 hoc.

2114 3258 2321 3314 Christo
2353 3259 2617 3329 baptimti
2643 3261 2775 3315 estis
2805 3260 2978 3330 (717),
3009 3263 3118 3314 etc.
3152 3259 3359 3316 Vestiti
3390 3261 3568 3316 etiam
3631 3261 3762 3328 fide,

2115 3363 2180 3402 ac
2211 3348 2323 3419 piis
2352 3347 2647 3420 operibus,
2681 3353 2734 3403 et
2764 3364 2876 3403 non
2907 3349 2978 3403 ab
3012 3348 3104 3404 bis
3133 3350 3280 3404 nudi
3317 3351 3692 3405 inveniamur.

2183 3437 2492 3507 Sequitur:
2527 3441 2673 3492 Num
2701 3445 2751 3492 et
2779 3439 2876 3509 qui
2905 3454 3094 3493 sumus
3125 3438 3188 3492 in
3217 3439 3316 3494 hoc
3371 3439 3761 3505 tabernaculo;

2113 3525 2220 3580 hoc
2252 3531 2362 3591 est,
2398 3525 2625 3582 mortali
2658 3543 2918 3598 corpore,
2952 3528 3362 3598 inge-miscimus
3378 3530 3628 3598 gravati:
3652 3529 3761 3584 sci-

2112 3613 2266 3684 licet,
2304 3614 2832 3686 persecutionibus,
2852 3620 2911 3670 et
2935 3616 3181 3671 diversis
3201 3615 3675 3673 calamitatibus:
3703 3633 3762 3673 eo

2113 3703 2253 3773 quod
2277 3704 2535 3758 nolumus
2565 3705 2870 3775 exspoliari
2904 3723 2917 3773 ;
2952 3703 3007 3759 id
3039 3709 3148 3772 est,
3185 3705 3357 3760 ﬁdem
3411 3721 3648 3777 negare,
3700 3710 3764 3760 ut

2111 3791 2338 3847 Christo
2369 3792 2692 3846 nudemur:
2726 3793 2818 3847 sed
2834 3794 3224 3864 supervestiri;
3255 3793 3315 3848 id
3346 3798 3453 3861 est,
3490 3811 3610 3850 non
3667 3811 3761 3852 so-

2113 3879 2235 3935 lum
2267 3880 2729 3951 immortalitate,
2763 3883 2864 3937 sed
2895 3882 3068 3940 etiam
3103 3882 3511 3938 immutatione
3531 3884 3761 3940 donari.

2112 3968 2274 4024 Unde
2294 3969 2448 4026 idem
2481 3970 2656 4026 alibi:
2688 3987 2897 4036 omnes,
2925 3970 3137 4042 inquit,
3170 3987 3528 4041 resurgemu:
3560 3976 3610 4041 (Ι
3639 3975 3760 4030 Cor.

2107 4075 2200 4125 xv,
2231 4059 2345 4129 5i),
2379 4065 2486 4114 etc.
2518 4059 2822 4131 Sequitur:
2861 4061 2925 4117 Ut
2954 4060 3314 4116 absorbeatur
3342 4061 3483 4132 quod
3529 4064 3764 4120 mortale

2109 4156 2211 4217 est,
2244 4150 2447 4216 avita;
2481 4147 2591 4207 hoc
2621 4153 2731 4213 est,
2788 4148 2908 4202 vita
2965 4149 3275 4211 absorbeat
3323 4154 3596 4206 mortem.
3652 4152 3760 4208 Sed

2111 4237 2344 4308 quando
2372 4237 2494 4292 haec
2517 4237 2920 4309 implebuntur
2939 4236 2966 4290 ‘t
2989 4237 3125 4292 Cum
3145 4238 3377 4294 mortale
3393 4239 3498 4295 hoc
3518 4239 3763 4296 induerit

2109 4325 2580 4381 immortalitatem
2612 4325 2756 4398 (Ibid
2779 4325 2898 4398 53),
2930 4330 3039 4381 ctc.
3073 4326 3205 4397 Ipse
3231 4326 3429 4394 etiam,
3454 4332 3522 4383 ut
3561 4333 3763 4384 osten-

2109 4416 2270 4470 deret
2298 4431 2457 4484 eum,
2483 4414 2584 4486 qui
2615 4419 2842 4470 tantum
2887 4413 3004 4470 illis
3046 4415 3486 4486 perseverantia
3535 4417 3760 4473 donum

2109 4503 2421 4566 tribuebat,
2459 4503 2766 4574 subjunxit
2797 4519 2810 4559 :
2844 4504 2950 4572 Qui
2979 4511 3163 4559 autem
3189 4505 3357 4575 efﬁcit
3395 4520 3496 4561 nos
3553 4507 3614 4560 in
3665 4507 3764 4562 hoc

2114 4593 2313 4662 ipsum,
2347 4593 2488 4648 Deus
2518 4591 2912 4663 (subauditur,
2945 4593 3074 4662 est).
3106 4592 3420 4664 Sequitur:
3460 4595 3571 4662 Qui
3615 4595 3764 4652 dedit

2111 4681 2266 4737 nobis
2283 4683 2484 4752 pignus
2513 4681 2740 4752 spiritus
2761 4683 2884 4747 sui;
2915 4680 3202 4746 videlicet,
3239 4685 3302 4737 ut
3333 4683 3614 4740 certiores
3653 4702 3760 4741 nos

2113 4770 2184 4825 de
2215 4769 2522 4841 promissis
2552 4770 2836 4824 redderet.

2185 4858 2332 4928 (718)
2393 4856 2696 4929 Sequitur:
2756 4858 3052 4914 Audientes
3105 4860 3250 4930 (719)
3311 4861 3505 4930 igitur.
3561 4861 3630 4916 Et
3675 4867 3762 4919 est

2113 4962 2358 5002 sensus:
2395 4949 2550 5002 Inter
2580 4946 2738 5002 varia
2767 4945 3042 5018 pericula,
3077 4951 3134 5002 et
3189 4946 3448 5018 plurima
3492 4949 3755 5016 adversa,

2113 5051 2344 5107 semper
2364 5053 2572 5091 sumus
2594 5035 2920 5100 audientes,
2937 5036 3614 5108 quiescentes.Quoniam
3631 5039 3758 5096 dum

2111 5141 2298 5180 sumus
2329 5127 2386 5180 in
2417 5141 2661 5198 corpore.
2687 5129 2796 5181 etc.
2829 5125 2944 5182 Sed
2966 5125 3152 5182 oritur
3172 5127 3439 5198 quaestio,
3464 5129 3757 5200 quomodo

2179 5323 2327 5393 (716)
2361 5320 2533 5393 Vulg.
2567 5321 2808 5377 verbum
2841 5309 3058 5377 Christo
3088 5338 3202 5376 non
3234 5321 3428 5379 habet.

2179 5391 2327 5476 (717)
2343 5391 2591 5476 (inlini.
2751 5393 3251 5476 Yulg..quicuuqite
3268 5395 3418 5476 eru'm
3443 5393 3504 5451 in
3525 5393 3750 5454 Christo

2107 5464 2379 5534 baptizati
2411 5463 2572 5533 estis,
2601 5463 2896 5520 Christum
2927 5463 3224 5534 induistis.
3255 5470 3366 5520 etc.

2178 5533 2322 5610 (71S)
2353 5534 2464 5610 Ilio
2483 5535 2541 5590 in
2576 5540 2771 5610 autog.
2806 5550 2991 5610 marg.
3027 5533 3239 5610 legitur
3267 5552 3390 5610 cap.
3455 5535 3607 5595 XIII.

2179 5605 2325 5681 (719)
2358 5605 2528 5682 Vulg.
2561 5605 2840 5667 audentes.
