4034 6166
438 355 557 422 443
1452 342 1791 407 ATTONIS
1839 338 2426 407 VERGELLENSIS
2472 341 2825 407 EPISCOPI
3302 377 3319 387 ι
3735 351 3846 411 444

442 494 501 547 et
524 490 651 546 ideo
683 502 837 542 unus
883 501 989 558 pro
1047 484 1323 543 omnibus
1371 488 1640 541 mortuus
1697 489 1806 550 est,
1862 488 1926 540 ut
1956 483 2088 540 illos
2116 475 2174 542 Α
2203 494 2415 533 novum
2448 480 2690 548 scimus,
2715 485 2771 537 et
2790 482 2862 538 ob
2885 481 2994 538 hoc
3015 479 3496 538 etiamneminem
3520 482 3847 542 secundum

444 580 517 635 ad
547 573 1051 633 immortalitatem
1110 578 1403 630 revocaret
1430 593 1442 631 :
1487 574 1606 630 sive
1637 590 1841 629 omnes
1873 572 2092 629 mortui
2201 585 2434 625 carnem
2471 570 3043 643 novimus,quoniam
3072 571 3451 642 novitas,qua3
3474 571 3534 625 in
3557 570 3662 626 illo
3685 575 3847 629 estin

443 671 610 723 erant
639 664 839 721 anima
868 683 880 731 ;
909 669 967 721 et
1024 665 1151 719 ideo
1209 682 1363 719 unus
1419 665 1605 733 vivus,
1643 663 1699 717 id
1734 668 1841 726 est,
1873 662 2092 735 peccati

446 773 621 813 carne
651 761 918 812 mortuus
949 759 1130 823 est,ut
1158 753 1290 810 illos
1306 754 1639 809 viviﬁcaret.
1668 756 1729 810 Ut
1756 754 1853 825 qui
1878 755 2090 821 vivunt,

438 848 562 919 jam
589 864 696 902 non
726 845 834 900 sibi
862 846 1089 909 vivant,-
1121 844 1177 898 id
1201 849 1308 909 est,
1342 843 1441 914 qui
1473 843 1675 897 vivunt
1704 842 2009 913 redempti,
2039 845 2095 896 et

448 934 848 998 renovati,non
882 933 993 988 sibi
1020 933 1236 1000 vivant,
1269 934 1325 987 id
1359 937 1468 1001 est,
1485 950 1600 988 non
1633 932 1757 988 suis
1787 932 2095 986 desideriis

452 1022 832 1081 satisfaciant.
867 1022 1084 1078 Aliter:
1129 1024 1190 1079 Ut
1243 1025 1339 1094 qui
1380 1025 1591 1086 vivunt,
1642 1038 1743 1094 spe
1773 1021 2094 1075 cmlestium

452 1112 940 1186 promissionum,
972 1129 1083 1167 non
1137 1113 1245 1166 sibi
1288 1115 1495 1177 vivant,
1553 1128 1655 1183 spe
1685 1110 2094 1182 temporalium

451 1217 669 1256 rerum.

526 1291 673 1361 (724)
702 1291 1017 1361 Sequitur:
1051 1294 1241 1361 Itaque
1269 1308 1366 1346 nos
1394 1307 1463 1346 ex
1512 1291 1608 1345 hoc
1635 1292 1911 1346 neminem
1942 1290 2097 1344 novi-

450 1396 573 1435 mus
602 1379 900 1434 secundum
959 1397 1203 1436 carnem.
1264 1386 1348 1436 Ex
1403 1381 1499 1435 hoc
1542 1380 1723 1445 dicit;
1780 1379 1885 1434 hoc
1918 1383 2005 1434 est
2034 1395 2098 1433 ex

454 1485 570 1539 quo
601 1473 861 1539 tempore
890 1468 990 1525 ille
1019 1468 1353 1535 resurrexit,
1400 1475 1456 1524 et
1484 1470 1729 1524 formam
1776 1468 2000 1533 tribuit,
2035 1472 2102 1522 ut

456 1558 557 1629 qui
587 1559 810 1627 vivunt,
841 1575 957 1613 non
989 1559 1100 1614 sibi
1148 1559 1345 1614 vivant
1372 1560 1649 1614 neminem
1679 1575 1777 1613 nos
1805 1557 2103 1612 secundum

454 1663 678 1703 carnem
705 1649 975 1703 novimus.
1037 1647 1104 1703 Et
1160 1665 1339 1719 quare
1397 1649 1602 1704 dixerit
1655 1648 1951 1702 secundum
1978 1663 2100 1703 car-

455 1753 585 1791 nem
615 1736 1011 1792 manifestavit
1034 1754 1167 1792 cum
1201 1738 1507 1808 subjunxit
1533 1755 1545 1792 :
1580 1739 1644 1792 Et
1672 1740 1721 1792 si
1749 1739 2101 1807 cognovimus

2203 676 2284 725 re,
2310 663 2399 713 est
2420 664 2475 713 et
2496 660 2555 714 in
2586 661 2868 716 membris
2890 660 3508 732 ipsius,verumtamen
3531 659 3592 713 in
3625 677 3754 732 spe.
3777 661 3850 718 De

2202 747 2312 803 hac
2344 748 2599 804 novitate
2656 749 2795 804 dicit
2825 766 2960 804 cum
3018 749 3359 821 subjungit:
3394 748 3453 804 Si
3496 766 3611 820 qua
3639 765 3767 821 ergo
3796 754 3852 806 in

2206 836 2416 892 Christo
2446 855 2587 893 nova
2606 841 2878 894 creatura.
2903 839 3118 893 Novam
3146 842 3472 893 creaturam
3495 838 3850 895 ecclesiasti-

2205 943 2339 982 cum
2372 928 2651 999 populum
2674 933 2859 996 vocat,
2895 929 2993 1001 qui
3028 945 3213 984 novus
3243 932 3349 996 est,
3379 927 3466 984 vel
3495 945 3606 1000 per
3637 929 3850 1000 baptis-

2206 1016 2381 1071 matis
2412 1019 2864 1088 renovationem,
2898 1035 3075 1090 quam
3098 1018 3273 1074 habet
3302 1017 3360 1073 in
3393 1034 3471 1087 re,
3505 1015 3599 1073 vel
3635 1035 3742 1089 per
3775 1018 3851 1073 fu-

2205 1110 2352 1161 turae
2382 1108 2827 1163 resurrectionis
2880 1106 3329 1173 renovationem,
3374 1123 3556 1178 quam
3592 1106 3778 1162 habet
3802 1107 3852 1162 in

2207 1211 2330 1265 spe,
2364 1196 2535 1265 cujus
2564 1197 2739 1251 etiam
2763 1196 3073 1268 reparatio,
3101 1195 3471 1267 baptismatis
3492 1200 3589 1251 est
3621 1211 3853 1251 renova-

2208 1283 2325 1337 tio:
2362 1299 2488 1354 que
2520 1288 2661 1339 tunc
2692 1302 2926 1356 quoque
2969 1284 3080 1340 erit
3111 1284 3380 1355 perfecta,
3412 1285 3657 1356 quando
3687 1283 3854 1340 victo-

2209 1388 2301 1435 res
2333 1372 2622 1428 dixerint:
2658 1375 2756 1431 Ubi
2779 1379 2881 1442 est,
2914 1390 3086 1443 mors,
3109 1375 3338 1429 victoria
3364 1376 3461 1428 tua
3483 1372 3511 1427 ?
3534 1375 3585 1444 (Ι
3613 1374 3742 1428 Cor.
3776 1391 3854 1440 xv,

2207 1461 2319 1531 55),
2353 1466 2463 1517 etc.

2282 1549 2593 1621 Sequitur:
2631 1552 2817 1607 Vetera
2857 1554 3222 1619 transierunt,
3252 1552 3311 1608 id
3342 1558 3431 1609 est
3459 1568 3598 1624 spes
3630 1557 3853 1624 tempo-

2211 1636 2425 1693 ralium
2459 1656 2653 1694 rerum
2684 1646 2742 1695 et
2772 1645 3137 1697 terrenarum
3169 1641 3633 1713 promissionum
3669 1647 3851 1697 trans-

2212 1725 2315 1793 iit;
2350 1727 2490 1798 quia
2517 1732 2686 1783 vetus
2716 1728 2808 1784 lex
2838 1730 3183 1802 temporalia
3214 1730 3386 1800 bona,
3418 1733 3478 1785 et
3507 1745 3697 1801 regna
3729 1746 3850 1801 pro-

460 1825 739 1880 Christum
766 1826 1061 1881 secundum
1118 1843 1366 1892 carnem,
1403 1827 1505 1882 sed
1532 1843 1680 1881 mmo
1721 1827 1843 1897 jam
1874 1840 1979 1882 ηοη
2012 1842 2102 1881 ηο.
2130 1842 2181 1909 Β
2213 1816 2481 1872 mittebat
2510 1822 2777 1877 terrena:
2809 1824 2866 1875 et
2894 1820 3023 1875 ideo
3055 1823 3206 1875 recte
3240 1820 3520 1875 dicuntur
3548 1820 3847 1875 transisse.

465 1916 662 1969 vimus.
691 1914 795 1969 Hic
823 1914 993 1987 erigit
1011 1915 1363 1971 Manichacus
1386 1916 1721 1987 aurem,qui
1746 1920 1919 1987 negat
1943 1914 2103 1971 Chri-

464 2006 620 2057 stum
651 2018 846 2058 veram
880 2019 1114 2058 carnem
1138 2005 1482 2075 sumpsisse.
1509 2003 1659 2060 Dicit
1684 2004 1840 2059 enim
1872 2003 2031 2075 quia,
2052 2002 2101 2057 si

455 2106 650 2145 veram
671 2108 907 2147 carnem
922 2091 1623 2165 habuisset,nequaquam
1644 2093 2104 2163 diceretAposto-

457 2178 572 2249 lus,
604 2183 654 2234 et
682 2181 733 2234 si
750 2182 1138 2236 novimus.Sed
1166 2183 1371 2237 beatus
1400 2182 1765 2252 Augustinus
1787 2181 1963 2237 dicit:
1988 2181 2101 2236 No-

458 2268 706 2322 tandum
735 2268 872 2340 quia
899 2285 1012 2323 non
1036 2269 1177 2323 dicit
1198 2270 1529 2341 Apostolus,
1550 2272 1655 2325 etsi
1689 2270 1972 2341 suapicati
2005 2286 2104 2324 su-

460 2371 617 2422 mus,
648 2357 748 2411 sed
778 2358 1197 2413 novimus.Rem
1221 2359 1397 2425 enim,
1427 2376 1603 2431 quam
1636 2359 1876 2414 dubiam
1906 2358 2102 2426 habet,

461 2443 813 2517 suspicatur,
846 2462 961 2501 non
993 2463 1121 2502 eam
1154 2463 1330 2518 quam
1360 2447 1537 2503 habet
1573 2448 1887 2520 cognitam.

533 2534 643 2589 Sed
676 2533 769 2589 hic
801 2536 987 2590 oritur
1016 2536 1261 2607 quaestio
1292 2554 1398 2592 cur
1426 2537 1583 2592 dicat
1613 2536 1925 2609 Apostolus
1957 2555 1970 2592 :
2004 2536 2107 2591 Sed

460 2639 609 2678 nunc
638 2625 751 2683 iam
780 2640 890 2679 non
910 2627 1321 2697 novimus,cum
1347 2626 1474 2697 ipse
1496 2628 1773 2683 Dominus
1797 2643 2107 2698 resurgens

461 2729 496 2767 a
525 2712 796 2779 mortuis,
822 2713 945 2768 suis
966 2713 1175 2769 dixerit
1194 2715 1501 2787 discipulis
1527 2732 1539 2771 :
1575 2716 1825 2788 Palpate,
1856 2721 1909 2770 et
1936 2716 2109 2772 videte

461 2802 617 2869 (Luc.
646 2818 800 2867 xxxv,
831 2803 943 2873 39),
985 2807 1094 2859 etc.
1126 2804 1238 2859 Sed
1284 2821 1399 2860 non
1430 2810 1517 2860 est
1546 2804 1923 2861 contrarium.
1959 2805 2106 2860 Nam

463 2890 769 2946 sciendum
804 2891 943 2963 quia
999 2908 1131 2948 caro
1171 2893 1229 2948 in
1288 2894 1605 2965 Scripturis
1636 2893 1847 2949 divinis
1877 2894 2109 2964 ponitur

458 2983 579 3035 tam
612 2995 714 3051 pro
772 2979 1145 3048 mortalitate,
1205 2998 1382 3053 quam
1441 3000 1542 3054 pro
1592 2986 1815 3038 natura:
1844 2983 2103 3038 veritate.

459 3068 607 3139 Ergo
638 3068 814 3124 habet
842 3068 996 3125 Deus
1041 3069 1307 3127 Christus
1337 3087 1571 3126 carnem
1603 3072 1927 3127 secundum
1959 3070 2105 3125 veri-

459 3160 639 3213 tatem
672 3162 915 3226 natura,
949 3159 1051 3215 sed
1084 3176 1198 3215 non
1221 3159 1394 3215 habet
1415 3161 1739 3216 secundum
1773 3159 2106 3231 fragilitatis

2212 1903 2376 1961 Nunc
2407 1922 2559 1978 vero,
2621 1908 2760 1980 quia
2816 1908 3113 1980 Evangelii
3165 1908 3355 1981 gratia
3410 1925 3531 1964 non
3572 1910 3853 1981 promittit

2209 2003 2461 2064 terrena,
2495 1997 2597 2051 sed
2627 1996 2904 2064 cmlestia,
2931 2015 3046 2053 non
3093 1996 3457 2070 temporalia,
3489 1998 3591 2053 sed
3624 2003 3848 2067 aeterna,

2214 2104 2327 2165 non
2358 2086 2715 2151 transitoria,
2747 2088 2847 2142 sed
2883 2103 3184 2158 mansura,
3222 2088 3351 2143 ideo
3381 2088 3692 2160 sequitur:
3727 2090 3852 2143 Ecce

2209 2180 2359 2249 facta
2385 2180 2511 2231 sunt
2539 2176 2725 2231 omnia
2752 2192 2909 2232 nova.

2284 2266 2595 2339 Sequitur:
2628 2266 2825 2322 Omnia
2856 2272 3043 2322 autem
3087 2283 3157 2322 ea:
3185 2268 3308 2322 Deo.
3340 2266 3592 2322 Pulchre
3623 2267 3852 2339 quidem

2216 2356 2391 2412 dicit:
2424 2356 2622 2411 Omnia
2669 2372 2739 2409 ex
2768 2356 2893 2425 Deo,
2951 2355 3091 2427 quia
3144 2356 3279 2410 licet
3332 2355 3536 2428 passio
3565 2357 3763 2412 crucis
3788 2355 3854 2411 ad

2215 2461 2525 2518 personam
2556 2442 2683 2498 Filii
2714 2445 2946 2515 proprie
2975 2446 3238 2515 attineat,
3298 2451 3519 2502 nostra:
3547 2451 3746 2501 tamen
3778 2461 3856 2500 re-

2216 2533 2574 2607 demptionis
2602 2538 2660 2589 et
2687 2534 3080 2591 renovationis
3133 2552 3301 2607 opus,
3335 2535 3523 2591 totius
3552 2539 3642 2591 est
3671 2535 3858 2590 Trini-

2216 2623 2374 2679 tatis.
2410 2625 2590 2678 Item:
2652 2624 2849 2679 Omnia
2900 2640 2969 2679 επ
3029 2625 3177 2686 Deo;
3234 2624 3345 2680 hoc
3399 2629 3512 2692 est,
3560 2630 3680 2679 tam
3715 2640 3859 2680 nova

2216 2729 2394 2785 quam
2425 2716 2484 2767 et
2510 2716 2705 2768 vetera
2736 2730 2749 2780 ;
2780 2713 2918 2785 quia
2940 2729 3041 2786 pro
3062 2718 3396 2786 temporum
3429 2714 3728 2783 varietate,
3762 2730 3856 2770 seu

2216 2801 2519 2873 qualitate,
2549 2806 2799 2873 utraque
2854 2803 3230 2858 Testamenta
3285 2802 3358 2858 ab
3406 2802 3509 2859 illo
3541 2808 3685 2858 sunt
3708 2802 3856 2858 data.

2215 2891 2363 2964 Ergo
2389 2891 2696 2962 utriusque
2728 2892 3084 2947 Testamenti
3131 2909 3288 2947 unus
3319 2894 3493 2948 Deus.
3527 2893 3596 2947 Et
3623 2891 3737 2947 hoc
3764 2891 3858 2948 ad-

2189 2975 2418 3036 'versus
2450 2980 2603 3047 illos,
2638 2980 2739 3051 qui
2769 2981 3019 3037 alterum
3050 2982 3237 3037 Deum
3258 2982 3424 3046 Novi,
3454 2981 3722 3037 Alterum
3757 2985 3855 3036 Ve-

2216 3069 2356 3124 teris
2386 3069 2743 3124 Testamenti
2771 3069 3060 3125 dixerunt.

2287 3157 2562 3228 Sequitur
2586 3176 2599 3213 :
2636 3159 2743 3226 Qui
2763 3160 3137 3216 reconciliavit
3166 3175 3268 3215 nos
3297 3160 3409 3215 sibi
3433 3176 3535 3231 per
3565 3160 3855 3215 Christum.

466 3208 639 3213 -------
672 3208 915 3226 “mm,
949 3208 1051 3215 η-
1085 3208 1198 3215 ----
1222 3208 1739 3216 ---------,,--,.-.
1773 3208 2104 3231 ,ηοω-----
2288 3208 2551 3228 --Ί-ηη
2586 3208 2599 3213 -
2640 3208 3134 3226 ,ι---η--η--η--π
3168 3208 3264 3215 ----
3298 3208 3405 3215 ----
3433 3208 3517 3231 τ-.
3569 3208 3855 3215 --πη-κη--

460 3245 913 3303 mortalitatem:
971 3248 1111 3316 Quia
1168 3265 1457 3321 resurgens
1512 3266 1551 3305 a
1578 3251 1810 3305 mortuis
1842 3251 1964 3321 jam
1994 3265 2105 3304 non
2134 3208 2180 3281 α
2218 3248 2453 3302 Primus
2508 3246 2683 3303 homo
2742 3251 2972 3303 creatus
3028 3248 3248 3304 astutia
3274 3248 3494 3304 diaboli
3548 3249 3741 3304 fuerat
3768 3248 3859 3303 de-

456 3337 697 3392 moritur
724 3337 898 3407 (Rom.
929 3352 1005 3402 vx,
1036 3337 1114 3403 9),
1147 3341 1254 3392 etc.
1288 3338 1345 3394 Si
1386 3354 1522 3409 ergo
1552 3340 1634 3395 ita
1657 3339 1729 3394 de
1759 3337 1986 3394 Christo
2015 3338 2104 3392 in-

457 3424 639 3496 telligi
670 3429 880 3495 potest,
909 3441 1089 3496 quare
1120 3426 1392 3497 superius
1412 3428 1619 3484 dixerit
1643 3446 1655 3482 :
1686 3429 1975 3483 Neminem
2002 3443 2105 3483 no-

460 3513 641 3566 vimus
669 3515 970 3569 secundum
994 3530 1215 3570 carnem
1234 3516 1263 3570 ἱ)
1287 3516 1584 3587 Numquid
1614 3517 1737 3587 ipse
1760 3532 1873 3571 non
1896 3521 2019 3571 erat
2046 3516 2105 3570 in

462 3615 654 3670 carne,
688 3605 789 3656 aut
818 3600 924 3666 illi,
976 3602 1193 3673 quibus
1238 3602 1634 3676 loquebatur?
1678 3604 1874 3670 Erant,
1905 3608 1962 3660 et
1991 3621 2104 3659 non

462 3692 630 3744 erant
658 3688 717 3743 in
750 3706 943 3746 carne.
968 3691 1092 3746 Non
1116 3698 1300 3758 erant,
1320 3693 1457 3765 quia
1487 3710 1599 3748 non
1645 3692 1704 3748 in
1735 3710 1837 3766 spe
1868 3692 2110 3749 smcula-

465 3776 619 3832 rium
651 3794 847 3834 rerum
880 3783 981 3835 aut
1004 3781 1417 3852 temporalium
1437 3781 1727 3837 honorum
1758 3782 2106 3849 manebant;

465 3883 531 3923 eo
563 3868 717 3939 quod
750 3884 811 3924 se
833 3868 934 3924 diu
960 3885 1073 3925 non
1109 3886 1525 3942 permansuros
1545 3871 1946 3941 intelligebant
1969 3889 1983 3938 ;
2006 3872 2109 3927 sed

466 3957 524 4012 in
557 3974 659 4029 spe
689 3956 995 4025 habentes,
1031 3960 1383 4031 quandoque
1413 3977 1475 4016 se
1504 3961 1576 4016 ad
1610 3960 2108 4016 immortalitatem

463 4045 839 4114 transituros,
868 4047 1217 4103 credebant:
1253 4065 1412 4108 nam.
1436 4049 1589 4121 quod
1614 4050 1725 4104 sub
1755 4066 1859 4121 spe
1886 4054 2109 4105 certum

466 4139 611 4203 erat,
642 4134 810 4206 quasi
835 4136 961 4205 jam
994 4136 1214 4191 factum
1273 4136 1586 4192 habebant.
1638 4138 1798 4203 Quod
1832 4154 1963 4193 vero
1996 4154 2109 4209 res,

468 4239 596 4295 quae
619 4222 728 4277 sub
752 4238 854 4293 spe
874 4226 1029 4279 certa
1051 4224 1487 4295 habetur,quasi
1504 4226 1629 4295 jam
1653 4226 1803 4281 facta
1824 4230 2111 4295 teneatur,

470 4311 627 4366 idem
657 4310 783 4382 ipse
814 4310 1170 4381 manifestat,
1203 4329 1337 4367 cum
1396 4313 1571 4368 dicit:
1606 4314 1666 4368 Si
1690 4317 2115 4371 consurrexistis

472 4416 594 4456 cum
628 4399 841 4455 Christo
871 4399 1095 4470 (Coloss.
1130 4418 1211 4471 ιιι,
1248 4402 1317 4470 1),
1351 4406 1459 4456 etc.
1495 4403 1618 4458 Non
1650 4402 1769 4468 illa.
1803 4421 1921 4475 qua
1950 4404 2113 4460 Chri-

471 4493 568 4545 tus
587 4488 944 4555 resurrexit,i
952 4505 1053 4560 pse
1076 4490 1395 4545 resurrexit
1417 4508 1430 4559 ;
1457 4492 1557 4546 sed
1574 4496 1713 4547 tunc
1736 4493 1845 4549 sub
1869 4509 1971 4565 spe
1990 4510 2114 4549 cer-

2214 3340 2461 3408 ceptus:
2498 3336 2620 3402 sed,
2655 3351 2725 3392 ne
2781 3336 2842 3391 in
2885 3340 3168 3393 aeternum
3230 3336 3463 3409 periret,
3519 3338 3686 3395 misit
3714 3338 3860 3393 Deus

2217 3425 2427 3481 Filium
2459 3441 2656 3492 suum,
2690 3429 2756 3480 ut
2785 3441 2918 3481 eum
2946 3426 3058 3481 sibi
3095 3425 3503 3484 reconciliaret
3531 3446 3547 3496 ;
3578 3430 3859 3499 quatenus

2215 3531 2320 3587 per
2348 3530 2482 3569 eum
2513 3514 2827 3569 redimeret
2852 3514 3283 3586 hominem,per
3312 3532 3489 3587 quem
3518 3517 3700 3572 etiam
3722 3516 3861 3571 fece-

2217 3607 2308 3658 rat
2337 3600 2655 3657 hominem.
2691 3602 3004 3674 Sequitur:
3034 3605 3102 3660 Et
3128 3603 3277 3659 dedit
3304 3606 3463 3660 nobis
3494 3605 3862 3660 ministerium

2218 3692 2699 3749 reconciliationis.
2758 3691 2994 3747 Dixerat
3061 3709 3123 3750 se
3181 3693 3666 3762 reconciliatum;
3728 3692 3865 3749 dicit

2217 3782 2392 3838 etiam
2450 3796 2513 3835 se
2570 3780 2863 3851 accepisse
2928 3781 3417 3838 reconciliationis
3477 3784 3860 3857 mysterium;

2220 3869 2498 3943 quoniam
2532 3868 2666 3925 talis
2685 3873 2809 3924 erat
2836 3870 3074 3938 ordo,ut
3102 3871 3266 3943 prius
3284 3871 3502 3928 Filium
3532 3890 3707 3929 suum
3740 3871 3866 3927 mit-

2218 3964 2385 4025 teret,
2418 3959 2518 4032 qui
2550 3957 2849 4014 hominem
2879 3959 3273 4027 redimeret,et
3302 3960 3415 4015 sibi
3445 3960 3861 4025 reconciliaret,

2222 4047 2676 4122 quem,peractis
2703 4047 3080 4115 omnibus,ad
3103 4064 3233 4120 qua;
3255 4047 3864 4120 venerat,assumpsit.

2222 4142 2280 4193 et
2307 4137 2429 4193 vice
2459 4137 2608 4208 ejus,
2668 4135 3159 4193 reconciliationis
3189 4136 3616 4206 ministerium,
3645 4136 3751 4192 hoc
3780 4137 3869 4190 est

2222 4224 2653 4299 praedicationis
2684 4224 2943 4280 ofﬁcium
2965 4224 3245 4297 apostolis
3273 4226 3709 4293 tradidit.0uod
3732 4228 3870 4280 tunc

2224 4316 2443 4371 factum
2492 4318 2601 4381 est,
2657 4315 2893 4385 quando
2949 4313 3129 4370 dixit:
3187 4315 3395 4370 Euntes
3454 4312 3869 4385 doccte(Hatth.

2222 4422 2417 4471 xxvm,
2453 4404 2561 4475 19),
2595 4408 2701 4459 etc.

2296 4492 2612 4564 Sequitur:
2648 4493 2922 4560 Quoniam
2976 4492 3196 4563 quidem
3223 4492 3366 4547 Deus
3393 4494 3519 4549 erat
3543 4494 3604 4547 in
3637 4490 3873 4555 Christo,

473 4582 570 4634 tus
600 4579 894 4645 manebat,
927 4578 1066 4649 quia
1097 4595 1221 4650 quae
1253 4579 1547 4650 praecessit
1579 4579 1637 4635 in
1670 4582 1885 4653 Capite,
1918 4596 2119 4654 seque-
2145 4577 2195 4647 D
2225 4581 2336 4637 hoc
2364 4586 2455 4638 est
2485 4580 2651 4636 Pater
2680 4580 2737 4635 in
2770 4581 2934 4636 Filio.
2981 4581 3092 4637 Sed
3122 4581 3394 4654 nunquid
3425 4582 3510 4637 ita
3536 4584 3663 4637 erat
3689 4580 3746 4635 in
3782 4577 3872 4633 Fi-

473 4671 633 4723 retur
663 4666 721 4722 in
755 4667 1035 4723 membris
1066 4684 1079 4735 ;
1114 4673 1169 4722 et
1226 4668 1438 4722 iterum
1466 4684 1478 4722 :
1524 4670 1632 4737 Qui
1656 4670 1833 4725 salvos
1861 4687 1959 4726 nos
1986 4673 2117 4741 fecit

467 4773 569 4826 per
599 4758 881 4811 lavacrum
911 4758 1339 4827 regenerationis
1395 4760 1448 4811 et
1477 4761 1845 4815 renovationis
1875 4760 1995 4831 (Tit.
2029 4779 2115 4827 ιιι,

470 4846 549 4917 5),
581 4848 692 4900 etc.
725 4844 1001 4917 Nunquid
1027 4845 1127 4900 illa
1156 4845 1395 4902 salvatio
1417 4849 1877 4919 resurrectionis,
1902 4866 2032 4921 quae
2058 4850 2116 4905 in

472 4933 826 5007 baptismate
848 4934 1342 5007 praefiguratur,in
1366 4937 1570 4993 eodem
1594 4938 1946 5010 baptismate
1970 4939 2116 4996 cele-

471 5021 724 5079 bratur?
752 5022 897 5078 Non.
931 5024 1041 5079 Sed
1096 5040 1218 5092 spe,
1250 5040 1385 5080 cum
1432 5026 1510 5082 sit
1550 5028 1766 5099 futura,
1799 5028 1967 5099 quasi
1989 5029 2117 5100 jam

471 5112 623 5169 facta
653 5116 906 5168 tenetur.
940 5112 1173 5168 Dixerat
1205 5114 1376 5184 paulo
1424 5116 1733 5186 superius:
1768 5120 1852 5172 Ea:
1879 5116 1977 5173 hoc
1992 5119 2118 5189 jam

467 5204 746 5259 neminem
766 5203 1023 5258 novimus
1040 5202 1335 5257 secundum
1351 5220 1595 5259 carnem.
1622 5205 1808 5268 Quare
1830 5205 1938 5261 hoc
1959 5206 2116 5261 dixe-

470 5290 565 5361 rit,
589 5292 844 5348 ostendit
867 5308 879 5346 :
905 5292 1032 5363 quia
1059 5293 1162 5346 etsi
1178 5295 1532 5361 cognovimus
1549 5294 1850 5349 secundum
1873 5310 2116 5362 carnem,

470 5396 578 5436 non
608 5383 862 5436 novimus
890 5382 1188 5447 Christum,
1221 5386 1329 5436 etc.
1357 5399 1370 5449 ;
1404 5397 1469 5435 ac
1501 5382 1546 5437 si
1580 5382 1709 5437 aliis
1740 5383 1933 5439 verbis
1963 5383 2117 5438 dice-

472 5474 595 5524 ret:
629 5468 755 5524 Non
786 5467 954 5525 illum
990 5469 1314 5526 secundum
1370 5486 1604 5526 carnem
1655 5470 1944 5541 novimus,
1968 5471 2119 5544 .quia

472 5623 1011 5739 ηγέζιῖιᾱέιιίόἓ.
1046 5642 1241 5740 aug.
1267 5665 1363 5726 hic
1386 5640 1614 5742 legitur
1640 5636 1771 5740 cap.
1798 5666 1968 5727 XVII.

2227 4670 2325 4739 lio,
2357 4669 2534 4726 veluti
2585 4670 2644 4723 in
2686 4669 3057 4741 patriarchis,
3113 4674 3172 4726 et
3201 4669 3555 4743 prophetis?
3580 4670 3725 4724 Non.
3757 4666 3878 4723 Nec

2228 4760 2403 4815 etiam
2438 4758 2590 4813 sicut
2615 4758 2673 4813 in
2703 4758 2949 4831 angelis.
2980 4759 3126 4825 Quia
3155 4759 3213 4814 in
3245 4758 3362 4815 illis
3395 4776 3501 4830 per
3528 4754 3878 4831 gratiam,in

2228 4848 2340 4904 isto
2371 4864 2473 4920 per
2503 4847 2966 4903 naturam.Unde
2995 4848 3121 4919 ipse
3151 4847 3330 4903 dicit:
3360 4848 3537 4903 Pater
3560 4849 3618 4903 in
3646 4862 3729 4901 me
3759 4860 3884 4898 ma-

2227 4954 2387 5004 nens,
2419 4939 2536 5009 ipse
2564 4937 2707 5009 facit
2758 4952 2926 5007 opera
2974 4937 3149 5008 (Joan.
3207 4953 3319 5007 xiv,
3353 4937 3442 5017 10)
3469 4953 3482 4993 :
3514 4941 3575 4991 et
3601 4936 3732 4990 item
3764 4934 3881 5002 Ego

2228 5030 2281 5082 et
2309 5029 2484 5081 Pater
2511 5042 2686 5080 unum
2712 5041 2905 5081 sumus
2933 5025 3106 5096 (Joan.
3144 5042 3280 5091 xvn,
3314 5025 3441 5092 11);
3475 5030 3534 5080 et
3562 5025 3731 5079 item:
3771 5021 3887 5089 Qui

2228 5133 2339 5182 me,
2370 5116 2521 5170 misit
2551 5130 2763 5169 mecum
2795 5118 2874 5169 est
2901 5115 3082 5186 (Joan.
3113 5131 3234 5182 vm,
3264 5113 3380 5184 29),
3413 5117 3529 5170 etc.
3562 5110 3885 5185 Sequitur:

2229 5205 2607 5262 Reconcilians
2631 5204 2742 5259 sibi
2760 5204 3048 5259 mundum.
3082 5203 3367 5259 Mundam
3400 5219 3636 5275 quoque
3662 5199 3892 5257 electos

2229 5293 2505 5367 appellat,
2537 5293 2608 5349 de
2639 5293 2856 5365 quibus
2885 5292 3172 5349 Dominus
3196 5309 3209 5347 :
3250 5293 3368 5349 Non
3395 5295 3526 5349 veni
3551 5296 3610 5347 ut
3626 5288 3893 5361 judicent

2226 5383 2493 5438 mundum
2546 5385 2727 5452 (Joan.
2784 5399 2887 5449 χιι,
2945 5383 3033 5447 47,
3083 5386 3193 5437 etc.
3246 5381 3351 5437 Per
3397 5386 3590 5437 totum
3622 5390 3897 5448 namque

2229 5474 2520 5530 mundum
2537 5476 2627 5528 est
2645 5472 2988 5557 mundus;et
3007 5472 3301 5527 mundum
3311 5470 3685 5542 persequitur
3698 5481 3900 5521 mun-
