4034 6166
200 370 325 433 445

794 372 1218 436 EXPOSITIO
1264 372 1343 435 IN
1389 346 1845 437 Episroms
1876 372 2242 436 PAULL—
2281 375 2362 439 IN
2404 377 2656 443 EPIST.
2703 381 2756 443 ιι
2803 378 2906 443 AD
2952 384 3132 446 eoa.

3536 386 3656 449 446

197 508 342 578 dus,
373 504 815 577 coinquinatus
845 506 1159 574 mundum,
1195 507 1461 580 perditus
1490 510 1890 580 redemptum,
1923 508 1979 575 Α
2008 508 2195 581 fungi,
2225 515 2465 583 propter
2497 514 2652 585 quod
2683 515 2859 571 etiam
2890 517 3229 574 obsecrasse
3262 535 3323 574 se
3353 520 3651 576 ostendit:

200 598 529 655 damnatus
562 595 890 652 salvatum.
914 597 995 651 Ex
1016 595 1126 651 hoc
1158 614 1394 668 quoque
1417 599 1637 653 mundo
1662 597 1894 669 perdito

198 693 299 744 est
328 686 594 742 mundus
627 684 891 753 electus;
927 686 1088 741 unde
1140 687 1462 742 Dominus:
1514 692 1621 759 Ego
1672 703 1767 741 vos
1794 688 1896 741 in-

203 777 359 849 quit,
391 776 533 846 elegi
561 776 632 830 de
662 776 875 831 mundo
902 776 1085 845 (Joan.
1116 792 1209 840 xv,
1247 776 1355 845 19),
1388 781 1497 831 etc.
1558 778 1673 832 Non
1722 794 1894 848 repu-

201 872 337 922 tans
364 866 479 921 illis
507 865 738 934 delicta,
774 873 833 921 et
855 865 1063 937 gratis,
1099 869 1158 919 et
1190 864 1450 920 indebite
1483 884 1585 938 per
1642 868 1894 936 gratiam

203 954 594 1029 baptismatis
628 960 867 1026 peccata
895 954 1015 1010 illis
1042 954 1297 1023 dimisit,
1323 954 1502 1011 nullis
1532 957 1895 1028 precedenti-

204 1046 328 1101 bus
359 1043 605 1099 meritis.
710 1046 723 1051 ’

289 1134 608 1205 Sequitur:
644 1136 711 1190 Et
736 1137 919 1206 posuit
951 1138 1010 1191 in
1069 1135 1234 1191 nobis
1293 1136 1522 1190 verbum
1567 1138 1894 1192 reconcilia-

210 1227 405 1282 tionis.
433 1228 554 1279 Hoc
584 1228 698 1290 est,
732 1226 887 1295 quod
921 1225 1199 1298 superius
1218 1222 1468 1291 dixerat,
1494 1226 1892 1282 ministerium

213 1310 745 1369 reconciliationis.
778 1316 1023 1384 Propter
1077 1315 1242 1385 quod
1302 1316 1359 1367 et
1407 1315 1893 1387 subjungit:Pro

215 1402 437 1459 Christo
465 1417 592 1473 ergo
616 1402 887 1472 legatione
904 1404 1219 1473 fungimur,
1249 1401 1359 1457 hoc
1390 1408 1480 1458 est
1508 1404 1633 1459 vice
1653 1403 1890 1460 Christi.

214 1490 528 1563 Sequitur:
594 1491 1057 1545 Reconciliamini
1110 1494 1245 1546 Deo.
1306 1491 1415 1547 Sed
1475 1493 1633 1548 unde
1680 1494 1745 1548 ﬁt
1774 1494 1894 1549 haec

215 1579 623 1637 reconciliatio
644 1580 673 1633 ?
700 1579 983 1635 Videlicet
1012 1578 1893 1638 exinimicitiis.Verumtamen

220 1670 335 1726 has
365 1668 713 1725 inimicitias
734 1674 971 1741 peccata
1001 1673 1358 1742 genuerunt,
1393 1687 1511 1726 non
1535 1671 1774 1743 quidem
1798 1689 1897 1727 na-

222 1765 382 1816 tura.

2004 602 2060 652 et
2093 598 2222 654 ideo
2252 601 2593 671 aggreditur
2625 621 2778 659 nunc
2808 605 3120 676 exhortari,
3155 613 3218 662 ut
3247 624 3419 663 suum
3461 609 3653 664 adim-

2003 685 2159 757 pleat
2186 688 2447 744 ofﬁcium
2474 707 2486 744 :
2520 691 2600 746 ait
2629 694 2784 748 enim
2811 711 2823 748 :
2857 697 3159 767 Ajuvantes
3202 701 3389 752 autem
3420 714 3651 767 sumus,

2003 775 2272 831 videlicet
2301 772 2543 843 orando,
2576 786 2630 834 et
2659 781 3034 839 exhortamur
3063 785 3449 842 admonendo.

2076 865 2385 936 Sequitur:
2419 868 2496 922 Ne
2526 870 2584 922 in
2612 886 2844 926 vacuum
2908 876 3156 945 gratiam
3208 877 3309 930 Dei
3332 878 3649 947 recipiatis.

2005 953 2174 1009 Multi
2206 956 2455 1027 gratiam
2490 957 2589 1012 Dei
2616 958 2674 1013 in
2707 974 2953 1017 vacuum
2987 964 3297 1035 recipiunt.
3347 964 3435 1021 Illi
3468 965 3648 1033 enim,

2004 1044 2105 1115 qui
2138 1042 2341 1098 divina:
2366 1045 2733 1115 inspirationi
2756 1066 2873 1103 suae
2896 1050 3211 1109 voluntatis
3232 1054 3655 1126 effectumjun-

2004 1138 2170 1204 gunt,
2202 1134 2453 1204 gratiam
2485 1134 2544 1189 in
2576 1152 2827 1192 vacuum
2861 1156 2975 1194 non
3009 1140 3334 1212 recipiunt;
3383 1142 3656 1198 similiter

2005 1225 2064 1277 et
2091 1221 2188 1291 qui
2218 1222 2569 1292 sapientiam
2602 1242 2633 1279 a
2665 1226 2780 1281 Deo
2810 1228 3075 1299 percipit,
3108 1229 3156 1284 si
3208 1230 3264 1283 in
3320 1246 3408 1301 ea,
3442 1235 3507 1286 ut
3536 1232 3650 1287 Deo

2004 1310 2249 1383 placeat,
2282 1312 2548 1381 desudat,
2575 1314 2821 1384 gratiam
2853 1317 2948 1371 Dei
2972 1317 3030 1372 in
3052 1335 3301 1374 vacuum
3326 1337 3440 1375 non
3465 1320 3653 1376 susci-

2004 1399 2090 1472 pit
2115 1417 2127 1467 ;
2162 1398 2437 1455 similiter
2458 1407 2648 1473 potest
2672 1403 2922 1478 intelligi
2948 1407 3018 1461 de
3042 1408 3175 1475 fide,
3199 1413 3256 1464 et
3272 1410 3652 1482 caeteris,quaa

2005 1488 2182 1543 homo
2204 1489 2433 1545 coalitus
2456 1493 2718 1564 percipit.
2743 1495 2889 1550 Nam
2914 1496 3215 1552 sciendum
3242 1498 3455 1569 quia,si
3478 1499 3655 1555 homo

2003 1578 2364 1634 voluntatem
2433 1582 2728 1653 propriam
2775 1585 3091 1650 amisisset,
3148 1587 3474 1645 exhortatio
3540 1606 3656 1644 non

2003 1666 2398 1737 prodesset,et
2419 1669 2469 1724 si
2500 1671 2624 1726 sola
2653 1672 2925 1729 voluntas
2946 1675 3261 1744 sufficeret,
3286 1694 3656 1749 nequaquam

2006 1755 2162 1811 idem
2192 1757 2503 1827 Apostolus
2534 1759 2673 1815 alibi
2705 1761 2957 1819 diceret:
2992 1765 3055 1819 Et
3084 1767 3276 1833 gratia
3307 1768 3423 1837 ejus
3469 1768 3531 1822 in
3572 1783 3662 1822 me

299 1848 622 1921 Sequitur:
660 1853 821 1915 Eum,
880 1850 977 1920 qui
1004 1864 1115 1905 non
1171 1853 1405 1904 noverat
1455 1859 1760 1921 peccatum,
1790 1868 1897 1923 pro
1925 1886 1974 1951 B
2008 1860 2189 1951 vacua‘
2211 1861 2321 1944 πίση
2351 1848 2462 1917 fuit
2489 1849 2535 1919 (Ι
2567 1849 2687 1904 Cor.
2717 1867 2807 1917 xv,
2844 1853 2952 1923 10).

222 1939 384 1994 nobis
410 1940 701 2009 peccatum
734 1939 887 2009 fecit.
920 1939 1029 1993 Sed
1062 1938 1447 2010 quaerendum
1477 1945 1568 1995 est
1598 1958 1779 2012 quare
1810 1942 1896 1995 di-

233 2032 329 2083 cat
358 2042 372 2081 :
408 2032 701 2082 Peccatum
720 2028 871 2097 fecit,
905 2043 1036 2081 cum
1072 2028 1143 2082 de
1174 2026 1275 2083 illo
1306 2029 1591 2100 scriptum
1651 2031 1762 2086 sit:
1798 2032 1906 2098 Qui

234 2119 526 2190 peccatum
556 2131 673 2171 non
700 2118 831 2185 fecit
861 2116 987 2187 (Isa.
1022 2133 1141 2185 L111,
1165 2117 1200 2169 9
1220 2134 1240 2178 ;
1275 2118 1299 2172 Ι
1326 2118 1469 2173 Petr.
1507 2135 1570 2186 II,
1598 2120 1711 2186 22),
1745 2123 1853 2173 etc.
1887 2135 1899 2173 :

237 2205 341 2260 sed
372 2202 514 2259 talis
546 2208 638 2258 est
658 2219 871 2259 sensus
895 2221 907 2258 :
943 2203 1251 2259 Peccatum
1277 2221 1378 2275 pro
1403 2205 1573 2261 nobis
1602 2207 1903 2278 fecit,quia

237 2292 500 2350 hostiam
533 2292 705 2347 illum
750 2308 853 2364 pro
901 2294 1154 2363 peccatis
1212 2294 1431 2349 nostris
1490 2295 1720 2351 obtulit.
1753 2295 1899 2350 Nam

230 2383 453 2449 hostia,
488 2398 621 2453 quae
655 2398 759 2453 pro
793 2386 1028 2453 peccato
1059 2382 1119 2436 in
1143 2381 1327 2437 Veteri
1360 2383 1732 2439 Testamento
1761 2384 1899 2440 olfe-

230 2474 497 2536 rebatur,
534 2474 847 2543 peccatum
881 2470 1204 2525 dicebatur.
1237 2471 1406 2541 Item,
1457 2479 1761 2544 peccatum
1796 2490 1899 2545 pro

231 2561 402 2617 nobis
434 2560 596 2626 fecit,
634 2559 775 2631 quia
807 2575 910 2630 per
940 2576 1197 2628 carnem,
1227 2559 1285 2614 id
1308 2564 1417 2625 est,
1445 2577 1548 2632 per
1569 2560 1903 2616 similitudi-

229 2666 363 2705 nem
397 2648 601 2704 carnis
631 2647 853 2719 peccati
905 2648 1220 2703 habentem
1272 2648 1330 2703 in
1392 2650 1560 2705 nobis
1593 2655 1897 2723 peccatum

231 2738 560 2794 damnavit.
594 2736 760 2792 Unde
784 2736 941 2792 idem
969 2736 1283 2808 Apostolus
1315 2736 1452 2793 alibi
1480 2756 1492 2794 :
1542 2740 1774 2809 Mittens,
1808 2740 1897 2793 in-

231 2829 385 2901 quit,
422 2830 564 2883 Deus
589 2828 796 2882 Filium
814 2843 973 2881 suum
1006 2828 1068 2881 in
1095 2827 1520 2884 similitudinem
1557 2831 1745 2885 carnis
1770 2844 1895 2900 pec-

227 2921 339 2974 cati
369 2919 557 2991 (Rom.
591 2932 718 2983 vm,
751 2917 829 2989 3),
862 2920 969 2972 etc.

308 3010 375 3065 Ut
405 3023 514 3063 nos
542 3007 891 3078 e/ﬁceremur
911 3006 1135 3078 justitia
1172 3007 1273 3060 Dei
1302 3008 1363 3061 in
1392 3008 1529 3078 ipso,
1563 3008 1672 3064 hoc
1722 3013 1810 3064 est
1838 3010 1897 3065 in

232 3098 518 3164 Ecclesia,
554 3113 687 3167 quae
717 3098 809 3151 est
837 3111 1050 3167 corpus
1081 3095 1231 3164 ejus,
1266 3096 1437 3165 cujus
1496 3097 1672 3152 etiam
1725 3103 1899 3169 caput

230 3186 363 3259 ipse
391 3190 504 3241 est.
538 3186 709 3251 Nota,
741 3184 881 3256 quia
902 3183 1196 3255 justitiam
1222 3184 1317 3239 Dei
1340 3185 1499 3241 dicit.
1527 3186 1712 3259 Judaei
1735 3203 1895 3241 nam-

2086 1932 2284 1988 Voluit
2313 1952 2566 2007 namque
2586 1939 2898 2009 Apostolus
2922 1956 3090 1995 suam
3110 1942 3506 1999 narrationem
3529 1961 3664 1999 con-

2014 2022 2250 2078 ﬁrmare
2274 2024 2561 2096 exemplo,
2585 2026 2831 2099 ideoque
2854 2030 3153 2100 subjuxit:
3187 2032 3269 2085 ait
3295 2033 3661 2099 (subaudias,

2014 2111 2219 2182 Isaias)
2247 2129 2258 2168 :
2298 2114 2551 2184 Tempore
2580 2125 2801 2184 accepto
2831 2118 3099 2173 exaudiui
3126 2127 3177 2174 te
3215 2120 3343 2190 (Isa.
3394 2137 3546 2189 XLIX,
3580 2122 3661 2193 8),

2012 2203 2123 2254 etc.
2158 2200 2416 2272 Tempus
2446 2204 2659 2275 quippe
2693 2212 3016 2278 acceptum,
3048 2212 3105 2263 et
3125 2207 3279 2263 diem
3303 2208 3664 2277 salutis,sta-

2014 2292 2141 2342 tum
2174 2290 2429 2361 appellat
2458 2293 2589 2346 vita:
2622 2295 2944 2364 praesentis,
2975 2296 3032 2350 in
3067 2312 3184 2367 qua
3208 2286 3461 2369 quisque
3490 2315 3660 2353 suam

2011 2381 2206 2446 potest
2235 2380 2461 2450 operari
2494 2381 2768 2438 salutem.
2805 2385 2932 2456 Ipse
2983 2403 3258 2457 namque,
3317 2388 3473 2459 quod
3507 2392 3664 2443 esset

2011 2465 2123 2521 hoc
2152 2470 2409 2539 tempus,
2442 2472 2728 2541 exposuit,
2784 2489 2918 2529 cum
2978 2475 3320 2546 subjunxit:
3353 2478 3487 2533 Ecce
3512 2492 3665 2532 nunc

2010 2561 2221 2626 tempus
2251 2561 2604 2628 acceptabile,
2636 2564 2744 2617 etc.
2779 2563 2948 2633 (726).
2973 2564 3104 2619 Ecce
3130 2580 3283 2621 nunc
3330 2565 3491 2633 dicit,
3526 2582 3660 2637 pro-

2010 2648 2140 2715 pter
2156 2650 2391 2717 tempus
2411 2647 2728 2705 Dominicis
2753 2652 3195 2721 lncarnationis,
3211 2654 3352 2726 quia
3373 2654 3662 2727 propheta

2008 2732 2080 2786 de
2103 2732 2199 2789 illo
2224 2735 2569 2805 praedixerat
2591 2738 2647 2793 in
2669 2756 2916 2811 persona
2938 2742 3038 2796 Dei
3071 2742 3454 2816 Patris,quasi
3478 2742 3659 2799 dixis-

2008 2824 2133 2876 set:
2164 2825 2415 2893 Tempore
2435 2831 2678 2895 accepto,
2701 2829 2760 2885 id
2789 2836 2875 2886 est
2904 2832 3031 2886 Filii
3063 2832 3175 2889 mei
3210 2834 3655 2890 Incarnationis.

2009 2908 2529 2969 Przedestinaverat
2558 2932 2814 2988 namque
2843 2919 2997 2975 Deus
3028 2921 3197 2975 Pater
3228 2923 3480 2977 maxime
3507 2927 3655 2977 tem-

2007 3014 2145 3068 pore
2177 3000 2598 3059 Incarnationis
2630 3006 2913 3077 unigeniti
2953 3007 3075 3061 Filii
3124 3010 3240 3075 sui,
3290 3013 3561 3080 gratiam,
3595 3013 3653 3064 et

2006 3086 2254 3143 salutem
2288 3094 2562 3159 praestare
2586 3094 2978 3150 credentibus.
3010 3098 3159 3152 Huic
3181 3096 3481 3153 salutifero
3502 3101 3651 3153 tem-

2006 3175 2131 3245 pori
2158 3181 2216 3231 et
2244 3176 2356 3230 diei
2388 3181 2647 3235 succedit
2668 3198 2800 3248 nox,
2832 3183 2892 3238 in
2922 3200 3039 3254 qua
3067 3202 3240 3240 nemo
3273 3187 3482 3257 poterit
3511 3202 3645 3257 ope-

230 3253 370 3347 que,
397 3274 534 3345 ipsa
563 3289 732 3329 suam
786 3273 1190 3344 exquisierunt
1226 3258 1546 3344 justitiam,
1608 3293 1722 3330 non
1755 3280 1892 3331 sunt
1923 3253 1966 3321 (ἶ
2006 3263 2142 3330 fari.
2191 3264 2263 3318 de
2308 3281 2426 3336 qua
2474 3267 2759 3325 Dominus
2806 3273 2864 3326 in
2918 3272 3264 3346 Evangelio:
3321 3277 3502 3330 Veniet
3537 3290 3651 3329 non:

227 3363 430 3420 effecti
457 3362 690 3434 justitia
721 3361 847 3428 Dei,
880 3361 1017 3433 quia
1048 3378 1163 3416 non
1217 3368 1356 3419 sunt
1401 3365 1575 3419 etiam
1622 3366 1889 3435 subjecti.

224 3453 342 3510 Dei
376 3450 525 3506 dicit
546 3451 862 3523 justitiam,
897 3467 1011 3506 non
1041 3455 1327 3521 nostram,
1355 3453 1492 3508 etin
1514 3453 1661 3525 ipsa,
1695 3472 1809 3510 non
1833 3456 1892 3511 in

226 3540 449 3608 nobis;
484 3540 623 3612 quia
650 3542 804 3595 sicut
852 3538 977 3611 ipse
1026 3544 1329 3611 peccatum
1389 3558 1504 3596 non
1561 3559 1760 3609 suum,
1791 3545 1889 3600 sed

228 3637 534 3702 nostrum,
569 3636 626 3685 et
656 3646 772 3685 non
805 3629 865 3684 in
898 3646 980 3695 se,
1013 3631 1115 3685 sed
1148 3631 1205 3685 in
1240 3631 1408 3687 nobis
1440 3633 1628 3688 factus
1669 3638 1777 3701 est,
1809 3635 1893 3690 sic

229 3728 287 3778 et
319 3738 432 3777 nos
464 3721 595 3791 ejus
615 3718 881 3790 justitia,
913 3735 1026 3774 non
1058 3724 1280 3788 nostra,
1312 3724 1368 3774 et
1399 3720 1458 3774 in
1490 3721 1640 3791 ipsa,
1688 3739 1802 3778 non
1834 3724 1892 3777 in

232 3810 409 3868 nobis
442 3807 582 3863 facti
611 3823 843 3862 sumus.
886 3807 1097 3862 Beatus
1140 3824 1273 3863 vero
1320 3810 1684 3881 Augustinus
1731 3811 1890 3882 dicit,

234 3900 379 3973 quia
404 3899 469 3954 in
501 3896 806 3953 mendosis
836 3897 1268 3969 exemplaribus
1300 3897 1592 3954 invenitur
1621 3899 1705 3954 sic
1749 3900 1893 3956 scri-

231 3997 407 4062 ptum
435 4008 449 4042 :
484 3992 645 4055 Eum,
672 3988 771 4057 qui
787 4002 899 4042 non
926 3995 1149 4043 noverat
1186 3997 1485 4058 peccatum,
1520 3993 1629 4044 etc.
1658 4006 1670 4055 ;
1705 3988 1764 4043 in
1794 4006 1893 4045 ve-

234 4077 570 4134 racioribus
599 4094 770 4133 vero:
808 4077 913 4145 Qui
940 4093 1053 4133 non
1100 4085 1325 4131 noverat
1364 4085 1669 4148 pecculum,
1716 4080 1893 4147 factus

231 4177 312 4224 est
338 4176 634 4240 peccatum
660 4185 674 4235 ;
706 4167 803 4222 sed
838 4184 952 4223 non
975 4164 1437 4222 estcontrarium
1461 4166 1615 4237 quod
1638 4164 1887 4238 legitur:

227 4258 377 4312 Eum
407 4257 513 4328 qui
540 4271 650 4311 non
677 4262 928 4321 noverat,
978 4255 1028 4310 si
1076 4254 1382 4327 superiora
1426 4253 1888 4311 consideremus.

230 4344 531 4417 Superius
560 4344 719 4399 enim
748 4344 820 4399 de
848 4348 1017 4399 Patre
1046 4343 1278 4399 locutus
1308 4348 1415 4411 est,
1472 4343 1671 4398 dicens
1697 4361 1709 4398 :
1744 4349 1893 4400 Deus

233 4442 359 4490 erat
390 4437 454 4489 in
484 4435 727 4502 Christo,
760 4439 818 4490 et
850 4433 1083 4503 similia,
1118 4438 1176 4489 et
1226 4434 1297 4489 de
1336 4433 1464 4504 ipso
1495 4432 1672 4488 dicit:
1701 4436 1889 4503 Fecit;

233 4524 286 4579 si
316 4540 460 4580 vero
484 4522 714 4595 legatur
742 4523 1112 4579 solummodo
1132 4541 1145 4578 :
1169 4525 1274 4592 Qui
1292 4540 1407 4577 non
1426 4523 1892 4589 noverat,melius

2002 3354 2190 3419 (Joan.
2222 3371 2339 3419 xxx,
2372 3354 2446 3425 4),
2480 3360 2590 3410 etc.
2616 3357 2760 3414 Hinc
2781 3365 2840 3415 et
2872 3359 3148 3417 Salomon
3174 3380 3187 3418 :
3237 3364 3405 3432 Piger
3431 3371 3650 3435 propter

2000 3442 2183 3511 frigus
2212 3459 2380 3498 arare
2405 3445 2591 3502 noluit
2619 3451 2801 3514 (Prov.
2826 3466 2918 3519 xx,
2944 3451 3021 3519 4),
3049 3455 3158 3506 etc.
3186 3470 3199 3518 ;
3224 3456 3281 3507 et
3304 3451 3441 3508 item
3466 3467 3479 3506 :
3509 3452 3649 3508 Vade

2000 3528 2071 3583 ad
2098 3532 2413 3599 formicam,
2447 3549 2476 3589 ο
2503 3536 2660 3605 piger
2687 3538 2871 3603 (Prov.
2905 3555 2981 3609 vr,
3012 3541 3092 3610 6),
3124 3545 3235 3597 etc.

2074 3618 2382 3690 Sequitur:
2416 3622 2636 3679 Nemini
2662 3625 2869 3698 dantes,
2922 3627 2980 3682 id
3028 3633 3137 3695 est,
3189 3633 3308 3685 tam
3361 3628 3646 3696 fidelium,

2002 3724 2180 3778 quam
2215 3708 2563 3777 inﬁdelium,
2592 3715 2929 3772 Judzeorum
2953 3717 3239 3787 videlicet,
3264 3724 3321 3775 et
3349 3717 3645 3775 Gentium.

2004 3797 2183 3853 Ullam
2207 3799 2559 3868 offensionem
2587 3802 2731 3859 dicit
2759 3809 2878 3860 tam
2912 3807 2969 3861 in
3002 3808 3196 3879 parvis
3228 3807 3420 3875 malis,
3469 3824 3647 3880 quam

2004 3883 2062 3939 in
2098 3885 2346 3956 magnis.
2379 3888 2688 3958 Sequitur:
2725 3893 2789 3947 Ut
2843 3909 2955 3948 non
3006 3897 3353 3967 vituperetur
3397 3897 3648 3951 ministe-

2000 3974 2149 4027 rium
2179 3976 2447 4030 nostrum.
2493 3978 2653 4032 Tunc
2701 3980 2857 4035 enim
2906 3982 3361 4055 vituperaretur,
3403 3982 3451 4039 si
3483 3982 3652 4038 aliter

2002 4077 2181 4133 quam
2208 4062 2598 4133 praedicabant
2617 4066 3273 4142 viverent.Vituperatur
3292 4071 3467 4126 etiam
3490 4087 3647 4126 nunc

2001 4149 2315 4205 Christiani
2366 4151 2777 4220 ministerium,
2830 4157 2879 4212 si
2940 4158 3125 4227 aliter,
3191 4175 3368 4231 quam
3420 4159 3643 4225 deceat,

2000 4238 2173 4293 vivat.

2071 4328 2512 4400 Sequitur:Sed
2570 4334 2629 4388 in
2681 4337 2934 4394 omnibus
2987 4338 3341 4395 exhibeamus
3388 4342 3646 4393 nosmeti-

1996 4434 2143 4489 psos,
2175 4422 2285 4472 etc.
2317 4416 2463 4475 Nota
2494 4422 2633 4493 quia
2664 4440 2776 4479 non
2809 4426 2972 4496 dicit,
3006 4428 3064 4482 in
3125 4427 3501 4498 quibusdam,
3543 4426 3643 4482 sed

2000 4509 2061 4563 in
2091 4508 2363 4563 omnibus.
2387 4509 2536 4565 Sunt
2568 4513 2855 4581 nonnulli,
2880 4516 2981 4587 qui
3004 4516 3403 4572 suntstudiosi
3429 4515 3487 4570 in
3511 4531 3643 4586 par-

232 4617 437 4681 sonat,
461 4612 746 4682 factusest,
774 4628 949 4684 quam
971 4613 1117 4683 fecit.
1140 4611 1288 4667 Illud
1316 4616 1511 4668 tamen
1543 4615 1889 4684 notandum,
1924 4626 1970 4691 D
2000 4598 2089 4652 vis
2110 4596 2479 4691 solummodo
2512 4600 2699 4669 bonis,
2732 4603 2830 4657 alii
2864 4621 2997 4659 vero
3027 4608 3257 4658 tantum
3284 4604 3341 4659 in
3377 4604 3641 4675 magnis:

234 4718 431 4773 quare
464 4700 652 4757 dicat:
683 4703 799 4773 Qui
816 4718 931 4755 non
960 4711 1204 4757 noverat.
1234 4701 1293 4757 Si
1327 4719 1440 4758 non
1474 4707 1729 4771 noverat,
1760 4722 1899 4776 quo-

236 4792 423 4847 modo
456 4791 805 4848 ﬁducialiter
833 4792 1160 4864 arguebat?
1182 4793 1293 4848 Sed
1316 4794 1555 4849 omnino
1578 4810 1897 4865 possumus

236 4880 443 4935 dicere
466 4885 724 4948 noverat,
758 4884 815 4936 et
834 4896 947 4936 non
979 4885 1236 4936 noverat.
1269 4882 1763 4951 Noveratquidem
1797 4899 1898 4955 per

231 4969 625 5042 sapientiam,
649 4969 751 5026 sed
775 4985 890 5025 non
923 4975 1158 5025 noverat
1188 4987 1291 5042 per
1319 4970 1754 5042 experientiam.
1789 4971 1893 5027 Cui

230 5059 482 5116 credere
514 5059 715 5116 debuit
744 5058 972 5132 primus
993 5059 1168 5115 homo
1188 5059 1215 5113 ?
1235 5059 1379 5114 Huic
1403 5060 1655 5126 credere,
1686 5064 1750 5114 ut
1778 5077 1894 5117 non

228 5154 591 5222 agnosceret
612 5153 919 5221 peccatum
952 5164 1054 5219 per
1085 5147 1500 5218 experientiam
1526 5162 1539 5200 :
1572 5146 1669 5217 qui
1697 5146 1747 5202 si
1776 5165 1893 5205 non

219 5236 499 5305 fecisset,
534 5236 695 5293 nullo
728 5237 900 5292 modo
931 5236 1285 5308 agnovisset.

308 5325 471 5395 (Car.
504 5324 620 5397 Vl.)
650 5326 798 5398 (725)
823 5325 1102 5396 Sequitur
1125 5340 1137 5380 :
1159 5323 1500 5395 Adjuvantes
1528 5327 1738 5394 autem,
1779 5330 1890 5381 etc.

218 5413 476 5471 Dixerat
504 5414 777 5486 superius
808 5429 870 5468 se
903 5411 1318 5480 ministerium,
1344 5417 1400 5468 et
1420 5412 1663 5469 verbum
1688 5430 1891 5470 recon-

221 5502 557 5561 ciliationis
587 5502 903 5575 accepisse,
932 5503 1148 5573 et‘ideo
1192 5518 1293 5572 pro
1340 5501 1567 5559 Christo
1600 5502 1891 5576 legatione

313 5718 562 5793 (725-26)
590 5719 652 5777 In
681 5721 877 5791 autog.
906 5731 1092 5791 marg.
1128 5715 1223 5776 hic
1260 5716 1475 5791 legitur
1521 5731 1648 5788 cap.
1681 5713 1885 5777 XVIII.

2007 4692 2138 4749 ideo
2163 4692 2339 4748 dicit:
2360 4686 2423 4747 In
2451 4691 2719 4747 omnibus.
2744 4692 2843 4746 Dei
2866 4692 3081 4764 quippe
3111 4692 3381 4748 minister
3424 4691 3485 4747 in
3519 4708 3645 4747 om-
3682 4740 3685 4745 .

2006 4784 2181 4839 nibus
2212 4799 2275 4840 se
2298 4783 2377 4837 ita
2395 4780 2646 4847 exhibet,
2673 4787 2737 4837 ut
2760 4786 2869 4837 Deo
2892 4782 3117 4854 placere
3137 4783 3345 4854 possit.
3379 4786 3525 4856 Ergo
3547 4783 3649 4854 qui

2006 4875 2377 4946 sapientiam,
2410 4876 2512 4929 aut
2540 4872 2795 4940 divitias,
2830 4876 2933 4927 aut
2984 4875 3207 4940 caetera,
3269 4888 3395 4944 quae
3450 4889 3483 4927 a
3530 4871 3647 4927 Deo

2005 4964 2241 5030 dantur,
2276 4964 2467 5031 habet,
2491 4963 2571 5018 ita
2596 4960 2896 5018 studiosus
2924 4961 2982 5015 in
3013 4960 3132 5016 illis
3173 4961 3403 5032 existat,
3424 4966 3489 5016 ut
3530 4960 3646 5014 Deo

2003 5052 2232 5127 placere
2261 5055 2454 5125 queat.
2488 5050 2763 5123 Sequitur
2788 5066 2800 5105 :
2834 5052 2897 5105 In
2925 5042 3115 5104 multa'
3150 5051 3447 5121 patientia.
3476 5047 3642 5112 Nota,

2004 5144 2143 5214 quia
2173 5158 2289 5197 non
2321 5139 2461 5195 dicit
2490 5139 2550 5194 in
2581 5137 2879 5211 patientia,
2912 5139 3012 5195 sed
3044 5138 3104 5192 in
3130 5138 3335 5193 multa.
3366 5136 3512 5190 Nam
3544 5133 3645 5188 ubi

2004 5231 2191 5287 multa
2220 5234 2360 5286 sunt
2388 5229 2650 5297 adversa,
2674 5228 2861 5283 multa
2882 5226 3209 5283 necessaria
3227 5228 3317 5281 est
3341 5220 3643 5293 patientia,

2002 5321 2147 5384 Quia
2169 5337 2385 5392 magna
2406 5319 2643 5391 quidem
2664 5318 2849 5373 virtus
2870 5322 2959 5373 est
2978 5313 3276 5387 patientia,
3300 5328 3418 5383 qua
3438 5311 3645 5367 salvati

2000 5414 2141 5465 sunt
2170 5408 2456 5465 Corinthii
2481 5429 2496 5480 ς
2530 5409 2668 5481 quia
2698 5407 2811 5465 nisi
2843 5406 3125 5477 patienter
3141 5417 3242 5456 eos
3260 5398 3642 5456 sustinuisset

1995 5498 2333 5571 Apostolus,
2362 5514 2511 5570 quos
2530 5498 2590 5555 in
2616 5496 2795 5555 tantis
2820 5492 3054 5563 flagitiis
3077 5489 3637 5563 receperat,omnino
