4060 6164
405 388 408 392 ί
434 322 552 388 44⁸1

1455 325 1798 398 ATTONIS
1842 324 2424 390 VERCELLENSIS
2469 325 2818 392 EPISCOPI

3721 327 3835 388 “8

409 459 692 538 perirent
712 475 733 523 ,-
757 455 1036 529 patientia
1053 463 1248 516 autem
1279 460 1377 516 Dei
1410 463 1669 520 mundus
1687 463 1942 520 salvatus
1962 468 2070 520 est.
2104 461 2158 528 Α
2187 461 2432 518 beamus
2462 477 2568 517 nos
2599 461 2657 516 in
2690 459 2965 516 omnibus
2994 459 3056 515 in
3083 457 3297 515 virtute
3330 457 3450 524 Dei,
3473 456 3584 515 hoc
3606 461 3722 523 est,
3743 475 3836 532 per

437 547 746 617 Sequitur:
772 547 833 601 In
858 549 1583 607 tribulationibusMultum
1602 553 1817 625 quippe
1838 554 2082 610 tribula-

435 636 672 700 bantur,
705 638 805 692 sed
835 655 868 693 a
899 639 1012 694 Deo
1046 639 1114 693 de
1138 639 1617 698 tribulationibus
1639 645 2083 700 eruebantur.In

432 727 867 784 necessitatibus.
893 732 1136 784 Necesse
1158 731 1377 803 quippe
1406 737 1549 799 erat,
1585 737 1649 788 ut
1680 736 1852 790 etiam
1887 735 1944 790 in
1977 736 2081 790 tri-

435 814 839 872 bulationibus
861 818 1236 889 Evangelium
1262 822 1646 891 praedicarent
1662 841 1674 891 ;
1691 825 1809 879 sive
1823 827 1882 880 in
1902 841 2082 880 neces-

434 905 688 960 sitatibus
717 906 876 975 dicit,
910 905 1158 962 aliarum
1193 925 1411 964 rerum.
1447 914 1510 965 In
1543 914 1835 981 angustiis.
1886 916 2082 984 Angu-

437 993 768 1049 stiabantur
787 994 1002 1066 quippe
1025 996 1270 1052 diversis
1284 1001 1920 1069 persecutionibus,sed
1937 1003 2082 1057 dila-

437 1081 714 1136 tabantur
737 1098 838 1154 spe
870 1083 1034 1156 regni
1067 1084 1335 1143 caelestis.
1398 1088 1707 1159 Sequitur:
1770 1093 1829 1146 In
1879 1093 2081 1163 plagis.

434 1176 625 1248 Plagae
649 1177 948 1243 dicuntur,
973 1181 1137 1250 quasi
1169 1182 1351 1254 ﬂagze,
1378 1201 1444 1240 eo
1471 1187 1624 1255 quod
1650 1186 1786 1241 ﬂatu
1813 1189 2082 1259 ingeran-

433 1271 552 1321 tur.
584 1267 730 1321 Nam
764 1268 918 1338 quod
950 1269 1196 1325 diversis
1227 1272 1414 1343 plagis
1439 1274 1610 1328 fuerit
1635 1276 1895 1342 attritus,
1928 1279 2081 1334 idem

433 1356 560 1427 ipse
590 1355 944 1422 manifestat,
978 1374 1109 1413 cum
1143 1360 1320 1416 dicit:
1361 1365 1456 1417 Ter
1519 1365 1689 1435 virgis
1743 1381 1914 1423 caesus
1958 1385 2082 1423 sum

435 1446 505 1515 (II
529 1445 649 1499 Cor.
677 1462 756 1510 χι,
783 1446 875 1511 25)
891 1463 911 1506 ,ο
943 1451 1000 1500 et
1021 1446 1157 1502 item
1187 1467 1199 1504 :
1234 1451 1534 1522 Quinquies
1563 1455 1950 1524 quadragenas
1970 1475 2084 1512 una

436 1533 624 1587 minus
642 1535 825 1603 accepi
843 1536 1026 1603 (Ibid.,
1040 1538 1150 1600 24).
1175 1541 1236 1594 1η
1257 1542 1584 1597 carceribus.
1610 1544 1754 1598 Nam
1785 1547 1938 1616 quod
1959 1547 2084 1617 ipse

437 1619 498 1675 in
521 1621 856 1678 carceribus
878 1623 1052 1680 fuerit
1074 1626 1359 1694 reclusus,
1384 1629 1534 1685 liber
1553 1633 1827 1688 Actorum
1850 1639 2081 1706 aposto-

439 1707 632 1764 lorum
663 1712 940 1767 ostendit.
970 1714 1285 1785 Sequitur:
1320 1720 1381 1774 In
1426 1719 1809 1778 seditionibus.
1862 1723 2082 1779 Seditio

438 1797 647 1852 attinet
677 1799 746 1853 ad
781 1799 960 1865 cives,
992 1802 1208 1859 bellum
1242 1807 1309 1861 ad
1344 1806 1563 1864 hostes.
1597 1812 1814 1866 Seditio
1844 1812 2082 1880 dicitur,

437 1903 504 1942 eo
527 1888 683 1958 quod
707 1889 858 1944 cives
881 1890 1032 1946 inter
1060 1909 1122 1948 se
1151 1893 1495 1952 dissidendo
1527 1899 1824 1955 dimicent.
1845 1901 1913 1955 Et
1927 1897 2104 1971 quod

408 2021 414 2026 .
438 1975 646 2030 seditio
669 1977 844 2032 fuerit
874 1983 1000 2034 orta
1018 1981 1295 2040 adversus
1317 2001 1472 2052 eum,
1499 1989 1772 2058 praefatus
1793 1989 1939 2044 liber
1957 2007 2080 2044 ma-

439 2064 696 2120 nifestat.
721 2066 1035 2138 Sequitur:
1069 2074 1137 2126 In
1170 2072 1472 2130 laboribus.
1508 2077 1569 2130 In
1599 2077 1898 2134 laboribus
1929 2084 2084 2146 se,ut

438 2153 539 2208 Dei
572 2153 906 2212 ministrum
939 2159 1224 2226 exhibuit,
1258 2165 1396 2233 quia
1425 2166 1537 2220 sibi
1592 2166 1789 2223 cibum
1831 2169 2081 2240 propriis

440 2257 724 2296 manuum
757 2242 1057 2302 laboribus
1089 2250 1443 2321 acquirebat,
1495 2253 1614 2309 sive
1659 2255 1718 2310 in
1751 2258 2083 2329 evangelica

439 2327 849 2398 praedicatione
907 2332 1228 2402 plurimum
1286 2338 1607 2404 laborabat,
1665 2327 1979 2414 Sequitur:
2019 2349 2079 2402 In

439 2417 668 2486 vigiliis.
699 2417 993 2490 Vigilabat
1023 2440 1276 2496 namque
1324 2445 1426 2500 per
1472 2435 1675 2487 noctes
1714 2433 1889 2488 etiam
1920 2435 2082 2492 labo-

439 2506 646 2570 rando,
679 2511 741 2562 ut
762 2508 872 2564 sibi
899 2511 1094 2567 cibum
1119 2517 1443 2586 acquireret
1467 2535 1480 2583 ;
1504 2518 1590 2573 vel
1609 2525 1761 2576 certe
1781 2522 2082 2595 vigilabat,

437 2595 578 2667 quia
600 2613 712 2652 non
738 2599 881 2653 satis
902 2606 1027 2656 erat
1046 2601 1128 2656 illi
1153 2621 1255 2674 per
1274 2606 1398 2662 dies
1416 2608 1745 2678 praedicare,
1771 2611 1884 2667 nisi
1905 2613 2080 2669 etiam

439 2683 810 2772 praedicando
835 2692 1035 2743 noctes
1057 2691 1364 2763 pervigiles
1394 2695 1649 2752 duceret.
1674 2697 1838 2754 Unde
1866 2699 2082 2772 legitur

437 2769 498 2825 in
519 2772 760 2828 Actibus
790 2776 1222 2845 apostolorum:
1255 2781 1418 2848 Quia,
1451 2800 1585 2840 cum
1633 2798 1804 2843 nocte
1844 2769 2080 2860 proten-

440 2859 601 2915 deret
632 2877 986 2932 sermonem,
1010 2867 1248 2937 quidam
1279 2888 1424 2943 puer
1442 2875 1649 2932 cecidit
1669 2877 1739 2934 de
1761 2859 2080 2948 ccehaculo,

443 2953 501 3004 et
532 2954 798 3007 mortuus
854 2959 944 3010 est
969 2957 1104 3024 (Act.
1138 2975 1232 3029 xx,
1264 2961 1341 3033 9).
1375 2963 1692 3036 Sequitur:
1727 2969 1786 3022 In
1823 2968 2080 3041 jejuniis.

439 3045 722 3104 Videlicet
740 3054 858 3105 tam
893 3052 952 3108 in
985 3059 1344 3126 spontaneis,
1368 3077 1544 3132 quam
1570 3067 1626 3118 et
1647 3069 2083 3133 necessariis,in

443 3136 662 3207 quibus
679 3140 942 3213 utrisque
964 3143 1080 3199 Deo
1099 3147 1320 3216 gratias
1352 3150 1651 3208 referebat.
1687 3155 1966 3227 Sequitur
1987 3174 2000 3212 :
2020 3160 2084 3213 In

2191 551 2467 605 virtutem
2495 569 2508 609 :
2544 551 2681 622 quia
2712 551 2928 606 nostris
2957 549 3180 604 viribus
3211 565 3326 604 non
3357 565 3704 620 possumus,
3727 548 3836 605 sive

2193 640 2264 695 ad
2298 639 2593 707 inferiora,
2616 642 2673 695 in
2707 643 2905 696 virtute
2935 641 3030 695 Dei
3057 656 3156 711 per
3184 655 3344 694 arma
3364 641 3597 710 justitiw
3642 656 3678 694 a
3708 639 3837 695 dea:-

2193 731 2368 796 tris,et
2398 747 2432 785 a
2459 732 2702 786 sinistris
2734 729 2920 785 simus
2953 728 3302 801 przeliantes.
3335 731 3514 783 Arma
3542 728 3835 798 dicuntur,

2193 835 2258 874 eo
2287 820 2438 890 quod
2475 819 2743 874 minuant
2767 835 2983 886 armos,
3016 834 3265 890 quorum
3285 819 3403 872 duo
3429 823 3572 872 sunt
3592 834 3835 888 genera:

2199 924 2382 962 unum
2406 924 2520 978 quo
2545 907 2761 975 tegitur
2781 924 2982 962 armus
3007 925 3020 974 ;
3046 905 3315 974 alterum,
3341 923 3457 978 quo
3475 907 3724 961 caeditur
3742 906 3839 961 ini-

2195 998 2403 1051 micus.
2434 1000 2500 1050 Et
2521 997 2660 1067 quia
2676 1001 2796 1051 tam
2823 997 2880 1050 in
2901 997 3050 1051 bono
3075 1012 3252 1066 quam
3269 999 3328 1051 et
3353 995 3412 1050 in
3436 995 3592 1050 malo
3612 1012 3838 1067 ponun-

2193 1092 2310 1155 tur,
2345 1087 2474 1142 ideo
2508 1085 2770 1141 addidit:
2805 1087 3068 1142 Iustitiae.
3092 1086 3242 1158 Ergo
3274 1100 3378 1158 per
3407 1102 3573 1140 arma
3594 1087 3836 1156 justitite

2195 1176 2355 1236 dicit.
2381 1176 2436 1230 id
2461 1181 2571 1240 est,
2606 1191 2706 1246 per
2736 1175 2962 1246 copiam
2994 1175 3300 1229 virtutum.
3335 1174 3556 1230 Dextra:
3582 1175 3834 1243 nomine,

2194 1281 2509 1336 prospera;
2535 1264 2787 1319 sinistrae
2817 1280 2950 1319 vero
2983 1263 3297 1336 signiﬁcari
3329 1264 3592 1330 adversa,
3625 1281 3836 1319 secun-

2193 1355 2333 1409 dum
2361 1370 2578 1408 morem
2599 1370 2776 1408 sacrm
2796 1354 3108 1423 Scriptura:
3123 1351 3332 1407 solent.
3354 1353 3467 1407 Iste
3487 1369 3644 1422 ergo,
3666 1351 3838 1410 veluti

2193 1441 2552 1497 fortissimus
2585 1441 2753 1497 miles
2786 1441 2966 1496 armis
3001 1441 3288 1508 munitus,
3321 1440 3473 1496 inter
3493 1458 3717 1498 cuneos
3749 1442 3840 1497 ho-

2193 1531 2373 1587 stium
2400 1531 2842 1596 incedens,hinc
2864 1530 3388 1600 indeladversarios
3408 1532 3836 1601 prosternebat;

2191 1622 2333 1692 quia
2363 1638 2553 1692 neque
2583 1622 2916 1693 erigebatur
2947 1619 3266 1692 prosperis,
3297 1635 3487 1691 neque
3513 1620 3838 1691 [dejicieba-

2189 1713 2287 1764 tur
2318 1709 2596 1764 adversis.
2631 1710 2778 1775 Quid
2800 1713 2953 1764 esset
2979 1709 3134 1780 quod
3165 1709 3330 1777 dixit,
3364 1725 3407 1763 α
3453 1709 3700 1775 dextris,
3733 1714 3782 1764 et
3807 1727 3840 1764 a

2191 1801 2455 1862 sinistris,
2517 1798 2855 1853 manifestat
2907 1797 3214 1852 subdendo
3258 1815 3270 1852 :
3330 1813 3428 1868 per
3483 1798 3746 1868 giarium,
3795 1807 3842 1852 et

2191 1889 2612 1960 ignobilitatem.
2649 1887 2771 1954 His,
2803 1887 3070 1958 inquam,
3127 1887 3230 1957 qui
3259 1886 3527 1957 gloriam,
3581 1893 3639 1942 et
3669 1888 3839 1943 decus

2190 1978 2250 2032 in
2281 1975 3048 2047 Evangeliointelligebant,
3109 1991 3171 2030 se
3228 1991 3464 2046 quoque
3528 1976 3840 2047 Apostolus

2192 2064 2790 2136 irreprehensibilem,
2823 2069 2998 2136 atque
3031 2079 3291 2120 veracem
3327 2066 3447 2120 fore
3468 2065 3836 2121 declarabat:

2191 2159 2446 2221 econtra,
2481 2153 2695 2224 quibus
2726 2153 3186 2224 dedecus,atque
3217 2153 3561 2209 inhonestae
3585 2154 3837 2224 Evange-

2191 2245 2336 2300 lium
2394 2248 2518 2300 erat
2577 2242 2755 2298 simili
2814 2243 2988 2298 modo
3049 2258 3111 2298 se
3168 2241 3748 2314 irreprehensibilem
3777 2260 3835 2298 ac

2191 2350 2452 2390 veracem
2485 2348 2614 2388 esse
2637 2333 3024 2387 monstrabat.
3053 2330 3360 2402 Sequitur:
3384 2333 3492 2386 Per
3512 2333 3835 2403 in/amiam,

2190 2432 2242 2479 et
2276 2423 2472 2478 bonam
2529 2424 2758 2492 famam.
2814 2421 2992 2477 Fama
3045 2421 3276 2488 dicitur,
3336 2437 3402 2476 eo
3461 2422 3620 2494 quod
3668 2422 3838 2477 fando

2191 2513 2482 2568 discurrat
2507 2527 2608 2582 per
2637 2526 2828 2566 aures.
2862 2511 3041 2566 Fama
3096 2515 3206 2575 est,
3267 2511 3526 2582 quandiu
3584 2527 3706 2566 non
3757 2515 3842 2566 est

2192 2600 2545 2655 manifesta:
2579 2616 2714 2654 cum
2763 2604 2958 2654 autem
3019 2599 3332 2654 manifesta
3389 2603 3500 2669 est,
3545 2600 3675 2670 jam
3722 2616 3843 2655 non

2191 2689 2366 2757 fama,
2399 2689 2500 2744 sed
2530 2705 2624 2745 res
2655 2692 2764 2744 est.
2797 2688 2868 2744 Et
2899 2692 2988 2743 est
3018 2688 3174 2744 fama
3203 2693 3327 2744 tam
3354 2689 3641 2744 bonarum
3661 2705 3844 2760 quam

2191 2782 2250 2833 et
2280 2777 2569 2832 malarum
2600 2793 2818 2832 rerum.
2878 2777 3263 2834 Credentibus
3319 2794 3452 2834 vero
3513 2778 3679 2832 bona
3727 2781 3850 2833 erat

2190 2867 2380 2932 famae,
2406 2865 2547 2938 quia
2574 2865 2775 2937 magni
2805 2865 2997 2922 meriti
3029 2881 3167 2922 eum
3209 2882 3337 2922 esse
3366 2866 3678 2933 dicebant;
3736 2882 3847 2922 non

2195 2955 2572 3012 credentibus
2597 2954 2763 3010 malae
2789 2955 2955 3010 famae
2979 2960 3126 3021 erat,
3151 2954 3291 3026 quia
3321 2955 3694 3012 seductorem
3715 2972 3845 3012 eum

2191 3060 2323 3102 esse
2346 3044 2642 3100 dicebant.
2661 3048 2793 3116 Ipse
2817 3059 2950 3100 vero
2973 3042 3197 3100 iilaesus
3217 3042 3368 3100 inter
3390 3048 3709 3116 utramque
3727 3061 3845 3117 par-

2197 3139 2316 3190 tem
2351 3133 2646 3202 incedens,
2675 3149 2863 3203 neque
2890 3133 3137 3188 istorum
3166 3131 3442 3189 laudibus
3491 3132 3844 3213 elevabatur,

439 3199 694 3283 castitate
725 3199 1063 3288 nonlsolum
1083 3199 1368 3308 Q5559,—
1386 3199 1488 3294 QQ
2118 3199 2161 3267 CI
2201 3239 2390 3317 neque
2417 3199 3197 3317 illorum-obtrectationibus
3217 3221 3716 3295 pracipitabatur.
3749 3211 3845 3280 Se-

440 3315 690 3372 cationis
717 3333 730 3372 :
763 3323 820 3374 et
852 3321 990 3391 quia
1019 3323 1295 3396 utrinque
1324 3331 1615 3396 servabat,
1669 3315 1901 3390 multos
1927 3336 1988 3390 in
2023 3353 2088 3391 se

441 3405 827 3474 adversarios,
859 3410 1112 3466 maxime
1144 3416 1658 3486 pseudoapostolos
1687 3423 1993 3479 excitabat.
2025 3426 2086 3480 In

441 3495 694 3549 scientia.
726 3498 873 3550 Nota
897 3497 1040 3568 quia
1066 3501 1371 3558 scientiam
1402 3504 1555 3560 inter
1583 3513 1788 3564 caetera
1819 3510 2087 3568 dinume-

444 3585 534 3636 rat
559 3598 571 3635 :
590 3588 992 3640 verumtamen
1009 3603 1124 3642 non
1141 3587 1536 3646 humanarum
1552 3593 2088 3670 litterarum,quam

444 3669 502 3724 in
529 3671 718 3740 prima
739 3672 1000 3743 Epistola
1023 3675 1285 3744 denotat,
1319 3680 1420 3734 sed
1452 3682 1753 3738 scientiam
1786 3669 1940 3741 dicit
1955 3705 2087 3744 sen-

447 3775 579 3848 sum
613 3759 780 3830 Legis
809 3766 868 3817 et
897 3763 1214 3837 Evangelii.
1266 3772 1334 3822 In
1392 3769 1833 3842 longanimitate.
1869 3777 2091 3848 Longa-

447 3846 644 3903 nimus
673 3849 888 3905 dicitur
915 3868 949 3906 a
977 3851 1438 3925 longanimitate.
1475 3859 1541 3914 Et
1569 3861 1784 3917 dicitur
1819 3846 2088 3936 longani-

446 3951 599 4002 mus,
633 3952 699 3991 eo
729 3940 884 4009 quod
915 3939 1157 4014 longum
1215 3945 1428 4003 habeat
1482 3949 1748 4006 animum
1798 3953 1869 4008 ad
1902 3954 2089 4011 multa

444 4033 600 4090 mala
619 4037 981 4107 perferenda.
1003 4041 1061 4095 In
1082 4044 1372 4111 suavitate,
1398 4062 1460 4102 se
1483 4047 1720 4118 quidem
1747 4050 2085 4108 ministrum

442 4123 726 4195 exhibuit,
759 4127 918 4197 quia,
949 4128 1058 4184 etsi
1091 4136 1424 4200 peccatores
1455 4134 1813 4207 increpabat,
1853 4156 2086 4196 verum-

442 4217 639 4267 tamen
672 4219 803 4283 poet
821 4219 1287 4275 emendationem
1311 4223 1486 4278 verba
1506 4225 1924 4283 exhortationis
1945 4231 2086 4285 sub-

437 4300 819 4371 jungebat,ut
840 4303 974 4360 illos
996 4307 1068 4361 de
1090 4309 1480 4366 amaritudine
1507 4314 1576 4367 ad
1599 4313 1970 4374 dilectionem
1994 4320 2087 4374 sui

444 4388 720 4443 traheret.
755 4389 900 4446 Nam
935 4391 1031 4448 ille
1061 4395 1365 4452 verissime
1396 4400 1592 4455 suavis
1623 4407 1732 4470 est,
1767 4405 1866 4475 qui
1899 4423 2088 4479 neque

441 4477 748 4533 verborum
787 4477 1034 4547 levitate,
1063 4497 1250 4554 neque
1275 4486 1488 4542 mentis
1519 4492 1909 4549 commotione
1940 4477 2086 4552 alios

2194 3313 2433 3385 quitur:
2470 3313 2532 3370 Ut
2560 3312 2882 3367 seductares
2909 3321 2962 3367 et
2996 3327 3232 3368 veraces.

2265 3437 2421 3492 Adeo
2443 3436 2819 3492 credentibus
2845 3452 3101 3505 veraces,
3135 3441 3193 3492 et
3233 3434 3432 3508 magni
3491 3436 3690 3492 meriti
3723 3452 3846 3493 esse

2195 3525 2562 3589 videbantur,
2599 3529 2663 3579 ut
2692 3525 2772 3579 dii
2803 3525 3219 3591 crederentur;
3278 3523 3620 3581 infidelibus
3651 3532 3845 3582 autem

2193 3614 2545 3670 videbantur
2572 3613 2927 3680 seductores,
2963 3615 3018 3669 id
3052 3617 3160 3682 est,
3192 3613 3550 3684 deueptores.
3607 3614 3679 3670 Et
3711 3615 3844 3686 quid

2196 3701 2435 3769 mirum,
2469 3717 2600 3756 cum
2630 3701 2700 3756 de
2733 3701 2974 3757 Domino
3023 3701 3246 3757 dictum
3278 3701 3391 3757 sit:
3425 3703 3732 3760 Recordati
3757 3722 3847 3760 su-

2194 3791 2474 3861 mus,quia
2491 3790 2742 3845 seductor
2761 3791 2857 3845 ille
2875 3791 3060 3846 adhuc
3082 3791 3268 3846 vivens
3283 3791 3492 3859 (Matth.
3527 3809 3708 3864 xxvu,
3737 3795 3848 3866 63),

2196 3886 2305 3936 etc.
2328 3877 2680 3951 ?Sequitur:
2707 3878 2862 3934 Sicut
2891 3881 2988 3950 qui
3018 3881 3209 3951 ignoti,
3241 3883 3292 3934 et
3323 3881 3551 3951 cogniti.
3617 3882 3847 3956 Cogniti

2196 3969 2413 4041 quippe
2434 3971 2600 4023 erant
2623 3967 2916 4037 fidelibus,
2939 3968 3040 4038 qui
3056 3968 3203 4023 tanti
3219 3984 3319 4024 eos
3342 3968 3622 4037 meriti,et
3652 3972 3846 4042 digni-

2194 4057 2334 4114 tatis
2364 4056 2758 4128 agnoscebant
2785 4075 2796 4124 ;
2831 4055 3013 4128 ignoti
3046 4060 3244 4112 autem
3285 4061 3450 4112 erant
3479 4058 3846 4124 infidelibus,

2197 4145 2295 4216 qui
2327 4145 2531 4216 quales
2558 4149 2772 4207 essent,
2808 4161 2923 4201 non
2954 4145 3368 4218 agnoscebant.
3388 4147 3580 4214 {Quasi
3607 4151 3848 4204 morien-

2197 4241 2291 4298 tes,
2323 4238 2433 4289 etc.
2473 4233 2617 4288 Dicit
2646 4234 2801 4290 enim
2833 4234 3236 4305 Augustinus:
3269 4235 3330 4290 In
3389 4234 3508 4290 illis
3551 4237 3734 4294 rebus
3765 4244 3851 4294 est

2195 4325 2370 4394 quasi,
2395 4322 2452 4377 in
2478 4323 2692 4395 quibus
2714 4339 2828 4378 non
2853 4327 2944 4378 est
2969 4322 3204 4390 veritas,
3229 4326 3316 4378 vel
3344 4341 3471 4396 quae
3493 4326 3846 4382 transitoria

2195 4415 2334 4468 sunt
2359 4430 2371 4480 ;
2397 4412 2895 4484 quemadmodum
2917 4411 2965 4468 si
2981 4412 3114 4484 quis
3128 4413 3430 4469 somnians
3451 4411 3612 4470 dicat
3640 4416 3849 4472 :Puta-

2196 4499 2329 4555 bam
2364 4517 2457 4556 me
2486 4516 2614 4556 esse
2639 4500 2806 4572 quasi
2839 4501 2897 4555 in
2930 4501 3185 4573 quodam
3219 4500 3364 4558 loco.
3400 4501 3501 4558 Isti
3523 4503 3695 4574 quasi
3720 4520 3847 4560 mo-

546 4564 912 4666 iracundiam
945 4576 1234 4641 provocat.
1266 4576 1331 4666 tn
1363 4574 1574 4666 Spiritu
1628 4588 1810 4635 sancto
1841 4581 2083 4652 (subau-
2116 4570 2162 4634 D
2193 4587 2407 4644 rientes
2437 4593 2624 4656 erant,
2655 4564 2798 4660 quia
2826 4589 2910 4644 ita
2942 4564 3464 4662 persequebantur,
3527 4564 3594 4646 ut
3639 4593 3713 4648 de
3745 4609 3846 4666 spe

445 4653 622 4721 ditur,
657 4655 1036 4716 exhibeamus
1068 4677 1196 4726 nos.
1227 4663 1357 4732 ejus
1384 4665 1634 4735 gratiam
1667 4675 1998 4741 sequentes,
2034 4677 2092 4728 et

443 4741 801 4801 voluntatem
821 4745 1048 4803 illiusin
1063 4751 1341 4807 omnibus
1353 4753 2086 4830 adimplentes).Sequitur:

441 4841 504 4896 In
536 4840 804 4899 charitate
831 4861 939 4900 non
963 4844 1115 4917 ficta.
1150 4847 1250 4903 Ille
1279 4849 1474 4906 fictam
1500 4850 1847 4910 charitatsm
1893 4855 2089 4923 habet,

440 4929 538 5002 qui
569 4946 726 4998 eum,
761 4947 932 5003 quem
968 4950 1029 4989 se
1086 4935 1326 5008 diligere
1381 4938 1542 5010 dicit,
1600 4940 1659 4996 in
1711 4942 2090 5004 tribulatione

441 5018 700 5094 positum
734 5010 1104 5093 dereliﬁquit.
1132 5023 1291 5080 Hanc
1320 5025 1662 5085 charitatem
1687 5047 1801 5088 non
1835 5032 2090 5093 habebat

438 5109 777 5184 Apostolus,
810 5111 948 5183 quia
977 5113 1177 5170 omnia
1203 5114 1453 5171 aliorum
1485 5118 1720 5188 damna,
1745 5126 1802 5177 et
1824 5139 2090 5193 persecu-

443 5201 656 5267 tiones,
688 5201 860 5273 quasi
893 5203 1159 5274 proprias
1221 5206 1579 5278 deputabat;
1638 5209 1724 5264 sic
1773 5211 1928 5266 enim
1961 5213 2086 5285 ipse

437 5289 616 5345 dicit:
645 5293 778 5360 Quis
800 5293 1148 5365 inﬁrmatur,
1179 5298 1230 5350 et
1258 5311 1359 5364 ego
1389 5314 1499 5353 non
1531 5298 1833 5368 inﬁrmor?
1861 5303 1935 5370 (II
1961 5303 2082 5359 Cor.

437 5394 516 5441 χι,
547 5381 659 5453 29),
693 5387 802 5439 etc.
839 5382 1156 5456 Sequitur:
1217 5387 1276 5439 In
1332 5388 1493 5440 verbo
1550 5387 1816 5462 veritatis.
1859 5389 2085 5448 Veritas

439 5465 707 5526 Christus
737 5476 860 5528 est:
894 5490 1030 5547 ergo
1059 5472 1116 5528 in
1151 5473 1324 5529 verbo
1355 5473 1614 5530 veritatis
1647 5476 1808 5545 dicit,
1841 5493 2082 5553 evange-

439 5555 562 5611 lica:
587 5558 806 5615 scilicet
827 5562 1277 5634 praedicationis.
1314 5563 1618 5635 Sequitur:
1644 5567 1702 5620 In
1737 5567 1939 5623 virtute
1962 5570 2077 5625 Dei.

433 5649 636 5705 Potest
667 5647 774 5707 hoc
799 5651 994 5710 referri
1018 5651 1088 5710 ad
1111 5653 1498 5728 superiora,ut
1530 5653 1608 5712 sit
1636 5671 1881 5716 sensus:
1907 5657 2079 5716 Exhi-

2198 4676 2370 4733 istius
2391 4677 2517 4732 vitae
2550 4679 2852 4749 prmsentis
2883 4679 3278 4751 desperarent.
3311 4681 3380 4734 Et
3433 4696 3554 4736 ecce
3582 4683 3842 4738 vivimus.

2198 4765 2481 4822 Vivebant
2511 4767 2630 4835 isti,
2661 4767 2801 4839 quia
2857 4785 2971 4823 non
3030 4767 3540 4840 extinguebantur,
3603 4775 3670 4825 ut
3699 4770 3846 4826 liber

2196 4859 2474 4911 Actorum
2506 4856 2906 4928 apostolorum
2966 4856 3323 4913 manifestat.
3379 4857 3620 4930 Legitur
3647 4861 3843 4916 enim:

2197 4945 2343 5010 Quia
2363 4961 2495 5001 cum
2515 4945 2771 5001 venisset
2786 4945 3004 5001 Paulus
3029 4946 3331 5018 Lystris,et
3349 4945 3648 5018 lapidatus
3668 4953 3843 5019 esset,

2196 5038 2262 5089 ut
2279 5040 2546 5091 mortuus
2563 5035 2973 5100 aestimaretur,
3018 5033 3118 5091 ille
3148 5035 3424 5102 surrexit,
3446 5037 3617 5109 cepit
3636 5039 3844 5110 praedi-

2195 5140 2325 5180 care
2348 5125 2482 5196 (Act.
2517 5125 2743 5197 1v,18);
2778 5124 2898 5181 sive
2930 5124 3266 5192 morientes,
3299 5127 3438 5197 quia
3470 5127 3616 5182 adeo
3649 5143 3842 5199 perse-

2195 5215 2546 5286 quebantur,
2580 5218 2645 5270 ut
2675 5215 2878 5271 cedere
2907 5229 2971 5270 se
3027 5218 3343 5286 putarent;
3405 5216 3508 5272 sed
3547 5215 3841 5291 vivebant,

2192 5305 2334 5377 quia
2365 5321 2480 5359 non
2501 5304 2823 5361 cedebant:
2857 5305 2905 5361 si
2934 5305 3090 5360 enim
3121 5305 3461 5370 cessissent,
3490 5305 3693 5362 anima
3723 5323 3844 5362 mo-

2192 5397 2477 5449 rerentur.
2508 5393 2570 5448 Ut
2590 5394 2876 5463 castigati,
2895 5397 3002 5448 etc.
3027 5393 3096 5449 Ut
3123 5395 3414 5467 superius.
3432 5397 3612 5464 Quasi
3625 5396 3838 5462 tristes,

2190 5486 2298 5538 etc.
2329 5480 2418 5538 :id
2451 5484 2559 5548 est,
2592 5482 2897 5538 severitate
2926 5480 3124 5538 vultus
3180 5498 3243 5537 se
3299 5483 3696 5550 ostendentes,
3736 5497 3842 5553 spe

2191 5587 2322 5626 vero
2342 5569 2472 5625 vitae
2485 5570 2691 5626 futura:
2711 5571 3052 5643 gaudentes.
3074 5571 3232 5629 Sicut
3251 5575 3485 5644 egentes,
3515 5577 3626 5629 etc.
3651 5571 3840 5645 Egen-

2165 5664 2277 5740 .tes
2324 5663 2511 5734 erant,
2545 5660 2686 5735 quia
2714 5676 3023 5738 pauperes.
3047 5661 3259 5726 Multos
3297 5659 3623 5738 locupletes
3661 5659 3840 5720 iacie-
