4026 6168
198 278 310 341 449

747 270 1164 334 EXPOSITIO
1208 272 1285 333 IN
1332 271 1761 333 EPISTOLAS
1807 269 2164 332 PAULL—
2195 271 2273 332 IN
2316 273 2567 336 EPIST.
2611 275 2664 336 ll
2709 278 2815 337 AD
2859 278 3035 341 COR.

3464 288 3585 349 430

201 413 346 473 bant,
368 406 501 478 quia
521 404 692 460 donis
714 404 1076 474 spiritalibus
1091 404 1640 459 abundabant.Nam
1666 403 1823 459 locu-
1855 409 1910 473 Α
1940 402 2448 470 similitudinibus,
2482 411 2655 480 atque
2703 410 2965 482 exemplo
3006 414 3339 485 prophetico
3370 419 3581 474 conﬁr-

198 499 309 572 ples
337 494 623 551 derivatur
680 510 713 547 a
745 492 952 547 loculo.
1007 492 1257 548 Loculus
1305 493 1519 547 dicitur
1555 492 1825 547 sacculus

200 601 412 661 parvus.
447 583 791 653 Locupletes
810 583 964 636 enim
987 586 1151 637 erant
1173 582 1290 646 isti,
1316 582 1453 653 quia
1484 581 1701 636 multos
1724 582 1823 636 ha-

198 676 397 731 bebant
439 669 684 735 loculos,
719 671 773 724 id
808 675 916 740 est,
948 671 1101 725 dona
1149 670 1457 741 spiritalia,
1493 672 1647 725 unde
1678 670 1824 724 alios

199 764 463 820 ditabant.
520 761 807 830 Tanquam
852 759 1003 813 nihil
1050 759 1325 829 habentes,
1375 764 1485 814 etc.
1538 759 1653 814 Hoc
1702 762 1826 814 erat

196 852 494 924 gloriosum
528 848 774 918 sanctis,
809 853 873 902 ut
920 849 1143 919 absque
1174 848 1586 916 sollicitudine,
1619 854 1673 903 et
1725 864 1825 903 no-

198 943 339 997 mine
368 938 761 1012 possessionis
783 937 980 992 omnia
1003 937 1386 1009 possiderent,
1412 939 1552 993 adeo
1585 954 1701 992 non
1734 954 1824 992 so-

194 1030 305 1085 lum
333 1029 597 1100 ipsarum
614 1042 833 1091 rerum,
850 1026 949 1081 sed
967 1026 1338 1081 dominorum
1358 1027 1824 1091 dominarentur,

190 1123 249 1173 ut
277 1118 329 1172 in
360 1117 609 1172 Actibus
640 1114 1035 1186 apostolorum
1068 1113 1299 1187 legitur,
1333 1115 1471 1185 quia
1500 1116 1827 1181 vendebant

188 1206 388 1274 omnia,
421 1209 478 1261 et
507 1204 833 1260 offerebant
862 1204 1067 1275 pretia,
1102 1208 1208 1258 etc.
1240 1204 1373 1270 (Act.
1407 1220 1483 1269 v1,
1515 1204 1626 1274 34).

249 1296 388 1367 (727)
420 1295 487 1351 Os
534 1302 794 1349 nostrum
839 1301 1004 1365 patet.
1041 1297 1351 1363 Postquam
1404 1293 1625 1348 dixerat
1653 1309 1825 1365 supe-

185 1386 298 1440 rius
352 1384 654 1440 neminem
711 1399 881 1439 nosse
932 1382 1254 1438 secundum
1300 1397 1554 1445 carnem,
1588 1387 1644 1437 et
1692 1383 1827 1437 sub-

174 1477 439 1545 junxerat
489 1488 696 1544 quare,
728 1472 786 1526 id
836 1475 944 1537 est,
986 1471 1127 1542 quia
1174 1471 1220 1525 si
1272 1471 1673 1541 cognovimus,
1706 1472 1825 1541 iam

183 1579 287 1617 non
318 1561 598 1617 novimus
628 1559 923 1615 Christum
945 1560 1267 1615 secundum
1300 1576 1557 1626 carnem,
1585 1560 1827 1631 subjun-

179 1656 332 1707 xerat
362 1651 543 1706 etiam
579 1666 642 1705 se
674 1649 966 1720 accepisse
999 1649 1395 1705 ministerium
1426 1649 1824 1705 reconciliato-

182 1741 287 1807 nis,
317 1742 475 1796 unde
524 1744 585 1795 et
615 1756 718 1811 pro
767 1738 996 1794 Christo
1029 1739 1170 1793 dicit
1201 1754 1261 1794 se
1311 1738 1597 1811 legatione
1638 1738 1823 1812 fungi,

1936 508 2117 557 mare,
2171 494 2481 566 subjunxit
2512 513 2526 549 :
2558 499 2687 566 Qum
2728 502 2875 554 enim
2919 504 3280 574 participatio
3320 508 3581 579 justitic'e,

1935 586 2044 636 etc.
2082 586 2191 637 Lex
2235 583 2393 638 enim
2440 585 2736 655 justitiam
2786 590 3079 661 praedicat,
3114 608 3241 663 quae
3291 598 3585 653 contraria

1935 675 2025 725 est
2053 670 2372 742 iniquitati.
2407 674 2473 728 Et
2503 680 2591 729 est
2639 692 2848 733 sensus
2880 696 2891 733 :
2927 680 3061 747 Quis
3086 683 3447 754 participatio
3479 689 3581 758 ju-

1934 760 2102 817 stitiaz
2158 777 2281 815 cum
2332 763 2675 833 iniquitate?
2721 767 2911 822 Nulla.
2962 768 3045 824 Ita
3101 776 3157 826 et
3203 772 3365 827 nulla
3413 776 3585 831 debet

1935 866 2063 904 esse
2092 851 2338 905 societas
2382 851 2661 923 ﬁdelium,
2692 859 2802 910 etc.
2837 858 2969 920 Quas
3019 867 3348 931 sequuntur
3376 863 3447 918 ad
3481 882 3588 920 su-

1937 938 2164 1008 periora
2212 940 2563 994 referuntur.
2599 942 2703 997 Aut
2749 960 2867 1013 quae
2914 950 3145 1005 societas
3177 951 3290 1005 luci
3334 952 3403 1007 ad
3432 964 3584 1011 tene-

1938 1026 2106 1081 bras?
2150 1026 2269 1080 Lux
2317 1028 2473 1083 enim
2541 1030 2843 1086 veritatem
2894 1037 3187 1103 praedicat,
3221 1046 3277 1094 et
3318 1044 3443 1113 ipsa
3494 1061 3584 1100 ve-

1937 1115 2079 1170 ritas
2109 1115 2208 1170 lux
2256 1120 2363 1181 est,
2396 1133 2521 1187 quae
2569 1118 2667 1173 lux
2720 1120 2880 1191 fugat
2908 1125 3180 1181 tenebras
3228 1132 3486 1200 erroris;
3526 1139 3584 1189 et

1936 1204 2064 1257 ideo
2116 1204 2279 1258 nulla
2331 1206 2577 1261 societas
2627 1223 2755 1263 esse
2801 1214 3011 1278 potest.
3056 1214 3185 1279 Quae
3226 1223 3410 1273 autem
3456 1239 3582 1278 con-

1936 1294 2113 1347 ventio
2161 1292 2369 1349 Christi
2417 1296 2487 1350 ad
2537 1297 2761 1351 Belial?
2790 1298 2963 1354 Belial
3007 1317 3262 1373 namque
3308 1308 3586 1381 interpre-

1935 1385 2093 1436 tatur
2137 1383 2260 1437 sine
2309 1385 2453 1454 iugo,
2504 1384 2796 1456 signiﬁcat
2844 1388 3165 1457 diabolum,
3217 1395 3317 1464 qui
3367 1397 3581 1456 similis

1936 1486 2064 1525 esse
2095 1476 2208 1526 Deo
2249 1470 2453 1537 voluit,
2487 1473 2736 1528 nolendo
2790 1477 2938 1531 ferre
2962 1480 3175 1550 jugum
3225 1482 3432 1554 ipsius.
3470 1488 3583 1543 Lex

1936 1575 2190 1630 namque
2220 1561 2280 1615 in
2332 1561 2535 1633 ﬁguris
2583 1568 2641 1617 et
2670 1565 3127 1623 obscuritatibus
3177 1569 3381 1627 litterae
3433 1592 3585 1647 prae-

1939 1648 2097 1702 dicat
2169 1648 2493 1720 Christum,
2528 1650 2626 1721 qui
2662 1653 2824 1724 fugat
2872 1655 3170 1712 diabolum
3205 1660 3274 1715 de
3307 1664 3582 1720 cordibus

1935 1736 2218 1807 ﬁdelium,
2252 1737 2351 1809 qui
2383 1743 2496 1793 Deo
2542 1739 2753 1796 similis
2782 1759 2909 1798 esse
2956 1744 3137 1800 voluit
3168 1752 3225 1802 et
3255 1750 3383 1806 ideo
3415 1754 3585 1810 nulla

178 1836 230 1886 et
276 1830 673 1901 subjunxerat
722 1827 1204 1895 admonitionem,
1237 1833 1294 1883 et
1340 1828 1825 1897 exhortationem,
1860 1801 1905 1865 B
1936 1827 2256 1882 conventio.

176 1936 283 1991 qua
314 1920 586 1974 mundus
608 1918 723 1973 Deo
754 1916 1472 1988 reconciliaturzprorupit
1499 1917 1559 1972 in
1590 1918 1826 1973 laudem

174 2007 640 2076 Corinthiorum,
672 2007 874 2061 dicens
910 2023 921 2060 :
957 2005 1025 2060 Os
1056 2008 1306 2060 nostrum
1326 2023 1346 2067 ;
1375 2011 1432 2061 et
1461 2011 1551 2061 est
1578 2021 1825 2063 sensus:

169 2096 373 2151 Vestra
426 2095 784 2159 emendatio,
829 2094 1130 2159 correctio,
1166 2098 1339 2164 atque
1390 2094 1629 2151 salvatio
1686 2097 1828 2151 adeo

168 2202 252 2240 me
312 2185 522 2240 laetam
584 2183 856 2249 reddidit,
909 2188 973 2237 ut
1029 2186 1218 2237 tacere
1263 2200 1379 2238 non
1428 2184 1669 2255 possim.
1729 2185 1830 2240 Cor

161 2283 419 2330 nostrum
452 2272 753 2328 dilatatam
781 2275 879 2326 est.
911 2271 1152 2327 Duobus
1177 2273 1365 2328 modis
1396 2273 1677 2328 dilatatur
1708 2290 1823 2341 cor,

161 2368 256 2418 aut
287 2362 523 2417 ﬁducia
574 2362 735 2416 bonae
789 2360 1266 2426 conversationis,
1294 2365 1393 2415 aut
1442 2379 1544 2433 spe
1574 2380 1828 2417 resurre-

158 2451 368 2508 ctionis
396 2469 411 2520 ;
448 2449 627 2522 quasi
660 2450 875 2505 diceret
907 2467 919 2505 :
955 2450 1113 2504 Adeo
1142 2455 1333 2505 vostra
1363 2450 1713 2519 emendatio,
1747 2459 1827 2506 at-

160 2558 269 2613 que
300 2534 729 2596 correctio'nos
762 2536 921 2593 laetos
953 2539 1226 2606 reddidit,
1249 2544 1315 2592 ut
1344 2544 1399 2594 et
1427 2556 1527 2594 cor
1557 2546 1825 2595 nostrum

157 2632 485 2686 dilatatum
519 2628 639 2700 isit,
673 2632 730 2683 et
773 2644 837 2683 os
889 2628 1265 2698 patefactum,
1300 2633 1589 2699 quatenus
1636 2635 1826 2686 tacere

156 2738 269 2776 non
315 2718 657 2792 possimus.
690 2715 799 2772 Ubi
848 2716 1175 2772 ostenditur
1205 2716 1342 2788 quia
1387 2718 1734 2786 ohedientia,
1770 2725 1827 2774 et

155 2809 448 2865 correctio
507 2807 800 2863 bonorum
852 2806 1270 2876 subjectorum,
1304 2807 1384 2861 ita
1426 2807 1587 2863 laetos
1637 2809 1827 2864 reddit

153 2898 511 2971 magistros,
552 2901 617 2951 ut
646 2895 788 2950 talia
816 2895 899 2949 eis
942 2893 1254 2965 proferant,
1286 2894 1480 2965 qualia
1512 2913 1572 2951 se
1602 2898 1674 2952 ab
1707 2898 1825 2953 eis-

146 2986 277 3041 dem
315 3002 446 3041 non
483 2984 778 3056 putabant
808 2982 1029 3036 audire.

212 3076 339 3131 Non
371 3072 817 3142 angustiamini,
851 3075 959 3125 etc.
995 3067 1095 3124 His
1124 3071 1316 3125 verbis
1340 3073 1668 3128 ostenditur
1688 3074 1828 3145 quia

2010 1914 2113 1981 Qui
2138 1923 2326 1971 autem
2355 1933 2644 1972 consensus
2692 1921 2888 1990 templo
2932 1924 3029 1978 Dei
3076 1941 3199 1979 cum
3229 1928 3390 1983 idolis
3412 1929 3439 1985 ’ἔ
3469 1930 3582 1985 Νο-

1939 2004 2185 2058 tandum
2219 2005 2357 2075 quia
2386 2006 2467 2060 nil
2503 2008 2688 2077 magis
2721 2012 3082 2067 contrarium
3115 2019 3203 2069 est
3228 2015 3585 2086 Christiano,

1940 2107 2117 2162 quam
2170 2092 2522 2159 idololatria,
2562 2100 2618 2149 et
2647 2096 2840 2152 idola:
2894 2116 3027 2153 nam
3078 2101 3191 2157 ista
3239 2105 3506 2163 homines
3551 2126 3585 2165 a

1938 2180 2054 2235 Deo
2105 2197 2375 2253 separare
2424 2183 2635 2251 solent,
2687 2191 2743 2239 et
2790 2187 2861 2241 ad
2912 2191 3279 2260 negationem
3330 2195 3578 2253 trahere.

1938 2269 2006 2324 Et
2034 2270 2185 2336 ideo,
2219 2288 2556 2343 quanquam
2605 2273 2805 2330 omnia
2853 2276 2990 2331 vitia
3040 2279 3386 2338 detestanda
3439 2284 3578 2350 sint,

1936 2359 2092 2414 istud
2140 2361 2445 2433 praecipue,
2483 2364 2639 2433 quod
2690 2363 2956 2421 homines
2988 2383 3021 2421 a
3072 2368 3185 2424 Deo
3229 2378 3479 2442 separat.
3514 2376 3584 2430 Et

1935 2448 2065 2503 ideo
2119 2450 2319 2504 eodem
2373 2451 2681 2519 conclusit,
2735 2454 3088 2511 subdendo:
3134 2460 3226 2514 Vos
3262 2463 3412 2515 enim
3454 2465 3584 2518 estis

1934 2539 2201 2605 templum
2232 2541 2351 2605 Dei,
2382 2545 2490 2595 etc.
2519 2558 2531 2607 ;
2566 2542 2735 2611 quasi
2781 2544 3037 2600 diceret:
3066 2546 3125 2601 Si
3172 2565 3272 2603 vos
3294 2552 3582 2608 credendo

1936 2626 2219 2697 templum
2243 2627 2341 2681 Dei
2373 2630 2536 2693 estis,
2564 2629 2648 2685 illi
2680 2647 2793 2685 non
2813 2633 3101 2689 credendo
3132 2638 3417 2709 templum
3441 2646 3583 2696 sunt

1936 2714 2150 2769 diaboli
2188 2740 2202 2781 ;
2235 2720 2291 2770 et
2318 2715 2447 2770 ideo
2480 2723 2695 2784 cavete,
2731 2736 2821 2786 ne,
2842 2737 2944 2792 per
2974 2722 3399 2795 inﬁdelitatem,
3420 2729 3581 2785 illius

1936 2804 2291 2859 efﬁciamini.
2348 2806 2618 2877 Templum
2667 2809 2763 2863 Dei
2796 2811 2906 2864 vivi
2935 2811 3095 2879 dicit,
3129 2815 3201 2868 ad
3253 2816 3583 2873 distinctio-

1937 2908 2069 2946 nem
2121 2898 2507 2947 mortuorum.
2559 2895 2881 2965 Sequitur:
2918 2900 3187 2966 Quoniam
3236 2904 3578 2973 inhabitabo,

1935 2985 2043 3035 etc.
2070 2980 2152 3035 Ad
2180 2981 2677 3037 conﬁrmationem
2706 2985 2797 3038 sui
2820 2985 2929 3040 iste
2949 2988 3217 3060 egregius
3240 2993 3585 3062 praedicator

1934 3068 2124 3124 ﬁdelis
2157 3069 2215 3123 in
2260 3071 2460 3137 ,verbo,
2494 3074 2552 3124 et
2598 3072 2858 3139 veritate,
2891 3076 3296 3134 testimonium
3340 3083 3585 3153 prophe-

139 3164 311 3220 bonis
328 3160 837 3236 praedicatoribus
851 3159 1001 3213 bona
1016 3158 1466 3228 praedicantibus
1483 3177 1596 3214 non
1619 3162 1824 3218 obesse
1855 3168 1898 3233 C
1936 3156 2118 3211 ticum
2150 3158 2350 3212 sumit.
2370 3157 2473 3211 Ubi
2508 3165 2825 3215 monentur
2846 3164 3271 3234 praadicatores,
3292 3185 3399 3224 sua
3430 3170 3586 3226 dicta

139 3257 407 3319 possunt
442 3249 597 3303 mali
645 3248 978 3313 auditores;
1012 3251 1070 3300 et
1101 3246 1229 3301 ideo
1281 3247 1423 3302 dicit
1463 3250 1779 3319 Apostolus
1813 3268 1828 3308 :

132 3344 251 3399 Non
308 3338 743 3410 angustiamini
789 3338 848 3390 in
895 3335 1075 3401 nobis,
1110 3336 1277 3406 quasi
1326 3337 1588 3393 diceret:
1621 3339 1679 3393 Si
1729 3357 1832 3396 vos

136 3449 251 3487 non
288 3426 684 3492 correxistis,
706 3441 819 3480 non
852 3424 1021 3479 nobis
1044 3424 1232 3491 obest,
1252 3425 1351 3496 qui
1386 3426 1539 3481 bona
1560 3429 1832 3498 praedica-

138 3538 296 3587 mus,
358 3517 479 3572 sed
544 3514 730 3578 vobis,
776 3512 872 3583 qui
926 3513 1111 3568 facere
1161 3514 1555 3570 contemnitis.
1607 3522 1675 3571 Et
1722 3519 1831 3573 hoc

140 3615 244 3679 est,
262 3606 441 3680 quod
482 3603 692 3659 subdit
724 3619 737 3657 :
765 3603 1185 3672 Angustiamini
1214 3605 1272 3657 in
1294 3604 1589 3661 visceribus
1608 3610 1829 3669 vestris;

142 3699 404 3754 eamdem
438 3695 647 3749 autem
700 3692 956 3747 habentes
994 3695 1497 3749 remunerationem
1526 3696 1830 3765 (subaudi-

142 3795 257 3853 tur,
311 3783 554 3853 eritis).
588 3780 762 3845 Quasi
812 3781 1029 3836 diceret
1077 3799 1088 3836 :
1139 3783 1196 3835 Si
1244 3783 1517 3837 eumdem
1568 3800 1829 3851 cursum,

146 3892 325 3947 quem
366 3889 516 3935 nos,
547 3869 936 3934 cocurreritis,
969 3870 1237 3924 eamdem
1296 3870 1587 3926 habebitis
1644 3888 1834 3926 remu-

146 3964 585 4018 nerationem:
642 3961 697 4012 et
760 3956 859 4027 qui
901 3957 1167 4011 eamdem
1227 3962 1286 4012 et
1334 3961 1618 4028 tanquam
1671 3964 1836 4030 pater

144 4051 299 4107 ﬁlios
360 4064 622 4111 moneo,
683 4045 1018 4100 dilatamini.
1079 4045 1243 4100 Sicut
1290 4045 1447 4101 enim
1508 4046 1833 4115 sacculum,

142 4144 187 4197 si
220 4160 342 4197 non
381 4136 607 4210 capiat
635 4134 792 4206 quod
846 4134 1164 4206 pretiosum
1195 4139 1304 4201 est,
1339 4136 1734 4204 extendimus,
1769 4142 1835 4191 ut

144 4218 354 4303 capere
413 4224 647 4301 possit,
700 4224 782 4278 ita
836 4228 1035 4278 monet
1080 4223 1397 4294 Apostolus
1448 4224 1677 4279 dilatari
1725 4226 1834 4281 Co-

141 4320 433 4384 rinthios,
495 4320 570 4370 ut
619 4311 951 4385 capaciores
1000 4312 1364 4379 reddantur;
1427 4318 1716 4384 quatenus
1768 4330 1835 4368 ea

142 4409 437 4478 pretiosa,
498 4420 637 4475 qua:
688 4402 951 4456 dicturus
1003 4405 1144 4467 erat,
1197 4417 1400 4471 capere
1450 4406 1709 4472 possent.
1768 4403 1836 4456 Et

139 4498 266 4554 ideo
301 4497 465 4553 dicit
492 4512 508 4549 :
549 4491 897 4557 Dilatamini,
919 4490 1088 4560 quasi
1111 4490 1329 4544 diceret
1352 4507 1365 4545 ε
1391 4492 1645 4562 Capaces
1667 4491 1833 4559 estis,

144 4589 239 4642 sed
294 4583 671 4658 capaciores
718 4584 925 4645 estote,
959 4584 1024 4633 ut
1074 4594 1279 4649 capere
1331 4580 1571 4650 possitis
1622 4586 1679 4635 et
1708 4598 1832 4637 vos.

141 4675 265 4730 Non
320 4674 511 4731 enim
567 4669 732 4739 dicit,
791 4684 912 4735 vos,
968 4667 1089 4735 sed,
1149 4670 1202 4721 et
1258 4684 1382 4730 vos;
1415 4669 1580 4739 quasi
1635 4668 1831 4725 dicat:

141 4762 270 4819 Jam
305 4781 427 4818 nos
465 4757 712 4815 dilatati
745 4774 953 4811 sumus
985 4757 1057 4811 ab
1091 4756 1243 4811 bona
1274 4758 1711 4828 proferendum,
1736 4775 1838 4814 vos

142 4850 503 4909 dilatamini
546 4846 622 4902 ad
654 4846 1025 4918 capiendum.

212 4944 291 4997 Et
348 4942 551 4995 nolite
596 4936 795 5007 jugum
841 4934 1057 5005 ducere,
1107 4938 1217 4990 etc.
1266 4935 1484 5006 Jugum
1530 4936 1685 4990 enim
1736 4954 1838 5007 pro

142 5030 438 5085 societate
478 5024 885 5099 ponitur,ideo
917 5023 1054 5094 quia
1078 5024 1281 5078 eodem
1307 5024 1644 5094 junguntur
1662 5024 1840 5081 boves

142 5117 211 5171 ab
272 5117 530 5189 aliquo,
586 5117 642 5168 et
691 5112 826 5183 equi
875 5112 945 5167 ad
1007 5128 1265 5166 currum.
1319 5112 1386 5166 Et
1426 5115 1513 5166 est
1563 5128 1772 5167 sensus
1821 5130 1835 5167 :

136 5206 331 5263 Nolite
371 5208 611 5278 jugum
654 5201 869 5272 ducere,
903 5207 1010 5257 etc.
1044 5220 1057 5269 ;
1104 5200 1163 5255 id
1194 5205 1303 5268 est,
1338 5200 1516 5255 nolite
1562 5201 1839 5257 societate

136 5294 503 5352 inﬁdelium
563 5290 807 5363 perfrui.
859 5291 928 5346 Et
972 5289 1173 5347 volens
1224 5305 1392 5345 suam
1442 5290 1837 5347 narrationem

227 5528 345 5581 727
412 5527 492 5581 In
531 5529 726 5597 autog.
763 5541 889 5580 mar
936 5569 948 5581 .
981 5524 1077 5580 hic
1107 5524 1319 5598 legitur
1350 5540 1473 5596 cap.
1506 5523 1643 5582 XIX.

205 5529 374 5679 E728)
410 5599 551 5659 Jer.
580 5612 732 5670 xxxx,
762 5596 816 5664 9,
851 5540 937 5656 1?.
971 5597 1188 5657 Textus
1230 5596 1345 5668 hic,
1380 5595 1481 5671 qui
1510 5597 1642 5655 vide

1940 3244 2187 3299 aliorum
2222 3246 2497 3301 studeant
2541 3249 2887 3305 conﬁrmare
2928 3253 3235 3325 exemplis.
3269 3256 3378 3312 Sed
3405 3259 3584 3328 quaeri

1942 3338 2133 3404 potest
2164 3350 2343 3403 quare
2374 3334 2529 3390 dicat
2563 3353 2575 3391 :
2607 3336 2954 3407 Inhabitabo,
2997 3346 3055 3397 et
3083 3346 3373 3401 ambulabo
3399 3369 3416 3415 ,-
3449 3365 3583 3405 cum

1940 3421 2037 3478 ille
2070 3424 2287 3494 ubique
2320 3423 2413 3488 sit,
2448 3429 2504 3478 et
2551 3426 2750 3481 omnia
2780 3426 2900 3482 sint
2944 3428 3000 3483 in
3033 3429 3153 3486 illo.
3188 3433 3299 3489 Sed
3334 3436 3466 3492 talis
3497 3443 3588 3494 est

1941 3528 2152 3566 sensus
2185 3528 2198 3566 :
2236 3512 2511 3568 Ambulat
2540 3512 2659 3579 ille,
2682 3520 2739 3569 et
2771 3516 3063 3574 inhabitat
3094 3521 3152 3575 in
3176 3524 3450 3581 cordibus
3472 3526 3588 3583 ele-

1941 3603 2191 3671 ctorum,
2225 3617 2357 3655 cum
2420 3602 2490 3656 ab
2539 3601 2884 3659 inﬁdelitate
2914 3607 2985 3659 ad
3037 3608 3233 3678 ﬁdem,
3265 3616 3321 3665 et
3368 3630 3469 3684 per
3500 3616 3587 3669 in-

1943 3694 2242 3743 crementa
2269 3689 2327 3743 in
2376 3689 2691 3747 virtutibus
2723 3695 3000 3763 proﬁcere
3045 3696 3201 3753 facit.
3235 3700 3381 3756 Nam
3434 3702 3591 3759 sicut

1943 3777 2119 3832 habet
2171 3778 2280 3832 iste
2329 3779 2576 3833 exterior
2616 3780 2791 3836 homo
2848 3799 2987 3838 suos
3032 3787 3227 3855 pedes,
3261 3788 3345 3843 sic
3394 3796 3453 3844 et
3498 3791 3589 3845 in-

1943 3866 2120 3920 terior
2151 3866 2345 3931 homo,
2374 3866 2590 3935 quibus
2612 3868 2775 3936 gradi
2812 3871 3310 3944 possit.Magnum
3337 3894 3590 3949 namque

1943 3955 2053 4007 iter
2095 3959 2204 4017 est,
2239 3954 2309 4007 de
2356 3953 2696 4007 inﬁdelitate
2748 3957 2819 4010 ad
2874 3959 3048 4013 ﬁdem
3083 3962 3351 4031 transire,
3404 3970 3460 4019 et
3490 3981 3593 4035 per

1945 4043 2306 4097 incrementa
2354 4041 2410 4094 in
2465 4041 2777 4098 virtutibus
2825 4047 3152 4115 proﬁcere;
3213 4051 3368 4121 quod
3427 4052 3590 4108 nullo

1946 4131 2116 4186 modo
2160 4130 2283 4186 ﬁeri
2318 4133 2505 4201 potest
2550 4130 2764 4200 subito,
2799 4133 2913 4188 nisi
2964 4152 3068 4207 per
3113 4137 3414 4195 intervalla
3442 4145 3593 4197 tem-

1944 4237 2174 4291 porum.
2209 4220 2316 4275 Sed
2370 4220 2698 4290 sciendum,
2732 4223 2872 4293 quia
2900 4223 2986 4278 illi
3038 4226 3409 4286 solummodo
3457 4248 3590 4304 pro-

1947 4310 2170 4380 ﬁciunt,
2196 4311 2293 4382 qui
2327 4310 2454 4380 ejus
2485 4310 2702 4381 perfrui
2725 4313 2917 4383 gratia
2946 4321 3261 4372 merentur.
3294 4319 3592 4377 Generalis

1945 4404 2033 4455 est
2062 4398 2172 4454 iste
2206 4415 2414 4453 sensus
2440 4416 2453 4466 ;
2492 4400 2592 4454 sed
2623 4400 2941 4457 videndum
2992 4410 3078 4458 est
3109 4406 3240 4476 quis
3272 4409 3350 4463 sit
3378 4408 3595 4480 specia-

1946 4485 2039 4542 lis.
2091 4487 2352 4541 Primum
2403 4487 2666 4542 omnium
2718 4490 3207 4547 considerandum
3242 4496 3291 4549 si
3340 4496 3436 4564 sit,
3471 4496 3593 4552 haec

1945 4593 2053 4631 vox
2104 4576 2316 4631 Christi
2348 4581 2481 4631 est:
2530 4594 2665 4631 nam
2715 4579 2997 4649 propheta
3047 4581 3105 4634 in
3157 4583 3285 4652 ejus
3333 4601 3470 4641 voce
3516 4586 3597 4642 lo-

1948 4664 2253 4736 quebatur,
2288 4665 2487 4720 dicens
2519 4683 2531 4720 :
2563 4666 2836 4732 Quoniam
2867 4667 3185 4725 inhabitabo
3217 4672 3405 4741 (Levit.
3439 4690 3593 4744 xxvr,

1950 4755 2058 4826 12),
2092 4760 2197 4809 etc.
2239 4754 2346 4807 Sed
2398 4754 2647 4824 qualiter
2693 4754 3100 4825 inhabitasset,
3133 4760 3417 4818 Jeremias
3464 4768 3596 4835 post

1950 4842 2225 4899 ostendit.
2285 4844 2379 4896 Hic
2445 4844 2504 4896 in
2556 4846 2721 4899 terris
2770 4846 2916 4899 visus
2972 4856 3073 4916 est,
3124 4854 3175 4904 et
3231 4852 3375 4907 inter
3425 4853 3596 4910 homi-

1947 4949 2043 4987 nes
2091 4936 2440 4987 conversatus
2469 4932 2641 5002 (728).
2675 4933 2784 4988 Sed
2837 4937 3096 5007 apertius
3143 4941 3304 5010 ponit
3354 4958 3595 5013 evange-

1947 5022 2111 5087 lista,
2164 5020 2433 5091 qualiter,
2486 5021 2777 5077 dicendo:
2817 5025 3044 5081 Verbum
3094 5043 3221 5083 caro
3266 5035 3473 5101 [actum
3513 5032 3592 5085 est

1950 5112 2132 5182 (Joan.
2168 5127 2205 5178 ι,
2241 5110 2348 5179 14),
2380 5115 2491 5164 etc.

2020 5202 2083 5255 Et
2109 5215 2200 5255 ero
2240 5199 2461 5254 illorum
2512 5201 2669 5255 Deus.
2703 5200 2866 5264 Quod
2910 5203 3006 5260 ille
3034 5206 3195 5272 Deus,
3225 5205 3379 5258 idem
3427 5205 3592 5261 Jere-

1951 5290 2147 5345 mias:
2193 5289 2290 5344 Hic
2340 5292 2486 5343 Deus
2532 5299 2744 5359 noster,
2776 5294 2827 5346 et
2871 5308 2981 5348 non
3026 5292 3395 5351 sestimabitur
3443 5294 3593 5353 alius

410 5599 551 5659 Jer.
580 5594 732 5670 xxxi,
762 5596 816 5664 9,
851 5594 937 5656 1f.
971 5594 1193 5657 Τθιῐυὲ
1230 5596 1345 5668 hic,
1380 5594 1481 5671 qui
1510 5597 1742 5656 videtur
1769 5598 1831 5658 in
1869 5602 2066 5672 autog.
2097 5594 2362 5657 Jeremia
2392 5595 2668 5666 tributus,
2701 5594 2926 5654 Baruch
2957 5599 3049 5659 est
3073 5613 3160 5673 ni,
3191 5597 3281 5659 38.
