4060 6164
406 296 515 354 451

1421 279 1759 341 ΑΤΤΟΝ18
1805 278 2386 341 VERCELLENSIS
2432 280 2781 342 EPlSCOPI

3681 290 3798 349 452

409 426 482 480 ad
529 440 668 479 emn.
714 421 775 473 Et
823 417 928 489 ipsi
971 422 1132 471 erunt
1176 412 1318 468 mihi
1357 412 1591 483 populus
1639 411 1825 483 (729);
1868 410 2046 467 ecclc-
2076 414 2132 480 Α
2164 410 2417 467 ﬁliorum
2451 411 2545 467 Dei
2597 411 2933 480 excludunt,
2967 413 3095 469 ideo
3145 414 3367 470 addidit
3398 432 3412 470 :
3446 418 3509 472 Et
3539 417 3797 489 Spiritus,

411 511 711 571 siasticum
762 506 919 575 dicit,
964 505 1021 560 id
1073 507 1180 572 est,
1233 500 1568 557 Ecclesium.
1619 500 1798 556 Isaias
1850 517 1862 554 :

409 599 691 670 egotdicit
740 597 1021 661 Dominus,
1068 594 1199 663 quia
1249 591 1499 646 omnibus
1545 590 1629 643 his
1670 589 1843 644 veluti
1882 591 2050 643 vesti-

407 697 589 745 mento
619 688 864 743 vestieris
902 684 1051 756 (Isai.
1082 697 1230 745 xux,
1266 680 1371 750 18).
1405 678 1463 733 Si
1495 677 1651 734 enim
1682 678 1848 734 electi
1875 677 2049 734 vesti-

408 781 612 832 menta
659 773 875 831 Christi
927 774 1084 837 sunt,
1118 775 1175 825 et
1205 768 1539 825 vestiuntur
1581 768 1654 822 ab
1702 766 1800 823 illo
1851 784 1863 822 :
1915 782 2050 839 ergo

407 865 663 939 populus
691 865 818 935 ejus
848 866 936 917 est
964 858 1240 915 Ecclesia.

479 985 708 1052 Propter
736 978 876 1051 quod
916 979 1080 1045 exite,
1113 980 1221 1031 etc.
1248 999 1261 1043 ;
1295 974 1463 1045 quasi
1520 974 1734 1028 diceret
1762 991 1775 1028 :
1808 973 1863 1027 Si
1904 974 2052 1027 Deus

413 1070 720 1135 inhabitat,
773 1072 830 1124 et
885 1067 1040 1122 Deus
1094 1069 1284 1120 vester
1340 1068 1449 1128 est,
1509 1068 1565 1117 et
1609 1079 1711 1119 vos
1762 1060 2048 1133 populus;

406 1162 643 1231 Propter
670 1158 768 1213 hoc
791 1158 938 1213 exite
966 1156 1031 1210 de
1058 1153 1234 1209 medio
1272 1168 1478 1220 eorum,
1512 1168 1623 1207 non
1657 1166 1916 1223 corpore,
1950 1150 2050 1205 sed

410 1252 625 1313 mente,
660 1263 776 1301 non
808 1243 1111 1315 vagatione
1139 1241 1267 1304 loci,
1302 1242 1402 1296 sed
1430 1239 1753 1296 devotione.
1787 1244 1854 1293 Et
1884 1237 2053 1310 quasi

412 1338 878 1408 interrogassent
924 1331 1172 1404 qualiter
1202 1334 1291 1385 est
1320 1330 1672 1393 exeundum,
1704 1328 2005 1400 respondit
2036 1345 2049 1382 :

409 1429 477 1482 Et
508 1424 859 1481 immundum
886 1437 957 1477 ne
986 1419 1455 1491 tetigeritis.Hinc
1487 1418 1629 1473 dicit
1650 1417 2051 1490 Augustinus:

410 1514 659 1587 Exponit
706 1510 1021 1583 Apostolus
1067 1509 1162 1564 his
1199 1507 1413 1573 verbis,
1446 1508 1601 1578 quod
1651 1505 1923 1577 superius
1973 1505 2057 1559 di-

408 1607 572 1661 xerat
622 1620 634 1655 :
680 1603 869 1656 Exite.
921 1598 1031 1654 Sed
1062 1596 1195 1669 quis
1247 1596 1436 1667 tangit
1479 1595 1901 1650 immundum?
1956 1593 2057 1648 Ille

410 1693 635 1763 utique,
668 1690 770 1762 qui
820 1692 920 1744 aut
979 1686 1353 1742 immundum
1388 1686 1536 1757 (730)
1582 1688 1792 1756 patrat,
1822 1687 1924 1739 aut
1954 1698 2054 1754 pa-

1926 502 2049 556 Vivo
2157 499 2217 554 id
2248 504 2355 569 est,
2390 500 2621 555 mentis.
2648 560 2667 567 ἰ

2231 616 2506 686 Sequitur
2534 632 2546 669 :
2581 616 2924 686 Per/ieientes
2950 620 3457 688 sanctiﬁcationem.
3492 622 3804 695 Egregium

2162 721 2393 776 quoque
2441 711 2629 760 servat
2674 706 2957 762 ordinem.
3009 710 3297 764 Praemisit
3345 712 3802 782 promissiones;

2161 794 2371 849 deinde
2425 794 2687 865 subjuxit
2739 795 3218 867 exhortationem,
3269 799 3580 856 dicendo:
3640 807 3804 858 Mun-

2159 883 2370 948 demus,
2398 888 2505 937 etc.
2535 900 2548 949 ;
2585 887 2715 955 post
2734 885 3198 942 emendationem
3219 890 3447 943 monuit
3475 889 3806 947 habendam

2161 972 2680 1027 sanctiﬁcationem
2710 990 2723 1040 ;
2748 974 2886 1044 quia
2905 975 3292 1031 sanctiﬁcatio
3312 994 3425 1032 non
3445 994 3574 1034 esse
3595 984 3804 1051 potest,

2161 1060 2274 1115 nisi
2305 1060 2404 1114 ubi
2438 1060 2728 1115 munditia
2770 1067 2878 1117 est.
2913 1063 3024 1117 Iste
3055 1065 3195 1119 ordo
3226 1065 3284 1119 in
3338 1068 3655 1137 Scripturis
3687 1085 3810 1124 ser-

2158 1153 2329 1203 vatur
2358 1149 2592 1205 divinis.
2642 1149 2788 1204 Hinc
2817 1151 3073 1206 Jacohus
3120 1153 3422 1224 apostolus
3470 1155 3660 1211 dicit:
3704 1158 3807 1213 Ab-

2161 1238 2406 1307 iicientes
2437 1254 2649 1293 omnem
2680 1240 3115 1311 immunditiam,
3139 1253 3190 1297 et
3211 1243 3614 1300 abundantiam
3641 1247 3815 1302 mali-

2160 1326 2258 1383 tia
2285 1329 2424 1394 (Jac.
2459 1345 2499 1395 1,
2530 1328 2641 1399 21),
2675 1333 2782 1382 etc.
2814 1329 2960 1384 Hinc
2992 1330 3304 1386 Psalmista
3336 1350 3349 1389 :
3383 1335 3607 1390 Declina
3634 1353 3669 1390 a
3698 1353 3815 1390 ma-

2164 1416 2215 1470 lo
2254 1416 2421 1486 (Psat.
2470 1433 2658 1481 xxxvr;
2708 1418 2821 1487 27),
2853 1422 2964 1474 etc.
2998 1418 3142 1475 Hinc
3193 1420 3479 1478 Dominus
3526 1424 3598 1478 ad
3647 1424 3813 1481 Jere-

2167 1504 2342 1559 miam
2379 1523 2390 1559 :
2426 1507 2556 1560 Ecce
2580 1507 2740 1576 posui
2766 1511 2837 1576 te,
2868 1511 2927 1561 ut
2952 1509 3154 1565 evellas
3181 1510 3319 1582 (Jer.
3352 1528 3391 1582 ι,
3430 1512 3537 1583 10),
3569 1517 3678 1569 etc.
3716 1515 3811 1585 Et,

2166 1594 2305 1664 quia
2334 1594 2715 1649 sanctiﬁcatio
2747 1595 2873 1651 sine
2902 1596 3108 1653 timore
3138 1599 3241 1655 Dei
3269 1616 3398 1656 esse
3446 1617 3565 1657 non
3596 1608 3815 1674 potest,

2165 1683 2468 1753 subiunxit
2500 1698 2514 1738 :
2548 1686 2610 1739 In
2641 1685 2836 1740 timore
2866 1687 2979 1741 Dei.
3004 1687 3074 1742 Et
3096 1689 3249 1759 quod
3281 1689 3664 1747 sanctiﬁcatio
3688 1692 3815 1748 sine

414 1780 705 1836 trantibus
736 1779 955 1850 praebet
1003 1791 1332 1831 assensum.
1364 1774 1435 1828 Et
1478 1772 1636 1840 hinc,
1671 1773 1824 1844 quod
1855 1772 1914 1827 in
1944 1772 2061 1826 Ve-
2091 1774 2137 1838 B
2169 1770 2374 1826 timore
2421 1770 2519 1826 Dei
2568 1789 2684 1827 non
2736 1773 2831 1842 sit,
2865 1775 3220 1848 evangelista
3266 1780 3625 1850 manifestat,
3678 1797 3815 1837 cum

409 1871 519 1925 teri
567 1871 940 1923 Testamento
990 1865 1252 1936 legitur:
1309 1865 1415 1931 Qui
1466 1866 1709 1936 tetigerit
1752 1868 2053 1929 mortuum,

411 1958 727 2014 immundus
770 1958 879 2013 erit
908 1956 1101 2027 (Levit.
1153 1972 1230 2022 x1,
1262 1955 1369 2021 24;
1399 1958 1559 2010 Num.
1614 1970 1732 2023 x1x,
1764 1954 1823 2006 11
1853 1970 1866 2019 ;
1899 1953 2054 2007 Deut.

408 2066 525 2115 xxv,
556 2049 634 2121 8),
666 2050 903 2119 propter
928 2045 1037 2100 hoc
1069 2043 1215 2099 dixit
1245 2062 1257 2099 :
1294 2043 1438 2098 Nam
1470 2059 1617 2114 opus
1648 2041 2057 2098 misericordiae

410 2143 502 2194 est
530 2141 830 2192 mortuum
861 2133 1128 2206 sepelire.

482 2246 547 2298 Et
574 2258 667 2312 ego
710 2242 974 2311 recipiam
1019 2255 1130 2305 vos,
1165 2238 1333 2309 quasi
1386 2239 1650 2292 diceret:
1684 2237 1745 2292 Si
1793 2237 2058 2292 inﬁdeles

413 2348 514 2386 vos
562 2328 909 2401 expulerint,
943 2325 1029 2381 vel
1081 2342 1183 2381 vos
1232 2325 1452 2396 egressi
1502 2325 1754 2389 fueritis,
1801 2341 1907 2394 ego
1957 2341 2057 2379 vos

415 2419 713 2492 recipiam.
750 2417 817 2472 Et
847 2416 980 2472 talis
1013 2420 1103 2471 est
1149 2428 1381 2479 sensus,
1416 2413 1607 2484 qualis
1637 2413 1754 2479 ille,
1789 2414 1887 2468 ubi
1920 2413 2059 2485 legi-

412 2512 511 2562 tur
541 2523 553 2562 :
592 2508 763 2561 Extra
814 2519 1120 2575 synagogas
1148 2518 1240 2557 vos
1286 2503 1492 2567 facient
1528 2502 1696 2572 (731),
1728 2506 1836 2557 etc.
1871 2502 1935 2556 Et
1964 2516 2059 2556 ero

411 2595 561 2652 vobis
590 2597 649 2650 in
696 2595 929 2666 patrem,
961 2592 1130 2663 quasi
1162 2590 1379 2646 diceret
1410 2607 1423 2644 :
1458 2590 1513 2643 Si
1564 2590 1816 2662 perversi
1851 2607 2057 2662 paren-

414 2689 523 2749 tes,
557 2687 615 2737 et
646 2674 909 2735 inﬁd'eles
938 2695 1040 2734 vos
1071 2676 1421 2750 expulerint,
1446 2692 1538 2730 me
1570 2681 1794 2747 patrem
1826 2676 2060 2731 habebi-

414 2772 493 2826 tis
530 2770 974 2841 sempiternum.
1008 2769 1073 2823 Et
1119 2783 1207 2822 vos
1237 2768 1392 2821 eritis
1420 2767 1562 2820 mihi
1606 2767 1667 2820 in
1712 2766 1874 2835 ﬁlios,
1906 2770 1961 2819 et
1988 2766 2059 2834 ﬁ-

415 2862 542 2915 lias.
576 2858 775 2927 Filios,
803 2863 860 2912 et
910 2855 1063 2911 ﬁlias
1094 2855 1258 2923 dicit,
1293 2856 1414 2910 sive
1464 2859 1700 2926 propter
1742 2859 2060 2925 utrumque

414 2964 641 3017 sexum,
671 2947 791 3001 sive
841 2950 1075 3017 propter
1104 2944 1305 3012 fortes,
1340 2948 1398 2998 et
1442 2944 1727 2997 inﬁrmos.
1780 2943 1922 2997 Dicit
1950 2948 2059 2998 Do-

415 3039 599 3094 minus
626 3037 987 3106 omnipotens.
1013 3033 1084 3088 Ut
1113 3032 1414 3103 superiora
1438 3034 1759 3101 conﬁrmet,
1779 3032 1908 3088 ideo
1939 3032 2061 3087 haec

2165 1859 2304 1914 dicit
2326 1861 2396 1915 de
2427 1860 2696 1916 Simeone
2722 1879 2735 1918 :
2777 1864 2980 1929 Justus,
3005 1873 3056 1919 et
3084 1867 3374 1923 timoratus
3400 1869 3551 1940 (Luc.
3577 1886 3641 1937 II,
3676 1870 3769 1941 25)
3800 1886 3814 1935 ;

2166 1964 2299 2002 nam
2331 1949 2482 2003 sicut
2502 1949 2737 2019 justitia
2767 1950 2892 2006 sine
2938 1954 3149 2009 timore
3177 1971 3305 2011 esse
3340 1973 3456 2012 non
3487 1962 3703 2029 potest,
3732 1960 3816 2015 sic

2166 2053 2271 2093 nec
2302 2038 2704 2094 sanctiﬁcatio.

2236 2153 2511 2225 Sequitur
2542 2170 2555 2209 :
2592 2153 2781 2222 Capite
2808 2172 2927 2211 nos.
2958 2156 3163 2214 Melius
3194 2158 3251 2214 in
3285 2159 3499 2217 Graecis
3528 2165 3816 2238 exempla-

2167 2243 2349 2311 ribus,
2383 2243 2537 2297 unde
2567 2242 2675 2298 hoc
2705 2245 3059 2301 translatum
3116 2253 3222 2314 est,
3256 2249 3524 2307 habetur.
3556 2252 3814 2312 Verbum

2165 2331 2343 2399 enim,
2375 2332 2529 2402 quod
2582 2332 2639 2386 in
2686 2332 2795 2388 hoc
2841 2334 2966 2390 loco
2997 2336 3253 2407 positum
3288 2344 3401 2408 est,
3434 2340 3611 2398 talem
3647 2344 3818 2400 habet

2166 2436 2429 2489 sensum,
2462 2421 2630 2491 quasi
2662 2421 2905 2477 dixisset
2950 2425 3257 2496 Apostolus
3291 2444 3303 2482 :
3340 2432 3590 2501 Capaces
3632 2433 3819 2489 nostri

2166 2512 2370 2563 estote.
2396 2508 2461 2562 Et
2492 2512 2687 2578 potest
2714 2509 2946 2566 duobus
2978 2514 3168 2568 modis
3200 2515 3470 2590 intelligi,
3496 2524 3558 2574 ut
3587 2521 3669 2577 sit
3689 2539 3822 2578 sen-

2168 2614 2268 2652 sus
2302 2613 2314 2650 :
2347 2596 2477 2651 Vim
2513 2598 2803 2653 dictorum
2827 2604 3161 2657 nostrorum
3193 2605 3382 2676 capite
3409 2624 3421 2674 ;
3454 2611 3601 2680 quod
3633 2612 3823 2667 etiam

2168 2685 2406 2757 respicit
2453 2686 2523 2740 ad
2559 2685 2688 2753 hoc,
2726 2689 2879 2758 quod
2932 2707 3111 2762 supra
3160 2694 3263 2759 ait,
3296 2694 3666 2764 dilatamini;
3700 2701 3823 2758 sive

2169 2774 2281 2829 alio
2334 2775 2525 2842 modo,
2573 2777 2750 2845 capite
2778 2793 2896 2843 nos,
2929 2778 3038 2834 hoc
3086 2786 3172 2836 est
3217 2782 3394 2839 vitam
3441 2791 3708 2844 nostram
3767 2795 3823 2846 et

2169 2862 2666 2918 conversationem
2715 2864 3050 2922 imitamini.
3084 2870 3151 2924 Et
3179 2873 3346 2943 quasi
3398 2873 3821 2950 interrogasset

2169 2952 2383 3024 aliquis
2417 2969 2430 3007 :
2466 2954 2600 3018 Quae
2631 2958 2719 3008 est
2749 2958 3110 3013 conversatio
3143 2964 3262 3028 tua,
3296 2979 3473 3033 quam
3508 2966 3679 3037 sequi
3712 2968 3817 3024 de-

2171 3042 2375 3096 bemus
2399 3041 2425 3095 ?
2459 3043 2590 3097 Ideo
2639 3043 2941 3112 subiunxit
2973 3063 2985 3100 :
3019 3048 3303 3105 Neminem
3351 3052 3619 3125 lauimus,
3664 3060 3813 3124 etc.;

416 3125 741 3197 subjunxit.
775 3124 916 3181 Nam
964 3140 1096 3215 Amos
1143 3127 1232 3215 est
1279 3121 1698 3215 prOphetarum
1746 3121 1888 3215 talia
1919 3122 2056 3176 sub-
2088 3140 2130 3207 ρ
2168 3130 2335 3201 quasi
2368 3129 2651 3185 dixisset:
2692 3133 2803 3186 Hoc
2855 3133 2916 3187 in
2947 3136 3244 3193 mentibus
3292 3143 3502 3197 vestris
3532 3121 3812 3215 conferte,

417 3217 574 3284 dere,
605 3219 671 3270 ut
700 3230 807 3269 nos
837 3213 1111 3268 certiores
1139 3212 1211 3267 de
1240 3210 1643 3282 superioribus
1674 3212 1937 3266 reddant.

487 3331 595 3387 Sed
627 3330 758 3402 quis
807 3332 932 3384 erat
979 3328 1109 3387 iste.
1142 3327 1243 3399 qui
1288 3327 1397 3381 hoc
1446 3325 1724 3381 dicebat?
1752 3325 2056 3383 Christus:

419 3437 554 3492 ergo
585 3417 974 3488 omnipotens.
1015 3417 1083 3470 Et
1108 3416 1260 3485 quod
1292 3415 1684 3485 omnipotens,
1718 3415 1841 3485 ipse
1873 3413 2059 3469 mani-

420 3510 591 3564 festat
624 3523 637 3563 :
673 3508 1023 3576 Quaecunque
1070 3505 1234 3558 Pater
1258 3505 1412 3574 facit,
1445 3503 1563 3559 haec
1591 3503 1779 3559 eadem
1807 3513 1857 3558 et
1885 3505 2061 3559 Filius

422 3596 596 3666 (Joan.
627 3613 683 3661 v,
718 3595 824 3659 19).
860 3594 1008 3665 Ergo
1057 3609 1125 3647 ea
1154 3584 1504 3662 non‘potest
1549 3591 1746 3660 Filius,
1800 3609 1924 3663 quae
1957 3608 2061 3648 nec

420 3689 609 3741 Pater.
633 3684 741 3739 Sed
771 3683 1018 3737 idoneus
1039 3686 1129 3736 est
1156 3681 1265 3735 iste
1299 3680 1501 3747 Filius,
1530 3680 1629 3751 qui
1663 3680 1804 3735 dicit
1833 3686 2064 3751 aposto-

421 3773 496 3830 lis
536 3790 550 3829 :
611 3778 721 3829 Deo
779 3772 968 3826 omnia
1017 3769 1307 3842 possibilia
1351 3772 1478 3823 sunt
1524 3770 1729 3835 (Matth.
1788 3787 1901 3836 x1x,
1949 3770 2061 3840 26).

420 3864 490 3918 Et
554 3861 601 3917 si
670 3860 886 3928 omnia,
955 3875 1091 3932 ergo
1156 3862 1210 3914 et
1276 3858 1401 3931 ipse
1468 3858 1859 3930 omnipotens,
1929 3858 2068 3930 quia

419 3951 592 4007 Deus.

492 4058 642 4130 (732)
674 4056 829 4128 (CAP.
871 4055 1017 4126 VII.)
1056 4055 1367 4127 Sequitur:
1404 4059 1516 4110 Has
1547 4056 1724 4125 igitur
1747 4056 2065 4125 promissio-

416 4164 531 4203 nes.
558 4146 719 4202 Facit
748 4145 905 4201 enim
935 4144 1305 4216 superiorum
1337 4143 1790 4215 promissionum
1828 4144 2069 4199 mentio-

423 4251 579 4298 nem,
612 4234 721 4289 hoc
752 4238 859 4298 est,
894 4237 957 4287 ut
986 4234 1110 4305 ipse
1132 4234 1209 4289 sit
1238 4232 1408 4287 nobis
1435 4232 1493 4285 in
1526 4236 1780 4298 Patrem,
1803 4237 1859 4287 et
1889 4249 1995 4287 nos
2015 4233 2068 4288 ei

422 4325 484 4378 in
534 4322 708 4389 ﬁlios,
744 4326 803 4377 et
848 4320 1037 4376 ﬁlias:
1078 4326 1133 4376 et
1183 4322 1313 4375 ideo
1361 4320 1719 4377 exhortando
1751 4321 2019 4393 sequitur
2053 4339 2066 4376 :

426 4411 745 4467 Mundemus
774 4426 872 4467 nos
918 4410 988 4465 ab
1020 4412 1175 4465 omni
1222 4412 1640 4480 inquinamento
1685 4412 1888 4465 carnis.
1922 4410 2071 4468 Sane

426 4501 770 4569 notandum,
805 4499 944 4572 quia
973 4516 1088 4554 non
1119 4498 1261 4554 dicit
1290 4498 1680 4565 solummodo,
1711 4501 1778 4554 ab
1803 4499 2068 4570 inquina-

422 4592 623 4657 mento,
657 4589 756 4645 sed
789 4590 981 4653 omni;
1011 4587 1150 4659 quia
1180 4587 1369 4642 multa
1397 4592 1536 4642 sunt
1561 4603 1773 4658 genera
1802 4587 2073 4659 inquina-

424 4679 620 4746 tionis,
646 4694 772 4747 quae
804 4681 927 4732 tam
960 4694 993 4730 a
1022 4675 1275 4741 diabolo,
1308 4692 1485 4747 quam
1511 4692 1545 4731 a
1577 4675 1857 4731 membris
1887 4676 2073 4747 ipsius

423 4765 662 4823 inventa
691 4772 847 4821 sunt.
874 4765 1236 4836 Quapropter
1265 4764 1364 4837 qui
1401 4769 1579 4819 Deum
1605 4769 1826 4836 patrem
1859 4764 2072 4820 habere

425 4854 738 4919 desiderat,
772 4858 829 4908 et
873 4854 1002 4924 ejus
1047 4853 1205 4908 ﬁlius
1237 4870 1366 4909 esse
1398 4854 1575 4925 cupit,
1610 4870 1724 4908 non
1776 4852 1966 4908 solum
2000 4855 2072 4910 ab

423 4942 585 5000 omni
616 4959 787 5014 opere
810 4942 1305 5013 coinquinationis
1332 4959 1393 4997 se
1424 4942 1735 5009 abstineat,
1762 4944 1861 4997 sed
1895 4943 2073 4998 etiam

424 5034 497 5090 ah
528 5032 660 5106 ipsa
688 5032 883 5087 carnis
918 5030 1334 5088 delectatione.
1362 5032 1471 5087 Sed
1525 5032 1663 5103 quia
1694 5032 1882 5088 multa
1913 5038 2072 5103 sunt,

425 5139 551 5196 quae
582 5119 706 5178 solo
737 5120 955 5176 mentis
986 5136 1275 5176 consensu
1308 5122 1475 5191 ﬁunt,
1510 5126 1566 5177 et
1597 5137 1704 5176 nos
1735 5138 1765 5177 a
1796 5122 2075 5206 sociptate

429 5317 645 5444 d(€29)
676 5316 894 5442 Itgréum
924 5317 1210 5375 Jeremias
1234 5334 1335 5390 pro
1367 5316 1730 5388 Baruch,qui
1761 5316 1869 5373 hoc
1899 5317 2079 5375 habet

470 5404 521 5443 1c
551 5405 583 5443 ο
612 5405 700 5444 ni.
808 5431 819 5443 .

470 5404 583 5443 icto
612 5405 700 5453 ιιι,
731 5404 819 5443 δι).

497 5459 643 5531 (730)
663 5459 1024 5533 immundum
1074 5477 1215 5533 sane
1245 5460 1305 5515 in
1359 5464 1558 5533 autog.
1600 5458 1883 5533 scriptum
1933 5459 2075 5533 legi-

426 5529 546 5599 tur,
579 5529 682 5603 sed
712 5529 925 5603 litteris
956 5532 1340 5603 superius,',et
1368 5529 1524 5603 infra
1557 5531 1821 5603 adjectis,
1852 5529 2075 5589 necnon

426 5599 662 5691 punctis
691 5599 916 5675 aliquot
945 5599 1411 5669 obliterationem
1429 5599 1761 5677 aliquorum
1779 5599 2076 5665 characte-

2165 3219 2274 3275 hoc
2302 3219 2373 3273 ad
2404 3219 2747 3273 memoriam
2796 3227 3077 3290 revocate,
3110 3226 3248 3297 quia
3290 3228 3424 3284 talis
3456 3231 3570 3286 fuit
3613 3238 3818 3289 nostra

2166 3308 2526 3363 conversatio
2582 3308 2736 3380 apud
2798 3327 2917 3365 vos.
2979 3312 3081 3368 Hic
3139 3312 3331 3372 verbis
3385 3318 3625 3376 denotat
3684 3322 3813 3379 illos

2169 3413 2419 3467 quorum
2454 3392 2639 3452 falsis.
2666 3399 2946 3456 doctrinis
2979 3402 3208 3459 fuerant
3239 3405 3483 3479 decepti.
3517 3408 3612 3465 Illi
3657 3412 3813 3467 enim

2167 3485 2441 3541 laserant
2482 3502 2598 3553 eos,
2651 3488 2789 3558 quia
2840 3490 3124 3546 dominati
3172 3500 3314 3549 sunt
3362 3512 3604 3568 eorum;
3660 3501 3816 3556 unde

2169 3574 2415 3629 inferius
2466 3575 2607 3629 dicit
2637 3591 2651 3630 :
2684 3576 2940 3632 Libenter
2982 3581 3247 3652 suﬁertis,
3278 3600 3325 3638 St
3355 3587 3478 3657 quis
3528 3589 3590 3643 in
3619 3591 3819 3661 faciem

2176 3679 2261 3718 vos
2290 3661 2453 3717 cadit
2481 3664 2558 3733 (II
2603 3663 2721 3718 Cor.
2773 3668 2972 3738 x1,10,
3003 3670 3115 3741 20).
3166 3671 3564 3746 Corruperunt
3612 3694 3715 3735 eos
3764 3680 3823 3735 in

2179 3752 2308 3821 ﬁde,
2345 3750 2490 3807 falsa
2518 3752 2818 3822 docendo;
2851 3756 3359 3817 circumvenerunt
3389 3780 3510 3832 eos,
3543 3768 3823 3824 substan-

2174 3840 2317 3895 tiam
2348 3857 2550 3896 eorum
2580 3846 2636 3897 et
2665 3843 2915 3900 salutem
2948 3847 3164 3917 pariter
3187 3851 3605 3909 exhauriendo.
3638 3856 3732 3923 Et,
3758 3873 3827 3913 ne

2176 3935 2449 4001 putarent
2476 3931 2589 4002 ipsi
2619 3934 2797 4002 quod,
2832 3950 3009 3990 causa
3056 3938 3562 3999 condemnationis
3597 3961 3824 4011 eorum,

2177 4035 2240 4074 se
2271 4024 2654 4088 excusarent;
2687 4024 2827 4092 quia
2875 4041 3045 4096 saepe,
3079 4026 3221 4083 dum
3250 4046 3311 4085 se
3361 4030 3537 4088 homo
3567 4040 3829 4104 excusat,

2178 4107 2321 4163 alios
2351 4110 2719 4177 condemnat,
2766 4112 2894 4167 ideo
2925 4114 3230 4185 subjunxit
3264 4135 3276 4173 :
3310 4122 3434 4175 Non
3480 4122 3549 4176 ad
3577 4125 3829 4180 condem-

2176 4199 2456 4253 nationem
2501 4206 2735 4253 vestram
2783 4199 2901 4257 dico
2918 4218 2937 4261 ,'
2969 4205 3135 4274 quasi
3186 4206 3475 4264 dixisset:
3527 4210 3653 4267 Non
3702 4213 3829 4269 ideo

2179 4302 2273 4341 me
2315 4302 2547 4355 excuso,
2578 4294 2642 4342 ut
2685 4305 2788 4344 vos
2837 4291 3265 4362 condemnem;
3299 4297 3439 4367 quia
3488 4301 3587 4371 qui
3621 4301 3828 4373 parcit,

2180 4393 2293 4431 non
2327 4377 2697 4446 condemnat,
2730 4379 2829 4434 sed
2871 4396 3048 4436 causa
3096 4388 3295 4439 vestra:
3327 4386 3556 4457 salutis,
3592 4406 3661 4445 ne
3710 4390 3829 4446 illis

2100 4508 2145 4575 D
2180 4466 2278 4537 qui
2309 4483 2411 4521 vos
2441 4467 2793 4538 deceperunt
2822 4469 2997 4525 ﬁdem
3029 4475 3504 4532 accommodatis.

2252 4591 2322 4645 Et
2352 4591 2492 4662 quia
2509 4590 2694 4647 voluit
2719 4608 2817 4649 eos
2839 4598 3026 4651 certos
3052 4598 3312 4667 reddere,
3337 4602 3494 4672 quod
3520 4619 3635 4658 non
3657 4621 3837 4661 causa

2183 4696 2385 4736 eorum
2415 4680 2809 4737 damnationis
2858 4700 2920 4738 se
2948 4688 3329 4757 excusaverit,
3362 4688 3491 4746 ideo
3541 4694 3841 4762 praeterita

2185 4768 2335 4822 bona
2388 4767 2503 4822 illis
2553 4769 2623 4823 ad
2674 4771 3019 4828 memoriam
3070 4776 3376 4832 revocavit.
3431 4778 3582 4834 Dicit
3626 4781 3835 4837 enim:

2186 4856 2562 4912 Prmdz’ximus
2579 4860 2730 4913 enim
2757 4860 2896 4931 quod
2921 4863 2979 4915 in
3005 4862 3256 4923 cordibus
3274 4867 3475 4922 nostris
3492 4869 3645 4940 estis,
3680 4876 3793 4926 etc.
3822 4889 3839 4937 ;

2185 4945 2352 5013 quasi
2383 4945 2628 5001 dixisset
2661 4964 2673 5002 :
2708 4953 2786 5002 Ex
2818 4951 3125 5020 praeteritis
3149 4954 3319 5011 bonis
3348 4958 3645 5029 agnoscite
3676 4959 3838 5031 quod

2185 5034 2295 5089 hoc
2327 5052 2441 5090 non
2474 5052 2653 5091 causa
2680 5043 2881 5093 vestrae
2929 5040 3324 5100 damnationis
3355 5045 3615 5102 diximus
3646 5063 3660 5101 :
3698 5063 3841 5104 nam

2186 5140 2335 5196 quos
2364 5124 2423 5179 in
2454 5125 2593 5195 vita,
2626 5130 2681 5181 et
2709 5132 2894 5183 morte
2922 5129 3111 5187 socios
3133 5130 3347 5190 habere
3374 5134 3672 5207 cupimus,
3697 5153 3841 5193 con-

2186 5339 2315 5404 rum
2346 5323 2835 5404 signiﬁcantibus,
2869 5328 3198 5404 emendatio
3250 5331 3460 5389 innuta
3490 5334 3742 5404 videtur,
3772 5338 3849 5391 ut

2184 5394 2309 5469 loco
2324 5394 2687 5469 immundum
2717 5396 2945 5468 legatur
2974 5398 3203 5469 idolum,
3235 5403 3324 5459 vel
3354 5405 3535 5461 etiam
3564 5394 3805 5462 malum.

2184 5535 2235 5591 ν
2242 5466 2379 5591 [(173.1
2388 5475 2405 5537 )
2430 5466 2599 5522 Joan.
2634 5485 2684 5523 c.
2721 5466 2866 5523 16v.
2898 5470 2952 5525 2.
2979 5466 3508 5547 absquesynagOgis
3535 5476 3752 5552 legitur
3776 5478 3850 5536 in

2432 5608 2497 5668 In
2530 5614 2723 5687 autog.
2757 5627 2947 5687 marg.
2978 5613 3073 5673 hic
3102 5614 3315 5695 legitur
3345 5635 3474 5695 cap,
3508 5619 3626 5687 xx,
