4034 6166
172 290 295 351 453

734 285 1153 351 EXPOSITIO
1198 288 1277 350 IN
1323 287 1749 351 EPISTULAS
1797 289 2060 352 PAULI.
2095 318 2168 333 --
2201 288 2278 349 IN
2324 290 2579 353 EPIST.
2623 290 2677 351 II
2722 292 2826 352 AD
2872 294 3050 355 COR.

3481 295 3599 356 454

172 426 452 479 damnare
483 419 859 476 nolumus.In
884 421 996 476 hoc
1018 421 1170 477 facto
1205 426 1519 479 monentur
1550 421 1828 493 praedica-
1858 426 1913 492 Α
2013 423 2324 495 Sequitur:
2354 423 2458 478 Sed
2495 424 2591 494 qui
2619 425 2935 481 consolatur
2959 426 3218 483 humiles.
3252 429 3323 484 Et
3352 433 3441 484 est
3470 444 3602 484 sen-

173 515 444 580 tores,ut,
478 526 614 565 cum
648 509 1122 581 suosincrepant
1178 513 1495 583 auditores,
1558 526 1629 565 ne
1686 511 1833 566 forte

174 602 290 674 ipsi
341 604 545 673 putent
602 613 665 653 se
721 614 905 654 causa
955 601 1392 669 amaritudinis,
1452 607 1511 657 et
1566 599 1838 655 vindictaa

172 691 522 762 increpatos,
556 688 851 760 praeterita
884 689 1039 745 bona
1069 692 1141 746 ad
1176 691 1520 747 memoriam
1570 689 1688 744 illis
1746 706 1838 745 re-

177 785 399 837 vocent.

254 887 391 960 (733)
420 885 722 958 Sequitur:
746 884 927 941 Multa
954 887 1098 942 mihi
1125 888 1333 958 ﬁducia
1361 897 1437 944 est
1465 887 1611 959 apud
1632 893 1842 954 vos,etc

180 977 287 1034 Sed
321 975 473 1030 unde
503 974 649 1029 hanc
698 973 987 1029 fiduciam
1048 976 1304 1047 sumpsit
1361 977 1673 1048 Apostolus
1703 975 1731 1028 ?
1764 976 1846 1030 Ex

183 1064 365 1137 prima
395 1060 674 1133 Epistola,
708 1076 833 1131 qua
855 1061 1099 1129 directa,
1134 1063 1355 1119 audivit
1383 1080 1584 1119 eorum
1643 1079 1842 1118 emen-

183 1154 470 1207 dationem
497 1167 511 1219 ;
544 1153 599 1205 et
622 1148 752 1203 ideo
780 1149 1145 1205 fiducialiter
1163 1151 1543 1223 gloriabatur,
1569 1151 1839 1205 dicendo:

184 1241 339 1296 Multa
366 1240 510 1294 mihi
536 1239 800 1308 gloriatio
830 1255 937 1310 pro
984 1239 1156 1295 vobis.
1218 1240 1538 1311 Sequitur:
1594 1239 1843 1311 Repletus

184 1330 563 1399 consolatione,
595 1331 717 1383 etc:
752 1342 827 1382 ac
861 1327 911 1381 si
944 1328 1189 1384 dixisset
1223 1346 1234 1383 :
1288 1327 1397 1393 Qui
1450 1328 1700 1383 nimium
1750 1325 1838 1380 fui

185 1419 559 1475 contristatus
582 1417 652 1471 de
682 1420 884 1471 vestro
912 1432 1239 1486 casu,nunc
1266 1416 1521 1489 repletus
1546 1434 1679 1473 sum
1699 1432 1835 1471 con-

186 1506 460 1563 solatione
490 1506 563 1561 de
591 1509 785 1560 vestra
840 1505 1270 1571 emendatione,
1340 1509 1389 1561 et
1445 1505 1838 1578 superabundo

186 1596 373 1669 gaudio
403 1595 475 1650 de
507 1597 701 1651 vestra
730 1592 1114 1649 correctione.
1162 1594 1472 1650 Monentur
1525 1599 1582 1649 et
1610 1595 1669 1648 in
1726 1593 1839 1649 hoc

188 1686 331 1741 iacto
355 1682 1061 1757 praedicatores,ut,sicut
1090 1682 1405 1738 tristantur
1434 1684 1503 1738 de
1525 1699 1663 1737 casu
1697 1698 1836 1737 suo-

189 1792 333 1844 rum,
361 1774 446 1828 sic
476 1772 772 1844 gaudeant
806 1771 878 1826 de
909 1770 1176 1843 ipsorum
1210 1771 1643 1826 emendatione.
1687 1769 1831 1823 Ani-
1870 1798 1918 1863 B

191 1860 667 1918 madvertendam
700 1864 789 1915 est
818 1859 997 1915 etiam
1026 1865 1247 1932 quanta
1278 1860 1534 1916 Charitas
1592 1863 1717 1914 erat
1772 1858 1835 1913 in

190 1957 376 2009 mente
406 1948 695 2023 Apostoli,
729 1948 829 2020 qui
862 1948 1062 2004 omnia
1092 1948 1335 2004 adversa
1378 1946 1839 2021 parvipendebat

188 2042 240 2097 in
271 2038 713 2112 comparatione
734 2037 1163 2093 emendationis
1193 2037 1653 2093 Corinthiorum.

252 2147 585 2220 Sequitur:
638 2146 782 2201 Nam
864 2162 990 2200 cum
1076 2147 1406 2200 uenissemus
1465 2143 1840 2199 Macedoniam

188 2243 291 2295 etc.
323 2239 538 2291 Narrat
566 2233 883 2307 Apostolus
911 2233 1231 2289 Corinthiis
1261 2234 1718 2306 persecutiones,
1779 2234 1839 2285 et

188 2325 584 2394 adversitates,
618 2339 766 2395 quas
797 2338 901 2394 pro
926 2321 1177 2378 aliorum
1209 2339 1420 2394 passus
1478 2325 1568 2377 est
1624 2318 1836 2376 salute.

188 2418 289 2473 Sed
323 2430 508 2487 quare
535 2412 563 2467 ‘t
592 2411 893 2479 Videlicet,
927 2416 992 2467 ut
1020 2410 1154 2469 illos
1183 2412 1257 2468 ad
1289 2411 1678 2468 imitationem
1740 2409 1835 2463 sui

186 2504 780 2574 traheret,quatenus,
813 2501 956 2556 dum
990 2516 1165 2557 suum
1214 2500 1510 2556 doctorem
1563 2514 1667 2571 pro
1707 2496 1839 2552 aliis

187 2593 299 2667 pati
329 2593 738 2658 viderent,non
770 2589 994 2662 pigeret
1021 2605 1141 2656 eos,
1170 2594 1227 2645 et
1256 2606 1360 2661 pro
1414 2589 1541 2661 ipso
1598 2586 1842 2642 adversa

190 2680 702 2740 sustinere.Solent
732 2678 912 2734 etiam
944 2678 1205 2733 doctores
1237 2678 1499 2747 adversa,
1551 2692 1678 2747 quae
1738 2690 1839 2745 pa-

191 2769 688 2840 tiuntur,diversis
718 2784 822 2841 pro
846 2766 1061 2835 causis,
1096 2766 1221 2822 suis
1243 2765 1617 2822 auditoribus
1651 2763 1838 2818 mani-

192 2862 422 2917 festare.
454 2858 771 2914 Sciendum
796 2856 934 2928 quia
962 2854 1298 2925 caro,veluti
1328 2856 1566 2911 brutum
1598 2851 1841 2920 animal,

194 2948 521 3006 doletinter
549 2949 833 3015 adversa;
866 2945 1111 3017 spiritus
1153 2960 1287 3000 vero
1346 2942 1646 3000 rationalis
1692 2942 1847 2997 laeta-

195 3044 310 3106 tur,
341 3038 483 3109 quia
504 3053 608 3109 spe
639 3034 804 3108 regni
836 3033 1090 3090 cmlestis
1121 3032 1478 3088 sublevatur.
1513 3033 1657 3088 Caro
1686 3030 1846 3086 illius

193 3127 449 3199 requiem
482 3143 601 3182 non
630 3124 859 3191 habuit,
890 3123 1048 3195 quia,
1082 3139 1200 3177 una
1247 3123 1550 3179 recedente
1604 3119 1843 3176 tribula-

191 3218 367 3282 tione,
399 3215 583 3271 altera
618 3213 987 3270 succedebat.

244 3324 579 3396 Sequitur:
612 3322 723 3378 Sed
751 3336 966 3377 omnem
993 3320 1410 3376 tribulationem
1429 3320 1599 3391 passi.
1623 3318 1845 3372 Omnem

189 3414 361 3479 dicit,
396 3412 508 3465 hoc
535 3416 618 3467 est
645 3409 895 3466 multam
930 3426 943 3464 :
978 3425 1115 3465 nam
1149 3425 1276 3480 qua:
1310 3409 1484 3464 fuerit
1505 3406 1654 3461 liber
1683 3408 1845 3460 Acto-

191 3519 327 3559 rum
361 3499 758 3573 apostolorum
784 3499 1145 3554 manifestat.
1179 3498 1330 3553 Dicit
1359 3498 1539 3563 enim,
1573 3495 1713 3567 quia
1756 3510 1845 3550 re-

192 3588 943 3660 cedentesaTroade(Act.
1004 3604 1117 3654 xw,
1180 3588 1290 3658 11),
1351 3603 1485 3641 cum
1543 3586 1848 3641 venissent

198 3679 600 3738 Macedoniam
630 3680 705 3751 (ll
733 3681 858 3735 Cor.
891 3695 931 3747 ι,
968 3679 1075 3745 16).
1110 3693 1236 3747 qua:
1297 3674 1681 3748 propinquior
1726 3676 1851 3728 erat

196 3770 492 3835 Corintho,
521 3774 578 3823 et
608 3768 744 3823 inde
773 3773 928 3823 esset
953 3767 1124 3821 Titus
1179 3770 1461 3821 venturus
1489 3765 1560 3835 (Il
1602 3764 1724 3818 Cor.
1784 3778 1849 3831 ιι,

203 3860 307 3931 13),
339 3857 517 3913 multi
549 3857 620 3912 ad
669 3872 861 3912 eorem
907 3854 1379 3928 praedicationem
1438 3852 1849 3918 crediderunt;

201 3947 297 4001 sed
320 3946 647 4001 maximam
669 3946 1129 4000 consolationem
1152 3942 1489 3997 habuerunt
1514 3940 1572 3993 in
1596 3938 1854 4011 quadam

202 4036 417 4091 femina
446 4036 600 4105 (Act.
633 4051 746 4102 xvr,
773 4035 1017 4106 14),quaa
1045 4031 1293 4087 credidit
1321 4047 1456 4085 cum
1489 4030 1649 4084 omni
1681 4029 1855 4083 domo

205 4126 507 4181 sua.Tunc
537 4124 782 4195 contigit
806 4121 1146 4195 Apostolum
1165 4120 1439 4191 spiritum
1470 4117 1747 4191 pythonis
1768 4131 1859 4170 ex-

204 4215 428 4286 pulisse
448 4230 485 4269 a
518 4212 910 4285 quorumdam
936 4210 1246 4267 hominum
1287 4208 1498 4273 ancilla
1529 4224 1655 4279 quae
1713 4204 1856 4260 divi-

207 4305 400 4361 nando
432 4318 717 4375 magnum
740 4304 1030 4373 quaestum
1061 4298 1318 4355 dominis
1348 4297 1664 4370 praestabat
1692 4294 1854 4363 (Ibid,

205 4394 288 4464 16)
321 4410 334 4448 :
370 4396 614 4464 propter
642 4390 797 4462 quod
833 4388 1317 4461 comprehensus,
1352 4392 1410 4443 et
1453 4386 1618 4459 prius
1676 4399 1857 4455 quam

203 4481 369 4537 Titus
382 4477 883 4546 veniret,multam
902 4476 1342 4533 tribulationem
1358 4473 1855 4548 passus(lbid.19).

275 4586 564 4657 Sequitur
592 4601 605 4639 :
639 4586 791 4640 Foris
816 4583 1157 4655 pugnae,boc
1187 4587 1294 4651 est,
1331 4582 1535 4655 ﬂagra,
1568 4586 1625 4636 et
1656 4580 1807 4634 ictus
1842 4595 1854 4634 :

212 4677 357 4730 intus
378 4672 1075 4746 timores,videlicet,quia
1103 4672 1357 4728 multum
1392 4669 1623 4727 solliciti
1667 4672 1857 4736 erant,

212 4769 267 4817 et
287 4764 679 4832 timebant,ne
698 4762 965 4834 ipsorum
984 4764 1277 4818 auditores
1300 4761 1857 4826 scandalizarentur,

210 4852 348 4908 dum
372 4852 523 4908 talia
551 4852 813 4907 viderent
854 4869 1029 4907 suum
1085 4853 1205 4923 pati
1261 4853 1578 4907 doctorem.
1629 4848 1857 4903 Aliter:

208 4941 359 4997 Foris
382 4956 617 5015 pugnae,
652 4942 759 4997 hoc
791 4946 898 5007 est,
932 4957 1255 4996 concursus
1288 4938 1571 5008 ﬁdelium,
1621 4942 1678 4991 et
1729 4937 1860 4991 inﬁ-

210 5031 429 5087 delium
467 5048 480 5085 :
515 5033 669 5086 intus
700 5033 953 5085 timores:
976 5028 1113 5100 quia
1141 5030 1199 5083 in
1232 5043 1459 5083 carcere
1489 5025 1661 5096 positi
1692 5025 1859 5080 time-

209 5116 352 5173 bant
380 5136 453 5175 ne
486 5118 876 5174 atrocioribus
903 5116 1091 5188 poenis
1113 5115 1522 5187 plecterentur,
1582 5112 1860 5184 quoniam

210 5222 383 5265 nemo
405 5214 497 5264 est
529 5208 629 5280 qui
662 5225 779 5264 non
810 5207 1039 5263 timeat.

271 5404 427 5478 (733)
462 5408 528 5478 I_n
549 5409 748 5478 autog.
783 5420 968 5477 marg.
1002 5402 1097 5478 hic
1129 5401 1342 5478 legitur
1369 5417 1495 5473 cap.
1530 5400 1651 5478 Xxl

271 5471 428 5545 (734)
462 5471 730 5533 Fortasse
769 5478 833 5531 in
878 5471 1126 5548 pctendo,
1162 5471 1262 5548 vel
1320 5475 1381 5528 in
1407 5545 1414 5548 _
1431 5471 1719 5544 patiendo,
1773 5471 1862 5548 vel

200 5545 387 5679 m
417 5548 504 5606 uti
557 5549 762 5624 jacet;
815 5548 1041 5623 passive
1092 5545 1330 5619 scilicet,
1393 5545 1656 5621 impetum
1704 5546 1864 5604 susti-

1948 528 2089 567 sus:
2124 511 2277 567 Deus
2310 511 2625 567 humilium
2656 519 2744 568 est
2774 515 3127 583 consolator,
3175 518 3348 588 juxta
3402 515 3546 570 illud
3582 531 3596 569 :

1906 680 1913 683 ν
1948 602 2124 672 Prope
2142 605 2217 655 est
2251 600 2514 655 Dominus
2546 601 2631 656 his
2654 604 2751 673 qui
2781 606 3042 661 tribulato
3079 610 3207 661 sunt
3235 605 3397 661 corde
3426 604 3598 674 (Psal.

1950 690 2243 757 xxxm,19)
2270 707 2282 755 ;
2316 694 2374 743 et
2401 688 2539 744 item
2574 706 2586 743 :
2618 691 2794 762 Prope
2822 694 2897 747 est
2924 693 3183 749 Dominus
3226 694 3483 749 omnibus
3508 691 3601 742 in-

1954 779 2275 833 vocantibus
2304 794 2359 832 se
2389 779 2450 831 in
2482 781 2702 833 veritate
2723 782 2895 848 (Psal.
2929 798 3110 847 cxuv,
3145 783 3258 852 18).
3318 782 3424 850 Qui
3477 790 3602 847 ergo

1950 868 2264 922 consolatur
2293 867 2875 933 humiles,consolatus
2903 876 2983 925 est
3016 889 3112 926 nos
3136 874 3193 925 in
3222 872 3462 926 adventu
3496 863 3604 922 Titi

1953 957 2108 1028 quod
2140 957 2431 1029 particeps
2490 958 2678 1013 factus
2739 964 2827 1014 est
2882 967 3096 1016 nostra:
3159 956 3598 1016 tribulationis:

1954 1061 2168 1117 magna
2200 1062 2453 1117 namque
2484 1046 2803 1103 consolatio
2830 1053 2919 1104 est
2948 1051 3136 1105 socios
3159 1049 3372 1103 habere
3404 1047 3461 1100 in
3492 1040 3599 1095 tri-

1953 1132 2273 1188 bulatione.

2026 1239 2335 1310 Sequitur:
2370 1242 2482 1295 Non
2515 1243 2687 1297 solum
2724 1244 2782 1296 in
2812 1243 3047 1298 adventu
3076 1244 3216 1312 ejus.
3252 1241 3320 1295 Et
3353 1242 3444 1295 est
3473 1249 3605 1289 sen-

1951 1344 2054 1382 sus
2084 1345 2097 1381 :
2132 1328 2253 1383 Non
2289 1327 2480 1384 solum
2515 1329 2795 1386 consolati
2828 1346 3060 1395 sumus,
3114 1327 3256 1400 quia
3306 1324 3607 1398 particeps

1952 1417 2142 1473 factus
2172 1422 2262 1473 est
2297 1422 2508 1474 nostra;
2543 1418 2961 1486 tribulationis,
2996 1419 3099 1473 sed
3134 1416 3314 1471 etiam
3345 1413 3489 1489 quia
3543 1412 3617 1471 de

1949 1505 2117 1561 vobis
2147 1506 2300 1560 bona
2331 1506 2498 1561 nobis
2530 1507 2728 1562 retulit
2763 1525 2776 1574 ;
2837 1510 3086 1563 vestrum
3136 1503 3424 1561 videlicet
3476 1502 3621 1564 desi-

1950 1592 2188 1660 derium,
2222 1593 2279 1648 in
2314 1594 2526 1650 melius
2559 1596 2919 1667 proﬁciendo
2951 1602 3229 1663 ;vestrum
3257 1596 3485 1669 ﬂetum,
3517 1598 3629 1661 im.

1951 1682 2201 1752 petendo
2226 1684 2411 1754 (73’s);
2444 1693 2679 1739 vestram
2708 1683 2887 1739 etiam
2920 1684 3356 1740 aemulationem
3402 1702 3501 1758 pro
3550 1713 3640 1758 me

1950 1786 2018 1824 ac
2051 1772 2097 1825 si
2131 1770 2412 1839 dixisset;
2447 1773 2760 1827 Revertens
2795 1771 3067 1826 narravit
3097 1774 3251 1844 quod
3281 1792 3423 1845 vos,
3441 1788 3643 1857 agnita

1949 1857 2236 1913 eharitate
2258 1859 2756 1927 mea,a2mulantes
2780 1876 2878 1913 me
2907 1876 3149 1932 quoque
3171 1864 3512 1930 defendatis
3535 1886 3638 1939 ad-

1945 1960 2153 2002 versus
2182 1963 2279 2001 eos
2311 1948 2410 2018 qui
2442 1949 2513 2003 de
2547 1965 2636 2003 me
2668 1947 2863 2003 multa
2898 1948 3067 2005 mala
3115 1955 3275 2013 vobis
3335 1957 3634 2031 dixerunt,

1946 2034 2229 2105 Sequitur
2262 2051 2274 2091 :
2307 2037 2389 2090 Ita
2418 2044 2478 2091 ut
2497 2038 2671 2106 magis
2698 2035 3026 2106 gauderem
3058 2058 3072 2110 ;
3102 2042 3209 2101 hoc
3238 2052 3352 2116 est,
3404 2056 3503 2124 qui
3562 2061 3635 2120 de

1948 2127 2145 2212 vestro
2177 2141 2313 2179 casu
2349 2124 2599 2179 multum
2635 2125 2713 2179 fui
2746 2124 3065 2197 tristatus,
3099 2136 3282 2208 magis
3310 2145 3632 2212 gauderem

1950 2210 2022 2265 de
2045 2217 2237 2267 vestra
2266 2212 2694 2275 emendatione,
2757 2212 2887 2266 sive
2953 2222 3146 2293 magis
3192 2210 3507 2298 gauderem
3558 2239 3630 2296 de

1949 2306 2145 2355 vestra
2169 2301 2598 2372 emendatione,
2633 2317 2811 2372 quam
2850 2300 2928 2355 de
2965 2306 3078 2363 'l‘iti
3111 2318 3528 2381 consolatione.

2024 2414 2305 2487 Sequitur
2337 2434 2349 2472 :
2377 2416 2437 2471 Si
2462 2417 2786 2471 contristavi
2811 2430 2926 2487 vos,
2961 2436 3073 2476 non
3096 2442 3183 2483 me
3233 2438 3486 2502 panitet.
3561 2442 3626 2498 Et

1949 2507 2042 2558 est
2068 2521 2316 2560 sensus:
2352 2504 2484 2560 Ideo
2508 2520 2624 2559 non
2656 2520 2749 2559 me
2783 2506 3051 2580 poenitet,
3095 2517 3237 2585 quia
3286 2523 3385 2593 qui
3444 2543 3625 2585 causa

1950 2594 2174 2664 peccati
2206 2593 2458 2649 aliorum
2476 2592 2675 2648 fuistis
2706 2592 3017 2664 increpati,
3040 2606 3097 2654 et
3118 2602 3250 2660 illos
3283 2592 3620 2673 correxistis

1952 2684 2011 2735 et
2031 2698 2135 2737 vos
2166 2682 2224 2736 in
2258 2680 2470 2736 melius
2504 2678 2849 2751 profecistis.
2884 2680 3202 2754 Sequitur:
3235 2693 3299 2747 Et
3323 2698 3376 2750 si
3401 2703 3623 2763 paenae-

1949 2772 2055 2837 ret,
2080 2776 2190 2827 etc.
2227 2789 2240 2836 ;
2274 2788 2342 2825 ac
2372 2769 2423 2825 si
2454 2769 2701 2824 dixisset
2733 2785 2746 2823 :
2780 2768 2839 2823 Si
2866 2772 3134 2844 exigente
3173 2779 3457 2841 charitate
3487 2789 3615 2845 fieri

1952 2865 2154 2930 posset
2174 2867 2237 2914 ut
2260 2876 2355 2914 me
2386 2859 2690 2929 paeniteret
2706 2874 2805 2913 vos
2830 2862 3208 2921 contristatae
3240 2879 3478 2942 propter
3506 2878 3618 2932 du-

1954 2948 2154 3001 ritiam
2196 2947 2403 3018 primae
2428 2945 2715 3016 Epistolas,
2751 2962 2866 3001 non
2897 2965 2990 3004 me
3021 2954 3612 3029 pceniteret,quiailla

1953 3034 2026 3089 ad
2054 3036 2249 3091 horam
2280 3051 2374 3091 vos
2403 3036 2770 3091 contristavit.
2808 3035 2873 3090 Et
2902 3052 3009 3109 ego
3038 3056 3187 3095 nunc
3208 3046 3419 3110 gaudeo
3470 3066 3610 3119 pro-

1956 3128 2088 3195 pter
2116 3129 2375 3181 vestram
2417 3120 2905 3180 emendationem‘.
2936 3126 3021 3181 Ad
3051 3126 3161 3183 hoc
3190 3131 3396 3187 attinet
3454 3138 3610 3206 quod

1954 3215 2259 3284 sequitur:
2296 3214 2419 3269 Non
2443 3216 2580 3285 quia
2607 3215 2919 3269 contristati
2954 3218 3103 3285 estis,
3135 3223 3246 3273 etc.
3282 3220 3386 3276 Sed
3411 3226 3614 3280 contri-

1952 3304 2087 3357 stati
2115 3304 2246 3359 estis
2275 3304 2579 3358 secundum
2608 3302 3053 3364 Deum.etc.Ha:c
3065 3306 3243 3362 verba
3263 3310 3609 3369 exsultantis

1956 3396 2120 3446 sunt.
2154 3391 2409 3447 Multum
2438 3408 2692 3464 namque
2721 3392 2891 3447 corde
2921 3391 3231 3450 laetabatur
3280 3399 3610 3469 Apostolus,

1958 3480 2100 3550 quia
2129 3480 2351 3545 omnia,
2387 3498 2518 3552 qua:
2550 3497 2687 3553 erga
2708 3479 3037 3536 Corinthios
3057 3489 3275 3554 egerat,
3317 3488 3390 3542 ad
3422 3490 3611 3560 profe-

1959 3572 2122 3624 ctum
2146 3586 2350 3624 eorum
2382 3577 2442 3625 et
2465 3568 2818 3625 laudabilem
2869 3568 3046 3626 finem
3105 3582 3489 3644 pervenerant
3514 3595 3527 3641 ;
3557 3582 3617 3634 et

1960 3656 2093 3712 ideo
2125 3657 2268 3712 dicit
2300 3675 2313 3711 :
2353 3659 2416 3714 Ut
2444 3661 2499 3712 in
2529 3658 2683 3713 nullo
2703 3658 3097 3715 detrimentum
3121 3664 3424 3731 patiamini
3452 3682 3541 3731 ;ac
3563 3666 3613 3722 si

1961 3746 2208 3802 dixisset
2238 3764 2250 3800 :
2288 3745 2614 3801 Plurimum
2640 3763 2848 3817 nempe
2876 3748 3121 3817 gaudeo,
3146 3751 3287 3822 quia
3315 3753 3514 3809 omnia
3540 3754 3615 3811 ad

1962 3837 2283 3905 profectum
2320 3835 3031 3905 pervenerunt.Moralitcr
3060 3839 3237 3893 etiam
3272 3840 3381 3896 hoc
3413 3842 3611 3913 ipsum

1963 3940 2121 3977 nunc
2153 3922 2245 3995 agi
2278 3923 2449 3977 debet
2483 3941 2496 3989 ;
2527 3922 2687 3976 verbi
2718 3923 3066 3998 gratia,cum
3110 3927 3245 3996 quis
3276 3928 3481 3983 docere
3510 3930 3615 3984 ali-

1964 4010 2106 4080 quid
2132 4012 2350 4065 bonum
2366 4009 2712 4080 incipit.non
2738 4010 3003 4080 agnoscit
3024 4013 3222 4082 finem;
3244 4015 3291 4068 si
3316 4031 3448 4071 vero
3471 4032 3615 4070 con-

1964 4099 2253 4170 tigerit,ut
2281 4099 2355 4152 ad
2385 4097 2740 4153 laudabilem
2773 4099 2949 4154 tinem
3001 4102 3315 4171 perveniat,
3377 4120 3615 4161 necesse

1966 4190 2075 4253 est,
2112 4193 2177 4241 ut
2204 4187 2475 4258 gaudeat,
2507 4190 2563 4240 et
2592 4186 2707 4241 Deo
2747 4187 2965 4259 gratias
2994 4188 3222 4244 referat.

2037 4302 2311 4372 Sequitur
2340 4318 2355 4358 :
2381 4303 2515 4370 Qum
2554 4304 2704 4357 enim
2732 4301 3027 4358 secundum
3061 4305 3232 4359 Deum
3259 4307 3488 4363 tristitia
3539 4315 3619 4365 est

1971 4391 2363 4447 etc.Tristitia
2381 4391 2710 4446 secundum
2741 4392 2923 4447 Deum
2956 4394 3210 4464 est,quia
3237 4395 3620 4452 confunditur

1971 4486 2242 4557 peccator
2267 4486 2325 4536 et
2353 4481 2644 4547 tristatur,
2678 4481 2894 4536 timens
2925 4498 2997 4536 ne
3052 4499 3086 4536 a
3144 4489 3256 4539 Deo
3314 4484 3616 4556 puniatur.

1936 4568 1943 4613 '-
1972 4570 2360 4634 Quamobrem
2376 4573 2615 4640 accepta
2626 4568 3021 4625 consolatione
3032 4571 3408 4626 eoncurritad
3426 4588 3624 4630 emen-

1972 4659 2402 4714 dationem.Hoc
2431 4672 2643 4727 quoque
2666 4660 3049 4727 paenitentiam
3078 4667 3343 4726 operatur
3371 4660 3433 4714 in
3462 4662 3617 4717 salu-

1973 4757 2081 4803 tem
2110 4748 2385 4812 stabilem,
2419 4745 2559 4816 quia
2591 4746 2727 4799 t‘acit
2754 4746 3053 4817 pervenire
3084 4747 3157 4801 ad
3204 4748 3620 4806 remissionem

1973 4844 2365 4909 peccatorum.
2401 4833 2678 4904 Sequitur
2704 4850 2715 4887 :
2755 4837 2997 4891 Tristitia
3025 4837 3219 4892 sweuli
3246 4839 3473 4892 mortem
3500 4854 3623 4909 ope-

1975 4930 2151 4979 ratur.
2185 4924 2450 4979 Tristitia
2478 4921 2676 4976 sazculi
2709 4925 2965 4995 est,quia
2997 4931 3266 4997 peccator
3296 4942 3356 4981 se
3387 4940 3620 4997 quoque

1973 5015 2359 5077 denudatum,
2384 5017 2557 5083 atque
2590 5018 2814 5068 rectum
2848 5016 2995 5086 (735)
3028 5020 3275 5069 veretur.
3330 5015 3621 5068 Tristatur

1974 5103 2152 5168 enim,
2185 5102 2325 5173 quia
2344 5101 2511 5155 timet
2540 5117 2611 5156 ne
2638 5102 2939 5172 puniatur,
2971 5101 3059 5158 vel
3090 5120 3125 5157 a
3146 5103 3345 5172 judice
3366 5106 3616 5168 terreno,

1974 5190 2060 5247 vel
2096 5191 2144 5247 si
2178 5192 2341 5246 deest
2366 5192 2829 5260 terrenus,timet
2846 5191 3042 5264 puniri
3063 5208 3097 5246 a
3131 5192 3261 5245 Deo.
3293 5191 3406 5243 Iste
3435 5186 3617 5253 enim,

2044 5389 2191 5461 (755)
2224 5388 2493 5461 Fortasse
2520 5406 2694 5461 reum,
2726 5388 2812 5445 vel
2836 5396 3075 5461 reatum,
3103 5383 3189 5461 vel
3222 5384 3400 5461 etiam
3428 5388 3493 5441 ut
3521 5384 3619 5461 ja-

1972 5455 2061 5543 cet
2093 5478 2105 5527 ;
2141 5455 2380 5543 scilicet,
2414 5455 2908 5534 comparationem
2940 5456 3195 5528 recti,vsl
3226 5457 3299 5514 ab
3330 5455 3431 5515 illo
3452 5455 3622 5535 puni-

1970 5536 2194 5591 tionem
2222 5538 2472 5592 veretur.
