4026 6168
341 359 458 419 455

1355 343 1694 406 ΑΤΤΟΝ18
1737 338 2326 406 VERCELLENSIS
2373 337 2723 400 EPISCQPI

3618 336 3737 397 456

344 493 485 546 dum
513 490 571 543 in
601 482 759 541 vitali
783 488 1051 538 versatur
1071 475 1495 549 tristitia,nulla
1525 479 1760 546 accepta
1783 490 1982 529 conso-
2013 474 2067 540 Α
2094 474 2172 527 Ac
2203 472 2252 526 si
2284 471 2414 527 aliis
2445 470 2635 526 verbis
2665 469 2906 524 dixisset
2937 487 2948 523 :
2986 467 3108 523 Non
3132 465 3322 524 solum
3343 471 3581 539 propter
3614 467 3747 524 illos

343 573 913 648 latione,praecipitat
937 589 997 627 se
1019 571 1076 626 in
1099 565 1721 640 desperationem.Sive
1743 563 1981 618 tristitia

341 665 535 723 saeculi
566 669 656 720 est
685 663 743 718 in
769 661 1002 717 damnis
1033 657 1300 727 terrenis,
1333 656 1418 713 vel
1450 662 1603 711 certe
1634 654 1693 708 in
1733 652 1979 708 aliorum

341 755 516 811 rebus
547 751 956 824 conspectis,et
983 764 1097 802 non
1131 744 1453 818 acquisitis.

409 842 721 916 Sequitur:
754 841 883 894 Ecce
911 839 1062 893 enim
1091 835 1187 890 hoc
1216 837 1416 906 ipsum,
1454 831 1753 888 secundum
1811 831 1982 885 Deum

338 932 660 990 contristari
687 945 800 995 vos,
831 932 938 982 etc.
973 928 1036 980 In
1068 925 1176 979 hac
1207 941 1340 979 vero
1372 922 1977 991 sententia,quantum

342 1023 412 1078 ad
443 1018 752 1076 latinitatis
785 1014 1047 1088 regulam
1071 1013 1296 1078 attinet,
1327 1011 1421 1067 sed
1450 1014 1746 1083 superflua
1775 1013 1863 1064 est
1887 1026 1900 1075 ;
1927 1011 1982 1063 et

341 1111 470 1166 ideo
502 1106 884 1178 intelligenda
904 1109 994 1159 est
1019 1102 1206 1174 posita
1237 1119 1364 1156 esse
1389 1117 1489 1172 pro
1507 1103 1588 1164 et;
1616 1100 1785 1166 juxta
1817 1113 1983 1168 regu-

339 1198 455 1254 lam
491 1211 723 1268 quoque
754 1195 964 1263 linguae
985 1191 1189 1247 Graecae
1217 1190 1390 1245 habet
1413 1187 1982 1259 compositionem,et

340 1282 1014 1342 constructionem.Sane
1037 1281 1381 1343 notandum,
1410 1278 1548 1350 quia
1575 1273 1980 1346 dixeratpaulo

339 1374 612 1447 superius
644 1389 706 1428 se
737 1370 1178 1426 conslristatum
1211 1368 1536 1422 secundum
1574 1371 1752 1419 Deum
1783 1380 1795 1418 :
1831 1369 1888 1417 et
1921 1366 1982 1416 ut

339 1465 669 1521 ostenderet
700 1477 874 1533 quem
904 1459 1157 1514 fructum
1180 1457 1420 1512 tristitia
1441 1455 1767 1510 secundum
1799 1457 1980 1506 Deum

339 1552 625 1626 genuerit,
642 1548 950 1621 subjunxit
978 1551 1035 1602 et
1064 1549 1305 1601 caetera:
1339 1546 1470 1601 Ecce
1500 1544 1648 1598 enim
1678 1541 1775 1596 hoc
1803 1542 1982 1610 ipsum

337 1647 487 1703 etc.;
505 1657 571 1696 ac
603 1639 648 1696 si
682 1638 959 1694 dixisset:
994 1635 1198 1690 Videte
1217 1634 1356 1706 quia
1377 1631 1616 1689 tristitia
1655 1629 1979 1685 secundum

340 1737 522 1786 Deum
555 1744 828 1801 magnam
851 1727 908 1780 in
931 1724 1096 1781 vobis
1119 1728 1434 1794 opperatur
1457 1717 1981 1776 sollicitudinem.Et

338 1819 579 1893 pulchre
610 1817 789 1872 dicit:
824 1813 1266 1871 Sollicitudinem
1301 1829 1314 1879 ;
1348 1811 1486 1882 quia
1517 1810 1574 1864 in
1639 1805 1979 1880 pmnitentia

339 1908 590 1964 multum
625 1905 910 1962 sollicitus
942 1909 1029 1960 est
1060 1902 1335 1966 homo,ne
1370 1902 1511 1954 forte
1543 1898 1731 1953 denuo
1765 1900 1977 1967 peccet:

337 2004 392 2054 et
419 1997 518 2053 ubi
549 1995 878 2052 sollicitudo
901 1997 1006 2061 est,
1029 1997 1247 2062 torpor,
1274 1994 1330 2044 et
1369 1987 1600 2059 ignavia
1658 1985 1979 2057 repellitur.

333 2087 439 2145 Sed
469 2087 850 2158 defensionem.
877 2082 1052 2145 Quasi
1076 2080 1317 2135 dixisset
1352 2093 1364 2132 :
1398 2078 1520 2132 Non
1545 2076 1734 2131 solum
1767 2073 1979 2129 sollici-

333 2175 730 2240 tudinem,sed
754 2173 928 2227 etiam
951 2170 1347 2225 defensionem
1385 2185 1397 2222 :
1423 2183 1534 2220 non
1569 2169 1798 2218 tantum
1819 2161 1978 2228 mali;

335 2267 474 2336 quia
507 2263 644 2317 mali
677 2263 914 2331 operata
947 2262 1032 2313 est
1063 2256 1510 2320 confessionem;
1545 2255 1644 2308 sed
1679 2253 1873 2322 potius
1892 2267 1984 2305 ve-

337 2351 526 2408 ritatis
562 2366 574 2406 :
607 2348 708 2405 Sed
740 2347 1173 2415 indignationem
1204 2343 1364 2398 illam
1398 2341 1680 2412 intellige,
1700 2340 1895 2410 quain
1920 2355 1981 2393 se

333 2440 796 2513 indignabantur
827 2439 1060 2508 propter
1091 2437 1328 2505 peccata
1360 2449 1373 2499 ;
1405 2429 1492 2486 vel
1524 2433 1678 2484 certe
1729 2427 1979 2483 aliorum

335 2529 800 2601 intellige,quam
824 2525 884 2579 in
907 2541 968 2579 se
989 2523 1542 2584 excitaverunt,cum
1577 2535 1638 2574 se
1669 2518 1980 2573 emendare

334 2622 657 2690 omperunt.
689 2616 967 2686 Sequitur
1003 2630 1015 2667 :
1047 2612 1152 2667 Sed
1181 2617 1452 2664 timorem.
1491 2607 1593 2662 Ille
1625 2606 1886 2676 vero,qui
1920 2607 1977 2660 in

334 2706 698 2780 paenitudine
727 2709 836 2772 est,
870 2701 1124 2756 multum
1147 2699 1412 2766 timet,ne
1436 2697 1580 2752 forte
1613 2713 1725 2750 non
1760 2695 1836 2750 sit
1865 2695 1978 2749 sibi

335 2813 367 2852 a
387 2796 502 2851 Deo
520 2793 832 2849 remissum
857 2787 1477 2862 peccatum.Timorem
1500 2801 1630 2840 vero
1655 2800 1727 2838 an
1748 2787 1977 2838 castum

336 2901 408 2938 an
425 2882 693 2938 servilem
713 2878 1182 2949 dicat,incertum
1203 2879 1310 2930 est:
1334 2877 1738 2928 verumtamen
1755 2876 1980 2926 utrum~

335 2989 448 3043 que
478 2969 801 3041 intelligere
824 2962 1481 3038 possumus.Sequitur:
1519 2961 1617 3016 Sed
1648 2960 1977 3015 desiderium

332 3060 442 3114 hoc
462 3063 569 3126 est,
603 3059 662 3112 in
698 3055 906 3112 melius
939 3052 1298 3126 proficiendi,
1333 3050 1608 3121 Sequitur
1634 3067 1646 3104 :
1671 3049 1772 3104 Sed
1800 3064 1975 3106 aemu-

331 3147 908 3214 lationem,bonorum
943 3141 1164 3198 scilicet
1195 3156 1434 3211 operum
1473 3139 1679 3210 ;quasi
1713 3139 1975 3193 dixisset:

2093 561 2322 633 scripsi,
2361 561 2458 616 sed
2493 560 2670 615 etiam
2704 558 2772 614 ad
2800 556 3284 627 mamifestundam
3315 558 3750 614 sollicitudinem

2090 659 2354 706 nostram.
2373 650 2641 721 Magnam
2667 665 2875 719 nempe
2898 664 2999 718 pro
3017 645 3134 700 illis
3156 645 3618 702 sollicitudinem
3640 648 3748 703 ba-

2092 739 2299 802 bebat;
2333 738 2490 809 quia,
2523 738 2664 792 dum
2697 735 3401 808 inquinatosinundabat,
3430 752 3748 808 oppressos

2093 827 2405 893 relevabat,
2439 827 2696 896 abjectos
2728 827 3052 892 revocabat,
3103 825 3370 880 omnium
3424 841 3486 880 se
3535 842 3742 881 curam

2091 917 2304 971 habere
2337 916 2732 981 monstrabat;
2770 915 3047 985 quoniam
3082 930 3198 968 uno
3231 913 3545 984 poenitente
3568 913 3742 969 multi

2091 1005 2660 1069 contristantur,uno
2675 1005 2889 1058 afﬂicto
2910 1002 3079 1058 multi
3099 1002 3746 1076 scandalizantur;quia

2091 1095 2277 1150 sicom
2290 1095 2506 1166 patitur
2521 1110 2698 1148 unum
2719 1091 3520 1164 membrum,compatiuntur
3539 1093 3746 1148 omnia

2094 1187 2376 1238 membra.

2163 1274 2228 1327 Et
2260 1273 2367 1328 hoc
2397 1273 2717 1337 notandum
2753 1272 2890 1342 quia
2915 1271 3025 1326 tria
3057 1270 3199 1326 dicit
3228 1288 3242 1338 ;
3269 1271 3375 1325 hoc
3406 1275 3515 1335 est,
3533 1289 3636 1343 pro
3658 1289 3748 1328 vo-

2092 1361 2192 1427 bis,
2223 1369 2275 1416 et
2300 1360 2370 1414 ad
2400 1377 2506 1424 vos,
2537 1363 2585 1414 et
2615 1375 2796 1414 coram
2829 1360 2932 1413 Deo
2961 1377 2972 1425 ;
3009 1364 3072 1412 ut
3094 1359 3425 1414 ostenderet
3448 1359 3593 1414 nihil
3620 1378 3746 1418 sua

2090 1449 2293 1504 deesse
2315 1448 2709 1504 ssllicitudini.
2735 1447 2922 1502 Ethoc
2945 1447 3249 1502 sciendum
3272 1448 3412 1519 quia
3434 1453 3573 1504 sunt
3594 1467 3746 1506 non-

2091 1536 2258 1607 nulli,
2293 1538 2392 1608 qui
2424 1541 2562 1592 sunt
2593 1536 2824 1592 solliciti
2858 1553 2958 1608 pro
2991 1534 3121 1591 aliis
3153 1554 3166 1604 ;
3197 1539 3294 1592 sed
3330 1553 3444 1591 non
3479 1538 3550 1592 ad
3578 1537 3739 1605 illos,

2093 1625 2230 1697 quia
2248 1642 2360 1680 non
2384 1627 2453 1680 ab
2468 1625 2581 1693 his,
2607 1643 2732 1697 qua:
2751 1625 2820 1680 ad
2840 1625 3155 1696 perfectam
3179 1623 3416 1680 illorum
3442 1625 3739 1684 sollicitu-

2091 1715 2286 1770 dinem
2306 1715 2670 1786 perducunt:
2700 1718 2840 1769 sunt
2861 1731 2994 1769 vero
3018 1713 3137 1782 alii,
3161 1713 3261 1786 qui
3284 1731 3387 1786 pro
3406 1714 3559 1782 aliis,
3588 1722 3645 1772 et
3665 1717 3741 1773 ad

2092 1803 2223 1859 illos
2255 1804 2485 1858 solliciti
2516 1810 2654 1858 sunt
2684 1821 2696 1870 ;
2731 1804 2828 1858 sed
2863 1804 3001 1874 quia
3023 1820 3136 1858 non
3161 1808 3249 1858 est
3265 1801 3513 1876 simplex
3531 1821 3740 1861 eorum

2090 1892 2353 1958 intentio,
2389 1893 2515 1948 ideo
2550 1909 2661 1947 non
2684 1909 2874 1947 caram
2900 1893 3018 1948 Deo.

2160 1982 2436 2052 Sequitur
2463 1999 2475 2037 :
2511 1981 2638 2037 Ideo
2668 1983 2934 2037 consolati
2972 1997 3160 2036 sumus
3182 1997 3204 2044 ;
3235 1980 3343 2036 hoc
3373 1988 3483 2049 est,
3518 1984 3591 2038 de
3637 2002 3738 2041 ve-

2089 2075 2210 2125 stra
2226 2070 2742 2136 emendatione,vel
2767 2087 2868 2142 pro
2891 2075 3091 2127 nostra
3112 2069 3739 2144 sollicitudine.Sequi-

2093 2167 2188 2214 tur
2213 2178 2225 2214 :
2258 2161 2321 2214 In
2350 2161 2716 2215 consolatione
2742 2166 2925 2214 autem
2952 2165 3162 2229 nostra,
3187 2159 3562 2216 abundantius
3582 2164 3739 2230 gavi-

2089 2265 2180 2301 sus
2207 2266 2327 2303 sum
2355 2265 2518 2319 super
2545 2249 2748 2320 gaudio
2782 2250 2907 2304 Titi.
2938 2247 3234 2303 Sollicitus
3261 2249 3418 2303 enim
3449 2255 3575 2305 erat
3611 2251 3738 2323 ipse

2091 2342 2211 2392 tam
2231 2343 2446 2409 aperte,
2471 2355 2648 2408 quam
2677 2341 2734 2393 et
2755 2336 3021 2404 latenter,
3043 2353 3184 2392 suos
3205 2337 3456 2410 dirigere
3479 2339 3738 2412 discipu-

2091 2426 2199 2496 los,
2234 2431 2299 2480 ut
2333 2443 2573 2481 suorum
2607 2431 2952 2498 agnosceret
2981 2426 3484 2482 conversationem
3505 2429 3736 2485 audito-

2091 2532 2219 2570 rum
2247 2533 2260 2582 ;
2285 2520 2342 2570 et
2365 2516 2513 2585 ideo,
2538 2532 2672 2570 cum
2691 2515 3225 2582 direxissetTitum,
3249 2520 3306 2571 et
3332 2518 3455 2587 ipse
3478 2516 3737 2574 invenis-

2089 2609 2178 2658 set
2206 2621 2306 2658 eos
2337 2605 2701 2670 emendatos,
2733 2609 2790 2659 et
2807 2608 3118 2672 carrectos,
3143 2603 3379 2676 gavisus
3401 2607 3732 2672 est;etideo

2088 2692 2256 2748 dicit:
2291 2694 2518 2748 Gavisus
2541 2710 2663 2748 sum
2690 2710 2860 2764 super
2887 2693 3094 2762 gaudio
3122 2694 3226 2748 Titi
3248 2710 3268 2754 ;
3301 2693 3466 2765 quasi
3487 2694 3737 2751 dixisset

2088 2781 2218 2836 aliis
2249 2782 2476 2838 verbis:
2511 2783 2658 2846 Quia
2685 2783 2868 2850 Titus,
2903 2783 3002 2853 qui
3034 2782 3202 2838 valde
3231 2783 3500 2838 tristatus
3542 2789 3632 2839 est
3664 2785 3735 2841 de

2084 2875 2295 2939 vestro,
2315 2887 2475 2940 casu,
2499 2871 2799 2927 inveniens
2831 2887 2929 2926 vos
2950 2875 3258 2942 correctos,
3282 2871 3522 2944 gavisus
3543 2878 3658 2941 est,
3678 2877 3734 2928 et

2085 2975 2190 3031 ego
2220 2961 2466 3032 gaudeo,
2501 2960 2640 3032 quia
2668 2960 2826 3016 illius
2857 2959 3162 3032 gaudium,
3192 2977 3386 3015 meum
3419 2965 3528 3016 est.
3592 2963 3732 3030 Quia

2085 3052 2316 3119 refectus
2344 3057 2440 3118 est,
2469 3049 2524 3104 id
2557 3055 2646 3104 est
2675 3049 2931 3121 repletus
2971 3055 3038 3104 ab
3089 3048 3340 3105 omnibus
3381 3051 3552 3105 vobis.
3588 3051 3732 3106 Cum

2085 3137 2239 3192 enim
2274 3138 2449 3192 dicit:
2482 3138 2556 3192 Ab
2585 3139 2835 3193 omnibus
2865 3139 3035 3205 vobis,
3069 3139 3326 3194 ostendit
3355 3154 3454 3194 eos
3514 3139 3730 3195 habere

329 3237 436 3301 Qui
467 3237 752 3292 hactenus
788 3232 980 3288 fuistis
1003 3231 1326 3286 imitatores
1377 3227 1685 3294 malorum,
1744 3229 1974 3283 studete
2006 3217 2048 3282 C
2087 3227 2478 3292 concordiam,
2506 3231 2681 3298 atque
2709 3227 3240 3298 unionem,quosin
3262 3227 3453 3298 prima
3473 3227 3733 3299 Epistola

329 3325 696 3381 aemulatores
724 3339 852 3379 esse
879 3323 1189 3377 bonorum.
1221 3317 1513 3389 Sequitur:
1548 3316 1647 3372 Sed
1676 3316 1977 3372 vindictam

327 3416 415 3470 vel
441 3412 761 3469 ulciscendi
793 3412 850 3465 in
879 3408 1213 3480 semetipsis
1241 3411 1496 3478 peccata,
1530 3405 1616 3459 vel
1647 3411 1798 3460 certe
1831 3404 1974 3459 ulci-

329 3502 529 3558 scendi
551 3500 738 3555 malos
765 3524 778 3565 ;
811 3498 950 3569 quia
966 3496 1066 3568 qui
1089 3496 1276 3550 malos
1300 3495 1679 3566 punit,bonos
1712 3510 1824 3548 non
1849 3509 1976 3564 per-

329 3591 465 3646 dere
496 3589 705 3661 quaerit
735 3588 904 3655 (736).
937 3584 1149 3656 Tangit
1195 3582 1350 3638 enim
1406 3581 1762 3653 praelibando
1813 3596 1973 3637 more

329 3678 500 3736 solito
532 3693 790 3744 causam,
825 3690 998 3746 quam
1033 3672 1292 3744 apertius
1314 3671 1810 3737 manifestat,cum
1831 3671 1970 3725 sub-

324 3767 556 3840 jungit:
589 3768 654 3822 In
673 3765 925 3821 omnibus
971 3761 1293 3818 exhibuistis
1350 3775 1441 3815 vos
1501 3760 1970 3814 incontaminatos

328 3873 438 3913 esse
466 3857 678 3928 negotio
707 3851 1215 3925 (subintelligitur.
1258 3847 1626 3920 iniquitatis).
1687 3848 1967 3903 Corinthii

325 3962 462 4002 vero
494 3943 776 4017 increpati
809 3941 880 3998 ab
905 3937 1432 4012 Apostolo,incitati
1457 3941 1598 3992 sunt
1636 3941 1701 3992 ut
1731 3936 1915 3992 malos
1936 3954 1971 3992 a

323 4034 614 4091 consortio
633 4033 724 4089 sui
754 4029 1099 4104 repellerent
1134 4045 1145 4084 :
1179 4032 1237 4083 et
1267 4027 1396 4082 ideo
1418 4027 1968 4097 abjecerantomnes

325 4123 616 4196 quosipse
647 4139 750 4195 per
779 4118 1097 4192 Epistolam
1136 4117 1524 4173 denotaverat.
1559 4115 1627 4170 Et
1665 4117 1802 4170 dum
1859 4116 1968 4172 hoc

323 4216 588 4285 egerunt,
635 4209 1132 4264 incontaminatos
1192 4223 1254 4262 se
1302 4221 1431 4261 esse
1479 4208 1964 4259 monstraverant.

325 4299 500 4365 Quasi
524 4298 807 4352 dixisset:
845 4297 993 4351 Dum
1025 4293 1212 4350 malos
1254 4291 1574 4364 repulistis,
1625 4293 1972 4348 incontami-

330 4390 500 4443 natos
529 4401 630 4440 vos
652 4383 884 4456 negotio
911 4380 1237 4453 iniquitatis
1261 4397 1390 4436 esse
1412 4381 1806 4452 monstrastis,
1832 4380 1969 4452 quia

326 4475 425 4548 qui
443 4473 876 4531 contaminatus
894 4471 1335 4539 est,libertatem
1363 4469 1699 4540 increpandi
1725 4471 1965 4538 amittit,

2087 3316 2340 3371 ostendit
2361 3316 2573 3371 habere
2594 3315 2964 3383 divisionem,
2993 3317 3136 3372 adeo
3158 3322 3225 3372 ut
3243 3316 3486 3373 diceret:
3514 3317 3733 3373 Divisa:

2084 3409 2162 3461 est
2193 3407 2433 3460 Christus
2463 3407 2511 3476 (I
2539 3405 2659 3460 Cor.
2695 3422 2734 3471 ι,
2763 3406 2874 3475 13.)

2155 3494 2459 3565 Sequitur:
2493 3495 2558 3548 Et
2585 3496 2637 3548 si
2664 3495 2804 3564 quid
2834 3494 2978 3565 apud
2992 3495 3155 3549 illum
3181 3494 3247 3550 de
3272 3495 3422 3550 vobis
3449 3495 3733 3567 gloriatus

2081 3599 2222 3637 sum.
2261 3582 2358 3636 His
2388 3581 2578 3637 verbis
2609 3583 2860 3637 ostendit
2895 3589 3110 3654 aperte,
3130 3583 3285 3653 quod
3311 3583 3498 3638 multa
3518 3583 3732 3640 dixerit

2081 3672 2210 3726 Tito
2242 3671 2391 3725 bona
2411 3670 2483 3725 de
2511 3669 2848 3735 Corinthiis,
2895 3671 3238 3742 priusquam
3271 3687 3406 3726 eum
3426 3671 3724 3740 direxerit,

2080 3775 2206 3829 quae
2238 3759 2309 3813 ab
2341 3758 2456 3814 illis
2488 3757 2715 3823 didicit,
2741 3775 2843 3830 per
2863 3776 3011 3830 quos
3030 3759 3240 3816 direxit
3261 3760 3608 3832 Epistolam,
3628 3765 3727 3818 aut

2078 3864 2182 3920 per
2211 3847 2376 3916 alios,
2409 3848 2549 3919 quia
2578 3847 2745 3902 multi
2777 3865 2928 3919 saepe
2957 3849 3382 3904 discurrebant.
3411 3851 3482 3905 Et
3499 3867 3617 3906 non
3638 3854 3726 3906 est

2078 3936 2678 4010 con/ususApostolus,
2703 3937 2843 4009 quia
2865 3954 2980 3993 non
3003 3938 3192 4005 aliter,
3216 3955 3393 4010 quam
3415 3939 3542 4010 ipse
3570 3939 3726 3994 dixe-

2078 4027 2172 4096 rit,
2207 4027 2420 4098 reperit
2449 4027 2638 4082 Titus.

2150 4115 2457 4188 Sequitur:
2492 4115 2594 4172 Sed
2617 4118 2758 4171 sicut
2781 4118 2969 4172 omnia
2995 4117 3145 4172 vobis
3175 4118 3237 4172 in
3265 4117 3495 4172 veritate
3556 4118 3729 4172 locuti

2076 4221 2286 4271 sumus,
2307 4209 2414 4260 etc.
2439 4204 2603 4272 Nota,
2629 4205 2768 4276 quia
2788 4221 2856 4260 ea
2869 4205 3100 4276 repetit,
3123 4221 3250 4276 quae
3271 4205 3547 4276 superius
3573 4205 3728 4262 dixe-

2078 4299 2198 4349 rat:
2230 4295 2348 4350 Non
2375 4302 2456 4350 est
2483 4293 2628 4365 apud
2651 4310 2738 4350 me
2767 4294 2898 4350 EST
2926 4297 2980 4349 et
3008 4294 3173 4350 NON.
3209 4294 3275 4348 Et
3319 4297 3409 4350 est
3457 4311 3674 4350 sensus
3709 4311 3724 4350 :

2078 4383 2242 4438 Sicut
2268 4383 2467 4440 omnia
2494 4383 2657 4439 vobis
2688 4384 2746 4438 in
2779 4383 3019 4440 veritate
3049 4383 3224 4439 locuti
3257 4399 3486 4451 sumus,
3542 4383 3628 4440 ita
3674 4388 3732 4439 et

2078 4473 2297 4536 omnia,
2329 4490 2456 4544 quae
2489 4473 2620 4528 Tito
2654 4472 2916 4544 prazdixi,
2947 4489 3082 4530 vera
3108 4473 3363 4528 fuerunt.
3397 4472 3682 4544 Sequitur
3713 4491 3726 4528 :

393 4565 668 4637 Sequitur
701 4581 713 4619 :
747 4564 946 4632 Igitur,
979 4561 1082 4616 etsi
1126 4560 1349 4630 scripsi,
1409 4575 1518 4614 non
1573 4567 1790 4630 propter
1845 4576 1967 4616 eum
2001 4561 2144 4652 D‘Et
2173 4565 2389 4618 viscera
2417 4563 2534 4633 ejus
2558 4563 2928 4618 abundantius
2965 4563 3026 4616 in
3067 4562 3216 4618 vobis
3267 4566 3435 4622 sunt;
3482 4561 3594 4618 hoc
3639 4567 3730 4618 est

323 4655 420 4723 qui
447 4655 576 4724 fecit
601 4651 1000 4724 injuriam.His
1022 4648 1212 4704 verbis
1238 4647 1404 4702 illum
1436 4648 1799 4718 denotat,qui
1820 4650 1970 4720 patri

321 4740 596 4812 injuriam
629 4740 847 4811 intulit,
875 4738 1254 4794 conducendo
1289 4753 1524 4792 uxorem
1555 4736 1604 4807 (Ι
1633 4735 1752 4792 Cor.
1805 4755 1858 4803 ν,
1894 4740 1967 4807 1),

325 4831 466 4886 Item
491 4846 627 4885 cum
658 4829 799 4884 dicit
831 4845 844 4885 :
879 4829 982 4884 Nec
1011 4835 1229 4900 prapter
1257 4827 1428 4897 (737),
1472 4827 1570 4897 qui
1618 4842 1813 4897 passus
1870 4831 1966 4897 est,

321 4936 527 4976 omnes
547 4918 678 4974 illos
703 4919 960 4984 denotat,
995 4917 1094 4988 qui
1130 4915 1398 4986 injurias,
1432 4919 1487 4970 et
1519 4916 1752 4971 fraudes
1793 4917 1970 4988 patie-

321 5009 634 5081 bantur,de
665 5008 883 5081 quibus
906 5007 1032 5079 ipse
1062 5005 1120 5060 in
1155 5005 1378 5076 prima:
1417 5003 1516 5059 Sed
1546 5021 1635 5061 vos
1692 5006 1969 5078 injuriam

319 5101 526 5172 facitis,
558 5109 610 5154 et
637 5097 939 5170 fraudatis,
962 5099 1012 5152 et
1041 5095 1139 5150 hoc
1167 5095 1444 5166 fratribus
1497 5096 1543 5166 (Ι
1596 5098 1719 5152 Cor.
1777 5113 1854 5164 v1,
1887 5097 1965 5168 8).

321 5189 467 5246 Nam
500 5188 548 5246 si
580 5188 639 5243 in
662 5187 860 5260 aliquo
891 5184 1244 5241 dissidentes
1275 5187 1461 5252 erant,
1503 5189 1606 5240 aut
1665 5185 1714 5240 si
1769 5185 1968 5256 aliqua

322 5276 478 5334 mala
506 5276 944 5351 ingerebant,ad
971 5271 1296 5329 infidelium
1327 5273 1709 5329 trahebantur
1719 5273 1963 5344 judicia.

392 5529 541 5602 (736)
572 5529 632 5585 In
667 5529 956 5603 autog.ita
985 5526 1199 5603 legitur
1231 5543 1244 5582 :
1281 5525 1544 5603 Quia,qui
1569 5524 1744 5603 malos
1778 5529 1962 5603 punit,

322 5597 486 5674 bonos
510 5597 740 5673 perdere
763 5597 964 5674 qiiwrit
997 5619 1020 5674 ;_
1043 5597 1325 5674 fortasse,
1368 5597 1530 5674 bonos
1584 5597 1828 5674 reddere,
1860 5597 1966 5670 ;vel

321 5672 484 5739 bonos
510 5667 713 5748 facere,
746 5667 859 5730 n'on
884 5667 1114 5748 perdere
1144 5671 1367 5746 qwit,
1396 5667 1484 5727 vel
1513 5669 1751 5728 tandem
1803 5667 1968 5732 bonos

2079 4651 2278 4708 omnia
2308 4653 2570 4707 membra
2601 4653 2728 4722 ejus
2759 4668 2860 4707 vos
2889 4651 3240 4707 desiderant.
3273 4650 3445 4708 Verbi
3508 4651 3725 4724 gratia,

2080 4741 2232 4796 sicut
2251 4740 2448 4796 omnia
2471 4742 2755 4806 membra,
2775 4757 2883 4796 sua
2901 4742 2957 4795 in
2976 4740 3221 4796 invicem
3239 4741 3576 4796 desiderant
3596 4741 3726 4796 offi-

2079 4831 2168 4887 cia
2195 4848 2207 4897 ;
2239 4830 2296 4885 id
2327 4834 2435 4898 est,
2471 4831 2624 4886 sicut
2653 4830 2890 4886 auditus
2919 4831 3214 4886 desiderat
3241 4831 3458 4897 visum,
3483 4834 3540 4885 et
3566 4830 3730 4886 visus

2077 4919 2374 4985 olfactum,
2408 4925 2518 4974 etc.
2545 4936 2558 4974 :
2593 4919 2676 4974 sic
2707 4924 2764 4974 et
2794 4919 2991 4976 omnia
3019 4920 3285 4976 membra
3311 4921 3439 4990 ejus
3471 4936 3574 4976 vos
3629 4919 3730 4976 de-

2078 5009 2356 5078 siderant,
2374 5011 2780 5066 reminiscentis
2795 5012 3043 5066 omnium
3056 5014 3296 5066 vestrum
3320 5009 3704 5065 obedientiam
3715 5049 3730 5062 .

2076 5101 2145 5152 Et
2173 5103 2262 5153 est
2293 5115 2535 5154 sensus:
2571 5099 2718 5163 Quia
2747 5104 2931 5154 vestra
2961 5099 3290 5156 obedientia
3320 5102 3488 5171 grata
3516 5098 3568 5153 ei
3595 5098 3730 5164 fuit,

2075 5191 2132 5243 et
2157 5205 2256 5243 vos
2277 5192 2475 5260 gratos
2498 5188 2770 5258 reddidit,
2798 5189 2940 5244 adeo
2966 5206 3062 5245 vos
3083 5187 3294 5260 diligit,
3309 5191 3375 5243 ut
3393 5192 3593 5244 vestra
3611 5203 3732 5243 me-

2078 5275 2266 5332 moria
2294 5292 2598 5348 nunquam
2634 5277 2705 5332 ab
2737 5277 2865 5347 ejus
2899 5282 3091 5332 mente
3121 5277 3371 5333 recedat.

2074 5547 2184 5586 non
2217 5601 2228 5602 ί
2237 5527 2483 5602 perdere,
2506 5527 2604 5602 uti
2635 5527 2943 5602 legendum
2975 5529 3144 5587 nobis
3171 5529 3365 5586 visum
3396 5532 3505 5586 est.

2150 5599 2298 5676 (737)
2330 5601 2393 5658 In
2426 5599 2586 5675 vulg.
2609 5599 2753 5673 eum,
