4060 6164
248 239 355 317 457,

766 230 1179 293 EXPOSITIO
1222 230 1300 289 ΙΝ
1346 221 1777 288 EPISTOLAS
1820 217 2081 280 PAULI.
2116 250 2192 261 --
2221 219 2299 278 IN
2347 220 2596 283 EPIST.
2643 219 2695 279 II
2740 220 2841 281 AD
2885 220 3061 283 COR.

3500 223 3617 282 458

305 363 603 438 Sequitur:
638 364 910 433 Quomodo
962 364 1313 418 cum‘timore
1364 369 1413 415 et
1442 364 1676 414 tremore
1704 370 1863 410 exoc-
1894 354 1947 417 Α
1978 350 2144 416 Cum,
2177 368 2375 405 eorum
2412 353 2604 409 tenuis
2635 352 3085 425 sitsubstantia,
3119 354 3260 410 adeo
3285 352 3398 426 ipsi
3430 353 3617 408 devoti

240 458 381 530 pistis
417 470 556 508 eum.
618 452 763 507 Cum
823 452 978 507 enim
1037 451 1293 505 directus
1324 449 1529 503 fuisset
1577 447 1661 500 eis
1701 444 1866 496 Titus

242 543 418 602 studio
445 541 676 596 videndi
738 540 1237 596 conversationem
1296 554 1518 604 eorum,
1572 540 1628 589 et
1676 532 1866 587 subito

241 636 376 690 inter
399 647 494 687 eos
524 630 916 701 apparuisset,
969 630 1312 692 timuerunt,
1359 624 1695 689 recolentes,
1730 619 1868 692 quia

239 738 331 796 pro
361 718 558 774 multis
588 718 745 772 vitiis
774 719 1006 772 fuerant
1036 716 1315 788 increpati
1349 716 1420 770 ab
1451 711 1744 784 Apostolo.
1780 711 1868 764 ln-

239 808 568 866 tellexerunt
597 807 776 876 enim,
810 806 949 877 quia
988 806 1262 860 idoneum
1294 803 1632 859 ministrum
1660 799 1868 854 direxit

238 897 301 954 ad
330 912 442 960 eos,
474 894 575 965 qui
609 910 840 949 omnem
874 909 1077 949 eorum
1108 892 1609 948 conversationem
1642 888 1753 943 sibi
1784 904 1868 941 re-

235 983 550 1049 nuntiaret;
588 985 646 1037 et
677 982 802 1037 ideo
834 982 915 1036 ita
936 998 1069 1036 cum
1100 981 1308 1035 timore
1329 982 1679 1050 exceperunt
1708 992 1863 1039 eum,

235 1077 286 1129 et
312 1071 645 1127 obedientes
675 1070 725 1125 ei
780 1070 1147 1136 exstiterunt,
1183 1070 1351 1139 quasi
1402 1068 1526 1138 ipse
1555 1062 1866 1136 Apostolus

229 1160 470 1217 venisset
502 1160 575 1214 ad
610 1175 729 1214 eos.

295 1247 602 1320 Sequitur:
655 1246 872 1303 Gaudeo
930 1245 1071 1316 quod
1128 1247 1189 1299 in
1247 1244 1497 1299 omnibus
1552 1240 1761 1310 conﬁdo
1806 1241 1866 1294 in

228 1338 365 1393 vobis
389 1355 401 1404 ;
430 1335 604 1408 quasi
628 1335 869 1390 dixisset
892 1334 1045 1389 :Non
1078 1334 1266 1388 solum
1291 1332 1514 1404 gaudeo
1536 1332 1606 1386 de
1631 1329 1864 1383 illorum

229 1425 594 1490 correctione,
629 1422 726 1493 qui
778 1421 1112 1479 ceciderunt
1143 1425 1198 1475 et
1249 1422 1645 1483 surrexerunt,
1680 1418 1778 1473 sed
1812 1419 1869 1470 et

226 1515 292 1569 de
319 1517 505 1567 vestro
536 1511 823 1583 profectu,
847 1510 945 1580 qui
974 1510 1028 1562 in
1067 1509 1177 1562 fide
1206 1507 1473 1563 stetistis.
1499 1507 1622 1561 Sive
1655 1505 1825 1560 aliter
1850 1522 1862 1559 :

226 1600 451 1656 Gaudeo
481 1598 644 1671 quia,
679 1596 779 1669 qui
837 1612 904 1651 ea
956 1599 1244 1667 corrigere
1302 1597 1581 1668 coepistis,
1633 1613 1759 1667 qum
1793 1596 1864 1650 ad

1976 437 2338 505 exstiterunt,
2376 443 2437 491 ut
2466 438 2619 494 ultra
2651 457 2827 512 quam
2860 441 3103 495 virtutes
3133 444 3527 512 suppeterent,
3561 444 3620 495 et

1977 525 2222 584 facultas
2254 525 2489 589 sineret,
2520 528 2629 598 ipsi
2654 531 2837 603 parati
2865 534 3061 584 essent
3089 530 3264 597 dare;
3297 538 3349 585 el
3382 531 3508 585 idco
3531 529 3615 584 di-

1976 620 2088 673 cit:
2125 615 2426 672 .tbundurir
2460 617 2519 669 in
2576 617 2800 673 divitias
2854 619 3253 690 simplicitatis.
3309 617 3617 689 Simplices

1976 706 2205 761 divitias
2236 706 2396 773 dicit,
2421 707 2559 776 quia
2589 705 2722 776 ipsi,
2747 725 2862 761 non
2897 724 3074 762 causa
3096 706 3367 762 humana)
3399 706 3612 779 laudis,

1975 802 2076 850 aut
2107 795 2424 851 redimendi
2459 812 2597 850 suos
2627 796 3054 866 praedicatores,
3080 813 3151 851 ne
3175 797 3616 868 increparentur

1976 886 2048 939 ab
2080 884 2182 951 eis,
2218 884 2567 953 tribuerunt,
2626 884 2725 938 sed
2758 886 2950 939 studio
2999 884 3265 957 placendi
3295 885 3431 941 Deo.
3465 886 3613 942 Nam

1976 973 2072 1045 qui
2105 990 2283 1027 causa
2304 972 2575 1027 humanae
2596 971 2787 1026 laudis
2810 972 3095 1040 tribuunt,
3130 991 3247 1029 non
3269 973 3617 1046 simpliciter

1975 1062 2217 1127 faciunt,
2253 1067 2309 1115 et
2339 1059 2442 1127 illi,
2477 1060 2577 1129 qui
2633 1076 2665 1113 a
2693 1058 2908 1114 talibus
2940 1061 3253 1132 accipiunt,
3285 1063 3613 1119 libertatem

1975 1148 2313 1220 increpandi
2345 1148 2642 1215 amittunt,
2703 1147 2843 1217 quia
2894 1148 3179 1219 scriptum
3210 1156 3333 1206 est:
3370 1152 3536 1207 Xenia
3565 1153 3618 1207 et

1974 1240 2115 1294 dona
2144 1244 2418 1292 excwcont
2444 1238 2621 1291 oculos
2642 1236 2893 1315 judicuin
2926 1236 3114 1305 (Eccli.
3146 1255 3239 1307 xx,
3272 1239 3383 1310 31).

2046 1322 2360 1399 Sequitur:
2414 1328 2557 1395 Quia
2594 1324 2899 1380 secundum
2952 1328 3213 1381 virtutem
3245 1330 3619 1385 testimonium

1976 1418 2092 1472 illis
2119 1416 2399 1487 perhibeo,
2434 1420 2542 1469 etc.
2578 1415 2971 1485 Praeposterus
2997 1420 3085 1470 est
3117 1418 3280 1487 ordo,
3317 1435 3451 1473 nam
3483 1419 3619 1476 talis

1977 1522 2105 1560 esse
2137 1505 2341 1559 debet:
2377 1503 2779 1557 testiinonium
2803 1502 2918 1558 illis
2942 1502 3237 1574 perhibeo,
3263 1506 3403 1576 quia
3431 1524 3621 1563 secun-

1974 1594 2108 1649 dum
2130 1596 2392 1648 virtutem
2412 1592 2762 1659 tribuerunt,
2785 1592 2834 1645 et
2858 1608 3020 1663 super
3038 1595 3296 1648 virtutem
3314 1596 3622 1651 voluntarii

224 1689 441 1747 cultum
500 1687 640 1743 fidei
696 1692 753 1741 et
808 1687 1073 1742 ordinem
1097 1685 1557 1741 ecclesiasticum
1591 1686 1861 1755 attinent,
1894 1712 1941 1775 B
1974 1685 2222 1754 fuerunt.
2248 1682 2315 1736 Et
2339 1686 2403 1735 ut
2428 1681 2757 1735 ostenderet
2778 1682 3090 1751 quomodo,
3119 1682 3422 1752 subjunxit
3446 1700 3458 1740 :
3485 1683 3621 1740 Cum

224 1783 349 1846 etc.,
382 1796 512 1850 quae
545 1781 685 1832 sunt
716 1776 895 1848 digna
925 1775 1298 1844 correctione,
1334 1773 1656 1846 corrigetis.

288 1867 444 1940 (CAP.
524 1866 702 1936 VIII.)
762 1866 953 1920 Notam
1026 1868 1229 1929 autem,
1306 1865 1530 1933 fratres.
1590 1862 1868 1933 Superius

221 1956 539 2012 Corinthiis
572 1954 1025 2026 persecutiones,
1056 1957 1112 2007 et
1144 1968 1626 2022 pressuras,quas
1658 1967 1868 2022 passus

218 2046 403 2100 fuerat
432 2043 495 2099 in
528 2041 799 2099 Ecclesiis
851 2040 1194 2095 Macedonia:
1218 2083 1231 2107 ,
1280 2041 1488 2094 deinde
1519 2039 1776 2094 diverat:
1811 2042 1870 2094 Si

214 2136 467 2203 gravisus
498 2148 627 2186 sum
655 2147 820 2201 super
848 2129 1051 2198 gaudio
1082 2129 1186 2183 Titi
1210 2144 1222 2181 :
1250 2132 1383 2199 post
1416 2128 1523 2182 hoc
1555 2144 1723 2182 suam
1746 2146 1870 2184 ora-

213 2221 436 2277 tionem
462 2218 888 2276 etlocutionem
907 2216 1178 2271 laudibus
1202 2214 1487 2271 conclusit
1510 2233 1686 2283 ;nunc
1714 2233 1871 2272 vero-

210 2307 566 2381 aggreditur
591 2305 771 2370 aliud,
805 2303 1040 2359 dicens:
1072 2305 1265 2359 Notam
1295 2303 1442 2358 vobis
1470 2305 1726 2373 facimus,
1758 2307 1871 2374 [να-

212 2406 338 2464 tres,
373 2401 491 2451 etc.
528 2394 780 2462 (758-39)
811 2391 923 2446 Sed
956 2393 1336 2461 quaerendum
1370 2400 1675 2463 esl,quare
1699 2410 1868 2449 suam

208 2484 577 2540 locutionem
612 2483 683 2536 de
706 2496 877 2552 opere
902 2478 1311 2534 misericordia:
1332 2480 1479 2550 (740)
1498 2479 1524 2531 ‘P
1550 2480 1659 2535 Sed
1682 2481 1869 2537 scien-

212 2572 377 2638 dum,
411 2569 560 2643 quia
587 2569 703 2642 egit
732 2568 842 2622 hoc
872 2566 1187 2638 Apostolus
1243 2568 1565 2639 ingeniose,
1597 2572 1653 2623 et
1683 2569 1868 2623 admi-

208 2662 394 2717 rando
414 2659 598 2715 modo
625 2683 638 2724 ;
663 2657 768 2711 hoc
791 2660 971 2726 est,ut
989 2656 1129 2709 dum
1152 2672 1251 2710 eos
1267 2654 1543 2711 laudibus
1565 2656 1867 2725 mulceret,

209 2749 277 2804 ad
311 2764 468 2820 opus
504 2743 919 2801 misericordiae
941 2743 1171 2799 facilius
1194 2748 1547 2815 provocaret.
1580 2744 1872 2800 Moraliter

205 2837 289 2894 sic
321 2835 613 2893 monendi
646 2838 784 2889 sunt
815 2832 1073 2904 superbi,
1114 2838 1171 2887 et
1200 2837 1489 2903 potentes,
1520 2832 1629 2888 hoc
1659 2839 1768 2899 est,
1804 2838 1870 2888 ut

204 2926 250 2982 si
283 2942 406 2998 qua
439 2927 590 2979 sunt
622 2923 679 2976 in
712 2920 829 2976 illis
856 2922 1025 2987 bona,
1061 2920 1336 2975 laudibus
1365 2922 1736 2992 proferantur
1782 2921 1869 2975 vel

199 3030 327 3085 qua:
362 3013 572 3067 inesse
605 3014 893 3082 poterant,
926 3008 1235 3075 dicantur;
1271 3013 1334 3062 ut
1366 3025 1496 3080 quas
1526 3008 1870 3080 corrigenda

197 3107 358 3167 sunt,
397 3098 644 3155 facilius
684 3097 1072 3169 corrigantur.
1127 3098 1367 3168 Propter
1396 3098 1506 3152 hoc
1535 3098 1865 3168 exemplum

190 3189 606 3246 Ecclesiarum
662 3185 1014 3240 Macedoniae
1045 3184 1308 3256 protulit,
1365 3189 1429 3239 ut
1459 3185 1599 3239 dum
1632 3186 1776 3241 alios
1806 3186 1866 3241 in

189 3294 371 3351 opere
416 3274 847 3332 misericordias
900 3273 1137 3327 devotos
1168 3272 1456 3342 audirent,
1490 3273 1724 3329 eosdem
1752 3291 1866 3329 non

185 3368 445 3441 devotos
470 3378 609 3418 esse
632 3360 1208 3434 puderet.Moraliter
1238 3365 1549 3417 monentur
1579 3362 1868 3427 doctores,

186 3461 273 3524 ut,
312 3451 577 3525 quoties
625 3449 918 3507 auditores
961 3467 1100 3505 suos
1150 3451 1219 3504 ad
1248 3451 1399 3505 bona
1430 3467 1741 3522 provocare
1771 3468 1866 3506 vo-

194 3546 352 3611 lunt,
392 3543 753 3598 sanctorum
812 3537 1075 3610 exempla
1117 3538 1234 3594 illis
1293 3545 1638 3611 praponant,
1674 3543 1737 3594 ut
1794 3540 1866 3594 ad

190 3634 376 3698 bona,
412 3645 561 3702 qua:
593 3627 837 3698 cupiunt
866 3625 1028 3681 ocius
1058 3641 1156 3681 eos
1186 3626 1416 3682 trahere
1446 3627 1693 3682 valeant.
1727 3628 1870 3682 Prae-

194 3722 317 3778 fata
347 3719 549 3776 etiam
585 3714 905 3771 intentione
935 3714 1141 3771 fratres
1188 3732 1287 3770 eos
1318 3715 1590 3787 appellat.
1627 3716 1871 3771 Pulchre

195 3810 422 3867 dicitur
447 3825 460 3862 :
508 3806 765 3862 Gratiam
794 3804 911 3872 Dei,
970 3818 1096 3874 quae
1122 3804 1251 3857 data
1303 3809 1381 3858 est
1400 3821 1421 3865 ;
1453 3805 1591 3875 quia
1620 3804 1809 3876 gratia
1839 3822 1872 3859 a

194 3897 311 3953 Deo
344 3898 565 3963 datur,
598 3897 655 3948 et
683 3908 799 3946 non
832 3890 982 3954 aliis,
1026 3891 1139 3945 nisi
1170 3890 1465 3959 Ecclesiis,
1501 3893 1690 3946 datur.

263 3986 573 4058 Sequitur
596 3998 609 4036 :
633 3979 782 4049 Quod
804 3981 864 4033 in
884 3977 1061 4032 multo
1082 3981 1453 4049 experimento
1470 3981 1869 4035 tribulationis.

194 4074 564 4129 abundantia
620 4067 817 4139 gaudii
876 4069 1123 4138 ipsorum
1176 4070 1412 4138 supersit
1465 4067 1634 4138 (741).
1689 4068 1756 4123 Et
1787 4074 1876 4124 est

193 4179 454 4218 sensus:
523 4160 686 4215 Dum
747 4173 855 4212 nos
903 4155 1090 4211 multa
1128 4156 1371 4210 adversa
1421 4156 1537 4227 pati
1582 4156 1873 4224 viderunt,

194 4267 310 4306 non
365 4245 777 4307 scandalizati
834 4250 991 4309 sunt,
1044 4250 1145 4300 aut
1199 4245 1257 4298 in
1292 4245 1402 4298 fide
1458 4244 1875 4315 titubaverunt,

199 4339 300 4393 sed
334 4337 554 4411 potius
588 4335 986 4404 experimento
1018 4331 1411 4388 tribulationis
1442 4338 1670 4395 nostra},
1701 4332 1880 4403 pleni-

1974 1773 2151 1826 mulla
2179 1772 2559 1826 exhortatione
2604 1770 2798 1840 ;quasi
2830 1769 3111 1825 dixisset:
3153 1772 3435 1827 Fecerunt
3463 1774 3620 1844 quod

1977 1864 2311 1932 potuerunt,
2344 1864 2401 1913 et
2432 1858 2619 1929 magis
2651 1875 2827 1929 quam
2851 1856 3098 1913 facultas
3120 1859 3336 1914 sineret
3365 1861 3621 1919 tribuere

1976 1948 2321 2013 voluerunt;
2356 1947 2455 2001 sed
2486 1963 2589 2000 nos
2613 1945 3013 2016 judicavimus
3044 1964 3159 2003 non
3182 1964 3308 2003 esse
3338 1949 3623 2022 accipien-

1979 2036 2140 2106 dum,
2174 2053 2245 2090 ne
2277 2034 2495 2103 fortc,si
2524 2035 2780 2105 inopiam
2808 2037 3479 2108 paterentur,pceniteret
3501 2056 3622 2105 eos,

1978 2131 2035 2180 et
2062 2126 2315 2179 fructum
2342 2123 2624 2178 mercedis
2643 2123 2979 2193 perderent:
3006 2122 3087 2177 illi
3110 2141 3243 2179 vero
3268 2141 3401 2180 cum
3424 2127 3627 2183 exhor-

1978 2214 2215 2279 tatione,
2248 2218 2303 2267 et
2336 2212 2630 2283 lacrymis,
2665 2216 2719 2265 et
2751 2212 3021 2283 precibus
3052 2213 3345 2284 deprecati
3376 2221 3535 2284 sunt,
3563 2227 3625 2273 ut

1977 2305 2217 2375 gratiam
2249 2305 2300 2356 et
2355 2302 2908 2357 communicationem
2959 2302 3273 2369 ministerii,
3307 2305 3449 2375 quod
3476 2306 3538 2375 ﬁt
3563 2307 3625 2360 in

1978 2397 2187 2447 sanctos
2219 2390 2613 2462 (subauditur,
2679 2389 3061 2461 susciperent)
3090 2410 3104 2457 ;
3151 2408 3259 2446 nos
3299 2409 3455 2465 vero,
3486 2393 3626 2465 quia

1980 2480 2233 2535 vidimus
2252 2478 2464 2550 spretis
2485 2476 2759 2532 omnibus
2782 2477 3201 2549 temporalibus
3216 2479 3273 2534 in
3287 2479 3431 2535 solis
3452 2481 3620 2537 caele-

1981 2569 2168 2624 stibus
2196 2553 2695 2639 suspensos,quod
2713 2565 2877 2637 prius
2899 2584 3012 2622 non
3036 2568 3441 2641 accipiendum
3464 2571 3626 2642 judi-

1980 2658 2262 2725 cavimus,
2295 2659 2496 2728 postea
2524 2655 2784 2727 accipere
2815 2655 3196 2713 decrevimus.

2050 2747 2361 2817 Sequitur:
2394 2747 2457 2799 Et
2484 2761 2594 2798 non
2621 2746 2761 2799 sicut
2808 2746 3143 2816 speravimus
3163 2765 3183 2809 ,'
3215 2747 3322 2804 hoc
3355 2753 3463 2817 est,
3498 2767 3624 2805 ma-

1979 2837 2068 2908 gis
2126 2836 2406 2898 fecerunt,
2466 2850 2641 2902 quam
2701 2849 3125 2903 sperassemus.
3173 2836 3487 2907 Sequitur:
3521 2838 3625 2895 Sed

1977 2924 2290 2993 semetipsos
2321 2921 2589 2976 dederunt
2638 2922 2885 2989 primum
2932 2927 3083 2987 Deo;
3139 2922 3248 2978 hoc
3279 2929 3385 2993 est,
3419 2929 3477 2979 et
3507 2927 3622 2996 pri-

1981 3012 2166 3067 stinos
2199 3026 2423 3065 errores
2453 3009 2812 3078 corrigendo,
2863 3014 2919 3063 et
2948 3010 3147 3079 vitam,
3180 3016 3237 3066 et
3266 3029 3457 3069 mores
3489 3031 3625 3069 mu-

1980 3101 2174 3156 tando.
2237 3099 2548 3169 Sequitur:
2594 3097 2811 3151 Deinde‘
2851 3098 3022 3165 nobis,
3054 3099 3321 3155 videlicet
3349 3107 3624 3173 sumptus

1978 3188 2338 3243 necessarios
2388 3185 2794 3241 ministrando.
2830 3187 2897 3240 Et
2954 3187 3091 3257 quia
3120 3187 3467 3260 simpliciter
3512 3190 3623 3247 hoc

1977 3280 2239 3349 egerunt,
2271 3276 2400 3330 ideo
2434 3274 2777 3345 subjungit:
2809 3276 2917 3329 Per
2954 3277 3290 3332 voluntatem
3318 3278 3439 3334 Dei.

2047 3364 2356 3436 Sequitur:
2406 3365 2485 3418 Ila
2516 3366 2576 3417 ut
2631 3379 2950 3431 rogaremus
3013 3366 3208 3436 Titum,
3268 3370 3373 3421 etc.
3404 3391 3418 3435 ;
3447 3368 3618 3438 quasi

1979 3455 2256 3509 dixisset:
2290 3452 2374 3507 Ita
2404 3456 2459 3507 et
2486 3468 2585 3506 vos
2616 3451 2804 3506 devoti
2836 3452 3162 3522 exstitistis,
3196 3458 3261 3510 ut
3288 3455 3485 3511 Titum
3517 3473 3616 3512 ro-

1976 3559 2250 3615 geremus
2279 3540 2475 3595 venire
2508 3540 2578 3594 ad
2628 3557 2747 3595 vos.
2780 3540 2886 3596 Sed
2943 3558 3122 3613 quare
3166 3543 3384 3614 Titum,
3413 3550 3469 3600 et
3500 3563 3616 3602 non

1979 3629 2277 3686 alterum?
2338 3628 2486 3692 Quia
2541 3632 2713 3683 notus
2745 3632 2802 3684 et
2852 3635 3054 3700 gratus
3101 3635 3224 3686 erat
3279 3631 3416 3704 illis,
3477 3635 3623 3690 etin

1982 3719 2183 3773 multis
2198 3735 2298 3789 per
2310 3719 2358 3787 ej
2371 3734 2439 3771 us
2461 3716 2921 3772 exhortationem
2946 3718 3624 3792 profecerant,quatenus

1980 3813 2034 3862 ct
2066 3807 2124 3861 in
2156 3806 2265 3859 hoc
2295 3821 2466 3875 opere
2499 3804 2909 3858 misericordia:
2958 3821 3059 3875 per
3090 3821 3224 3859 eum
3258 3808 3624 3878 proficerent.

1983 3893 2279 3949 Moraliter
2304 3908 2315 3945 :
2336 3894 2481 3945 Cum
2508 3890 2719 3961 aliquis
2742 3892 3040 3945 docendus
3063 3898 3278 3959 est,aut
3298 3895 3368 3947 ad
3390 3895 3629 3966 aliquod

1982 3984 2200 4037 bonum
2234 3978 2803 4051 provocandus,talis
2832 3995 2966 4033 eum
3000 3980 3166 4033 debet
3197 3980 3421 4047 docere,
3453 3982 3554 4053 qui
3577 3984 3631 4039 ei

1985 4075 2187 4144 gratus
2220 4069 2314 4134 sit,
2349 4073 2406 4122 et
2437 4083 2607 4138 quem
2642 4067 2765 4138 ipse
2797 4067 3003 4139 diligit.

2059 4160 2209 4231 (742)
2237 4158 2553 4229 Sequitur:
2615 4157 2724 4212 Sed
2769 4160 2915 4214 sicut
2961 4160 3017 4213 in
3050 4160 3300 4216 omnibus
3328 4162 3633 4219 abundatis

1989 4248 2111 4317 ﬁde.
2147 4253 2281 4311 etc.,
2314 4251 2363 4301 et
2393 4248 2494 4301 hac
2520 4249 2721 4316 gratia,
2752 4248 2860 4304 hoc
2884 4252 2990 4318 est,
3021 4249 3429 4306 misericordiae
3462 4269 3636 4325 opere

1990 4337 2300 4391 abundetis.
2336 4335 2478 4388 Nam
2510 4336 2563 4389 id
2600 4336 2815 4406 quibus
2847 4337 3233 4406 abundarent,
3260 4339 3635 4408 manifestat;

199 4427 479 4482 tudinem
503 4423 717 4497 gaudii
741 4422 1291 4493 susceperunt,quia
1316 4438 1426 4475 non
1452 4422 1556 4475 abs
1575 4438 1633 4475 re
1656 4426 1879 4477 tantam
1910 4429 1959 4490 D
1994 4426 2115 4496 ﬁde,
2154 4425 2292 4496 quia
2313 4425 2435 4495 jam
2472 4425 2826 4480 corroborati
2885 4432 3050 4481 erant
3076 4445 3087 4493 ;
3120 4436 3171 4481 et
3205 4444 3468 4497 sermone,
3501 4429 3639 4501 quia

199 4513 625 4571 constantiam
690 4510 750 4564 in
811 4509 1215 4583 persecutione
1268 4526 1393 4563 esse
1452 4509 1877 4565 intellexerunt.

198 4602 423 4659 Aliter:
463 4608 634 4657 Dum
666 4615 771 4653 nos
804 4599 921 4671 pati
972 4600 1258 4664 viderunt,
1306 4598 1480 4653 etiam
1511 4598 1624 4671 ipsi
1656 4598 1879 4654 incitati

196 4696 438 4762 sunt,ut
462 4687 791 4746 nobiscum
814 4687 932 4757 pati
956 4688 1275 4759 gauderent
1301 4704 1314 4752 ;
1340 4691 1396 4741 et
1418 4686 1517 4758 qui
1541 4687 1697 4758 passi
1721 4691 1883 4754 sunt,

197 4778 328 4835 ideo
357 4780 539 4852 passi
577 4780 744 4844 sunt,
770 4777 908 4847 quia
933 4776 991 4830 in
1022 4776 1241 4831 eisdem
1262 4776 1885 4845 tribulationibus,sub

197 4883 299 4939 spe
324 4870 560 4924 futurae
597 4863 1498 4934 resurrectionis,plenitudinem
1526 4865 1725 4936 gaudii
1757 4882 1886 4921 esse

197 4957 555 5014 intellixeru
567 4958 657 5011 nt.

267 5046 337 5102 Et
358 5047 669 5103 altissima
687 5050 986 5113 paupertas
1003 5058 1210 5106 eorum,
1229 5047 1337 5095 etc.
1357 5040 1723 5097 Altissimam
1747 5044 1888 5098 dicit

196 5136 584 5202 profundam
621 5136 677 5186 et
709 5147 1004 5203 magnam.
1060 5132 1119 5185 In
1164 5131 1379 5200 quibus
1407 5129 1598 5184 verbis
1630 5132 1891 5187 ostendit

197 5239 412 5280 eorum
449 5220 839 5295 propositum
874 5224 930 5275 et
979 5218 1368 5284 devotionem,
1402 5219 1570 5290 quasi
1604 5220 1886 5287 dixisset;

269 5397 663 5473 (738-39)_In
694 5397 1235 5473 autog._marg._hic
1264 5396 1476 5473 legitur
1500 5397 1817 5473 cas._XXII.

266 5468 437 5545 (740)
473 5468 859 5529 subauditur
886 5468 1170 5540 incepérii,
1198 5468 1287 5525 vel
1318 5468 1476 5526 aliud
1507 5469 1718 5527 simile.
1754 5493 1782 5521 ››

560 5598 832 5687 Equos.
879 5594 1198 5683 CXXXIV1

1988 4530 2207 4586 genera
2240 4512 2574 4583 linguarum
2625 4512 2956 4580 habebant;
2990 4519 3039 4569 et
3090 4517 3342 4583 scientia,
3372 4516 3510 4588 quia
3541 4535 3639 4573 sa-

1994 4602 2219 4673 pientes
2277 4605 2480 4667 crant;
2512 4609 2560 4655 et
2616 4603 2767 4654 omni
2819 4602 3210 4670 sollicitudine,
3243 4605 3379 4675 quia
3412 4606 3643 4666 fuerant

1994 4689 2303 4760 increpati,
2340 4694 2394 4742 ct
2426 4689 2554 4741 ideo
2586 4687 2815 4742 solliciti
2844 4695 3025 4761 erant,
3061 4709 3132 4746 ne
3161 4692 3351 4749 denuo
3382 4693 3645 4767 increpa-

1997 4783 2201 4832 rentur
2228 4795 2241 4843 ;
2269 4784 2319 4831 et
2373 4778 2531 4829 omni
2560 4776 2832 4831 charilate
2886 4783 3070 4835 vestra
3102 4782 3159 4835 in
3216 4799 3333 4850 nos,
3394 4782 3504 4840 hoc
3534 4789 3643 4849 est,

1997 4882 2150 4920 Circa
2175 4881 2303 4918 DOS.

2066 4952 2381 5023 Sequitur:
2414 4955 2539 5005 Non.
2590 4956 2755 5023 quasi
2804 4956 3081 5027 imperans
3127 4958 3267 5014 dico.
3302 4960 3370 5013 Et
3400 4962 3489 5014 est
3514 4973 3645 5012 sen-

2005 5058 2145 5096 sus:
2181 5040 2305 5094 Non
2339 5045 2744 5113 extorqueo,ut
2765 5051 3036 5116 cogo,aut
3063 5054 3320 5103 vestrum
3351 5062 3499 5118 Opus
3530 5060 3648 5099 non

1999 5130 2077 5185 sit
2107 5128 2525 5200 voluntarium,
2567 5133 2664 5186 sed
2722 5140 3010 5189 coactum.
3044 5137 3353 5208 Sequitur:
3387 5132 3491 5188 Sed
3519 5147 3649 5203 pro-

1996 5226 2118 5290 pter
2149 5218 2388 5272 aliorum
2420 5220 2869 5290 sollicitudinem,
2901 5228 3068 5278 etiam
3124 5231 3314 5277 vestrm
3360 5221 3650 5277 charitatis

2074 5397 2221 5469 (741)
2247 5397 2417 5469 Vulg.
2448 5401 2580 5469 fuit.

2074 5470 2221 5545 (742)
2256 5471 2321 5525 In
2353 5475 2554 5545 autog.
2587 5488 2770 5544 marg.
2800 5471 2893 5526 hic
2917 5470 3131 5543 legitur
3157 5487 3283 5544 cap.
3316 5471 3507 5536 XXIII.

3256 5599 3332 5673 15
