4060 6164
274 308 377 367 461

814 312 1231 375 EXPOSITIO
1274 316 1351 376 ΙΝ
1400 318 1831 380 EPISTOLAS
1882 321 2137 381 PAULI.
2176 355 2251 367 —
2284 325 2357 383 IN
2408 325 2653 389 EPIST.
2703 330 2751 388 ll
2798 330 2899 390 AD
2945 332 3121 393 COR.

3560 343 3675 401 462

273 444 373 497 mis
426 457 615 497 eorum
678 461 790 500 non
868 450 1156 517 morietur,
1233 454 1342 505 etc.
1403 452 1558 520 (Isai.
1619 469 1765 517 var,
1823 453 1912 523 24)
1941 458 1998 525 Α
2030 455 2336 511 fectionem
2370 459 2654 516 bonorum
2686 478 2928 534 Operum
2960 469 3320 537 caaterorum,
3354 473 3453 527 sed
3495 475 3669 532 etiam

340 549 445 603 Sed
479 550 794 608 videndum
826 558 917 609 est
947 571 1063 626 qua
1094 555 1414 612 intentione
1441 558 1757 629 Apostolus
1805 559 1913 614 hoc

272 635 506 709 protulit
537 640 976 711 testimonium;
1010 660 1077 699 ea
1115 644 1401 713 videlicet,
1436 651 1500 700 ut
1556 646 1762 701 divites
1797 664 1911 702 non

271 734 412 789 falsa
443 751 545 805 spe
576 733 960 804 decipiantur,
998 735 1301 789 credentes
1332 751 1393 789 se
1424 734 1505 789 sic
1536 752 1663 790 esse
1703 736 1912 792 divites

268 824 322 877 in
356 824 570 891 futuro,
604 823 1103 895 quemadmodum
1136 840 1290 877 nunc
1324 828 1501 891 sunt;
1526 824 1910 895 quia,simul-

266 918 387 967 tum
418 912 656 978 habent,
688 911 849 968 salus
881 917 1094 979 tamen,
1130 916 1231 967 aut
1258 912 1376 967 vita
1420 929 1535 967 non
1595 914 1651 967 in
1708 930 1908 969 eorum

265 1000 518 1057 abundat
549 1000 812 1055 divitiis:
868 1017 1152 1072 pauperes
1211 1001 1388 1055 etiam
1446 1001 1547 1072 qui
1610 1002 1907 1057 modicum

263 1090 493 1157 habent,
528 1107 645 1145 non
679 1079 741 1145 se
772 1090 1069 1161 dejiciant,
1105 1090 1245 1159 quia
1275 1107 1389 1145 non
1424 1088 1541 1144 illis
1566 1090 1771 1156 oberit,
1805 1092 1903 1145 sed

261 1180 443 1253 magis
475 1180 736 1251 proderit
764 1178 894 1251 ipsa
924 1184 1257 1251 paupertas.

327 1285 514 1341 Gratia
571 1288 756 1341 autem
815 1287 936 1351 Deo,
998 1290 1105 1341 etc.
1167 1284 1360 1340 Refert
1412 1284 1725 1357 Apostolus
1792 1284 1905 1339 Deo

256 1380 461 1445 grates,
497 1375 602 1447 qui
647 1376 885 1431 dederat
913 1374 1341 1430 sollicitudinem
1372 1374 1804 1429 Corinthiorum
1847 1376 1905 1428 in

253 1465 405 1520 corde
438 1466 563 1533 Titi,
600 1469 655 1519 et
684 1463 795 1536 ipsi
828 1465 879 1519 ei
911 1464 1246 1519 obedientes
1288 1463 1629 1518 exstiterant
1655 1470 1731 1517 :et
1754 1479 1903 1517 eam-

254 1553 373 1607 dem
403 1553 567 1621 dicit,
598 1570 774 1624 quam
807 1557 863 1608 et
892 1570 997 1623 ego
1046 1552 1252 1623 habeo,
1311 1551 1485 1607 veluti
1546 1556 1727 1622 pater.
1790 1551 1904 1605 Iste

255 1643 405 1697 enim
440 1658 616 1697 verus
647 1647 811 1713 pater
839 1648 982 1709 erat,
1018 1644 1153 1712 quia
1182 1658 1288 1696 sua
1335 1658 1434 1696 eos
1495 1640 1905 1711 praedicatione

252 1732 320 1786 ab
354 1731 699 1787 inﬁdelitate
733 1732 804 1786 ad
836 1730 1025 1785 lucem
1059 1730 1191 1784 ﬁdei
1224 1734 1513 1797 traxerat;
1567 1734 1623 1783 et
1670 1728 1901 1800 qualem

2022 545 2092 597 ad
2127 561 2272 614 opus
2302 547 2709 605 misericordiae
2734 561 3112 623 provocarent
3139 573 3151 610 :
3187 557 3305 613 sive
3327 564 3562 618 cavebat
3586 566 3667 619 vi-

2023 636 2081 685 tu
2094 634 2447 703 perationem
2476 636 2876 711 illorum,quia
2897 642 3039 697 adeo
3070 650 3236 700 erant
3257 654 3545 707 amatores
3566 654 3667 707 Ju-

2022 722 2200 776 daicaz
2232 729 2494 787 sectae,ut
2524 728 3036 803 carnaliterlegem
3066 734 3663 813 observarent,neipsi

2020 810 2314 865 dicerent:
2348 812 2472 866 Non
2504 821 2644 869 sunt
2674 817 2770 871 isti
2799 820 2915 873 veri
2939 821 3276 891 Christiani,
3312 828 3526 896 quibus
3545 810 3664 886 ma-

2010 899 2145 968 jora
2177 900 2353 955 etiam
2387 902 2658 958 tribuunt
2684 906 2893 965 Judaei.

2088 1006 2443 1062 Providemus
2472 1012 2620 1064 enim
2651 1011 2811 1078 bona,
2844 1020 2951 1069 etc.
2988 1017 3180 1075 Coram
3212 1022 3360 1087 Deo;
3391 1024 3529 1095 quia
3569 1044 3663 1083 sa-

2016 1092 2200 1149 lutem
2258 1096 2589 1153 animarum
2652 1102 3043 1171 praedicabat:
3095 1125 3277 1165 coram
3307 1092 3624 1171 hominibus
3643 1136 3663 1179 ,·

2016 1183 2155 1252 quia
2184 1190 2304 1239 tam
2328 1184 2565 1241 idoneos
2593 1188 2895 1245 ministros
2916 1192 3327 1270 direxerat,qui
3353 1219 3466 1258 non
3490 1206 3665 1261 corda

2016 1270 2445 1329 Corinthiorum
2500 1276 2854 1347 scinderent,
2916 1283 3015 1335 sed
3064 1300 3169 1338 sua
3198 1288 3441 1345 scientia
3471 1310 3535 1347 ac
3567 1312 3663 1350 sa—

2015 1360 2233 1453 pientia
2263 1380 2377 1453 non
2392 1363 2580 1419 solum
2604 1366 2673 1419 ad
2690 1370 3183 1437 caeterabone,sed
3213 1376 3389 1432 etiam
3422 1381 3493 1435 ad
3512 1400 3658 1453 opus

2015 1448 2432 1505 misericordia:
2464 1460 2860 1523 provocarent.

2084 1566 2329 1621 Misimus
2358 1576 2538 1623 autem
2566 1586 2690 1625 eum
2720 1572 2858 1637 illis,
2890 1577 2997 1628 etc.
3032 1576 3133 1631 His
3164 1576 3356 1634 verbis
3405 1587 3660 1641 ostendit

2013 1669 2108 1742 eos
2123 1657 2421 1725 Apostolos
2440 1659 2755 1727 profecisse
2782 1685 2795 1727 ;
2818 1662 2984 1731 quasi
3007 1664 3223 1720 diceret
3247 1669 3320 1721 :0
3354 1668 3657 1742 Corinthii,

2014 1741 2071 1795 in
2104 1742 2212 1798 hoc
2237 1760 2336 1799 vos
2369 1746 2612 1815 potestis
2653 1764 2967 1819 agnoscere
3018 1754 3350 1823 profecisse,
3411 1776 3546 1814 cum
3577 1741 3663 1817 tot

251 1819 991 1912 “limitum”?i1133_Q_Ui
1020 1825 1181 1912 Patef‘
1211 1823 1355 1885 erat,
1415 1818 1700 1912 habebfitg
1725 1817 1901 1873 talem
1933 1844 1980 1909 B
2012 1834 2068 1884 et
2098 1830 2241 1886 tales
2275 1833 2579 1889 ministros
2602 1817 2896 1906 suscipere
2947 1817 3378 1909 promeremini.
3412 1848 3659 1912 Quidam

249 1914 303 1963 et
333 1909 509 1964 Titus
538 1928 551 1978 ;
584 1914 635 1964 et
672 1909 801 1964 ideo
825 1909 967 1963 dicit
1014 1907 1278 1963 eamdem.
1308 1912 1372 1961 ln
1423 1924 1538 1978 quo
1596 1907 1745 1961 facto
1779 1923 1901 1961 mo-

247 2003 465 2054 nentur
494 1999 923 2071 praedicatores,
959 2002 1023 2051 ut
1053 1998 1104 2052 si
1127 1996 1377 2052 viderint
1398 1996 1733 2067 quempiam
1767 2012 1902 2050 suo-

244 2103 375 2141 rum
409 2087 867 2142 sollicitudinem
902 2086 1115 2141 habere
1129 2085 1547 2153 animarum,et
1572 2086 1901 2155 ipsos,quo-

241 2192 374 2230 rum
409 2175 870 2231 sollicitudinem
902 2174 1409 2247 gerit,obedientes
1436 2174 1902 2245 existere,grates

237 2263 359 2319 Deo
390 2265 612 2319 referre
645 2264 941 2327 studeant,
974 2262 1153 2318 veluti
1182 2262 1496 2333 Apostolus
1524 2262 1638 2316 hic.

309 2380 595 2447 Quoniam
624 2378 1065 2433 exhortationem
1111 2378 1331 2448 quidem
1374 2379 1630 2448 suscepit,
1690 2376 1745 2431 id
1806 2382 1897 2433 est

234 2467 731 2531 consolationem,
766 2472 830 2521 ut
858 2467 959 2539 qui
994 2465 1247 2538 primum
1280 2466 1473 2521 venire
1504 2472 1890 2537 recusaverat,

234 2573 395 2612 nunc
429 2562 643 2628 sponte
669 2556 864 2611 venire
893 2556 1150 2610 festinet.
1185 2554 1289 2609 Sed
1318 2572 1440 2610 cum
1480 2556 1774 2611 sollicitior
1802 2572 1891 2610 es-

232 2649 333 2711 set,
367 2648 481 2699 etc.
519 2644 815 2700 Sollicitus
847 2644 1414 2715 exstiteratprimum
1437 2645 1727 2700 audiendo
1751 2644 1892 2712 ;sol-

234 2732 453 2788 licitior
486 2734 861 2805 postmodum
897 2733 1161 2788 redditus
1192 2738 1281 2789 est
1310 2733 1579 2799 videndo,
1638 2734 1780 2788 adeo
1826 2739 1890 2789 ut

230 2839 334 2877 sua
362 2823 658 2879 voluntate
686 2823 754 2877 ad
789 2839 887 2877 eos
918 2822 1206 2894 proficisci
1238 2822 1611 2877 desideraret.
1632 2824 1888 2879 Misimus

231 2915 403 2966 etiam
431 2929 561 2967 cum
588 2911 693 2966 illo
720 2914 972 2983 fratrem,
1006 2916 1115 2966 etc.
1149 2916 1352 2981 Istum,
1386 2913 1487 2981 qui
1537 2912 1733 2967 minus
1764 2916 1889 2967 erat

232 3006 438 3067 notus,
472 3000 646 3056 laude
677 3001 1082 3067 commendat;
1116 2999 1284 3053 Titus
1339 3016 1495 3067 vero,
1555 3000 1653 3070 qui
1710 3001 1887 3054 etiam

218 3088 545 3144 familiaris
575 3091 813 3144 effectus
846 3088 1086 3142 minime
1116 3087 1307 3142 laudis
1338 3088 1562 3159 egebat.
1598 3088 1708 3143 Sed
1750 3088 1888 3159 quia

218 3179 399 3234 dicit:
433 3179 612 3249 Cujus
644 3180 765 3232 laus
793 3179 955 3232 estin
1011 3177 1325 3246 Evangelia,
1386 3182 1442 3230 et
1494 3182 1697 3231 caetera
1756 3194 1882 3248 qua:
1914 3207 1959 3270 C

208 3272 584 3339 sequuntur,
617 3268 883 3321 doctores
913 3281 1047 3320 eum
1084 3267 1264 3319 fuisse
1296 3265 1509 3319 Lucam
1541 3265 1779 3332 dicunt;
1812 3266 1884 3320 ob

199 3356 501 3427 hoc,quia
533 3353 881 3410 mirabiliter
902 3353 1279 3425 Evangelium
1312 3352 1549 3424 scripsit
1575 3371 1589 3421 ;
1616 3354 1886 3425 deinceps

193 3445 429 3501 librum
466 3448 760 3498 Actorum
810 3442 1231 3514 apostolorum,
1292 3446 1353 3496 ut
1410 3442 1572 3514 ipse:
1634 3445 1887 3498 Primum

204 3533 439 3604 quidem
472 3547 808 3598 sermonem,
833 3536 941 3586 etc.
971 3532 1118 3601 (Aet.
1150 3548 1187 3597 ι,
1224 3531 1295 3601 1).

286 3650 485 3705 Comes
536 3648 999 3718 peregrinationis
1047 3646 1281 3715 dicitur,
1327 3647 1381 3701 id
1416 3651 1505 3701 est
1545 3646 1885 3718 evangelicae

215 3737 700 3810 praedicationis;
736 3738 797 3791 in
820 3736 921 3790 hac
950 3738 1158 3803 gratia,
1187 3736 1244 3790 id
1266 3741 1355 3791 est
1378 3736 1809 3807 praedicationis
1831 3742 1887 3792 et

215 3825 743 3895 reconciliationis,
776 3842 898 3897 quae
931 3827 1293 3880 ministratur
1322 3841 1354 3878 a
1386 3826 1540 3880 nobis
1564 3843 1577 3891 ;
1602 3825 1769 3896 quasi
1792 3826 1884 3879 di-

217 3921 412 3972 ceret:
456 3917 620 3970 Hanc
649 3914 895 3987 gratiam
929 3913 1359 3983 praedicationis
1433 3914 1789 3983 accepimus,
1821 3918 1887 3968 ut

215 4003 344 4060 aliis
377 4002 867 4059 ministraremus
897 4003 1067 4073 (743),
1100 4006 1159 4055 et
1186 4001 1315 4055 ideo
1339 4001 1693 4055 ministratur
1721 4019 1753 4055 a
1782 4017 1887 4055 no-

218 4092 315 4147 bis.
348 4094 389 4147 A
427 4093 670 4148 Domini
696 4091 879 4161 gloria
911 4089 1058 4160 (744)
1089 4088 1250 4156 dicit,
1285 4089 1341 4142 id
1372 4094 1461 4143 est
1493 4106 1525 4143 a
1570 4088 1887 4144 salvatione

216 4181 566 4237 animarum
594 4198 607 4247 ;
640 4179 778 4251 quia
809 4195 923 4249 quo
954 4177 1151 4249 plures
1183 4177 1500 4243 salvantur,
1534 4194 1599 4232 eo
1631 4178 1683 4233 ei
1704 4178 1888 4249 gloria

217 4271 753 4343 augmentaturgEt
779 4268 1112 4323 destinatam
1140 4271 1384 4321 nostram
1416 4266 1759 4322 voluntatem
1778 4284 1797 4327 ,'
1828 4266 1886 4320 id

215 4365 302 4414 est
358 4357 725 4431 dispositam
785 4362 842 4411 et
899 4356 1226 4410 ordinatam
1292 4354 1555 4426 implere,
1617 4355 1727 4410 Sed
1760 4356 1889 4412 vide

216 4453 454 4518 quantae
484 4446 824 4502 dilectionis
857 4450 1001 4501 erat.
1035 4445 1179 4499 Nam
1206 4443 1303 4499 ille
1319 4444 1770 4515 parvipendebat
1792 4444 1889 4498 tri-

2016 1918 2221 1974 volunt
2249 1921 2426 1976 istum
2454 1922 2777 1997 intelligere
2808 1927 2989 1983 fuisse
3009 1930 3248 1999 Apollo;
3277 1935 3349 1988 ob
3372 1934 3500 2003 hoc,
3525 1939 3663 2007 quia

2015 2008 2073 2096 in
2109 2010 2299 2079 prima
2329 2011 2587 2081 Epistola
2603 2014 2743 2068 dicit
2764 2031 2825 2070 se
2846 2021 3357 2087 rogatum,uteum
3390 2024 3664 2096 dirigeret

2014 2094 2130 2150 illis
2162 2098 2208 2167 (1
2228 2098 2349 2151 Cor.
2383 2116 2493 2165 τίνι,
2532 2100 2611 2170 12)
2639 2119 2651 2168 ;
2688 2104 2786 2156 sed
2819 2103 3104 2160 incertum
3153 2114 3242 2162 est
3300 2111 3433 2180 quis
3462 2094 3657 2170 fuerit.

2009 2185 2165 2239 Nunc
2219 2190 2401 2241 autem
2462 2189 2639 2242 multo
2696 2192 3121 2249 sollicitiorem:
3180 2199 3347 2267 quasi
3395 2200 3653 2259 diceret:

2009 2272 2307 2328 Sollicitus
2342 2275 2447 2329 fuit
2477 2278 2756 2347 primum,
2791 2281 2890 2334 sed
2922 2281 3227 2339 sollicitior
3256 2289 3521 2344 radditus
3540 2297 3650 2358 est,

2004 2363 2179 2417 multa
2210 2364 2406 2418 utendo
2450 2366 2773 2434 conﬁdentia
2817 2370 2874 2423 in
2906 2387 3013 2439 vos,
3044 2375 3159 2427 sive
3213 2376 3321 2429 Tito
3382 2386 3652 2435 narrante

2003 2451 2157 2505 bona
2186 2452 2257 2507 de
2287 2452 2594 2521 vobis,sive
2622 2456 2843 2513 czeteris
2874 2462 3268 2531 narrantibus,
3287 2481 3433 2535 quos
3473 2467 3649 2524 etiam

2004 2540 2277 2609 Apostolos
2325 2542 2710 2615 Ecclesiarum,
2792 2546 3029 2615 gloriam
3110 2551 3309 2606 Christi
3373 2555 3643 2625 appellat.

1998 2626 2143 2683 Vam
2177 2629 2343 2683 multi
2374 2629 2620 2699 ibant,et
2649 2636 3232 2705 revertebantur,sive
3254 2640 3326 2695 ab
3347 2640 3645 2713 ‘apostolis

1999 2717 2187 2786 missi,
2221 2718 2339 2773 sive
2372 2735 2479 2774 sua
2508 2726 2713 2791 sponte
2755 2731 3081 2795 pergentes,
3142 2728 3241 2799 qui
3294 2729 3377 2785 eis
3432 2733 3647 2791 referre

1998 2812 2255 2876 possent.
2310 2808 2497 2862 Socius
2552 2826 2724 2865 meus.
2785 2814 2989 2869 Socius
3036 2816 3083 2870 ei
3130 2823 3254 2872 erat
3287 2820 3473 2888 Titus,
3509 2824 3648 2894 quia

1996 2894 2308 2966 episcopus
2334 2897 2673 2964 ordinatus;
2707 2902 2894 2955 centeri
2929 2903 3156 2972 fratres,
3191 2909 3292 2976 qui
3349 2910 3645 2979 adjutores

1996 2984 2287 3054 Evangelii
2318 2990 2500 3039 erant.
2538 2986 2599 3039 In
2636 2986 2765 3057 hoc,
2795 2990 2949 3059 quod
2994 2993 3307 3061 Apostolus
3358 2996 3500 3053 tales
3555 3000 3643 3053 di-

1996 3072 2160 3137 rexit,
2196 3078 2509 3127 monentur
2537 3076 2961 3147 praedicatores,
2997 3095 3130 3134 cum
3161 3080 3418 3152 aliquem
3448 3088 3519 3140 ad
3543 3088 3645 3142 bo-

1998 3177 2139 3215 num
2172 3161 2399 3216 trahere
2422 3164 2687 3233 cupiunt,
2725 3165 2897 3220 talem
2931 3167 3208 3239 dirigant,
3244 3173 3413 3241 cujus
3476 3191 3643 3231 mens

1998 3248 2220 3304 nullius
2252 3251 2452 3304 morbo
2485 3257 2756 3323 corrupta
2787 3254 2864 3307 sit
2893 3255 2979 3309 vel
3012 3266 3442 3329 corrumpatur.

2069 3365 2432 3419 Ostentionem
2457 3382 2611 3438 ergo,
2643 3372 2751 3422 etc.
2782 3369 2883 3423 His
2914 3371 3103 3427 verbis
3134 3378 3505 3433 commendat
3542 3396 3642 3435 eos

1993 3452 2326 3523 Apostolus,
2390 3458 2453 3507 ut
2511 3454 2845 3511 obedientes
2924 3462 2980 3512 et
3058 3460 3247 3516 devoti
3331 3480 3466 3536 erga
3510 3466 3642 3523 illos

1995 3541 2248 3596 existant
2275 3570 2287 3608 ε
2320 3542 2488 3612 quasi
2510 3542 2762 3599 diceret:
2799 3546 2859 3600 In
2892 3546 3000 3602 hoc
3028 3554 3280 3605 vestram
3335 3569 3640 3611 conversa.

1994 3630 2299 3695 tionem,et
2328 3631 2502 3686 ﬁdem
2536 3649 2850 3704 agnoscere
2882 3640 3099 3707 potero,
3134 3638 3181 3693 si
3214 3657 3311 3696 eos
3326 3641 3642 3701 honorifice

1994 3718 2370 3789 susceperitis
2403 3722 2461 3774 in
2490 3721 2639 3792 facie
2670 3723 3057 3796 Ecclesiarum,
3091 3727 3148 3782 id
3180 3735 3286 3799 est,
3322 3731 3379 3785 in
3419 3734 3643 3789 visione

1994 3808 2409 3863 Ecclesiarum.

2067 3913 2222 3981 (CAP.
2282 3914 2404 3979 IX.)
2464 3914 2603 3968 Nam
2670 3918 2741 3971 de
2797 3921 3121 3976 ministerio.
3210 3930 3322 3989 etc,
3406 3927 3645 3983 Videtur

1996 4002 2152 4055 enim
2186 4002 2500 4070 Apostolus
2512 4004 3176 4072 quasialiudlocutionis
3206 4027 3392 4081 genus
3407 4016 3643 4083 aggredi

1997 4087 2274 4143 Nonnulli
2306 4089 2511 4143 dicunt
2542 4089 2828 4146 hactenus
2852 4095 3195 4163 Apostolum
3257 4099 3511 4153 locutum
3572 4102 3644 4157 de

1998 4176 2367 4248 eleemosyna
2396 4182 2759 4233 terrenarum
2782 4197 3157 4251 rerum,nunc
3179 4186 3249 4241 de
3278 4186 3647 4262 eleemosyna

1997 4265 2157 4320 verbi
2190 4264 2312 4331 Dei,
2346 4281 2472 4336 quae
2505 4267 2693 4335 major
2722 4273 2810 4323 est
2840 4273 3087 4326 terrenis
3114 4298 3126 4339 ;
3151 4278 3206 4327 et
3257 4275 3384 4331 ideo
3445 4277 3648 4333 sedule

1999 4352 2125 4407 haec
2154 4352 2519 4424 eleemosyna
2549 4355 2876 4412 adhibenda
2906 4365 2994 4414 est
3013 4376 3149 4433 erga
3171 4364 3649 4422 credentes.Non-

2000 4441 2145 4495 nulli
2174 4442 2379 4495 dicunt
2402 4444 3016 4503 hactenusallocutum
3044 4451 3221 4505 fuisse
3242 4451 3421 4508 laicos
3452 4472 3464 4521 ;
3494 4472 3649 4511 nunc

218 4534 572 4592 bulationes
602 4539 659 4589 et
694 4534 1080 4589 adversitates
1104 4533 1277 4586 istius
1309 4533 1434 4586 vitae
1468 4532 1789 4603 praesentis,
1815 4533 1885 4587 ad
1928 4568 1974 4632 D
2006 4528 2221 4599 alloqui
2255 4532 2825 4603 sacerdotes,quibus
2861 4540 3181 4608 utrumque
3208 4555 3393 4610 genus
3425 4541 3651 4597 miseri-

218 4623 733 4698 comparationem
768 4620 1120 4694 evangelicae
1155 4620 1900 4691 ministrationis(7115).l)e-

220 4716 455 4771 vitantes
488 4714 619 4777 hoc,
652 4717 759 4767 etc.
796 4712 912 4767 Iste
968 4725 1223 4780 namque
1254 4710 1501 4764 idoneus
1562 4710 1782 4775 doctor,
1842 4714 1899 4765 et

224 4804 544 4859 sufficiens
574 4800 1218 4872 praedicationi,vitabat
1241 4804 1304 4852 ut
1334 4816 1448 4853 non
1474 4799 1899 4870 vituperaretur

226 4890 296 4945 de
326 4892 441 4947 hoc
476 4906 661 4963 opere
692 4887 1105 4944 misericordias
1141 4887 1295 4941 unde
1325 4888 1538 4957 agitur,
1571 4888 1617 4941 si
1652 4904 1765 4942 non
1790 4888 1898 4941 tri-

223 4978 513 5036 bueretur
544 4996 557 5047 ;
589 4979 709 5033 sive
739 4978 977 5033 cavebat
1006 4976 1489 5048 vituperationem
1518 4974 1749 5030 illarum
1790 4977 1899 5031 Ec-

235 5067 593 5132 clesiarum,
627 5084 752 5138 qua:
781 5066 851 5121 ab
881 5064 1014 5119 aliis
1046 5069 1241 5119 tracta:
1274 5063 1503 5117 fuerant
1533 5063 1603 5118 ad
1625 5064 1899 5131 ﬁdem,ne

228 5156 355 5228 ipse
382 5158 852 5228 vituperaretur,
886 5153 1026 5225 quia
1052 5170 1160 5208 sua
1190 5151 1596 5224 praedicatione
1617 5168 1714 5206 eos
1745 5153 1816 5206 ad
1842 5153 1903 5205 ﬁ-

237 5243 372 5299 dem
405 5243 836 5300 traxeratJdeo
858 5241 1097 5296 idoneos
1118 5244 1283 5294 curat
1304 5238 1606 5294 ministros
1630 5238 1902 5310 dirigere,

241 5333 346 5403 qui
382 5350 499 5389 sua
532 5332 821 5404 sapientia
849 5336 906 5386 et
934 5329 1173 5387 scientia
1194 5344 1292 5384 eos
1329 5345 1443 5384 non
1467 5328 1658 5384 solum
1681 5329 1751 5383 ad
1776 5344 1903 5400 per-

316 5474 477 5545 (743)
512 5473 759 5528 Videtur
789 5472 895 5526 hoc
925 5473 1166 5528 verbum
1190 5474 1510 5526 correctum
1545 5472 1602 5526 in
1638 5476 1907 5545 autog,nt

242 5544 487 5615 legatur
516 5546 1018 5615 manifestaremus.

338 5618 481 5703 744)
508 5614 683 5701 Vulg.
714 5615 782 5674 ad
810 5615 1027 5676 Domini
1054 5614 1309 5691 gloriam.

2010 4620 2216 4673 cordis:
2248 4622 2721 4675 commendatum
2754 4628 2861 4677 est.
2898 4624 3171 4679 Nonnulli
3204 4628 3406 4682 dicunt
3436 4647 3467 4683 a
3499 4631 3653 4701 prin-

2010 4708 2158 4778 cipio
2192 4709 2362 4763 istius
2384 4710 2671 4763 sermonis
2696 4712 2965 4780 usquead
3001 4713 3172 4768 finem
3197 4716 3266 4769 de
3288 4715 3655 4790 eleemosyna

2010 4802 2375 4851 terrenarum
2408 4813 2601 4851 rerum
2634 4797 2912 4853 locutum.
2949 4802 3057 4856 Sed
3088 4803 3132 4858 si
3185 4805 3253 4859 de
3309 4806 3441 4872 ista,
3475 4824 3655 4877 quare

2005 4888 2126 4939 tam
2186 4885 2520 4955 frequenter
2573 4886 2827 4954 repetit?
2873 4888 3025 4944 Solet
3049 4890 3203 4945 enim
3237 4892 3369 4963 quis
3400 4899 3655 4964 repetere

2009 4988 2247 5027 causam
2280 4988 2454 5042 quam
2488 4973 2750 5044 agnoscit
2782 4980 2837 5030 et
2884 4984 3176 5048 operatur,
3202 4985 3267 5033 ut
3321 4980 3536 5034 arctius
3591 4981 3651 5034 in

2010 5060 2257 5116 aliorum
2299 5061 2574 5116 cordibus
2604 5062 2875 5119 inculcet.
2933 5068 3095 5131 Quod
3154 5068 3563 5123 manifestatur
3592 5066 3651 5120 in

2010 5150 2201 5215 Petro,
2234 5165 2407 5220 quem
2438 5166 2572 5204 cum
2606 5152 2887 5207 Dominus
2918 5161 3254 5225 agnosceret
3286 5156 3374 5209 sui
3431 5154 3654 5210 ardoris

2012 5254 2272 5291 amorem
2304 5240 2548 5309 (746-47)
2583 5239 2815 5307 habere,
2850 5260 2983 5297 eum
3022 5242 3400 5313 interrogavit
3456 5246 3655 5299 utrum

2013 5342 2076 5381 se
2107 5325 2375 5397 diligeret
2406 5327 2580 5397 (Joan.
2614 5346 2727 5392 xxx,
2764 5331 2870 5400 15).
2905 5332 3029 5386 Sive
3060 5330 3359 5402 repetit,ut
3391 5331 3658 5388 ostendat

2016 5470 2234 5597 [(745)
2270 5469 2411 5524 ltem
2455 5472 2830 5527 emendatum
2886 5470 3098 5541 legitur
3152 5472 3274 5527 ita:
3331 5477 3661 5546 manifesta-

2040 5556 2198 5596 zonis.

2040 5556 2198 5596 zonis.

2088 5612 2335 5691 (746-47)
2359 5614 2626 5671 Fortasse
2640 5612 2845 5670 melior
2865 5611 3033 5672 lectio
3052 5617 3142 5673 sui
3159 5618 3362 5677 amoris
3382 5617 3652 5689 ardorem.
