4034 6166
385 309 503 367 463
1404 292 1737 354 ATTONIS
1785 282 2366 349 VERCELLENSIS
2412 277 2761 341 EPISCOPI
3668 272 3786 331 464

389 453 566 509 quem
596 434 865 491 affectum
893 430 1106 486 habeat
1137 445 1275 500 erga
1306 442 1444 482 suos
1467 423 1784 478 auditores.
1818 421 1896 475 Ea
1925 418 2019 472 in-
2051 420 2103 483 Α
2135 430 2341 487 parum
2374 409 2914 509 dcderitis,par:am
2933 408 3168 509 aeterna.
3187 402 3480 503 felicitatis
3503 417 3784 509 remun‘e:

387 489 983 593 teii—tionﬁeApostolus
1028 489 1250 589 repetit,
1298 514 1638 570 subdendo:
1704 512 1822 565 Scio
1879 509 2027 563 enim
2137 503 2420 557 rationem
2453 498 2760 593 recipietis:
2793 498 2943 593 sane
2974 492 3446 593 sciendum,un
3469 489 3788 593 sapesolnet

380 578 696 685 promptum
720 578 977 665 animum
1006 578 1267 671 vesiruni,
1299 609 1408 659 etc.
1430 618 1451 664 ;
1478 607 1570 656 et:
1607 602 1687 655 Ea:
1717 597 2028 653 abundanti
2134 588 2445 661 Apostolus
2471 588 2594 641 suis
2627 583 2992 685 auditoribus
3011 581 3274 685 diversas
3294 580 3550 679 proferre
3573 578 3786 634 simili-

385 668 465 756 ξεί
495 668 634 754 mihi
660 700 895 758 scribere
949 696 1097 750 vobis
1126 712 1144 748 :
1203 668 1261 747 id
1317 696 1425 759 est,
1483 688 1730 743 dilatum
1784 691 1872 741 est
1930 700 2029 738 cor
2141 679 2407 744 tudines;
2443 693 2598 731 nunc
2630 673 2855 737 militis,
2881 687 3035 726 nunc
3056 668 3615 759 agricultorismunc
3639 683 3788 759 qqu-

386 804 585 843 meum
617 788 688 843 ad
712 756 1087 842 scribendum
1110 756 1573 848 vobis.Quob.zam
1591 777 1797 832 Achaia
1828 781 2027 842 parata
2140 784 2249 838 que
2281 766 2673 829 medici,nune
2706 760 3121 830 negotiatoris;
3151 757 3601 848 similiternunc
3618 756 3793 848 semi-

388 883 485 943 εει,
518 880 626 931 etc.
655 872 1214 940 Eaintentione,qua
1236 846 1578 923 Macedones
1600 867 1670 920 ad
1697 864 2027 933 exemplum
2140 856 2361 910 natoris
2395 869 2710 943 congruam
2745 852 2801 904 in
2826 848 3107 943 qualitate
3123 852 3214 943 et
3244 847 3572 943 quanti-tate
3625 846 3792 943 ponit

388 934 725 1037 protulerat,
758 978 826 1017 ea
854 960 1028 1016 etiam
1058 934 1339 1014 achaicos
1367 976 1380 1025 ;
1415 958 1469 1011 id
1494 961 1601 1021 est,
1636 960 1700 1009 ut
1724 970 1821 1008 eos
1849 952 2030 1023 pude-
2140 944 2606 1037 similitudinem.
2644 942 2704 994 In
2737 939 3017 1037 qualitate
3047 935 3334 1037 videlicet,
3357 935 3492 1037 quia
3520 934 3683 1006 quod
3711 949 3794 1032 se-

390 1024 478 1109 ret
506 1024 724 1107 imitari
753 1049 924 1105 nolle.
961 1049 1072 1104 Sed
1113 1048 1376 1118 nunquid
1426 1050 1482 1100 et
1540 1043 1636 1098 isti
1693 1059 1803 1097 non
1867 1043 2032 1095 erant
2142 1032 2345 1102 minat,
2404 1032 2513 1086 hoc
2563 1035 2619 1085 et
2675 1028 2873 1118 metit:
2924 1025 2981 1079 id
3042 1024 3616 1118 quantitates-atem,
3653 1024 3797 1118 quia

388 1139 669 1196 Achaici?
699 1139 898 1194 Erant.
932 1138 1040 1192 Sed
1074 1110 1358 1207 quasdam
1390 1132 1673 1188 Ecelesias
1722 1131 1925 1185 afﬁnes
1958 1128 2027 1182 ad
2142 1127 2427 1193 quantum
2460 1120 2591 1191 quis
2615 1116 3205 1207 seminat,tantum_et
3226 1110 3569 1167 metit.lllud
3592 1115 3796 1166 autem

387 1228 716 1302 exemplum
747 1229 985 1299 profert.
1020 1202 1255 1297 Et_quid
1287 1229 1377 1279 est
1397 1222 1585 1276 dicere
1606 1222 2031 1302 :l’estra-a’mu-
2142 1210 2485 1302 notandum,
2518 1208 2658 1302 quia
2687 1221 2934 1302 Ρωᾭυω.
2959 1202 3214 1302 appella?
3247 1218 3520 1302 ,a‘ij"
3581 1217 3619 1255 θ’
3644 1288 3656 1299 .
3682 1215 3799 1302 q.u.o

388 1310 527 1364 latio
552 1287 828 1379 .procaiiit
881 1287 1169 1378 plurimo§,
1231 1303 1341 1358 nisi
1374 1302 1537 1373 quasi
1571 1298 1701 1355 aliis
1732 1297 1921 1353 verbis
1954 1295 2033 1350 di-
2142 1298 2311 1369 quasi
2341 1300 2735 1367 extorquetur,
2769 1298 2825 1348 et
2848 1293 3117 1364 exigitur,
3151 1294 3215 1345 ut
3244 1289 3490 1345 inferat:
3553 1288 3660 1360 qui
3709 1287 3803 1343 id-

389 1402 519 1454 cat:
580 1376 789 1452 Vestra
844 1376 1120 1451 correctio
1207 1390 1534 1448 emendatio
1616 1387 1901 1460 plurimos
1960 1384 2030 1438 ad
2142 1387 2293 1442 circo
2324 1387 2526 1441 tardus
2559 1388 2647 1440 est
2677 1383 2951 1447 tribuere,
2989 1380 3127 1451 quia
3184 1379 3442 1433 fructum
3503 1376 3801 1433 mercedis

388 1484 880 1550 emendationem,
932 1484 989 1538 id
1048 1487 1155 1547 est,
1214 1479 1598 1535 imitationem
1656 1472 2033 1547 provocavit?
2145 1494 2259 1531 non
2290 1475 2463 1529 videt.

386 1575 546 1630 Adeo
577 1577 642 1628 ut
670 1573 964 1629 dicerent:
1001 1572 1060 1627 Si
1090 1568 1389 1635 Corinthii,
1424 1567 1522 1639 qui
1554 1565 1905 1632 ceciderunt,
1952 1560 2034 1615 ita
2214 1564 2492 1634 Sequitur
2514 1580 2525 1617 :
2551 1563 2616 1615 Et
2648 1562 2744 1631 qui
2772 1561 3008 1615 seminat
3038 1560 3097 1613 in
3129 1556 3630 1623 benedictionibus,
3682 1558 3792 1611 etc.

390 1664 861 1727 surrexerunt,ut
889 1660 958 1716 ab
985 1658 1257 1730 Apostolo
1287 1653 1811 1723 laudentur,multo
1844 1650 2030 1721 magis
2143 1655 2203 1707 In
2227 1650 2730 1707 benedictionibus
2756 1664 3009 1719 namque
3026 1646 3577 1712 seminareest,cum
3602 1643 3799 1699 cordis

392 1767 500 1806 nos
529 1764 846 1823 possumus
876 1752 1105 1803 nostros
1139 1763 1329 1801 mores
1355 1744 1661 1815 corrigere,
1716 1746 1779 1795 ut
1839 1745 1948 1793 Deo
1976 1742 2033 1791 ct
2060 1784 2108 1847 B
2141 1741 2455 1805 hilaritate,
2488 1740 2598 1794 sub
2631 1755 2731 1809 spe
2764 1738 2972 1792 futurae
3004 1734 3511 1801 remunerationis,
3565 1732 3799 1788 miseri-

407 1840 419 1847 .
555 1842 563 1847 .
610 1836 625 1847 ο
735 1836 745 1847 ι
1091 1834 1099 1843 ο
1374 1832 1384 1843 ο
1688 1831 1695 1838 ·
1723 1828 1899 1847 πυηη-
2154 1846 2161 1847 ,
2262 1829 2298 1847 ι’
2360 1846 2365 1847 ,
2430 1844 2696 1847 ,,-,,--,_.__
2754 1826 2909 1847 :___L-
2947 1824 3088 1847 11]--)
3138 1822 3453 1847 Ο-1Α...ἒ-Ξ-
3507 1821 3799 1847 ΔῖΑΑ-ιζ..-

389 1821 666 1910 Apostolo
691 1836 919 1907 placere
946 1834 1263 1906 possimus,
1288 1832 1391 1903 qui
1419 1848 1533 1886 non
1583 1828 1921 1884 cecidimus.
2061 1821 2108 1847 ”
2141 1829 2398 1886 cordiam
2428 1844 2722 1900 peragere,
2747 1826 2917 1895 juxta
2947 1824 3091 1879 illud
3138 1822 3454 1879 Salominis
3504 1821 3800 1877 dicentis:

464 1926 709 1981 Misimus
741 1929 928 1979 autem
956 1922 1201 1994 fratres;
1232 1922 1538 1992 praedictos
1570 1917 1845 1990 appellat,
1876 1923 1936 1969 ut
1964 1930 2034 1968 ne
2143 1918 2205 1971 In
2235 1918 2389 1970 omni
2417 1915 2540 1970 dato
2571 1914 2806 1968 hilarem
2834 1915 2931 1984 fac
2960 1914 3176 1967 vultum
3205 1914 3365 1965 tuum
3393 1910 3565 1981 (749),
3641 1909 3800 1982 quod

391 2012 533 2085 quod
581 2012 906 2082 gloriamur,
940 2015 1049 2065 etc.
1101 2011 1463 2065 Laudaverat
1488 2005 1796 2077 Apostolus
1827 2005 2031 2060 Corin-
2144 2006 2321 2059 etiam
2353 2005 2423 2058 de
2452 2003 2818 2072 eleemosyna
2847 2000 3123 2056 verbiDei
3148 1998 3389 2071 intelligi
3410 2003 3804 2070 potest;quo-

392 2101 548 2157 tbios
580 2099 1030 2169 Macedonibus;
1064 2105 1141 2167 et,
1175 2115 1245 2153 ne
1294 2098 1405 2168 ipsi
1464 2095 1631 2151 aliter
1689 2092 2033 2160 invenirent,
2146 2094 2304 2148 niam
2337 2092 2437 2164 qui
2470 2092 2594 2147 suis
2625 2090 2990 2146 auditoribus
3020 2088 3451 2157 eleemosynam
3501 2088 3665 2143 verbi
3696 2088 3802 2143 tri—

396 2205 573 2260 quam
602 2187 916 2259 Apostolus
950 2188 1192 2257 dixerat,
1224 2187 1441 2240 idcirco
1492 2184 1713 2238 curavit
1770 2182 2033 2252 idoneos,
2146 2182 2293 2251 buit,
2329 2198 2396 2235 ex
2424 2180 2611 2235 cordis
2642 2179 2992 2246 sinceritate,
3027 2194 3098 2232 ne
3121 2178 3264 2232 forte
3288 2177 3486 2232 fructu
3515 2177 3800 2248 privetur,

394 2276 696 2332 ministros
728 2277 997 2347 dirigere,
1030 2275 1129 2346 qui
1167 2292 1265 2329 eos
1297 2275 1368 2329 ad
1418 2290 1565 2344 opus
1625 2269 2038 2325 misericordia:
2150 2287 2385 2324 necesse
2414 2275 2501 2324 est
2531 2267 2958 2323 administrare.
2994 2267 3145 2321 Sane
3177 2266 3506 2321 notandum
3560 2265 3723 2337 quia,
3755 2265 3805 2322 Ii

392 2370 790 2437 provocarent,
843 2380 913 2418 ne
972 2364 1141 2419 aliter
1196 2363 1539 2417 Macedones
1602 2358 1944 2415 invenirent.
1972 2357 2039 2410 Et
2146 2358 2205 2412 in
2238 2357 2749 2413 benedictionibus
2777 2359 2956 2410 metet
3010 2355 3113 2425 qui
3169 2355 3228 2409 in
3286 2353 3803 2410 benedictionibus

399 2454 529 2510 ideo
561 2453 868 2526 subjunxit
896 2469 908 2506 :
947 2455 1028 2523 Ut,
1071 2450 1521 2522 quemadmodum
1550 2450 1689 2515 diri,
1719 2448 1915 2519 parati
1957 2447 2037 2499 si-
2152 2446 2438 2502 seminat:
2472 2461 2607 2515 ergo
2639 2450 2875 2500 econtra
2904 2443 3002 2515 qui
3034 2444 3093 2498 in
3126 2442 3663 2510 maledictionibus,
3697 2443 3810 2499 hoc

397 2544 487 2611 tis,
519 2547 628 2598 etc.
660 2543 813 2598 Bene
841 2542 1017 2597 dicit:
1053 2542 1445 2596 Erubescamus
1474 2556 1587 2604 nos,
1608 2537 1765 2609 quia,
1798 2535 1846 2590 si
1876 2534 2044 2590 aliter
2152 2543 2261 2599 est,
2292 2534 2528 2590 tristitia
2558 2533 2828 2602 seminat,
2862 2532 2921 2586 in
2946 2530 3461 2587 maledictionibus
3499 2536 3555 2586 et
3582 2536 3810 2599 metet;

397 2630 723 2686 invenirent
794 2630 1157 2699 Macedones,
1252 2629 1618 2683 erubesceret
1703 2623 2039 2695 Apostolus.
2152 2624 2430 2698 quoniam
2459 2621 2743 2692 scriptum
2775 2624 2892 2676 est:
2928 2624 3068 2692 Quae
3082 2621 3230 2677 enim
3244 2621 3599 2676 seminaverit
3618 2619 3813 2688 homo,

397 2717 649 2774 maxime
678 2717 999 2784 Corinthii;
1032 2717 1171 2789 quia
1202 2716 1389 2788 magis
1420 2714 1566 2770 solet
1586 2714 1925 2769 erubescere
1946 2710 2045 2767 ille
2154 2716 2271 2771 hwc
2299 2718 2348 2769 et
2378 2716 2535 2765 metet
2566 2712 2711 2782 (Gal.
2744 2727 2821 2775 v1,
2847 2712 2924 2777 8).

401 2806 501 2878 qui
531 2805 713 2862 alium
745 2806 904 2861 videt
936 2806 1153 2861 suimet
1182 2821 1359 2860 causa
1399 2802 1724 2865 erubuisse,
1786 2817 1963 2871 quam
1995 2800 2044 2855 si
2222 2807 2295 2858 At
2322 2818 2455 2857 vero
2486 2799 2937 2870 Corinthii.quia
2964 2797 3135 2871 longo
3158 2801 3289 2854 ante
3306 2802 3575 2871 tempore
3589 2815 3656 2855 se
3675 2816 3814 2870 pro-

397 2895 526 2966 ipse
572 2894 807 2966 propria
855 2910 1033 2949 causa
1090 2893 1474 2949 erubesceret.
1544 2892 1606 2947 Ut
1654 2905 1761 2944 non
1802 2889 2046 2943 dicamus
2156 2891 2436 2947 miserant
2464 2888 2732 2945 collectas
2762 2886 3260 2953 facturos,idcirco
3288 2885 3487 2942 taliter
3515 2886 3816 2959 loquendo

396 2998 486 3039 vos
509 2981 656 3055 (748)
687 2983 747 3037 in
775 2982 879 3038 hac
905 2983 1252 3048 substantia;
1283 2982 1340 3035 id
1368 2983 1474 3035 est.
1513 2979 1571 3035 in
1603 2978 1713 3033 hoc
1742 2993 1911 3049 opere
1942 2976 2046 3031 mi-
2155 2979 2479 3050 subjungit,
2540 2977 2741 3032 dicens
2761 2993 2782 3031 ς
2844 2976 3220 3046 Unusquisque
3291 2980 3462 3045 prout
3516 2975 3816 3032 destinauit

400 3072 728 3128 sericordiaa
757 3088 872 3127 non
904 3086 1186 3143 negemus
1215 3086 1316 3125 vos
1348 3085 1493 3124 esse.
2090 3142 2101 3143 ί
2152 3069 2312 3126 corde
2341 3083 2438 3123 suo
2458 3086 2478 3129 ;
2509 3065 2617 3121 hoc
2647 3070 2756 3130 eet,
2791 3068 2857 3120 ut
2886 3064 3244 3131 deliberavit,
3292 3064 3577 3130 decrevit,
3639 3070 3817 3137 atque

470 3162 847 3216 Necessarium
900 3142 1024 3229 ergo
1073 3158 1409 3214 existimavi.
1463 3155 1639 3218 Quasi
1699 3154 1951 3209 diceret:
1999 3153 2043 3208 Ο
2074 3142 2116 3207 C
2156 3156 2448 3229 disposuit
2481 3154 2875 3225 (subauditur,
2924 3153 3187 3221 tribuat).
3222 3155 3650 3210 Verumtamen
3702 3170 3816 3210 non

403 3248 711 3316 Corinthii,
742 3265 858 3303 non
890 3246 1323 3319 parvipendatis
1349 3245 1503 3315 quod
1537 3248 1619 3299 tot
1667 3247 1722 3298 et
1779 3243 1924 3297 tales
1955 3242 2046 3296 di-
2158 3262 2293 3302 eum
2321 3243 2621 3315 poeniteat,
2656 3258 2727 3296 ne
2757 3241 2905 3295 forte
2954 3241 3147 3296 fructu
3203 3241 3505 3312 privetur;
3567 3246 3628 3298 et
3686 3243 3816 3298 ideo

407 3338 595 3410 rigam
613 3337 915 3392 ministros
942 3354 954 3403 ;
989 3352 1125 3389 nam
1158 3351 1262 3405 ego
1287 3332 1680 3388 necessarium
1712 3332 1851 3386 duxi
1902 3330 2048 3386 tales
2160 3331 2464 3403 subjungit
2491 3348 2503 3385 :
2540 3331 2659 3387 Non
2687 3345 2757 3385 ea:
2784 3329 3014 3384 tristitia
3040 3337 3137 3385 aut
3189 3346 3261 3385 ex
3317 3331 3674 3387 necessitate.
3707 3335 3816 3387 Po-

406 3425 677 3496 dirigere,
708 3428 766 3479 ut
794 3427 1179 3495 prwpararent
1199 3423 1582 3492 repromissum
1603 3420 2047 3474 benedictionem.
2162 3428 2349 3479 terant
2371 3425 2566 3477 autem
2588 3419 2869 3475 Corinthii
2891 3435 2960 3474 ex
2976 3419 3344 3486 tristitia,aut
3365 3436 3439 3476 ex
3458 3422 3818 3477 necessitate

411 3512 610 3567 Idonei
642 3527 897 3582 namque
926 3511 1137 3565 debent
1153 3509 1407 3579 esse,qui
1425 3508 1883 3563 benedictionem
1908 3526 2073 3579 pP33-‘
2159 3512 2433 3577 tribuere,
2456 3509 2596 3562 dum
2619 3508 2894 3562 videbant
2924 3505 3069 3562 alias
3109 3508 3394 3564 Ecclesiae
3414 3509 3705 3567 collectas
3727 3511 3818 3565 {a-

412 3604 645 3671 parant.
675 3600 1072 3670 Repromissam
1098 3596 1240 3652 dicit
1282 3596 1466 3659 illam,
1528 3596 1681 3651 unde
1739 3596 2046 3666 superius:
2160 3616 2323 3666 cere;
2360 3597 2636 3668 quoniam
2669 3595 2924 3667 pudebat
2951 3612 3050 3650 eos
3080 3595 3248 3651 aliter
3286 3613 3475 3669 agere.
3537 3602 3821 3655 Poterant

415 3689 680 3757 Quoniam
709 3695 762 3743 et
792 3686 991 3740 Achaia
1021 3685 1088 3740 ab
1118 3701 1267 3739 anno
1295 3686 1481 3755 priore
1522 3690 1725 3755 parata
1753 3687 1848 3738 est.
1880 3686 2052 3739 Bene-
2162 3689 2317 3744 enim
2349 3687 2539 3741 dicere
2565 3702 2577 3739 :
2617 3686 2756 3739 Ecce
2787 3683 2918 3739 aliis
2946 3684 3420 3755 tribuentibus,si
3447 3702 3561 3742 nos
3590 3704 3712 3743 non
3734 3703 3825 3743 re-

408 3777 705 3833 dictionem
734 3774 875 3830 dicit
903 3789 1051 3843 esse,
1084 3774 1222 3845 quia
1254 3772 1356 3837 illi,
1405 3771 1505 3842 qui
1565 3772 1832 3826 tribuunt
1890 3778 1991 3827 aut
2022 3776 2057 3828 a
2162 3775 2565 3841 tribuerimus,
2599 3772 3027 3841 denotabimur,
3059 3776 3115 3828 et
3143 3772 3461 3828 deteriores
3492 3773 3630 3830 aliis
3652 3773 3820 3846 judi-

409 3866 547 3933 Deo,
580 3868 681 3920 aut
701 3863 774 3920 ab
806 3861 945 3933 illis,
976 3862 1189 3933 quibus
1220 3861 1506 3931 tribuunt,
1532 3861 1774 3916 benefici
1825 3878 2054 3932 prome-
2164 3865 2446 3920 cabimur.
2481 3862 2860 3933 Quapropter,
2893 3878 2963 3917 ne
2994 3877 3142 3932 opus
3170 3861 3406 3932 pietatis
3428 3862 3628 3918 fructu
3660 3880 3831 3919 care-

409 3958 630 4010 rentur.
665 3952 810 4007 Nam
854 3950 1261 4022 unusquisque
1320 3951 1646 4005 secundum
1702 3950 1871 4019 cujus
1919 3967 2055 4021 prae-
2166 3958 2269 4023 ret,
2304 3956 2616 4007 monentur
2641 3951 2710 4005 ab
2740 3946 3037 4021 Apostolo,
3071 3952 3136 4004 ut
3165 3966 3279 4004 non
3309 3965 3379 4004 ex
3415 3949 3692 4017 tristitia,
3725 3954 3835 4007 aut

410 4047 643 4115 ceptum
670 4041 893 4108 tribuit,
923 4041 1111 4113 ipsius
1137 4038 1627 4112 contemplatione
1651 4039 2056 4111 perﬁcitur.Ex
2166 4040 2510 4097 necessitate
2539 4038 2598 4093 id
2622 4039 2815 4109 ipsum
2839 4036 3463 4110 procedat.Moraliter:
3489 4038 3667 4095 Multi
3689 4042 3834 4095 sunt

410 4136 597 4202 ccepta
616 4129 716 4185 Dei
738 4146 934 4193 causa,
970 4133 1279 4201 quantum,
1319 4129 1391 4183 ad
1446 4129 1773 4183 humanum
1833 4144 2053 4183 morem
2166 4130 2223 4184 in
2256 4128 2533 4191 Ecclesia,
2566 4126 2665 4198 qui
2696 4127 2838 4181 dum
2868 4125 3067 4181 vident
3095 4124 3545 4197 generalitatem
3599 4127 3831 4201 aliquid

413 4218 1338 4288 attinet,Apostolushonestatem
1363 4218 1735 4272 commendat
1761 4235 1773 4272 :
1796 4219 1873 4272 sic
1899 4218 2056 4288 quasi
2163 4218 2384 4273 bonum
2415 4233 2605 4289 agere,
2639 4232 2710 4269 ne
2742 4214 3104 4270 denotabiles
3137 4214 3490 4282 habeantur,
3508 4217 3695 4288 pudet
3725 4232 3833 4272 eos

410 4306 857 4373 benedictionem,
885 4309 995 4359 etc.
2165 4305 2332 4362 aliter
2365 4322 2554 4378 agere.
2587 4304 2902 4376 Sequitur:
2933 4303 3179 4359 Hilarem
3226 4305 3378 4359 enim
3436 4305 3683 4361 datorem
3734 4306 3836 4361 di-

483 4392 765 4465 Superius
797 4392 1049 4446 infirmis
1074 4393 1565 4459 condescendens,
1604 4393 1835 4447 dicebat
1860 4410 1871 4447 :
1934 4396 2050 4448 Non
2165 4396 2290 4463 liyit
2314 4391 2717 4451 DeusScilicet
2738 4410 2805 4447 ex
2826 4393 3100 4448 omnibus
3120 4391 3365 4464 illis,qui
3391 4411 3503 4451 sua
3526 4395 3834 4463 tribuunt,

408 4486 471 4537 ut
497 4482 626 4537 aliis
653 4483 724 4537 sit
753 4482 1023 4547 remissio,
1056 4484 1163 4535 etc.
1192 4499 1205 4547 ;
1242 4496 1395 4535 nunc
1430 4482 1606 4536 fortes
1644 4481 1910 4536 hortatur
1966 4482 2053 4536 di-
2084 4506 2129 4570 D
2163 4500 2261 4538 eos
2282 4483 2474 4554 diligit
2495 4482 2670 4548 Deus,
2704 4481 2959 4552 quicum
2991 4481 3182 4537 cordis
3204 4480 3502 4538 hilaritate
3524 4482 3834 4554 tribuunt,

405 4572 622 4627 cendo:
655 4571 758 4638 Qui
774 4588 938 4642 parce
968 4571 1221 4640 seminat,
1248 4586 1417 4649 parce
1444 4575 1495 4625 et
1527 4577 1705 4625 metet.
1741 4571 1886 4633 Quia
1915 4588 2053 4627 con-
2166 4572 2438 4643 ipsosque
2471 4570 2645 4624 etiam
2678 4575 2964 4641 praeparat
3020 4571 3089 4625 ad
3152 4572 3679 4628 remunerandum.
3715 4571 3837 4628 Ubi

408 4661 767 4716 descendens
796 4659 1113 4730 Apostolus
1146 4658 1396 4714 inﬁrmis
1439 4660 1706 4731 superius
1730 4660 1872 4714 dixit
1897 4677 1909 4713 :
1933 4662 2051 4715 Non
2160 4660 2333 4713 etiam
2367 4660 2669 4714 attendum
2702 4658 2857 4729 quia,
2892 4658 2941 4715 si
2972 4675 3070 4715 eos
3095 4658 3302 4731 diligit,
3336 4660 3437 4731 qui
3492 4678 3631 4717 cum
3693 4679 3845 4718 cor-

403 4753 467 4803 ut
494 4749 623 4804 aliis
652 4749 725 4802 sit
744 4750 1013 4817 remissio,
1050 4752 1159 4803 etc.
1188 4765 1200 4814 ;
1236 4764 1390 4801 nunc
1422 4765 1550 4803 vero
1572 4749 1891 4803 ascendens
1924 4766 2045 4819 pro-
2159 4748 2248 4803 dis
2280 4747 2570 4802 hilaritate
2600 4746 2949 4819 largiuntur,
2980 4764 3079 4803 eos
3109 4749 3313 4819 utique
3343 4749 3480 4805 odio
3513 4750 3843 4824 habet,qui

405 4842 573 4892 vocat
601 4837 796 4902 fortes,
833 4842 1119 4907 potentes,
1151 4853 1216 4891 ac
1248 4837 1456 4892 divites
1471 4838 1541 4891 ad
1568 4838 1790 4907 majora
1812 4837 2046 4908 pietatis
2157 4854 2290 4891 eum
2319 4836 2557 4891 tristitia
2586 4837 2777 4892 cordis
2806 4837 3092 4892 tribuunt.

402 4942 596 4997 opera,
630 4925 851 4989 dicens,
887 4929 948 4978 ut
977 4930 1301 4995 praeparent
1332 4925 1746 4996 repromissam
1809 4925 2044 4979 benedi-
2226 4926 2537 4995 Sequitur:
2571 4927 2763 4981 Potens
2783 4933 2861 4980 est
2882 4935 3066 4981 autem
3087 4927 3223 4981 Deus
3244 4929 3503 4994 gratiam
3525 4929 3845 4987 abundare

399 5015 671 5081 ctionem,
706 5014 791 5068 sic
822 5030 930 5068 non
961 5016 1117 5084 quasi
1145 5016 1457 5069 avaritiam.
1494 5015 1715 5079 Quibus
1760 5019 1815 5068 ct
1871 5015 2044 5068 rebus
2150 5018 2330 5085 facere
2358 5015 2415 5068 in
2444 5015 2610 5069 vobis.
2644 5014 2817 5085 Optat
2847 5014 2940 5068 his
2971 5015 3159 5070 verbis
3191 5016 3517 5087 Apostolus
3560 5019 3844 5090 gratiam

398 5104 650 5160 terrenis
681 5101 925 5174 protulit
950 5101 1422 5167 similitudinem,
1456 5103 1654 5157 dicens
1681 5121 1691 5157 :
1729 5106 1834 5157 Hoc
1863 5105 2043 5156 autem
2155 5103 2249 5157 Dei
2282 5102 2399 5157 illis
2426 5104 2649 5171 adesse,
2683 5110 2971 5174 quatenus
3002 5104 3155 5159 sicut
3183 5104 3382 5160 omnia
3425 5107 3573 5163 vitia
3631 5109 3851 5178 gratia

396 5191 553 5249 dico:
592 5193 699 5261 Qui
721 5207 887 5263 parte
915 5191 1173 5255 seminat,
1206 5196 1313 5245 etc.
1342 5209 1355 5257 ;
1389 5192 1553 5262 quasi
1576 5191 1851 5246 dixisset:
1882 5191 2043 5244 Sicut
2152 5192 2275 5261 ejus
2307 5192 2582 5258 vicerant,
2611 5192 2693 5247 sic
2724 5196 2780 5247 et
2811 5191 2870 5245 in
2903 5208 3073 5262 Opere
3104 5191 3522 5249 misericordia
3572 5198 3854 5268 perfecti

398 5280 498 5351 qui
531 5297 743 5353 parum
776 5278 1049 5347 seminat,
1083 5296 1290 5351 parum
1323 5285 1377 5334 et
1404 5280 1590 5347 metit,
1624 5280 1706 5334 sic
1737 5285 1791 5334 et
1844 5296 1967 5345 vos,
1989 5280 2039 5334 si
2150 5296 2215 5334 ac
2236 5280 2425 5335 devoti
2456 5280 2876 5349 invenirentur,
2910 5280 3094 5353 ipsius
3117 5280 3247 5335 fulti
3271 5283 3575 5353 praesidio.
3610 5286 3851 5361 Sequi-

467 5403 614 5479 (748)
639 5408 710 5479 _In
731 5403 901 5479 Vulg.
935 5404 1109 5479 verba
1140 5402 1281 5457 haec.
1304 5411 1495 5457 utnon
1526 5403 1770 5457 dicamus
1802 5419 1908 5473 vos,
1934 5420 2036 5475 pa-
2147 5404 2348 5458 Siraeh
2406 5420 2570 5475 xxxv,
2608 5404 2692 5475 11,
2741 5404 2993 5476 scriptus
3042 5402 3276 5479 legitur,
3309 5421 3426 5461 non
3470 5422 3580 5479 per
3639 5409 3845 5471 Salo-

396 5473 1309 5557 rentble‘sinsej‘unetaleguntur.“
1383 5543 1418 5557 μ
1622 5545 1644 5557 1
1853 5473 1951 5557 M‘
2149 5490 2402 5532 manem.
2556 5473 2564 5475 -
2678 5473 2685 5475 τ
2860 5473 2878 5476 -
3101 5473 3129 5479 ν
3260 5473 3270 5477 -
3470 5473 3492 5479 -
3840 5486 3845 5489 τ

466 5545 615 5623 (749)
644 5544 854 5604 Textus
884 5544 979 5603 hic
1005 5543 1063 5604 in
1092 5546 1240 5605 libro
1270 5543 1465 5616 Eecli.,
1495 5560 1597 5619 per
1613 5545 1816 5604 Jesum
1847 5544 2035 5605 ﬁlium
