4060 6164
278 344 391 410 468

822 341 1233 412 EXPOSI’I‘IO
1276 344 1356 411 IN
1401 342 1833 408 EPISTOLAS
1875 344 2137 406 PAULI.
2171 376 2250 391 —
2291 349 2370 408 IN
2414 346 2665 413 EPIST.
2712 346 2767 412 lI
2807 346 2911 412 AD
2955 347 3131 414 COR.

3560 348 3679 413 466

274 484 372 537 tur
391 494 405 534 :
424 479 491 535 In
508 479 762 538 omnibus
781 497 991 553 semper
1005 497 1220 538 omnem
1238 482 1630 553 sufﬁcientiam
1649 479 1922 545 habentes,
1953 479 2007 545 Α
2036 494 2169 533 rum
2196 479 2483 537 actionem
2510 500 2610 553 per
2630 500 2737 539 nos
2757 487 3033 555 operatur
3052 483 3167 540 Deo
3187 500 3201 552 ;
3235 482 3344 541 hoc
3372 483 3481 552 est,
3504 483 3678 540 nobis

279 572 388 625 etc.
414 570 777 640 Imprecatur
797 570 971 626 etiam
1002 570 1248 642 gratiam
1279 571 1376 626 Dei
1402 569 1539 639 illis,
1565 573 1628 623 ut
1649 569 1706 623 in
1730 568 1921 622 omni-

278 659 388 713 bus
419 659 719 714 abundent
750 660 956 727 bonis;
1008 660 1150 716 adeo
1190 665 1255 713 ut
1287 658 1433 713 nihil
1462 663 1669 729 egeant
1700 673 1921 725 eorum,

281 763 407 818 qua:
456 748 527 802 ad
577 749 790 803 animae
819 748 1069 804 attinent
1097 748 1392 803 salutem:
1445 750 1598 819 quod
1647 753 1784 801 tunc
1836 747 1920 815 ﬁt,

280 835 516 907 quando
560 834 827 891 homines
876 835 1103 908 eligunt
1150 836 1604 901 sufﬁcientiam;
1656 836 1763 890 hoc
1810 839 1919 902 est,

276 924 533 996 quando,
559 923 827 995 suppleta
857 943 987 992 sua,
1014 942 1374 997 suorumque
1404 924 1768 993 necessitate,
1793 940 1919 994 quae

274 1013 776 1084 superabundant,
800 1015 1152 1085 pauperibus
1185 1014 1475 1080 tribuunt,
1497 1018 1637 1069 sicut
1661 1016 1920 1083 scriptum

276 1106 356 1158 est
385 1120 404 1155 :
456 1102 715 1172 Dipersit,
747 1102 891 1157 dedit
934 1104 1271 1174 pauperibus
1318 1105 1488 1174 (Psal.
1538 1120 1651 1169 0x1,
1698 1104 1775 1172 9),
1809 1107 1915 1157 etc.

270 1192 617 1262 Magnopere
648 1190 867 1262 quippe
913 1191 1022 1246 hoc
1070 1191 1333 1261 exemplo
1382 1195 1653 1263 provocat
1699 1207 1795 1245 eos
1845 1191 1915 1245 ad

271 1296 422 1351 opus
454 1279 890 1336 misericordia.
928 1279 1032 1335 Ubi
1085 1280 1257 1335 etiam
1309 1280 1728 1335 attendendum
1761 1280 1915 1350 quod

268 1368 450 1423 dicit:
487 1370 770 1440 Dispersit,
796 1368 940 1425 dedit
964 1369 1318 1440 pauperibus,
1343 1373 1452 1423 etc.
1478 1369 1535 1423 Si
1566 1368 1719 1422 enim
1743 1369 1917 1437 justi-

265 1460 346 1512 tia
381 1457 537 1511 illius
564 1462 750 1512 manet
778 1459 838 1513 in
857 1465 1148 1527 aeternum,
1173 1457 1274 1529 qui
1308 1458 1662 1528 pauperibus
1690 1456 1913 1526 tribuit,

268 1545 457 1600 multo
490 1544 679 1617 magis
709 1547 860 1616 ejus,
895 1547 998 1618 qui
1028 1546 1234 1602 tribuit
1269 1546 1469 1617 justis.
1507 1546 1707 1616 Itaque
1738 1542 1918 1600 distat

264 1634 423 1689 inter
451 1651 739 1707 pauperes
770 1640 828 1690 et
854 1639 1088 1691 sanctos
1122 1654 1135 1691 :
1169 1652 1453 1707 pauperes
1484 1634 1724 1705 quidem
1755 1640 1912 1701 sunt,

266 1721 372 1794 qui
404 1722 633 1794 publice
664 1728 873 1795 egent;
925 1725 1113 1780 sancti
1142 1741 1297 1790 vero,
1330 1724 1426 1795 qui
1455 1722 1696 1793 jejuniis
1727 1722 1914 1778 omni-

2035 567 2475 625 exhortantibus
2497 577 2552 625 et
2576 573 2740 627 vobis
2760 571 3174 642 tribuentibus,
3198 571 3298 627 alii
3330 572 3672 643 incitantur,
3730 596 3731 599 η

2033 660 2098 711 ut
2129 659 2347 728 gratias
2378 659 2494 714 Deo
2524 662 2792 716 referant.

2101 748 2371 817 Sequitur
2406 764 2418 801 :
2452 748 2719 814 Quoniam
2751 752 3127 805 ministerium
3146 751 3309 822 hujus
3338 752 3530 822 ofﬁcii,
3562 756 3671 809 etc.

2033 835 2217 889 Ofﬁcii
2246 835 2638 891 ministerium
2671 838 2811 893 dicit
2840 838 3234 894 ministerium
3267 838 3531 896 videlicet
3558 842 3673 897 col-

2030 922 2286 978 lationis.
2311 925 2379 978 Et
2398 930 2488 979 est
2514 942 2761 981 sensus:
2796 927 3139 999 Quicunque
3161 928 3339 999 hujus
3360 928 3534 983 ofﬁcii
3558 929 3670 984 mi-

2029 1012 2339 1067 nisterium
2363 1012 2586 1083 implet,
2610 1031 2721 1068 non
2741 1014 2932 1070 solum
2955 1016 3027 1070 ob
3052 1016 3162 1071 hoc
3176 1017 3670 1083 remunerabitur,

2028 1101 2167 1172 quia
2188 1106 2522 1156 sanctorum
2546 1102 2811 1157 sublevat
2830 1104 3107 1174 inopiam,
3127 1106 3227 1160 sed
3244 1106 3419 1162 etiam
3443 1106 3514 1161 ob
3536 1106 3666 1174 hoc,

2028 1190 2165 1261 quia
2194 1190 2358 1259 alios,
2384 1191 2483 1261 qui
2518 1191 2737 1256 vident,
2772 1196 3063 1263 provocat,
3096 1199 3160 1249 ut
3189 1195 3407 1266 gratias
3434 1194 3550 1250 Deo
3580 1211 3671 1251 re-

2029 1280 2236 1334 ferant.
2256 1282 2455 1351 ltaque
2472 1281 2722 1335 duarum
2744 1281 3075 1335 mercedum
3099 1298 3341 1337 munere
3361 1283 3665 1340 ditahitur.

2027 1369 2303 1439 Sequitur
2336 1386 2348 1423 :
2392 1375 2500 1423 Per
2527 1371 2905 1440 probationem
2931 1371 3236 1425 ministerii
3263 1375 3453 1442 hujus.
3486 1373 3554 1427 Et
3582 1376 3670 1429 est

2027 1473 2238 1513 sensus
2260 1475 2271 1513 :
2294 1458 2409 1512 Hac
2422 1458 2761 1529 probatione
2776 1458 3143 1513 manifestabi
3154 1458 3228 1514 tis
3243 1475 3345 1514 vos
3364 1459 3669 1516 verissime

2025 1562 2154 1601 esse
2176 1539 2561 1613 Christianos,
2593 1546 2643 1601 si
2674 1546 2853 1617 hujus
2874 1545 3204 1617 ministerii,
3232 1547 3341 1601 hoc
3361 1551 3470 1612 est,
3492 1546 3667 1603 colla-

2024 1635 2199 1689 tionis
2247 1634 2583 1706 impletores
2634 1635 2880 1690 fueritis.
2914 1634 3233 1705 Sequitur:
3290 1635 3668 1705 Gtoriﬁcantes

2023 1724 2193 1777 Deum
2218 1725 2275 1778 in
2296 1723 2606 1779 obedientia
2626 1724 2979 1793 confessionis
3002 1726 3212 1780 vestrae.
3230 1726 3295 1778 Et
3314 1726 3404 1778 est
3420 1738 3630 1779 sensus
3650 1739 3665 1779 :

260 1811 381 1866 bus
403 1814 578 1882 atque
597 1811 814 1884 vigiliis
837 1812 1141 1880 insistunt,
1167 1819 1233 1867 ut
1250 1814 1417 1867 Anna
1436 1813 1617 1882 (750);
1652 1812 1739 1865 vel
1762 1816 1915 1867 certe
1947 1847 1994 1912 Β
2026 1812 2090 1866 In
2121 1812 2449 1867 obedientia
2480 1812 2865 1868 confessionis
2895 1816 3119 1880 vestrae,
3150 1812 3255 1868 hoc
3284 1815 3392 1879 est,
3426 1828 3529 1883 per
3554 1811 3667 1866 im-

266 1899 370 1970 qui
422 1917 532 1955 sua
577 1900 963 1966 distribuunt,
998 1907 1063 1956 ut
1110 1901 1379 1972 apostoli.
1413 1905 1560 1956 Sane
1610 1900 1915 1955 sciendum

271 1988 412 2058 quia
449 1989 686 2059 justitia
734 1990 950 2046 dicitur
997 1990 1161 2061 quasi
1205 1990 1360 2061 juris
1408 1994 1615 2045 status.
1650 1988 1748 2043 Ille
1780 2005 1916 2060 ergo

257 2077 563 2148 justitiam
585 2082 880 2149 operatur,
895 2081 995 2150 qui
1017 2078 1215 2134 omnia
1233 2078 1577 2151 temporalia
1595 2077 1915 2133 communi-

261 2169 351 2221 ter
370 2167 649 2222 omnibus
676 2184 710 2221 a
732 2173 842 2222 Deo
864 2169 1000 2222 data
1020 2167 1313 2239 intelligit.
1340 2167 1459 2237 Ille,
1485 2167 1747 2237 inquam,
1779 2166 1915 2220 imi-

259 2255 675 2325 tatorjustitiae
700 2255 801 2310 Dei
830 2255 1047 2322 existit,
1073 2255 1171 2327 qui
1198 2256 1269 2311 ad
1296 2255 1679 2309 imitationem
1703 2254 1908 2321 ipsius,

257 2342 364 2413 qui
398 2341 581 2398 solem
615 2360 790 2399 suum
823 2344 961 2399 oriri
994 2344 1133 2398 facit
1161 2360 1338 2415 super
1368 2344 1551 2399 bonos
1598 2348 1655 2397 et
1704 2342 1908 2410 malos,

255 2434 395 2498 etc.,
422 2446 574 2501 quae,
595 2431 762 2502 queis
785 2432 1248 2503 superabundat,
1264 2437 1385 2487 tam
1409 2431 1634 2498 amicis,
1654 2448 1831 2502 quam
1855 2437 1912 2486 et

254 2518 515 2576 inimicis
540 2520 941 2576 indifferenter
971 2520 1194 2576 tribuit.

328 2608 606 2679 Sequitur
628 2626 641 2664 :
677 2610 785 2677 Qui
804 2618 989 2665 autem
1009 2610 1365 2665 administrat
1388 2626 1573 2664 semen
1593 2611 1910 2679 seminanti,

263 2701 376 2752 etc.
413 2698 560 2753 Nota
589 2700 729 2769 quia
781 2698 878 2754 Dei
922 2704 1061 2754 sunt
1105 2698 1351 2766 semina,
1381 2703 1555 2770 atque
1588 2698 1907 2765 nascentia,

262 2786 545 2858 quoniam
567 2786 754 2858 ipsius
774 2792 917 2842 nutu
940 2793 997 2843 et
1018 2788 1405 2853 seminantur,
1420 2792 1477 2842 et
1497 2793 1818 2843 nascuntur
1838 2788 1909 2842 ad

258 2875 753 2931 sustentationem
811 2876 1140 2931 hominum.
1163 2877 1233 2931 Et
1263 2877 1370 2931 hoc
1418 2875 1743 2939 sciendum,
1774 2875 1911 2945 quia

261 2961 358 3018 his
390 2964 583 3019 verbis
614 2981 891 3036 magnam
936 2964 1405 3020 subministravit
1452 2963 1568 3019 illis
1616 2964 1909 3018 tribuendi

259 3052 683 3108 conﬁdentiam
711 3071 724 3120 ;
757 3071 823 3109 ac
854 3054 902 3108 si
934 3054 1216 3110 dixisset:
1250 3053 1304 3107 Si
1335 3053 1463 3122 ejus
1492 3056 1631 3107 sunt
1661 3054 1909 3115 semina,

257 3144 438 3212 atque
483 3142 803 3211 nascentia,
836 3159 1018 3214 quare
1065 3142 1215 3213 pigri
1268 3142 1409 3197 estis
1460 3158 1528 3195 ea
1575 3158 1701 3211 qua":
1750 3141 1907 3196 illius

254 3204 402 3285 sunt
432 3229 516 3285 illi
555 3204 868 3287 tribuere‘i
910 3204 1082 3294 Nam:
1207 3229 1552 3295 tribueritis,
1585 3204 1906 3285 debitorem
1940 3204 1981 3271 (ἶ

250 3318 426 3373 vobis
456 3334 590 3373 eum
624 3318 867 3373 iacietis.
900 3318 968 3372 Et
1006 3318 1145 3388 quia
1173 3318 1287 3372 duo
1318 3318 1560 3385 dixerat,
1595 3318 1710 3373 duo
1742 3334 1909 3388 repe-

254 3406 330 3461 tit
356 3423 369 3459 :
404 3407 482 3459 Et
512 3405 913 3477 multiplicabit
940 3422 1121 3461 semen
1152 3409 1411 3472 vestrum,
1435 3413 1542 3461 etc.
1571 3407 1639 3460 Et
1662 3412 1751 3461 est
1772 3423 1908 3461 sen-

252 3510 398 3549 sus:
421 3494 527 3557 Qui
549 3493 923 3549 administrat
944 3511 1163 3564 semen,
1181 3493 1595 3566 multiplicahit
1611 3500 1668 3548 et
1690 3495 1906 3565 ipsum,

253 3587 312 3638 et
344 3581 451 3652 qui
482 3583 783 3652 praestabit
813 3600 1046 3654 panem,
1078 3592 1132 3638 et
1168 3583 1389 3651 augebit
1420 3587 1757 3638 incrementa
1782 3586 1909 3653 fru-

253 3687 413 3740 gum.
450 3672 651 3742 Itaque
682 3671 1095 3744 nolite-segnes
1139 3688 1267 3727 esse
1315 3671 1625 3735 seminare,
1658 3672 1767 3727 hoc
1797 3677 1905 3737 est,

256 3759 621 3831 pauperibus
633 3761 1176 3833 erogare,quoniam
1196 3761 1243 3816 si
1263 3762 1441 3816 semel
1459 3760 1905 3832 seminaveritis,

256 3848 350 3904 his
369 3848 731 3904 metetis.Bis
747 3866 1001 3920 namque
1019 3855 1233 3905 metere
1251 3852 1495 3914 est,etin
1514 3850 1621 3904 hac
1640 3850 1907 3919 praesenti

256 3937 376 3993 vita
395 3936 815 4009 temporalium
839 3954 1033 3993 rerum
1057 3938 1500 4003 abundantiam,
1526 3937 1741 4007 quibus
1764 3954 1906 4007 pau-

257 4041 466 4097 perum
498 4025 758 4097 inopiam
789 4024 1186 4089 sublevemus,
1217 4030 1275 4079 et
1323 4024 1383 4078 in
1436 4025 1651 4091 futura,
1684 4029 1906 4079 aiternae

256 4114 747 4171 remunerationis
777 4114 1082 4185 praemium
1109 4114 1424 4185 suscipere.
1454 4113 1601 4167 Nota
1621 4113 1759 4183 quia
1786 4114 1907 4167 fru-

255 4218 357 4274 ges
398 4204 648 4274 justitiae
680 4204 992 4271 dicuntur;
1026 4207 1428 4259 verumtamen
1461 4204 1676 4275 fruges,
1711 4203 1908 4274 fruges

249 4293 498 4363 justitim
522 4293 704 4364 justis
735 4297 893 4363 sunt,
920 4292 1021 4364 qui
1053 4308 1151 4350 eas
1174 4293 1319 4348 bene
1345 4292 1689 4362 dispensant
1715 4310 1727 4358 ;
1760 4292 1911 4361 inju-

256 4382 362 4437 stis
392 4387 598 4438 autem
632 4383 833 4453 utique
863 4384 1061 4453 fruges
1092 4385 1233 4436 sunt
1259 4381 1583 4451 injustitiaa.

326 4470 655 4543 Sequitur:
711 4473 774 4528 Ut
819 4473 880 4526 in
924 4470 1178 4525 omnibus
1218 4470 1547 4541 locupletati,
1580 4473 1687 4524 etc.
1724 4469 1905 4524 Locu-

2028 1900 2339 1972 pletionem
2370 1905 2572 1963 VBStI‘ZB
2603 1901 3032 1972 promissionis,
3064 1900 3225 1955 eritis
3274 1899 3667 1973 gloriﬁcantes

2026 1994 2207 2044 Deum
2242 1992 2302 2044 in
2330 1991 2622 2059 Evangelia
2655 1990 2880 2045 Christi.
2920 1989 3194 2060 Sequitur
3225 2005 3238 2042 :
3287 1990 3353 2043 Et
3396 1990 3667 2059 simplici-

2026 2082 2135 2133 tate
2163 2080 2696 2134 communicationis.
2719 2077 3165 2149 Simplicitatem
3187 2076 3668 2135 communicatio-

2023 2165 2114 2221 nis
2146 2168 2288 2221 dicit
2320 2168 2535 2221 mentis
2567 2183 2797 2238 quoque
2842 2165 3273 2231 sinceritatem;
3306 2165 3415 2220 hoc
3461 2170 3569 2234 est,
3602 2169 3668 2221 ut

2023 2271 2136 2309 non
2185 2255 2343 2310 aliud
2398 2260 2714 2326 quaeratur,
2747 2272 2925 2326 quam
2957 2255 3111 2325 quod
3145 2254 3523 2325 quierendum
3554 2258 3662 2310 est.

2018 2347 2085 2397 In
2116 2344 2238 2399 illos
2264 2343 2423 2411 dicit,
2458 2344 2559 2414 qui
2590 2348 2755 2398 erant
2799 2342 3214 2414 Jerosolymis;
3262 2352 3319 2397 et
3363 2343 3425 2397 in
3475 2358 3662 2397 omnes

2019 2431 2178 2497 dicit,
2214 2433 2284 2487 de
2315 2431 2451 2499 illis,
2479 2433 2695 2502 quibus
2725 2432 2840 2503 ipsi
2870 2430 3223 2495 tribuebant,
3254 2429 3341 2486 vel
3375 2434 3529 2486 certe
3556 2430 3661 2502 qui

2017 2520 2313 2585 videbant,
2345 2526 2403 2576 et
2441 2521 2500 2575 in
2532 2520 2663 2576 aliis
2694 2520 2837 2576 locis
2867 2520 3234 2574 habitabant.

2091 2610 2368 2681 Sequitur
2401 2626 2413 2664 :
2462 2612 2533 2663 Et
2564 2612 2814 2680 ipsorum
2842 2609 3209 2664 obsecratione
3235 2623 3334 2678 pro
3364 2608 3536 2674 vobis,
3567 2607 3661 2663 de-

2016 2700 2384 2754 siderantium
2404 2716 2514 2755 vos.
2532 2699 2797 2754 Ostendit
2818 2699 2911 2754 his
2933 2697 3126 2753 verbis
3138 2696 3471 2769 Apostolus,
3487 2712 3666 2768 quan-

2019 2806 2197 2859 quam
2217 2787 2644 2858 latenter,quod
2666 2805 2779 2843 non
2800 2787 2990 2843 solum
3009 2790 3369 2855 sanctorum,
3386 2785 3668 2856 quierant

2019 2876 2421 2947 Jorosolymis,
2458 2877 2703 2945 meritis,
2736 2880 2794 2930 et
2835 2875 3106 2945 precibus
3145 2879 3260 2930 Deo
3291 2874 3665 2930 commenda-

2022 2971 2224 3018 rentur
2254 2964 2560 3033 Corinthii,
2593 2965 2694 3019 sed
2744 2963 2917 3017 etiam
2968 2967 3023 3017 et
3082 2961 3333 3017 aliorum
3373 2963 3667 3029 omnium,

2022 3053 2121 3122 qui
2154 3053 2518 3119 videbant,et
2561 3053 2686 3108 suis
2720 3051 3192 3115 necessitatibus,
3225 3067 3343 3105 non
3376 3049 3489 3106 sibi
3520 3054 3663 3105 tunc

2022 3142 2335 3212 cupiebant
2363 3158 2491 3197 esse
2518 3142 2811 3211 subjectos
2834 3156 3011 3195 causa
3040 3138 3251 3194 salutis
3278 3139 3575 3210 ipsorum;
3606 3142 3665 3194 et

2019 3230 2149 3284 ideo
2180 3229 2356 3285 dicit:
2388 3231 2494 3283 Pro
2524 3230 2691 3295 vobis,
2724 3228 3149 3284 desiderantium
3183 3242 3299 3282 vos.
3331 3225 3473 3289 Quis
3502 3225 3659 3281 enim

2019 3322 2352 3373 sanctorum
2369 3334 2480 3372 non
2498 3317 2788 3371 desideret
2802 3316 3056 3387 aliquem
3076 3314 3198 3370 suis
3213 3313 3662 3370 necessitatibus
3690 3318 3701 3329 '

2018 3423 2147 3461 esse
2179 3407 2510 3474 subjectum
2560 3422 2739 3459 causa
2786 3403 2996 3459 salutis
3043 3404 3221 3475 ejus?
3269 3404 3436 3475 Nam,
3470 3404 3520 3459 si
3568 3401 3665 3459 ille

2019 3496 2119 3566 qui
2149 3496 2375 3560 tribuit,
2409 3510 2541 3549 eum
2576 3494 2666 3548 cui
2698 3493 2925 3560 tribuit,
2959 3492 3097 3547 velit
3145 3493 3257 3548 sibi
3303 3507 3433 3548 esse
3465 3492 3664 3562 subje-

2019 3589 2198 3651 ctum,
2250 3584 2467 3638 amittit
2515 3584 2718 3653 utique
2770 3582 3119 3637 mercedem.
3177 3586 3244 3636 Et
3290 3582 3419 3637 ideo
3478 3581 3665 3637 sancti

2018 3690 2250 3743 semper
2281 3672 2529 3743 cupiunt
2572 3672 2840 3727 homines
2885 3672 3010 3726 suis
3057 3670 3508 3726 necessitatibus
3538 3685 3668 3725 esse

2018 3764 2334 3832 subjectos,
2372 3777 2443 3815 ne
2477 3762 2720 3832 perdant
2750 3760 3098 3815 mercedem.
3124 3764 3365 3831 Propter
3394 3758 3535 3830 quid
3567 3774 3666 3814 eos

2016 3850 2369 3917 desiderent,
2402 3850 2657 3903 ostendit
2685 3848 2992 3903 subdendo
3026 3866 3038 3903 :
3083 3850 3309 3918 Propter
3336 3849 3668 3902 eminentem

2015 3939 2256 4007 gratiam
2288 3937 2426 3998 Dei;
2470 3936 2578 3990 hoc
2617 3940 2724 4004 est,
2762 3940 2825 3989 ut
2881 3935 3069 4005 gratia
3102 3934 3200 3988 Dei
3230 3934 3557 3989 eminenter
3586 3933 3665 3988 sit

2017 4025 2076 4078 in
2122 4024 2283 4078 vobis
2310 4040 2322 4088 ;
2377 4023 2655 4092 quoniam
2688 4039 2803 4091 quo
2834 4022 2998 4076 eritis
3030 4020 3393 4088 humiliores,
3424 4036 3490 4074 eo
3519 4019 3666 4073 emi-

2018 4112 2335 4167 nentiores.
2368 4109 2549 4164 Aliter
2582 4126 2593 4162 :
2646 4112 2878 4181 Propter
2919 4110 3251 4163 eminentem
3278 4108 3541 4177 gratiam,
3573 4106 3664 4161 vi-

2017 4199 2247 4265 delicet,
2279 4198 2560 4265 scientiae,
2596 4201 2652 4252 et
2682 4196 3003 4263 charitatis,
3036 4200 3093 4251 et
3122 4194 3447 4262 similium;
3482 4197 3545 4249 ut
3590 4192 3670 4249 sit

2018 4304 2229 4345 sensus
2265 4304 2276 4343 :
2311 4287 2383 4342 Ut
2414 4288 2514 4358 qui
2538 4287 2664 4357 jam
2698 4286 2754 4340 in
2788 4284 2918 4342 aliis
2949 4284 3223 4341 omnibus
3253 4282 3586 4348 abundatis,
3611 4285 3670 4338 et

2004 4380 2077 4437 in
2110 4379 2217 4432 hac
2262 4377 2450 4448 gratia
2478 4374 2768 4446 largitatis
2798 4375 3129 4430 abundetis.

2088 4467 2407 4537 Sequitur:
2471 4464 2692 4519 Gratias
2744 4469 2853 4520 Deo
2903 4481 3067 4535 super
3112 4461 3482 4517 inenarrabili
3528 4460 3670 4516 dono

259 4557 444 4629 pletes
478 4575 691 4631 nempe
737 4560 795 4614 in
828 4559 1103 4617 omnibus
1134 4562 1293 4625 sunt,
1327 4559 1427 4630 qui
1459 4559 1761 4613 abundant
1789 4562 1910 4612 tam
1941 4570 1988 4633 D
2020 4558 2161 4627 ejus.
2196 4555 2528 4609 Notandum
2564 4553 2703 4625 quia
2744 4553 2803 4607 in
2835 4552 3158 4624 gratiarum
3193 4548 3419 4604 actione
3448 4561 3672 4602 sermo-

224 4647 710 4720 ,temporalibus,
745 4665 920 4718 quam
953 4647 1361 4720 spiritualibus
1393 4647 1579 4703 bonis.
1604 4649 1663 4701 In
1694 4664 1908 4702 omnem

259 4738 679 4809 simplicitatem
707 4737 888 4805 dicit;
946 4738 1085 4808 quia
1112 4737 1211 4808 qui
1245 4736 1532 4800 tribuunt,
1567 4735 1909 4805 simpliciter

264 4823 366 4880 hoc
396 4826 601 4897 ipsum
632 4842 801 4897 agere
830 4825 1044 4880 debent
1072 4844 1084 4892 ;
1119 4825 1225 4880 hoc
1256 4829 1365 4892 est,
1396 4841 1510 4879 non
1540 4840 1663 4889 eos,
1694 4823 1908 4893 quibus

262 4914 556 4977 tribuunt,
590 4914 702 4970 sibi
734 4913 878 4969 velle
928 4929 1057 4969 esse
1104 4914 1418 4984 subjectos,
1452 4928 1641 4983 neque
1672 4912 1909 4983 aliquod

264 5018 363 5074 per
378 5004 494 5060 hoc
510 5019 768 5074 quierere
785 5001 1165 5074 obsequium:
1182 5018 1318 5057 nam
1335 5000 1670 5073 quicunque
1687 5000 1911 5072 aliquid

266 5089 478 5147 horum
529 5092 795 5163 cupiunt,
845 5106 1035 5159 suam,
1082 5090 1346 5162 inquam,
1390 5088 1715 5144 mercedem
1766 5086 1908 5142 reci-

266 5178 434 5250 piunt
461 5199 476 5248 ;
512 5182 667 5236 unde
696 5179 1016 5235 Dominus:
1050 5179 1221 5235 Amen
1247 5178 1367 5234 dico
1398 5178 1565 5243 vobis,
1597 5178 1914 5243 receperunt

266 5269 574 5325 mercedem
602 5285 760 5324 suam
791 5267 997 5336 (Matth.
1031 5284 1107 5333 vr,
1139 5267 1215 5337 2).
1249 5267 1310 5322 1n
1342 5284 1408 5321 eo
1439 5282 1592 5331 vero,
1627 5264 1778 5335 quod
1812 5264 1912 5328 ait,

271 5371 394 5428 quae
423 5365 686 5427 operatur
708 5373 811 5428 per
837 5373 935 5412 nos
976 5357 1293 5429 gratiarum
1321 5357 1591 5410 actionem
1624 5355 1745 5421 Deo,
1780 5350 1915 5406 talis

274 5450 363 5503 est
393 5462 640 5503 sensus:
676 5445 1051 5517 Simplicitas,
1078 5443 1507 5500 administratio
1530 5442 1678 5515 (751)
1711 5440 1917 5513 gratia-

344 5553 500 5625 (750)
528 5559 608 5610 De
662 5570 782 5625 qua
837 5552 896 5607 in
952 5551 1260 5623 Evangelio
1320 5551 1482 5606 Lucae
1542 5569 1608 5618 ιι,
1668 5550 1765 5615 36,
1825 5548 1914 5600 37.

2022 4660 2153 4699 nem
2182 4644 2252 4698 de
2275 4660 2447 4714 opere
2471 4640 2882 4697 misericordia:
2903 4639 3199 4703 terminat,
3224 4651 3398 4707 quem
3427 4634 3603 4690 etiam
3638 4650 3672 4689 a

2018 4732 2297 4788 laudibus
2329 4731 2721 4785 inchoaverat.
2753 4728 2824 4782 Et
2861 4733 2950 4783 est
2997 4743 3207 4782 sensus
3239 4742 3251 4781 ε
3302 4723 3532 4780 Gratias
3561 4737 3669 4795 ago

2018 4827 2157 4888 Deo,
2175 4821 2275 4891 qui
2299 4837 2399 4874 vos
2418 4836 2524 4873 sua
2546 4816 2917 4872 miseratione
2940 4815 3333 4872 ineffabilibus
3352 4812 3478 4869 suis
3499 4811 3669 4867 donis

2019 4910 2244 4965 ditavit.
2284 4908 2340 4961 Si
2390 4923 2524 4961 vero
2576 4907 2646 4959 ad
2698 4905 3000 4976 superiora
3046 4904 3346 4970 referatur,
3396 4900 3531 4956 talis
3577 4900 3668 4954 est

2021 5012 2233 5052 sensus
2268 5012 2280 5049 :
2332 4992 2561 5049 Gratias
2592 4994 2829 5063 agentes
2863 4996 2995 5060 Deo,
3027 4990 3130 5062 qui
3159 4990 3323 5046 vobis
3354 4983 3666 5043 immeritis

2021 5081 2435 5139 inenarrabilia
2462 5098 2571 5137 sua
2611 5082 2763 5136 dona
2795 5080 3059 5135 contulit.

2094 5173 2253 5242 (CAP.
2308 5171 2404 5242 X.)
2460 5175 2579 5241 Ipse
2637 5173 2820 5224 autem
2874 5185 2971 5239 ego
3029 5167 3260 5234 Paulus,
3319 5166 3429 5217 etc.
3487 5159 3669 5214 Erant

2024 5262 2177 5317 enim
2216 5259 2478 5315 nonnulli
2528 5260 2678 5313 inter
2705 5257 3056 5323 Corinthios,
3091 5255 3191 5325 qui
3239 5267 3373 5306 eum
3422 5245 3667 5303 minoris

2025 5367 2152 5405 esse
2185 5348 2548 5404 auctoritatis
2580 5347 2888 5418 putabant,
2919 5350 2975 5400 et
3005 5345 3125 5399 haec
3155 5338 3412 5410 suspicio
3444 5339 3668 5409 poterat

2023 5440 2305 5509 impedire
2338 5438 2465 5508 ejus
2502 5435 2961 5491 exhortationem
2995 5429 3328 5502 praedictam
3379 5427 3451 5482 de
3496 5439 3665 5497 opere

2100 5546 2246 5615 (751)
2280 5546 2545 5600 Fortasse
2596 5541 2920 5611 simplicitas
2971 5534 3493 5604 administrationis,
3536 5548 3668 5603 gra-

2031 5618 2253 5687 tiarum,
2286 5620 2393 5673 etc.
