  <div class='ocr_page' id='page_1' title='image "/cluster/home/n/w/nwhite01/storage/ocr_20150623/134/hvd.32044023361702/239.png"; bbox 0 0 4034 6166; ppageno 0'>
   <div class='ocr_carea' id='block_1_1' title="bbox 314 322 430 385">
    <p class='ocr_par' dir='ltr' id='par_1_1' title="bbox 314 322 430 385">
     <span class='ocr_line' id='line_1_1' title="bbox 314 322 430 385; baseline 0.017 -2"><span class='ocrx_word' id='word_1_1' title='bbox 314 322 430 385; x_wconf 70' lang='grc'>467</span> 
     </span>
    </p>
   </div>
   <div class='ocr_carea' id='block_1_2' title="bbox 1340 315 2706 384">
    <p class='ocr_par' dir='ltr' id='par_1_2' title="bbox 1340 315 2706 384">
     <span class='ocr_line' id='line_1_2' title="bbox 1340 315 2706 384; baseline -0.004 0"><span class='ocrx_word' id='word_1_2' title='bbox 1340 320 1678 384; x_wconf 78' lang='lat' dir='ltr'>ATTONIS</span> <span class='ocrx_word' id='word_1_3' title='bbox 1723 315 2306 382; x_wconf 81' lang='lat' dir='ltr'>VERCELLENSIS</span> <span class='ocrx_word' id='word_1_4' title='bbox 2351 315 2706 380; x_wconf 86' lang='lat' dir='ltr'>EPISCOPI</span> 
     </span>
    </p>
   </div>
   <div class='ocr_carea' id='block_1_3' title="bbox 3611 311 3732 374">
    <p class='ocr_par' dir='ltr' id='par_1_3' title="bbox 3611 311 3732 374">
     <span class='ocr_line' id='line_1_3' title="bbox 3611 311 3732 374; baseline 0 0"><span class='ocrx_word' id='word_1_5' title='bbox 3611 311 3732 374; x_wconf 61' lang='lat'>4&#39;18</span> 
     </span>
    </p>
   </div>
   <div class='ocr_carea' id='block_1_4' title="bbox 322 447 3736 527">
    <p class='ocr_par' dir='ltr' id='par_1_4' title="bbox 322 447 3736 527">
     <span class='ocr_line' id='line_1_4' title="bbox 322 447 3736 527; baseline -0.004 -10"><span class='ocrx_word' id='word_1_6' title='bbox 322 458 754 517; x_wconf 66' lang='lat' dir='ltr'>misericordiae.</span> <span class='ocrx_word' id='word_1_7' title='bbox 781 458 914 515; x_wconf 88' lang='lat' dir='ltr'>Ideo</span> <span class='ocrx_word' id='word_1_8' title='bbox 939 457 1612 515; x_wconf 86' lang='lat' dir='ltr'>inseruitauctoritatem</span> <span class='ocrx_word' id='word_1_9' title='bbox 1631 453 1964 527; x_wconf 79' lang='lat' dir='ltr'>Apostolus,</span> <span class='ocrx_word' id='word_1_10' title='bbox 1995 453 2052 519; x_wconf 80' lang='grc' dir='ltr'><strong>Α</strong></span> <span class='ocrx_word' id='word_1_11' title='bbox 2077 453 2253 522; x_wconf 85' lang='lat' dir='ltr'>fuerit</span> <span class='ocrx_word' id='word_1_12' title='bbox 2301 459 2480 507; x_wconf 83' lang='lat' dir='ltr'>vestra</span> <span class='ocrx_word' id='word_1_13' title='bbox 2524 451 2862 507; x_wconf 85' lang='lat' dir='ltr'>obedientia.</span> <span class='ocrx_word' id='word_1_14' title='bbox 2895 449 3040 506; x_wconf 87' lang='lat' dir='ltr'>Nam</span> <span class='ocrx_word' id='word_1_15' title='bbox 3093 448 3424 506; x_wconf 86' lang='lat' dir='ltr'>obedientia</span> <span class='ocrx_word' id='word_1_16' title='bbox 3467 447 3736 505; x_wconf 86' lang='lat' dir='ltr'>ﬁdelium</span> 
     </span>
    </p>
   </div>
   <div class='ocr_carea' id='block_1_5' title="bbox 323 542 1976 620">
    <p class='ocr_par' dir='ltr' id='par_1_5' title="bbox 323 542 1976 620">
     <span class='ocr_line' id='line_1_5' title="bbox 323 542 1976 620; baseline -0.005 -15"><span class='ocrx_word' id='word_1_17' title='bbox 323 550 568 606; x_wconf 90' lang='lat' dir='ltr'>dicendo</span> <span class='ocrx_word' id='word_1_18' title='bbox 605 565 619 603; x_wconf 90' lang='lat'>:</span> <span class='ocrx_word' id='word_1_19' title='bbox 653 550 774 620; x_wconf 89' lang='lat' dir='ltr'>Ipse</span> <span class='ocrx_word' id='word_1_20' title='bbox 803 552 991 603; x_wconf 83' lang='lat' dir='ltr'>autem</span> <span class='ocrx_word' id='word_1_21' title='bbox 1020 565 1135 618; x_wconf 88' lang='lat' dir='ltr'>ego,</span> <span class='ocrx_word' id='word_1_22' title='bbox 1169 553 1315 614; x_wconf 89' lang='lat' dir='ltr'>etc.;</span> <span class='ocrx_word' id='word_1_23' title='bbox 1349 545 1519 616; x_wconf 85' lang='lat' dir='ltr'>quasi</span> <span class='ocrx_word' id='word_1_24' title='bbox 1550 543 1769 599; x_wconf 83' lang='lat' dir='ltr'>diceret</span> <span class='ocrx_word' id='word_1_25' title='bbox 1797 560 1808 597; x_wconf 93' lang='lat'>:</span> <span class='ocrx_word' id='word_1_26' title='bbox 1845 542 1976 612; x_wconf 88' lang='lat' dir='ltr'>Ipse</span> 
     </span>
    </p>
   </div>
   <div class='ocr_carea' id='block_1_6' title="bbox 323 635 1978 710">
    <p class='ocr_par' dir='ltr' id='par_1_6' title="bbox 323 635 1978 710">
     <span class='ocr_line' id='line_1_6' title="bbox 323 635 1978 710; baseline -0.006 -16"><span class='ocrx_word' id='word_1_27' title='bbox 323 655 429 710; x_wconf 86' lang='lat' dir='ltr'>ego</span> <span class='ocrx_word' id='word_1_28' title='bbox 479 641 660 709; x_wconf 88' lang='lat' dir='ltr'>pater,</span> <span class='ocrx_word' id='word_1_29' title='bbox 693 643 750 694; x_wconf 90' lang='lat' dir='ltr'>et</span> <span class='ocrx_word' id='word_1_30' title='bbox 799 639 1161 710; x_wconf 65' lang='lat' dir='ltr'>pradicator,</span> <span class='ocrx_word' id='word_1_31' title='bbox 1213 640 1269 690; x_wconf 91' lang='lat' dir='ltr'>et</span> <span class='ocrx_word' id='word_1_32' title='bbox 1316 637 1536 700; x_wconf 88' lang='lat' dir='ltr'>doctor,</span> <span class='ocrx_word' id='word_1_33' title='bbox 1569 635 1669 704; x_wconf 88' lang='lat' dir='ltr'>qui</span> <span class='ocrx_word' id='word_1_34' title='bbox 1721 648 1823 686; x_wconf 94' lang='lat' dir='ltr'>vos</span> <span class='ocrx_word' id='word_1_35' title='bbox 1875 647 1978 702; x_wconf 92' lang='lat' dir='ltr'>per</span> 
     </span>
    </p>
   </div>
   <div class='ocr_carea' id='block_1_7' title="bbox 323 721 1978 796">
    <p class='ocr_par' dir='ltr' id='par_1_7' title="bbox 323 721 1978 796">
     <span class='ocr_line' id='line_1_7' title="bbox 323 721 1978 796; baseline -0.006 -14"><span class='ocrx_word' id='word_1_36' title='bbox 323 731 514 782; x_wconf 86' lang='lat' dir='ltr'>totum</span> <span class='ocrx_word' id='word_1_37' title='bbox 550 731 768 782; x_wconf 82' lang='lat' dir='ltr'>textum</span> <span class='ocrx_word' id='word_1_38' title='bbox 817 727 986 782; x_wconf 88' lang='lat' dir='ltr'>istius</span> <span class='ocrx_word' id='word_1_39' title='bbox 1028 725 1295 796; x_wconf 65' lang='lat' dir='ltr'>Epistolas</span> <span class='ocrx_word' id='word_1_40' title='bbox 1329 724 1552 789; x_wconf 90' lang='lat' dir='ltr'>monui,</span> <span class='ocrx_word' id='word_1_41' title='bbox 1585 721 1763 776; x_wconf 89' lang='lat' dir='ltr'>veluti</span> <span class='ocrx_word' id='word_1_42' title='bbox 1813 724 1978 792; x_wconf 88' lang='lat' dir='ltr'>pater</span> 
     </span>
    </p>
   </div>
   <div class='ocr_carea' id='block_1_8' title="bbox 332 811 1977 887">
    <p class='ocr_par' dir='ltr' id='par_1_8' title="bbox 332 811 1977 887">
     <span class='ocr_line' id='line_1_8' title="bbox 332 811 1977 887; baseline -0.005 -17"><span class='ocrx_word' id='word_1_43' title='bbox 332 814 522 884; x_wconf 88' lang='lat' dir='ltr'>ﬁlios;</span> <span class='ocrx_word' id='word_1_44' title='bbox 574 817 711 882; x_wconf 86' lang='lat' dir='ltr'>sive,</span> <span class='ocrx_word' id='word_1_45' title='bbox 759 817 882 886; x_wconf 87' lang='lat' dir='ltr'>ipse</span> <span class='ocrx_word' id='word_1_46' title='bbox 913 832 1072 887; x_wconf 89' lang='lat' dir='ltr'>ergo,</span> <span class='ocrx_word' id='word_1_47' title='bbox 1104 814 1203 886; x_wconf 89' lang='lat' dir='ltr'>qui</span> <span class='ocrx_word' id='word_1_48' title='bbox 1235 831 1348 869; x_wconf 87' lang='lat' dir='ltr'>non</span> <span class='ocrx_word' id='word_1_49' title='bbox 1381 811 1527 868; x_wconf 89' lang='lat' dir='ltr'>alter</span> <span class='ocrx_word' id='word_1_50' title='bbox 1557 829 1688 866; x_wconf 91' lang='lat' dir='ltr'>sum</span> <span class='ocrx_word' id='word_1_51' title='bbox 1722 824 1977 881; x_wconf 69' lang='lat' dir='ltr'>praesens</span> 
     </span>
    </p>
   </div>
   <div class='ocr_carea' id='block_1_9' title="bbox 332 899 1980 976">
    <p class='ocr_par' dir='ltr' id='par_1_9' title="bbox 332 899 1980 976">
     <span class='ocr_line' id='line_1_9' title="bbox 332 899 1980 976; baseline -0.004 -18"><span class='ocrx_word' id='word_1_52' title='bbox 332 919 593 976; x_wconf 88' lang='lat' dir='ltr'>corpore,</span> <span class='ocrx_word' id='word_1_53' title='bbox 627 904 838 958; x_wconf 84' lang='lat' dir='ltr'>absens</span> <span class='ocrx_word' id='word_1_54' title='bbox 869 907 1066 957; x_wconf 90' lang='lat' dir='ltr'>autem</span> <span class='ocrx_word' id='word_1_55' title='bbox 1099 903 1156 956; x_wconf 93' lang='lat' dir='ltr'>in</span> <span class='ocrx_word' id='word_1_56' title='bbox 1189 900 1482 974; x_wconf 86' lang='lat' dir='ltr'>Epistola;</span> <span class='ocrx_word' id='word_1_57' title='bbox 1517 901 1656 966; x_wconf 90' lang='lat' dir='ltr'>sive,</span> <span class='ocrx_word' id='word_1_58' title='bbox 1694 899 1820 970; x_wconf 86' lang='lat' dir='ltr'>ipse</span> <span class='ocrx_word' id='word_1_59' title='bbox 1874 913 1980 969; x_wconf 87' lang='lat' dir='ltr'>ego</span> 
     </span>
    </p>
   </div>
   <div class='ocr_carea' id='block_1_10' title="bbox 329 990 1983 1064">
    <p class='ocr_par' dir='ltr' id='par_1_10' title="bbox 329 990 1983 1064">
     <span class='ocr_line' id='line_1_10' title="bbox 329 990 1983 1064; baseline -0.004 -17"><span class='ocrx_word' id='word_1_60' title='bbox 329 995 430 1064; x_wconf 90' lang='lat' dir='ltr'>qui</span> <span class='ocrx_word' id='word_1_61' title='bbox 473 996 533 1047; x_wconf 88' lang='lat' dir='ltr'>in</span> <span class='ocrx_word' id='word_1_62' title='bbox 575 993 720 1062; x_wconf 82' lang='lat' dir='ltr'>facie</span> <span class='ocrx_word' id='word_1_63' title='bbox 748 991 967 1062; x_wconf 82' lang='lat' dir='ltr'>quidem</span> <span class='ocrx_word' id='word_1_64' title='bbox 994 991 1231 1046; x_wconf 78' lang='lat' dir='ltr'>humilis</span> <span class='ocrx_word' id='word_1_65' title='bbox 1261 995 1405 1046; x_wconf 87' lang='lat' dir='ltr'>inter</span> <span class='ocrx_word' id='word_1_66' title='bbox 1434 1005 1546 1056; x_wconf 88' lang='lat' dir='ltr'>vos,</span> <span class='ocrx_word' id='word_1_67' title='bbox 1578 990 1773 1044; x_wconf 88' lang='lat' dir='ltr'>absens</span> <span class='ocrx_word' id='word_1_68' title='bbox 1802 994 1983 1040; x_wconf 87' lang='lat' dir='ltr'>autem</span> 
     </span>
    </p>
   </div>
   <div class='ocr_carea' id='block_1_11' title="bbox 332 1077 1983 1153">
    <p class='ocr_par' dir='ltr' id='par_1_11' title="bbox 332 1077 1983 1153">
     <span class='ocr_line' id='line_1_11' title="bbox 332 1077 1983 1153; baseline -0.005 -15"><span class='ocrx_word' id='word_1_69' title='bbox 332 1081 547 1153; x_wconf 77' lang='lat' dir='ltr'>conﬁdo</span> <span class='ocrx_word' id='word_1_70' title='bbox 577 1082 634 1134; x_wconf 89' lang='lat' dir='ltr'>in</span> <span class='ocrx_word' id='word_1_71' title='bbox 679 1081 865 1136; x_wconf 87' lang='lat' dir='ltr'>vobis.</span> <span class='ocrx_word' id='word_1_72' title='bbox 903 1082 1129 1137; x_wconf 83' lang='lat' dir='ltr'>Obsecro</span> <span class='ocrx_word' id='word_1_73' title='bbox 1159 1097 1269 1147; x_wconf 86' lang='lat' dir='ltr'>vos,</span> <span class='ocrx_word' id='word_1_74' title='bbox 1303 1085 1412 1136; x_wconf 90' lang='lat' dir='ltr'>etc.</span> <span class='ocrx_word' id='word_1_75' title='bbox 1445 1097 1457 1134; x_wconf 94' lang='lat'>:</span> <span class='ocrx_word' id='word_1_76' title='bbox 1493 1079 1664 1151; x_wconf 89' lang='lat' dir='ltr'>quasi</span> <span class='ocrx_word' id='word_1_77' title='bbox 1717 1077 1936 1132; x_wconf 83' lang='lat' dir='ltr'>diceret</span> <span class='ocrx_word' id='word_1_78' title='bbox 1970 1091 1983 1129; x_wconf 91' lang='lat'>:</span> 
     </span>
    </p>
   </div>
   <div class='ocr_carea' id='block_1_12' title="bbox 337 1165 1986 1225">
    <p class='ocr_par' dir='ltr' id='par_1_12' title="bbox 337 1165 1986 1225">
     <span class='ocr_line' id='line_1_12' title="bbox 337 1165 1986 1225; baseline -0.004 0"><span class='ocrx_word' id='word_1_79' title='bbox 337 1171 445 1225; x_wconf 91' lang='lat' dir='ltr'>Per</span> <span class='ocrx_word' id='word_1_80' title='bbox 473 1169 632 1224; x_wconf 90' lang='lat' dir='ltr'>illius</span> <span class='ocrx_word' id='word_1_81' title='bbox 664 1170 1143 1225; x_wconf 74' lang='lat' dir='ltr'>mansuetudinem</span> <span class='ocrx_word' id='word_1_82' title='bbox 1186 1175 1242 1225; x_wconf 90' lang='lat' dir='ltr'>et</span> <span class='ocrx_word' id='word_1_83' title='bbox 1291 1169 1642 1225; x_wconf 86' lang='lat' dir='ltr'>modestiam</span> <span class='ocrx_word' id='word_1_84' title='bbox 1675 1183 1776 1222; x_wconf 89' lang='lat' dir='ltr'>vos</span> <span class='ocrx_word' id='word_1_85' title='bbox 1821 1165 1986 1219; x_wconf 87' lang='lat' dir='ltr'>obse-</span> 
     </span>
    </p>
   </div>
   <div class='ocr_carea' id='block_1_13' title="bbox 339 1253 1988 1330">
    <p class='ocr_par' dir='ltr' id='par_1_13' title="bbox 339 1253 1988 1330">
     <span class='ocr_line' id='line_1_13' title="bbox 339 1253 1988 1330; baseline -0.005 -16"><span class='ocrx_word' id='word_1_86' title='bbox 339 1275 457 1325; x_wconf 90' lang='lat' dir='ltr'>cro,</span> <span class='ocrx_word' id='word_1_87' title='bbox 491 1259 611 1330; x_wconf 91' lang='lat' dir='ltr'>qui,</span> <span class='ocrx_word' id='word_1_88' title='bbox 638 1275 772 1314; x_wconf 91' lang='lat' dir='ltr'>cum</span> <span class='ocrx_word' id='word_1_89' title='bbox 807 1264 1004 1330; x_wconf 85' lang='lat' dir='ltr'>posset</span> <span class='ocrx_word' id='word_1_90' title='bbox 1036 1276 1174 1314; x_wconf 90' lang='lat' dir='ltr'>suos</span> <span class='ocrx_word' id='word_1_91' title='bbox 1207 1259 1410 1313; x_wconf 90' lang='lat' dir='ltr'>ulcisci</span> <span class='ocrx_word' id='word_1_92' title='bbox 1444 1256 1738 1321; x_wconf 89' lang='lat' dir='ltr'>inimicos,</span> <span class='ocrx_word' id='word_1_93' title='bbox 1765 1253 1988 1325; x_wconf 87' lang='lat' dir='ltr'>patien-</span> 
     </span>
    </p>
   </div>
   <div class='ocr_carea' id='block_1_14' title="bbox 339 1341 1987 1413">
    <p class='ocr_par' dir='ltr' id='par_1_14' title="bbox 339 1341 1987 1413">
     <span class='ocr_line' id='line_1_14' title="bbox 339 1341 1987 1413; baseline -0.005 -10"><span class='ocrx_word' id='word_1_94' title='bbox 339 1354 429 1404; x_wconf 90' lang='lat' dir='ltr'>ter</span> <span class='ocrx_word' id='word_1_95' title='bbox 477 1348 763 1404; x_wconf 83' lang='lat' dir='ltr'>toleravit.</span> <span class='ocrx_word' id='word_1_96' title='bbox 796 1349 906 1404; x_wconf 91' lang='lat' dir='ltr'>Sed</span> <span class='ocrx_word' id='word_1_97' title='bbox 961 1365 1092 1403; x_wconf 90' lang='lat' dir='ltr'>cum</span> <span class='ocrx_word' id='word_1_98' title='bbox 1144 1348 1304 1413; x_wconf 89' lang='lat' dir='ltr'>dicit,</span> <span class='ocrx_word' id='word_1_99' title='bbox 1339 1348 1577 1402; x_wconf 88' lang='lat' dir='ltr'>obsecro</span> <span class='ocrx_word' id='word_1_100' title='bbox 1627 1349 1685 1399; x_wconf 87' lang='lat' dir='ltr'>et</span> <span class='ocrx_word' id='word_1_101' title='bbox 1737 1341 1987 1406; x_wconf 79' lang='lat' dir='ltr'>confido,</span> 
     </span>
    </p>
   </div>
   <div class='ocr_carea' id='block_1_15' title="bbox 340 1429 1996 1508">
    <p class='ocr_par' dir='ltr' id='par_1_15' title="bbox 340 1429 1996 1508">
     <span class='ocr_line' id='line_1_15' title="bbox 340 1429 1996 1508; baseline -0.005 -18"><span class='ocrx_word' id='word_1_102' title='bbox 340 1437 574 1494; x_wconf 90' lang='lat' dir='ltr'>videtur</span> <span class='ocrx_word' id='word_1_103' title='bbox 602 1437 821 1508; x_wconf 87' lang='lat' dir='ltr'>alloqui</span> <span class='ocrx_word' id='word_1_104' title='bbox 844 1438 1048 1505; x_wconf 90' lang='lat' dir='ltr'>bonos,</span> <span class='ocrx_word' id='word_1_105' title='bbox 1075 1439 1174 1492; x_wconf 91' lang='lat' dir='ltr'>sed</span> <span class='ocrx_word' id='word_1_106' title='bbox 1201 1442 1398 1492; x_wconf 88' lang='lat' dir='ltr'>tamen</span> <span class='ocrx_word' id='word_1_107' title='bbox 1433 1439 1670 1507; x_wconf 88' lang='lat' dir='ltr'>propter</span> <span class='ocrx_word' id='word_1_108' title='bbox 1697 1430 1904 1486; x_wconf 89' lang='lat' dir='ltr'>malos.</span> <span class='ocrx_word' id='word_1_109' title='bbox 1929 1429 1996 1482; x_wconf 91' lang='lat' dir='ltr'>Et</span> 
     </span>
    </p>
   </div>
   <div class='ocr_carea' id='block_1_16' title="bbox 345 1524 1992 1596">
    <p class='ocr_par' dir='ltr' id='par_1_16' title="bbox 345 1524 1992 1596">
     <span class='ocr_line' id='line_1_16' title="bbox 345 1524 1992 1596; baseline -0.004 -16"><span class='ocrx_word' id='word_1_110' title='bbox 345 1525 486 1596; x_wconf 92' lang='lat' dir='ltr'>quid</span> <span class='ocrx_word' id='word_1_111' title='bbox 509 1526 846 1593; x_wconf 86' lang='lat' dir='ltr'>conﬁderet,</span> <span class='ocrx_word' id='word_1_112' title='bbox 872 1526 1228 1588; x_wconf 83' lang='lat' dir='ltr'>manifestat,</span> <span class='ocrx_word' id='word_1_113' title='bbox 1254 1524 1556 1580; x_wconf 89' lang='lat' dir='ltr'>subdendo</span> <span class='ocrx_word' id='word_1_114' title='bbox 1583 1539 1594 1577; x_wconf 94' lang='lat'>:</span> <span class='ocrx_word' id='word_1_115' title='bbox 1622 1525 1759 1593; x_wconf 85' lang='lat' dir='ltr'>Rogo</span> <span class='ocrx_word' id='word_1_116' title='bbox 1789 1524 1992 1584; x_wconf 88' lang='lat' dir='ltr'>autem,</span> 
     </span>
    </p>
   </div>
   <div class='ocr_carea' id='block_1_17' title="bbox 345 1610 1995 1684">
    <p class='ocr_par' dir='ltr' id='par_1_17' title="bbox 345 1610 1995 1684">
     <span class='ocr_line' id='line_1_17' title="bbox 345 1610 1995 1684; baseline -0.003 -16"><span class='ocrx_word' id='word_1_117' title='bbox 345 1631 416 1669; x_wconf 87' lang='lat' dir='ltr'>ne</span> <span class='ocrx_word' id='word_1_118' title='bbox 447 1629 694 1684; x_wconf 70' lang='lat' dir='ltr'>praesens</span> <span class='ocrx_word' id='word_1_119' title='bbox 725 1614 976 1670; x_wconf 82' lang='lat' dir='ltr'>audeam.</span> <span class='ocrx_word' id='word_1_120' title='bbox 1011 1615 1188 1668; x_wconf 86' lang='lat' dir='ltr'>Erant</span> <span class='ocrx_word' id='word_1_121' title='bbox 1218 1613 1374 1668; x_wconf 91' lang='lat' dir='ltr'>enim</span> <span class='ocrx_word' id='word_1_122' title='bbox 1406 1611 1676 1667; x_wconf 89' lang='lat' dir='ltr'>nonnulli</span> <span class='ocrx_word' id='word_1_123' title='bbox 1706 1611 1858 1665; x_wconf 85' lang='lat' dir='ltr'>inter</span> <span class='ocrx_word' id='word_1_124' title='bbox 1888 1610 1995 1663; x_wconf 89' lang='lat' dir='ltr'>Co-</span> 
     </span>
    </p>
   </div>
   <div class='ocr_carea' id='block_1_18' title="bbox 347 1701 2000 1774">
    <p class='ocr_par' dir='ltr' id='par_1_18' title="bbox 347 1701 2000 1774">
     <span class='ocr_line' id='line_1_18' title="bbox 347 1701 2000 1774; baseline -0.004 -18"><span class='ocrx_word' id='word_1_125' title='bbox 347 1702 620 1767; x_wconf 89' lang='lat' dir='ltr'>rinthios,</span> <span class='ocrx_word' id='word_1_126' title='bbox 664 1703 762 1774; x_wconf 87' lang='lat' dir='ltr'>qui</span> <span class='ocrx_word' id='word_1_127' title='bbox 813 1703 1003 1757; x_wconf 87' lang='lat' dir='ltr'>adhuc</span> <span class='ocrx_word' id='word_1_128' title='bbox 1057 1702 1364 1757; x_wconf 88' lang='lat' dir='ltr'>incorrecti</span> <span class='ocrx_word' id='word_1_129' title='bbox 1417 1701 1777 1766; x_wconf 87' lang='lat' dir='ltr'>manebant;</span> <span class='ocrx_word' id='word_1_130' title='bbox 1835 1702 2000 1753; x_wconf 89' lang='lat' dir='ltr'>erant</span> 
     </span>
    </p>
   </div>
   <div class='ocr_carea' id='block_1_19' title="bbox 2087 538 3740 609">
    <p class='ocr_par' dir='ltr' id='par_1_19' title="bbox 2087 538 3740 609">
     <span class='ocr_line' id='line_1_19' title="bbox 2087 538 3740 609; baseline -0.002 -14"><span class='ocrx_word' id='word_1_131' title='bbox 2087 540 2438 596; x_wconf 83' lang='lat' dir='ltr'>condemnat</span> <span class='ocrx_word' id='word_1_132' title='bbox 2467 540 2926 596; x_wconf 88' lang='lat' dir='ltr'>inobedientiam</span> <span class='ocrx_word' id='word_1_133' title='bbox 2959 557 3074 595; x_wconf 90' lang='lat' dir='ltr'>non</span> <span class='ocrx_word' id='word_1_134' title='bbox 3105 540 3472 595; x_wconf 84' lang='lat' dir='ltr'>credentium</span> <span class='ocrx_word' id='word_1_135' title='bbox 3508 556 3523 594; x_wconf 91' lang='lat'>:</span> <span class='ocrx_word' id='word_1_136' title='bbox 3581 538 3740 609; x_wconf 92' lang='lat' dir='ltr'>quod</span> 
     </span>
    </p>
   </div>
   <div class='ocr_carea' id='block_1_20' title="bbox 2086 625 3740 701">
    <p class='ocr_par' dir='ltr' id='par_1_20' title="bbox 2086 625 3740 701">
     <span class='ocr_line' id='line_1_20' title="bbox 2086 625 3740 701; baseline -0.001 -17"><span class='ocrx_word' id='word_1_137' title='bbox 2086 634 2229 684; x_wconf 85' lang='lat' dir='ltr'>tunc</span> <span class='ocrx_word' id='word_1_138' title='bbox 2247 630 2330 695; x_wconf 88' lang='lat' dir='ltr'>ﬁt,</span> <span class='ocrx_word' id='word_1_139' title='bbox 2346 631 2582 701; x_wconf 87' lang='lat' dir='ltr'>quando</span> <span class='ocrx_word' id='word_1_140' title='bbox 2604 629 2710 701; x_wconf 86' lang='lat' dir='ltr'>illi,</span> <span class='ocrx_word' id='word_1_141' title='bbox 2725 629 2826 701; x_wconf 90' lang='lat' dir='ltr'>qui</span> <span class='ocrx_word' id='word_1_142' title='bbox 2849 634 3014 685; x_wconf 89' lang='lat' dir='ltr'>erant</span> <span class='ocrx_word' id='word_1_143' title='bbox 3031 628 3420 685; x_wconf 82' lang='lat' dir='ltr'>afﬁrmatores</span> <span class='ocrx_word' id='word_1_144' title='bbox 3437 625 3740 694; x_wconf 84' lang='lat' dir='ltr'>falsitatis,</span> 
     </span>
    </p>
   </div>
   <div class='ocr_carea' id='block_1_21' title="bbox 2090 718 3204 789">
    <p class='ocr_par' dir='ltr' id='par_1_21' title="bbox 2090 718 3204 789">
     <span class='ocr_line' id='line_1_21' title="bbox 2090 718 3204 789; baseline -0.001 -17"><span class='ocrx_word' id='word_1_145' title='bbox 2090 719 2382 789; x_wconf 90' lang='lat' dir='ltr'>incipiunt</span> <span class='ocrx_word' id='word_1_146' title='bbox 2411 735 2538 774; x_wconf 87' lang='lat' dir='ltr'>esse</span> <span class='ocrx_word' id='word_1_147' title='bbox 2571 725 2891 776; x_wconf 84' lang='lat' dir='ltr'>assertores</span> <span class='ocrx_word' id='word_1_148' title='bbox 2919 718 3204 774; x_wconf 73' lang='lat' dir='ltr'>veritatis.</span> 
     </span>
    </p>
   </div>
   <div class='ocr_carea' id='block_1_22' title="bbox 2163 805 3742 877">
    <p class='ocr_par' dir='ltr' id='par_1_22' title="bbox 2163 805 3742 877">
     <span class='ocr_line' id='line_1_22' title="bbox 2163 805 3742 877; baseline -0.001 -16"><span class='ocrx_word' id='word_1_149' title='bbox 2163 808 2292 874; x_wconf 72' lang='lat' dir='ltr'>Quae</span> <span class='ocrx_word' id='word_1_150' title='bbox 2320 807 2618 862; x_wconf 88' lang='lat' dir='ltr'>secundum</span> <span class='ocrx_word' id='word_1_151' title='bbox 2646 810 2844 876; x_wconf 83' lang='lat' dir='ltr'>faciem</span> <span class='ocrx_word' id='word_1_152' title='bbox 2871 810 3018 870; x_wconf 82' lang='lat' dir='ltr'>sunt.</span> <span class='ocrx_word' id='word_1_153' title='bbox 3049 806 3261 868; x_wconf 85' lang='lat' dir='ltr'>videte;</span> <span class='ocrx_word' id='word_1_154' title='bbox 3295 806 3350 861; x_wconf 90' lang='lat' dir='ltr'>id</span> <span class='ocrx_word' id='word_1_155' title='bbox 3382 810 3494 871; x_wconf 89' lang='lat' dir='ltr'>est,</span> <span class='ocrx_word' id='word_1_156' title='bbox 3519 821 3651 877; x_wconf 76' lang='lat' dir='ltr'>quae</span> <span class='ocrx_word' id='word_1_157' title='bbox 3683 805 3742 860; x_wconf 92' lang='lat' dir='ltr'>in</span> 
     </span>
    </p>
   </div>
   <div class='ocr_carea' id='block_1_23' title="bbox 2094 895 3747 967">
    <p class='ocr_par' dir='ltr' id='par_1_23' title="bbox 2094 895 3747 967">
     <span class='ocr_line' id='line_1_23' title="bbox 2094 895 3747 967; baseline -0.001 -17"><span class='ocrx_word' id='word_1_158' title='bbox 2094 902 2292 967; x_wconf 89' lang='lat' dir='ltr'>aperto</span> <span class='ocrx_word' id='word_1_159' title='bbox 2341 901 2394 950; x_wconf 90' lang='lat' dir='ltr'>et</span> <span class='ocrx_word' id='word_1_160' title='bbox 2445 896 2756 952; x_wconf 85' lang='lat' dir='ltr'>manifesto</span> <span class='ocrx_word' id='word_1_161' title='bbox 2805 901 2967 960; x_wconf 90' lang='lat' dir='ltr'>sunt,</span> <span class='ocrx_word' id='word_1_162' title='bbox 3017 895 3460 950; x_wconf 88' lang='lat' dir='ltr'>animadverite.</span> <span class='ocrx_word' id='word_1_163' title='bbox 3496 895 3566 949; x_wconf 91' lang='lat' dir='ltr'>Et</span> <span class='ocrx_word' id='word_1_164' title='bbox 3619 910 3747 965; x_wconf 63' lang='lat' dir='ltr'>quae</span> 
     </span>
    </p>
   </div>
   <div class='ocr_carea' id='block_1_24' title="bbox 2095 984 3751 1056">
    <p class='ocr_par' dir='ltr' id='par_1_24' title="bbox 2095 984 3751 1056">
     <span class='ocr_line' id='line_1_24' title="bbox 2095 984 3751 1056; baseline -0.001 -17"><span class='ocrx_word' id='word_1_165' title='bbox 2095 985 2216 1039; x_wconf 89' lang='lat' dir='ltr'>sint</span> <span class='ocrx_word' id='word_1_166' title='bbox 2244 984 2348 1040; x_wconf 91' lang='lat' dir='ltr'>illa</span> <span class='ocrx_word' id='word_1_167' title='bbox 2377 985 2579 1040; x_wconf 90' lang='lat' dir='ltr'>subdit</span> <span class='ocrx_word' id='word_1_168' title='bbox 2604 1003 2616 1039; x_wconf 91' lang='lat'><strong>:</strong></span> <span class='ocrx_word' id='word_1_169' title='bbox 2652 986 2713 1040; x_wconf 91' lang='lat' dir='ltr'>Si</span> <span class='ocrx_word' id='word_1_170' title='bbox 2740 988 2863 1056; x_wconf 89' lang='lat' dir='ltr'>quis</span> <span class='ocrx_word' id='word_1_171' title='bbox 2891 985 3116 1055; x_wconf 84' lang='lat' dir='ltr'>conﬁdit</span> <span class='ocrx_word' id='word_1_172' title='bbox 3151 984 3353 1039; x_wconf 78' lang='lat' dir='ltr'>Christi</span> <span class='ocrx_word' id='word_1_173' title='bbox 3380 999 3437 1038; x_wconf 88' lang='lat' dir='ltr'>se</span> <span class='ocrx_word' id='word_1_174' title='bbox 3466 999 3604 1048; x_wconf 85' lang='lat' dir='ltr'>esse,</span> <span class='ocrx_word' id='word_1_175' title='bbox 3636 987 3751 1038; x_wconf 90' lang='lat' dir='ltr'>etc.</span> 
     </span>
    </p>
   </div>
   <div class='ocr_carea' id='block_1_25' title="bbox 2099 1071 3752 1144">
    <p class='ocr_par' dir='ltr' id='par_1_25' title="bbox 2099 1071 3752 1144">
     <span class='ocr_line' id='line_1_25' title="bbox 2099 1071 3752 1144; baseline -0.001 -16"><span class='ocrx_word' id='word_1_176' title='bbox 2099 1074 2274 1128; x_wconf 88' lang='lat' dir='ltr'>Erant</span> <span class='ocrx_word' id='word_1_177' title='bbox 2301 1074 2458 1129; x_wconf 91' lang='lat' dir='ltr'>enim</span> <span class='ocrx_word' id='word_1_178' title='bbox 2493 1074 2759 1129; x_wconf 90' lang='lat' dir='ltr'>nonnulli</span> <span class='ocrx_word' id='word_1_179' title='bbox 2790 1076 2944 1130; x_wconf 89' lang='lat' dir='ltr'>inter</span> <span class='ocrx_word' id='word_1_180' title='bbox 2962 1073 3311 1135; x_wconf 83' lang='lat' dir='ltr'>Corinthios,</span> <span class='ocrx_word' id='word_1_181' title='bbox 3335 1073 3432 1144; x_wconf 92' lang='lat' dir='ltr'>qui</span> <span class='ocrx_word' id='word_1_182' title='bbox 3468 1071 3752 1127; x_wconf 85' lang='lat' dir='ltr'>dicebant</span> 
     </span>
    </p>
   </div>
   <div class='ocr_carea' id='block_1_26' title="bbox 2099 1161 3756 1234">
    <p class='ocr_par' dir='ltr' id='par_1_26' title="bbox 2099 1161 3756 1234">
     <span class='ocr_line' id='line_1_26' title="bbox 2099 1161 3756 1234; baseline 0 -18"><span class='ocrx_word' id='word_1_183' title='bbox 2099 1179 2161 1216; x_wconf 89' lang='lat' dir='ltr'>se</span> <span class='ocrx_word' id='word_1_184' title='bbox 2177 1162 2388 1218; x_wconf 87' lang='lat' dir='ltr'>Christi</span> <span class='ocrx_word' id='word_1_185' title='bbox 2410 1178 2558 1234; x_wconf 90' lang='lat' dir='ltr'>esse,</span> <span class='ocrx_word' id='word_1_186' title='bbox 2575 1164 2631 1217; x_wconf 91' lang='lat' dir='ltr'>id</span> <span class='ocrx_word' id='word_1_187' title='bbox 2655 1169 2764 1230; x_wconf 91' lang='lat' dir='ltr'>est,</span> <span class='ocrx_word' id='word_1_188' title='bbox 2780 1161 3580 1234; x_wconf 83' lang='lat' dir='ltr'>pseudoapostoli,adversus</span> <span class='ocrx_word' id='word_1_189' title='bbox 3601 1177 3756 1232; x_wconf 89' lang='lat' dir='ltr'>quos</span> 
     </span>
    </p>
   </div>
   <div class='ocr_carea' id='block_1_27' title="bbox 2101 1250 3756 1324">
    <p class='ocr_par' dir='ltr' id='par_1_27' title="bbox 2101 1250 3756 1324">
     <span class='ocr_line' id='line_1_27' title="bbox 2101 1250 3756 1324; baseline -0.001 -18"><span class='ocrx_word' id='word_1_190' title='bbox 2101 1252 2364 1323; x_wconf 88' lang='lat' dir='ltr'>loquitur</span> <span class='ocrx_word' id='word_1_191' title='bbox 2389 1251 2723 1324; x_wconf 89' lang='lat' dir='ltr'>Apostolus,</span> <span class='ocrx_word' id='word_1_192' title='bbox 2758 1252 3002 1307; x_wconf 90' lang='lat' dir='ltr'>dicendo</span> <span class='ocrx_word' id='word_1_193' title='bbox 3033 1267 3046 1305; x_wconf 90' lang='lat'>:</span> <span class='ocrx_word' id='word_1_194' title='bbox 3077 1251 3144 1306; x_wconf 87' lang='lat' dir='ltr'>Si</span> <span class='ocrx_word' id='word_1_195' title='bbox 3171 1251 3294 1322; x_wconf 83' lang='lat' dir='ltr'>quis</span> <span class='ocrx_word' id='word_1_196' title='bbox 3321 1250 3573 1320; x_wconf 84' lang='lat' dir='ltr'>conﬁdit,</span> <span class='ocrx_word' id='word_1_197' title='bbox 3605 1255 3756 1317; x_wconf 89' lang='lat' dir='ltr'>etc.;</span> 
     </span>
    </p>
   </div>
   <div class='ocr_carea' id='block_1_28' title="bbox 2103 1338 3759 1413">
    <p class='ocr_par' dir='ltr' id='par_1_28' title="bbox 2103 1338 3759 1413">
     <span class='ocr_line' id='line_1_28' title="bbox 2103 1338 3759 1413; baseline -0.002 -17"><span class='ocrx_word' id='word_1_198' title='bbox 2103 1340 2271 1413; x_wconf 90' lang='lat' dir='ltr'>quasi</span> <span class='ocrx_word' id='word_1_199' title='bbox 2290 1341 2535 1396; x_wconf 86' lang='lat' dir='ltr'>diceret:</span> <span class='ocrx_word' id='word_1_200' title='bbox 2555 1341 2613 1395; x_wconf 93' lang='lat' dir='ltr'>Si</span> <span class='ocrx_word' id='word_1_201' title='bbox 2631 1340 2844 1396; x_wconf 80' lang='lat' dir='ltr'>Christi</span> <span class='ocrx_word' id='word_1_202' title='bbox 2865 1357 2967 1397; x_wconf 91' lang='lat' dir='ltr'>vos</span> <span class='ocrx_word' id='word_1_203' title='bbox 2983 1356 3111 1396; x_wconf 86' lang='lat' dir='ltr'>esse</span> <span class='ocrx_word' id='word_1_204' title='bbox 3128 1340 3342 1409; x_wconf 89' lang='lat' dir='ltr'>dicitis,</span> <span class='ocrx_word' id='word_1_205' title='bbox 3357 1344 3415 1394; x_wconf 90' lang='lat' dir='ltr'>et</span> <span class='ocrx_word' id='word_1_206' title='bbox 3434 1355 3544 1394; x_wconf 91' lang='lat' dir='ltr'>nos</span> <span class='ocrx_word' id='word_1_207' title='bbox 3565 1338 3759 1411; x_wconf 88' lang='lat' dir='ltr'>ipsius</span> 
     </span>
    </p>
   </div>
   <div class='ocr_carea' id='block_1_29' title="bbox 2106 1429 3760 1500">
    <p class='ocr_par' dir='ltr' id='par_1_29' title="bbox 2106 1429 3760 1500">
     <span class='ocr_line' id='line_1_29' title="bbox 2106 1429 3760 1500; baseline -0.002 -14"><span class='ocrx_word' id='word_1_208' title='bbox 2106 1447 2334 1486; x_wconf 90' lang='lat' dir='ltr'>sumus.</span> <span class='ocrx_word' id='word_1_209' title='bbox 2369 1431 2479 1485; x_wconf 89' lang='lat' dir='ltr'>Sed</span> <span class='ocrx_word' id='word_1_210' title='bbox 2513 1429 2766 1485; x_wconf 90' lang='lat' dir='ltr'>multum</span> <span class='ocrx_word' id='word_1_211' title='bbox 2799 1447 2862 1486; x_wconf 90' lang='lat' dir='ltr'>se</span> <span class='ocrx_word' id='word_1_212' title='bbox 2893 1429 3187 1494; x_wconf 88' lang='lat' dir='ltr'>bumiliat,</span> <span class='ocrx_word' id='word_1_213' title='bbox 3220 1429 3498 1500; x_wconf 92' lang='lat' dir='ltr'>quoniam</span> <span class='ocrx_word' id='word_1_214' title='bbox 3529 1445 3649 1482; x_wconf 89' lang='lat' dir='ltr'>non</span> <span class='ocrx_word' id='word_1_215' title='bbox 3696 1443 3760 1483; x_wconf 86' lang='lat' dir='ltr'>se</span> 
     </span>
    </p>
   </div>
   <div class='ocr_carea' id='block_1_30' title="bbox 2107 1516 3760 1591">
    <p class='ocr_par' dir='ltr' id='par_1_30' title="bbox 2107 1516 3760 1591">
     <span class='ocr_line' id='line_1_30' title="bbox 2107 1516 3760 1591; baseline -0.002 -18"><span class='ocrx_word' id='word_1_216' title='bbox 2107 1518 2354 1591; x_wconf 70' lang='lat' dir='ltr'>praefert.</span> <span class='ocrx_word' id='word_1_217' title='bbox 2383 1520 2622 1582; x_wconf 76' lang='lat' dir='ltr'>Quantae</span> <span class='ocrx_word' id='word_1_218' title='bbox 2643 1518 2800 1574; x_wconf 91' lang='lat' dir='ltr'>enim</span> <span class='ocrx_word' id='word_1_219' title='bbox 2823 1519 3175 1574; x_wconf 81' lang='lat' dir='ltr'>temeritatis</span> <span class='ocrx_word' id='word_1_220' title='bbox 3197 1523 3287 1573; x_wconf 88' lang='lat' dir='ltr'>est</span> <span class='ocrx_word' id='word_1_221' title='bbox 3306 1516 3405 1571; x_wconf 90' lang='lat' dir='ltr'>ille</span> <span class='ocrx_word' id='word_1_222' title='bbox 3429 1517 3632 1583; x_wconf 87' lang='lat' dir='ltr'>homo,</span> <span class='ocrx_word' id='word_1_223' title='bbox 3658 1516 3760 1587; x_wconf 89' lang='lat' dir='ltr'>qui</span> 
     </span>
    </p>
   </div>
   <div class='ocr_carea' id='block_1_31' title="bbox 2107 1605 3760 1678">
    <p class='ocr_par' dir='ltr' id='par_1_31' title="bbox 2107 1605 3760 1678">
     <span class='ocr_line' id='line_1_31' title="bbox 2107 1605 3760 1678; baseline -0.002 -16"><span class='ocrx_word' id='word_1_224' title='bbox 2107 1607 2231 1662; x_wconf 89' lang='lat' dir='ltr'>vult</span> <span class='ocrx_word' id='word_1_225' title='bbox 2255 1624 2316 1662; x_wconf 90' lang='lat' dir='ltr'>se</span> <span class='ocrx_word' id='word_1_226' title='bbox 2339 1606 2616 1678; x_wconf 85' lang='lat' dir='ltr'>Apostolo</span> <span class='ocrx_word' id='word_1_227' title='bbox 2638 1607 2980 1678; x_wconf 68' lang='lat' dir='ltr'>coaequare?</span> <span class='ocrx_word' id='word_1_228' title='bbox 3011 1607 3080 1661; x_wconf 86' lang='lat' dir='ltr'>Et</span> <span class='ocrx_word' id='word_1_229' title='bbox 3099 1607 3148 1662; x_wconf 89' lang='lat' dir='ltr'>si</span> <span class='ocrx_word' id='word_1_230' title='bbox 3179 1605 3295 1673; x_wconf 90' lang='lat' dir='ltr'>ille,</span> <span class='ocrx_word' id='word_1_231' title='bbox 3320 1605 3507 1661; x_wconf 89' lang='lat' dir='ltr'>multo</span> <span class='ocrx_word' id='word_1_232' title='bbox 3529 1620 3760 1676; x_wconf 67' lang='lat' dir='ltr'>magna</span> 
     </span>
    </p>
   </div>
   <div class='ocr_carea' id='block_1_32' title="bbox 2109 1694 3763 1767">
    <p class='ocr_par' dir='ltr' id='par_1_32' title="bbox 2109 1694 3763 1767">
     <span class='ocr_line' id='line_1_32' title="bbox 2109 1694 3763 1767; baseline -0.001 -16"><span class='ocrx_word' id='word_1_233' title='bbox 2109 1696 2479 1764; x_wconf 83' lang='lat' dir='ltr'>temeritatis,</span> <span class='ocrx_word' id='word_1_234' title='bbox 2512 1696 2613 1767; x_wconf 93' lang='lat' dir='ltr'>qui</span> <span class='ocrx_word' id='word_1_235' title='bbox 2645 1713 2708 1751; x_wconf 90' lang='lat' dir='ltr'>se</span> <span class='ocrx_word' id='word_1_236' title='bbox 2737 1697 2913 1752; x_wconf 88' lang='lat' dir='ltr'>etiam</span> <span class='ocrx_word' id='word_1_237' title='bbox 2943 1695 3065 1752; x_wconf 88' lang='lat' dir='ltr'>vult</span> <span class='ocrx_word' id='word_1_238' title='bbox 3095 1696 3385 1767; x_wconf 73' lang='lat' dir='ltr'>praeferre.</span> <span class='ocrx_word' id='word_1_239' title='bbox 3419 1694 3532 1750; x_wconf 87' lang='lat' dir='ltr'>Sed</span> <span class='ocrx_word' id='word_1_240' title='bbox 3565 1694 3668 1765; x_wconf 87' lang='lat' dir='ltr'>qui</span> <span class='ocrx_word' id='word_1_241' title='bbox 3703 1710 3763 1749; x_wconf 89' lang='lat' dir='ltr'>se</span> 
     </span>
    </p>
   </div>
   <div class='ocr_carea' id='block_1_33' title="bbox 348 1783 3764 1886">
    <p class='ocr_par' dir='ltr' id='par_1_33' title="bbox 348 1783 3764 1886">
     <span class='ocr_line' id='line_1_33' title="bbox 348 1783 3764 1886; baseline -0.001 -42"><span class='ocrx_word' id='word_1_242' title='bbox 348 1789 522 1844; x_wconf 88' lang='lat' dir='ltr'>etiam</span> <span class='ocrx_word' id='word_1_243' title='bbox 555 1794 611 1845; x_wconf 90' lang='lat' dir='ltr'>et</span> <span class='ocrx_word' id='word_1_244' title='bbox 640 1789 1134 1861; x_wconf 89' lang='lat' dir='ltr'>pseudoapostoli,</span> <span class='ocrx_word' id='word_1_245' title='bbox 1160 1807 1193 1844; x_wconf 90' lang='lat' dir='ltr'>a</span> <span class='ocrx_word' id='word_1_246' title='bbox 1224 1789 1441 1860; x_wconf 91' lang='lat' dir='ltr'>quibus</span> <span class='ocrx_word' id='word_1_247' title='bbox 1471 1790 1702 1844; x_wconf 82' lang='lat' dir='ltr'>fuerant</span> <span class='ocrx_word' id='word_1_248' title='bbox 1729 1787 1952 1858; x_wconf 85' lang='lat' dir='ltr'>decepti</span> <span class='ocrx_word' id='word_1_249' title='bbox 1978 1801 1994 1852; x_wconf 89' lang='lat'><strong><em>;</em></strong></span> <span class='ocrx_word' id='word_1_250' title='bbox 2026 1822 2075 1886; x_wconf 83' lang='lat' dir='ltr'><strong>B</strong></span> <span class='ocrx_word' id='word_1_251' title='bbox 2111 1786 2206 1840; x_wconf 92' lang='lat' dir='ltr'>hic</span> <span class='ocrx_word' id='word_1_252' title='bbox 2236 1785 2530 1855; x_wconf 90' lang='lat' dir='ltr'>humiliat,</span> <span class='ocrx_word' id='word_1_253' title='bbox 2555 1786 2960 1840; x_wconf 87' lang='lat' dir='ltr'>auctoritatem</span> <span class='ocrx_word' id='word_1_254' title='bbox 2991 1801 3122 1840; x_wconf 85' lang='lat' dir='ltr'>mox</span> <span class='ocrx_word' id='word_1_255' title='bbox 3153 1784 3464 1856; x_wconf 87' lang='lat' dir='ltr'>subjungit</span> <span class='ocrx_word' id='word_1_256' title='bbox 3493 1783 3586 1838; x_wconf 93' lang='lat' dir='ltr'>sui</span> <span class='ocrx_word' id='word_1_257' title='bbox 3611 1785 3764 1854; x_wconf 79' lang='lat' dir='ltr'>Apo-</span> 
     </span>
    </p>
   </div>
   <div class='ocr_carea' id='block_1_34' title="bbox 348 1877 1990 1949">
    <p class='ocr_par' dir='ltr' id='par_1_34' title="bbox 348 1877 1990 1949">
     <span class='ocr_line' id='line_1_34' title="bbox 348 1877 1990 1949; baseline -0.001 -18"><span class='ocrx_word' id='word_1_258' title='bbox 348 1881 407 1932; x_wconf 91' lang='lat' dir='ltr'>et</span> <span class='ocrx_word' id='word_1_259' title='bbox 433 1877 561 1933; x_wconf 84' lang='lat' dir='ltr'>ideo</span> <span class='ocrx_word' id='word_1_260' title='bbox 590 1877 785 1933; x_wconf 87' lang='lat' dir='ltr'>taliter</span> <span class='ocrx_word' id='word_1_261' title='bbox 812 1877 1094 1949; x_wconf 87' lang='lat' dir='ltr'>loquitur,</span> <span class='ocrx_word' id='word_1_262' title='bbox 1129 1878 1297 1948; x_wconf 89' lang='lat' dir='ltr'>quasi</span> <span class='ocrx_word' id='word_1_263' title='bbox 1341 1878 1558 1933; x_wconf 90' lang='lat' dir='ltr'>diceret</span> <span class='ocrx_word' id='word_1_264' title='bbox 1591 1896 1603 1933; x_wconf 90' lang='lat'>:</span> <span class='ocrx_word' id='word_1_265' title='bbox 1656 1878 1812 1948; x_wconf 83' lang='lat' dir='ltr'>Rogo</span> <span class='ocrx_word' id='word_1_266' title='bbox 1867 1892 1990 1942; x_wconf 90' lang='lat' dir='ltr'>vos,</span> 
     </span>
    </p>
   </div>
   <div class='ocr_carea' id='block_1_35' title="bbox 349 1965 1994 2038">
    <p class='ocr_par' dir='ltr' id='par_1_35' title="bbox 349 1965 1994 2038">
     <span class='ocr_line' id='line_1_35' title="bbox 349 1965 1994 2038; baseline -0.001 -18"><span class='ocrx_word' id='word_1_267' title='bbox 349 1969 416 2020; x_wconf 91' lang='lat' dir='ltr'>ut</span> <span class='ocrx_word' id='word_1_268' title='bbox 444 1965 526 2020; x_wconf 89' lang='lat' dir='ltr'>ita</span> <span class='ocrx_word' id='word_1_269' title='bbox 548 1968 910 2038; x_wconf 81' lang='lat' dir='ltr'>congregatis</span> <span class='ocrx_word' id='word_1_270' title='bbox 938 1982 1061 2035; x_wconf 92' lang='lat' dir='ltr'>vos,</span> <span class='ocrx_word' id='word_1_271' title='bbox 1087 1973 1150 2020; x_wconf 90' lang='lat' dir='ltr'>ut</span> <span class='ocrx_word' id='word_1_272' title='bbox 1179 1983 1314 2020; x_wconf 92' lang='lat' dir='ltr'>cum</span> <span class='ocrx_word' id='word_1_273' title='bbox 1343 1983 1574 2031; x_wconf 87' lang='lat' dir='ltr'>venero,</span> <span class='ocrx_word' id='word_1_274' title='bbox 1599 1983 1712 2020; x_wconf 92' lang='lat' dir='ltr'>non</span> <span class='ocrx_word' id='word_1_275' title='bbox 1743 1965 1994 2020; x_wconf 86' lang='lat' dir='ltr'>habeam</span> 
     </span>
    </p>
   </div>
   <div class='ocr_carea' id='block_1_36' title="bbox 353 2054 1995 2126">
    <p class='ocr_par' dir='ltr' id='par_1_36' title="bbox 353 2054 1995 2126">
     <span class='ocr_line' id='line_1_36' title="bbox 353 2054 1995 2126; baseline -0.001 -18"><span class='ocrx_word' id='word_1_276' title='bbox 353 2054 507 2125; x_wconf 91' lang='lat' dir='ltr'>quod</span> <span class='ocrx_word' id='word_1_277' title='bbox 541 2055 986 2126; x_wconf 83' lang='lat' dir='ltr'>reprehendam,</span> <span class='ocrx_word' id='word_1_278' title='bbox 1017 2060 1118 2110; x_wconf 90' lang='lat' dir='ltr'>aut</span> <span class='ocrx_word' id='word_1_279' title='bbox 1160 2055 1741 2121; x_wconf 89' lang='lat' dir='ltr'>excommunicando,</span> <span class='ocrx_word' id='word_1_280' title='bbox 1775 2058 1876 2109; x_wconf 90' lang='lat' dir='ltr'>aut</span> <span class='ocrx_word' id='word_1_281' title='bbox 1923 2054 1995 2108; x_wconf 90' lang='lat' dir='ltr'>ab</span> 
     </span>
    </p>
   </div>
   <div class='ocr_carea' id='block_1_37' title="bbox 354 2142 1999 2216">
    <p class='ocr_par' dir='ltr' id='par_1_37' title="bbox 354 2142 1999 2216">
     <span class='ocr_line' id='line_1_37' title="bbox 354 2142 1999 2216; baseline 0.001 -19"><span class='ocrx_word' id='word_1_282' title='bbox 354 2142 578 2197; x_wconf 90' lang='lat' dir='ltr'>unitate</span> <span class='ocrx_word' id='word_1_283' title='bbox 609 2145 956 2213; x_wconf 89' lang='lat' dir='ltr'>separando,</span> <span class='ocrx_word' id='word_1_284' title='bbox 990 2145 1088 2199; x_wconf 90' lang='lat' dir='ltr'>sed</span> <span class='ocrx_word' id='word_1_285' title='bbox 1121 2143 1300 2199; x_wconf 90' lang='lat' dir='ltr'>veluti</span> <span class='ocrx_word' id='word_1_286' title='bbox 1333 2150 1498 2216; x_wconf 89' lang='lat' dir='ltr'>pater</span> <span class='ocrx_word' id='word_1_287' title='bbox 1540 2144 1597 2198; x_wconf 90' lang='lat' dir='ltr'>in</span> <span class='ocrx_word' id='word_1_288' title='bbox 1650 2142 1786 2198; x_wconf 89' lang='lat' dir='ltr'>ﬁliis</span> <span class='ocrx_word' id='word_1_289' title='bbox 1832 2143 1999 2198; x_wconf 84' lang='lat' dir='ltr'>laetus</span> 
     </span>
    </p>
   </div>
   <div class='ocr_carea' id='block_1_38' title="bbox 351 2232 2000 2304">
    <p class='ocr_par' dir='ltr' id='par_1_38' title="bbox 351 2232 2000 2304">
     <span class='ocr_line' id='line_1_38' title="bbox 351 2232 2000 2304; baseline -0.001 -18"><span class='ocrx_word' id='word_1_290' title='bbox 351 2247 450 2302; x_wconf 86' lang='lat' dir='ltr'>per</span> <span class='ocrx_word' id='word_1_291' title='bbox 511 2247 635 2285; x_wconf 88' lang='lat' dir='ltr'>eam</span> <span class='ocrx_word' id='word_1_292' title='bbox 709 2232 1132 2300; x_wconf 79' lang='lat' dir='ltr'>conﬁdentiam,</span> <span class='ocrx_word' id='word_1_293' title='bbox 1202 2237 1311 2287; x_wconf 90' lang='lat' dir='ltr'>etc.</span> <span class='ocrx_word' id='word_1_294' title='bbox 1381 2234 1536 2295; x_wconf 90' lang='lat' dir='ltr'>Quos</span> <span class='ocrx_word' id='word_1_295' title='bbox 1610 2232 2000 2304; x_wconf 88' lang='lat' dir='ltr'>appellasset,</span> 
     </span>
    </p>
   </div>
   <div class='ocr_carea' id='block_1_39' title="bbox 356 2320 1998 2389">
    <p class='ocr_par' dir='ltr' id='par_1_39' title="bbox 356 2320 1998 2389">
     <span class='ocr_line' id='line_1_39' title="bbox 356 2320 1998 2389; baseline 0 -15"><span class='ocrx_word' id='word_1_296' title='bbox 356 2320 712 2384; x_wconf 86' lang='lat' dir='ltr'>manifestat,</span> <span class='ocrx_word' id='word_1_297' title='bbox 745 2322 884 2375; x_wconf 91' lang='lat' dir='ltr'>dum</span> <span class='ocrx_word' id='word_1_298' title='bbox 917 2320 1117 2375; x_wconf 90' lang='lat' dir='ltr'>subdit</span> <span class='ocrx_word' id='word_1_299' title='bbox 1151 2337 1162 2376; x_wconf 94' lang='lat'>:</span> <span class='ocrx_word' id='word_1_300' title='bbox 1219 2322 1325 2389; x_wconf 87' lang='lat' dir='ltr'>Qui</span> <span class='ocrx_word' id='word_1_301' title='bbox 1369 2323 1718 2377; x_wconf 77' lang='lat' dir='ltr'>arbitrantur</span> <span class='ocrx_word' id='word_1_302' title='bbox 1744 2337 1844 2376; x_wconf 87' lang='lat' dir='ltr'>nos</span> <span class='ocrx_word' id='word_1_303' title='bbox 1875 2328 1998 2375; x_wconf 82' lang='lat' dir='ltr'>tan-</span> 
     </span>
    </p>
   </div>
   <div class='ocr_carea' id='block_1_40' title="bbox 357 2409 2004 2478">
    <p class='ocr_par' dir='ltr' id='par_1_40' title="bbox 357 2409 2004 2478">
     <span class='ocr_line' id='line_1_40' title="bbox 357 2409 2004 2478; baseline -0.001 -15"><span class='ocrx_word' id='word_1_304' title='bbox 357 2425 521 2478; x_wconf 83' lang='lat' dir='ltr'>quam</span> <span class='ocrx_word' id='word_1_305' title='bbox 539 2409 835 2464; x_wconf 85' lang='lat' dir='ltr'>secundum</span> <span class='ocrx_word' id='word_1_306' title='bbox 861 2427 1089 2465; x_wconf 83' lang='lat' dir='ltr'>carnem</span> <span class='ocrx_word' id='word_1_307' title='bbox 1115 2410 1461 2465; x_wconf 89' lang='lat' dir='ltr'>ambulemus</span> <span class='ocrx_word' id='word_1_308' title='bbox 1474 2427 1495 2471; x_wconf 88' lang='grc'>,·</span> <span class='ocrx_word' id='word_1_309' title='bbox 1523 2411 1577 2464; x_wconf 90' lang='lat' dir='ltr'>id</span> <span class='ocrx_word' id='word_1_310' title='bbox 1608 2415 1717 2478; x_wconf 88' lang='lat' dir='ltr'>est,</span> <span class='ocrx_word' id='word_1_311' title='bbox 1741 2411 1800 2464; x_wconf 91' lang='lat' dir='ltr'>in</span> <span class='ocrx_word' id='word_1_312' title='bbox 1830 2425 2004 2463; x_wconf 90' lang='lat' dir='ltr'>carne</span> 
     </span>
    </p>
   </div>
   <div class='ocr_carea' id='block_1_41' title="bbox 359 2497 2003 2571">
    <p class='ocr_par' dir='ltr' id='par_1_41' title="bbox 359 2497 2003 2571">
     <span class='ocr_line' id='line_1_41' title="bbox 359 2497 2003 2571; baseline -0.001 -18"><span class='ocrx_word' id='word_1_313' title='bbox 359 2497 751 2561; x_wconf 89' lang='lat' dir='ltr'>consistendo,</span> <span class='ocrx_word' id='word_1_314' title='bbox 782 2498 1096 2554; x_wconf 84' lang='lat' dir='ltr'>carnaliter</span> <span class='ocrx_word' id='word_1_315' title='bbox 1120 2500 1345 2567; x_wconf 88' lang='lat' dir='ltr'>vivere;</span> <span class='ocrx_word' id='word_1_316' title='bbox 1379 2500 1498 2555; x_wconf 89' lang='lat' dir='ltr'>sive</span> <span class='ocrx_word' id='word_1_317' title='bbox 1528 2499 1712 2571; x_wconf 87' lang='lat' dir='ltr'>legem</span> <span class='ocrx_word' id='word_1_318' title='bbox 1733 2499 2003 2571; x_wconf 89' lang='lat' dir='ltr'>legendo,</span> 
     </span>
    </p>
   </div>
   <div class='ocr_carea' id='block_1_42' title="bbox 359 2587 2000 2660">
    <p class='ocr_par' dir='ltr' id='par_1_42' title="bbox 359 2587 2000 2660">
     <span class='ocr_line' id='line_1_42' title="bbox 359 2587 2000 2660; baseline -0.001 -19"><span class='ocrx_word' id='word_1_319' title='bbox 359 2603 476 2643; x_wconf 92' lang='lat' dir='ltr'>non</span> <span class='ocrx_word' id='word_1_320' title='bbox 526 2592 680 2643; x_wconf 88' lang='lat' dir='ltr'>recte</span> <span class='ocrx_word' id='word_1_321' title='bbox 729 2587 965 2644; x_wconf 88' lang='lat' dir='ltr'>sentire.</span> <span class='ocrx_word' id='word_1_322' title='bbox 996 2587 1142 2644; x_wconf 89' lang='lat' dir='ltr'>Nam</span> <span class='ocrx_word' id='word_1_323' title='bbox 1175 2589 1446 2644; x_wconf 90' lang='lat' dir='ltr'>dicebant</span> <span class='ocrx_word' id='word_1_324' title='bbox 1492 2588 1835 2660; x_wconf 86' lang='lat' dir='ltr'>Apostolum</span> <span class='ocrx_word' id='word_1_325' title='bbox 1887 2602 2000 2641; x_wconf 89' lang='lat' dir='ltr'>non</span> 
     </span>
    </p>
   </div>
   <div class='ocr_carea' id='block_1_43' title="bbox 359 2675 2007 2742">
    <p class='ocr_par' dir='ltr' id='par_1_43' title="bbox 359 2675 2007 2742">
     <span class='ocr_line' id='line_1_43' title="bbox 359 2675 2007 2742; baseline 0 -12"><span class='ocrx_word' id='word_1_326' title='bbox 359 2680 512 2730; x_wconf 90' lang='lat' dir='ltr'>recte</span> <span class='ocrx_word' id='word_1_327' title='bbox 533 2675 777 2742; x_wconf 87' lang='lat' dir='ltr'>sentire;</span> <span class='ocrx_word' id='word_1_328' title='bbox 803 2681 860 2731; x_wconf 91' lang='lat' dir='ltr'>et</span> <span class='ocrx_word' id='word_1_329' title='bbox 890 2676 1017 2732; x_wconf 92' lang='lat' dir='ltr'>ideo</span> <span class='ocrx_word' id='word_1_330' title='bbox 1040 2676 1090 2731; x_wconf 92' lang='lat' dir='ltr'>ei</span> <span class='ocrx_word' id='word_1_331' title='bbox 1120 2677 1289 2732; x_wconf 83' lang='lat' dir='ltr'>ﬁdem</span> <span class='ocrx_word' id='word_1_332' title='bbox 1316 2694 1428 2732; x_wconf 91' lang='lat' dir='ltr'>non</span> <span class='ocrx_word' id='word_1_333' title='bbox 1451 2677 1880 2733; x_wconf 89' lang='lat' dir='ltr'>accommodari</span> <span class='ocrx_word' id='word_1_334' title='bbox 1912 2677 2007 2730; x_wconf 91' lang='lat' dir='ltr'>de-</span> 
     </span>
    </p>
   </div>
   <div class='ocr_carea' id='block_1_44' title="bbox 361 2762 2008 2836">
    <p class='ocr_par' dir='ltr' id='par_1_44' title="bbox 361 2762 2008 2836">
     <span class='ocr_line' id='line_1_44' title="bbox 361 2762 2008 2836; baseline 0.002 -18"><span class='ocrx_word' id='word_1_335' title='bbox 361 2762 516 2818; x_wconf 88' lang='lat' dir='ltr'>bere.</span> <span class='ocrx_word' id='word_1_336' title='bbox 546 2764 614 2818; x_wconf 89' lang='lat' dir='ltr'>Et</span> <span class='ocrx_word' id='word_1_337' title='bbox 645 2764 715 2819; x_wconf 90' lang='lat' dir='ltr'>ad</span> <span class='ocrx_word' id='word_1_338' title='bbox 749 2764 869 2819; x_wconf 51' lang='lat' dir='ltr'>haec</span> <span class='ocrx_word' id='word_1_339' title='bbox 893 2765 1007 2820; x_wconf 92' lang='lat' dir='ltr'>duo</span> <span class='ocrx_word' id='word_1_340' title='bbox 1029 2766 1349 2836; x_wconf 91' lang='lat' dir='ltr'>respondit,</span> <span class='ocrx_word' id='word_1_341' title='bbox 1372 2767 1676 2822; x_wconf 88' lang='lat' dir='ltr'>subdendo</span> <span class='ocrx_word' id='word_1_342' title='bbox 1703 2785 1715 2822; x_wconf 91' lang='lat'><strong>:</strong></span> <span class='ocrx_word' id='word_1_343' title='bbox 1750 2769 1811 2822; x_wconf 91' lang='lat' dir='ltr'>In</span> <span class='ocrx_word' id='word_1_344' title='bbox 1841 2784 2008 2822; x_wconf 88' lang='lat' dir='ltr'>carne</span> 
     </span>
    </p>
   </div>
   <div class='ocr_carea' id='block_1_45' title="bbox 363 2851 2006 2921">
    <p class='ocr_par' dir='ltr' id='par_1_45' title="bbox 363 2851 2006 2921">
     <span class='ocr_line' id='line_1_45' title="bbox 363 2851 2006 2921; baseline 0.002 -15"><span class='ocrx_word' id='word_1_345' title='bbox 363 2851 509 2906; x_wconf 89' lang='lat' dir='ltr'>enim</span> <span class='ocrx_word' id='word_1_346' title='bbox 537 2852 907 2917; x_wconf 80' lang='lat' dir='ltr'>ambulantes,</span> <span class='ocrx_word' id='word_1_347' title='bbox 929 2857 1072 2921; x_wconf 85' lang='lat' dir='ltr'>etc.;</span> <span class='ocrx_word' id='word_1_348' title='bbox 1107 2853 1163 2906; x_wconf 89' lang='lat' dir='ltr'>id</span> <span class='ocrx_word' id='word_1_349' title='bbox 1195 2859 1301 2920; x_wconf 87' lang='lat' dir='ltr'>est,</span> <span class='ocrx_word' id='word_1_350' title='bbox 1327 2854 1385 2909; x_wconf 92' lang='lat' dir='ltr'>in</span> <span class='ocrx_word' id='word_1_351' title='bbox 1418 2871 1591 2910; x_wconf 86' lang='lat' dir='ltr'>carne</span> <span class='ocrx_word' id='word_1_352' title='bbox 1622 2855 1851 2910; x_wconf 86' lang='lat' dir='ltr'>mortali</span> <span class='ocrx_word' id='word_1_353' title='bbox 1875 2873 2006 2910; x_wconf 84' lang='lat' dir='ltr'>con-</span> 
     </span>
    </p>
   </div>
   <div class='ocr_carea' id='block_1_46' title="bbox 361 2940 2004 3013">
    <p class='ocr_par' dir='ltr' id='par_1_46' title="bbox 361 2940 2004 3013">
     <span class='ocr_line' id='line_1_46' title="bbox 361 2940 2004 3013; baseline 0.003 -19"><span class='ocrx_word' id='word_1_354' title='bbox 361 2940 642 3011; x_wconf 83' lang='lat' dir='ltr'>sistendo,</span> <span class='ocrx_word' id='word_1_355' title='bbox 672 2941 1037 2996; x_wconf 81' lang='lat' dir='ltr'>mortificatis</span> <span class='ocrx_word' id='word_1_356' title='bbox 1070 2943 1380 2999; x_wconf 88' lang='lat' dir='ltr'>desideriis</span> <span class='ocrx_word' id='word_1_357' title='bbox 1411 2943 1766 3013; x_wconf 89' lang='lat' dir='ltr'>carnalibus,</span> <span class='ocrx_word' id='word_1_358' title='bbox 1797 2961 2004 3000; x_wconf 89' lang='lat' dir='ltr'>secun-</span> 
     </span>
    </p>
   </div>
   <div class='ocr_carea' id='block_1_47' title="bbox 354 3029 2002 3105">
    <p class='ocr_par' dir='ltr' id='par_1_47' title="bbox 354 3029 2002 3105">
     <span class='ocr_line' id='line_1_47' title="bbox 354 3029 2002 3105; baseline 0.004 -23"><span class='ocrx_word' id='word_1_359' title='bbox 354 3029 496 3083; x_wconf 91' lang='lat' dir='ltr'>dum</span> <span class='ocrx_word' id='word_1_360' title='bbox 525 3029 722 3084; x_wconf 89' lang='lat' dir='ltr'>divina</span> <span class='ocrx_word' id='word_1_361' title='bbox 751 3035 1037 3101; x_wconf 60' lang='lat' dir='ltr'>precepts</span> <span class='ocrx_word' id='word_1_362' title='bbox 1056 3031 1326 3098; x_wconf 86' lang='lat' dir='ltr'>vivimus,</span> <span class='ocrx_word' id='word_1_363' title='bbox 1352 3032 1471 3087; x_wconf 90' lang='lat' dir='ltr'>sive</span> <span class='ocrx_word' id='word_1_364' title='bbox 1497 3033 1762 3088; x_wconf 90' lang='lat' dir='ltr'>eamdem</span> <span class='ocrx_word' id='word_1_365' title='bbox 1793 3033 2002 3105; x_wconf 85' lang='lat' dir='ltr'>legem,</span> 
     </span>
    </p>
   </div>
   <div class='ocr_carea' id='block_1_48' title="bbox 351 3119 1904 3193">
    <p class='ocr_par' dir='ltr' id='par_1_48' title="bbox 351 3119 1904 3193">
     <span class='ocr_line' id='line_1_48' title="bbox 351 3119 1904 3193; baseline 0.003 -21"><span class='ocrx_word' id='word_1_366' title='bbox 351 3134 528 3188; x_wconf 90' lang='lat' dir='ltr'>quam</span> <span class='ocrx_word' id='word_1_367' title='bbox 558 3119 759 3186; x_wconf 68' lang='lat' dir='ltr'>Judaei,</span> <span class='ocrx_word' id='word_1_368' title='bbox 793 3119 1098 3182; x_wconf 88' lang='lat' dir='ltr'>habentes,</span> <span class='ocrx_word' id='word_1_369' title='bbox 1133 3120 1473 3190; x_wconf 84' lang='lat' dir='ltr'>spiritaliter</span> <span class='ocrx_word' id='word_1_370' title='bbox 1503 3120 1904 3193; x_wconf 85' lang='lat' dir='ltr'>intelligimus.</span> 
     </span>
    </p>
   </div>
   <div class='ocr_carea' id='block_1_49' title="bbox 417 3185 2070 3281">
    <p class='ocr_par' dir='ltr' id='par_1_49' title="bbox 417 3185 2070 3281">
     <span class='ocr_line' id='line_1_49' title="bbox 417 3185 2070 3281; baseline 0.002 -17"><span class='ocrx_word' id='word_1_371' title='bbox 417 3211 559 3264; x_wconf 86' lang='lat' dir='ltr'>Nam</span> <span class='ocrx_word' id='word_1_372' title='bbox 587 3224 755 3264; x_wconf 83' lang='lat' dir='ltr'>arma</span> <span class='ocrx_word' id='word_1_373' title='bbox 783 3209 1008 3265; x_wconf 65' lang='lat' dir='ltr'>militiae</span> <span class='ocrx_word' id='word_1_374' title='bbox 1043 3185 1269 3273; x_wconf 53' lang='lat' dir='ltr'>nostra,</span> <span class='ocrx_word' id='word_1_375' title='bbox 1320 3215 1461 3278; x_wconf 81' lang='lat' dir='ltr'>etc.;</span> <span class='ocrx_word' id='word_1_376' title='bbox 1514 3185 1948 3281; x_wconf 51' lang='lat' dir='ltr'>quasivdiceret</span> <span class='ocrx_word' id='word_1_377' title='bbox 1980 3229 1993 3267; x_wconf 90' lang='lat'><strong>:</strong></span> <span class='ocrx_word' id='word_1_378' title='bbox 2027 3185 2070 3250; x_wconf 75' lang='lat' dir='ltr'>C</span> 
     </span>
    </p>
   </div>
   <div class='ocr_carea' id='block_1_50' title="bbox 329 3297 1996 3372">
    <p class='ocr_par' dir='ltr' id='par_1_50' title="bbox 329 3297 1996 3372">
     <span class='ocr_line' id='line_1_50' title="bbox 329 3297 1996 3372; baseline 0.004 -23"><span class='ocrx_word' id='word_1_379' title='bbox 329 3297 522 3350; x_wconf 86' lang='lat' dir='ltr'>&#39;Arma</span> <span class='ocrx_word' id='word_1_380' title='bbox 551 3302 751 3352; x_wconf 88' lang='lat' dir='ltr'>nostra</span> <span class='ocrx_word' id='word_1_381' title='bbox 773 3313 887 3352; x_wconf 92' lang='lat' dir='ltr'>non</span> <span class='ocrx_word' id='word_1_382' title='bbox 921 3302 1060 3351; x_wconf 90' lang='lat' dir='ltr'>sunt</span> <span class='ocrx_word' id='word_1_383' title='bbox 1089 3304 1345 3363; x_wconf 90' lang='lat' dir='ltr'>scutum,</span> <span class='ocrx_word' id='word_1_384' title='bbox 1371 3298 1623 3369; x_wconf 81' lang='lat' dir='ltr'>gladius,</span> <span class='ocrx_word' id='word_1_385' title='bbox 1653 3299 1996 3372; x_wconf 81' lang='lat' dir='ltr'>materialia,</span> 
     </span>
    </p>
   </div>
   <div class='ocr_carea' id='block_1_51' title="bbox 344 3384 2000 3460">
    <p class='ocr_par' dir='ltr' id='par_1_51' title="bbox 344 3384 2000 3460">
     <span class='ocr_line' id='line_1_51' title="bbox 344 3384 2000 3460; baseline 0.004 -22"><span class='ocrx_word' id='word_1_386' title='bbox 344 3389 516 3454; x_wconf 89' lang='lat' dir='ltr'>atque</span> <span class='ocrx_word' id='word_1_387' title='bbox 539 3384 814 3450; x_wconf 89' lang='lat' dir='ltr'>visibilia,</span> <span class='ocrx_word' id='word_1_388' title='bbox 836 3385 928 3440; x_wconf 89' lang='lat' dir='ltr'>sed</span> <span class='ocrx_word' id='word_1_389' title='bbox 953 3388 1203 3455; x_wconf 85' lang='lat' dir='ltr'>potentia</span> <span class='ocrx_word' id='word_1_390' title='bbox 1231 3389 1358 3441; x_wconf 86' lang='lat' dir='ltr'>Deo.</span> <span class='ocrx_word' id='word_1_391' title='bbox 1383 3387 1644 3443; x_wconf 87' lang='lat' dir='ltr'>Potentia</span> <span class='ocrx_word' id='word_1_392' title='bbox 1675 3393 1837 3456; x_wconf 88' lang='lat' dir='ltr'>sunt,</span> <span class='ocrx_word' id='word_1_393' title='bbox 1862 3389 2000 3460; x_wconf 89' lang='lat' dir='ltr'>quia</span> 
     </span>
    </p>
   </div>
   <div class='ocr_carea' id='block_1_52' title="bbox 349 3471 1998 3546">
    <p class='ocr_par' dir='ltr' id='par_1_52' title="bbox 349 3471 1998 3546">
     <span class='ocr_line' id='line_1_52' title="bbox 349 3471 1998 3546; baseline 0.004 -22"><span class='ocrx_word' id='word_1_394' title='bbox 349 3471 457 3525; x_wconf 89' lang='lat' dir='ltr'>hoc</span> <span class='ocrx_word' id='word_1_395' title='bbox 490 3488 807 3540; x_wconf 89' lang='lat' dir='ltr'>possumus</span> <span class='ocrx_word' id='word_1_396' title='bbox 836 3473 1050 3541; x_wconf 84' lang='lat' dir='ltr'>verbis,</span> <span class='ocrx_word' id='word_1_397' title='bbox 1085 3474 1237 3542; x_wconf 90' lang='lat' dir='ltr'>quod</span> <span class='ocrx_word' id='word_1_398' title='bbox 1271 3473 1366 3527; x_wconf 89' lang='lat' dir='ltr'>alii</span> <span class='ocrx_word' id='word_1_399' title='bbox 1401 3473 1614 3544; x_wconf 88' lang='lat' dir='ltr'>gladiis</span> <span class='ocrx_word' id='word_1_400' title='bbox 1659 3482 1998 3546; x_wconf 91' lang='lat' dir='ltr'>nequeunt;</span> 
     </span>
    </p>
   </div>
   <div class='ocr_carea' id='block_1_53' title="bbox 355 3558 2002 3633">
    <p class='ocr_par' dir='ltr' id='par_1_53' title="bbox 355 3558 2002 3633">
     <span class='ocr_line' id='line_1_53' title="bbox 355 3558 2002 3633; baseline 0.004 -21"><span class='ocrx_word' id='word_1_401' title='bbox 355 3558 476 3612; x_wconf 88' lang='lat' dir='ltr'>sive</span> <span class='ocrx_word' id='word_1_402' title='bbox 506 3559 782 3627; x_wconf 90' lang='lat' dir='ltr'>potentia,</span> <span class='ocrx_word' id='word_1_403' title='bbox 808 3559 947 3629; x_wconf 85' lang='lat' dir='ltr'>quia</span> <span class='ocrx_word' id='word_1_404' title='bbox 977 3559 1071 3614; x_wconf 92' lang='lat' dir='ltr'>his</span> <span class='ocrx_word' id='word_1_405' title='bbox 1103 3560 1282 3614; x_wconf 89' lang='lat' dir='ltr'>armis</span> <span class='ocrx_word' id='word_1_406' title='bbox 1303 3562 1583 3616; x_wconf 86' lang='lat' dir='ltr'>adversus</span> <span class='ocrx_word' id='word_1_407' title='bbox 1615 3578 1860 3633; x_wconf 83' lang='lat' dir='ltr'>regnum</span> <span class='ocrx_word' id='word_1_408' title='bbox 1890 3563 2002 3618; x_wconf 89' lang='lat' dir='ltr'>ini-</span> 
     </span>
    </p>
   </div>
   <div class='ocr_carea' id='block_1_54' title="bbox 360 3643 2004 3715">
    <p class='ocr_par' dir='ltr' id='par_1_54' title="bbox 360 3643 2004 3715">
     <span class='ocr_line' id='line_1_54' title="bbox 360 3643 2004 3715; baseline 0.005 -16"><span class='ocrx_word' id='word_1_409' title='bbox 360 3643 601 3715; x_wconf 89' lang='lat' dir='ltr'>quitatis</span> <span class='ocrx_word' id='word_1_410' title='bbox 631 3646 1004 3702; x_wconf 88' lang='lat' dir='ltr'>dimicamus.</span> <span class='ocrx_word' id='word_1_411' title='bbox 1037 3647 1183 3702; x_wconf 89' lang='lat' dir='ltr'>Nam</span> <span class='ocrx_word' id='word_1_412' title='bbox 1215 3649 1368 3704; x_wconf 89' lang='lat' dir='ltr'>sicut</span> <span class='ocrx_word' id='word_1_413' title='bbox 1408 3648 1673 3705; x_wconf 88' lang='lat' dir='ltr'>Christus</span> <span class='ocrx_word' id='word_1_414' title='bbox 1723 3652 2004 3708; x_wconf 89' lang='lat' dir='ltr'>adversus</span> 
     </span>
    </p>
   </div>
   <div class='ocr_carea' id='block_1_55' title="bbox 361 3733 2005 3812">
    <p class='ocr_par' dir='ltr' id='par_1_55' title="bbox 361 3733 2005 3812">
     <span class='ocr_line' id='line_1_55' title="bbox 361 3733 2005 3812; baseline 0.007 -25"><span class='ocrx_word' id='word_1_415' title='bbox 361 3747 610 3804; x_wconf 86' lang='lat' dir='ltr'>regnum</span> <span class='ocrx_word' id='word_1_416' title='bbox 640 3733 968 3806; x_wconf 86' lang='lat' dir='ltr'>iniquitatis</span> <span class='ocrx_word' id='word_1_417' title='bbox 999 3735 1257 3800; x_wconf 88' lang='lat' dir='ltr'>dimicat,</span> <span class='ocrx_word' id='word_1_418' title='bbox 1285 3737 1365 3792; x_wconf 90' lang='lat' dir='ltr'>ita</span> <span class='ocrx_word' id='word_1_419' title='bbox 1394 3741 1450 3791; x_wconf 90' lang='lat' dir='ltr'>et</span> <span class='ocrx_word' id='word_1_420' title='bbox 1481 3754 1586 3792; x_wconf 89' lang='lat' dir='ltr'>nos</span> <span class='ocrx_word' id='word_1_421' title='bbox 1617 3738 1787 3794; x_wconf 92' lang='lat' dir='ltr'>donis</span> <span class='ocrx_word' id='word_1_422' title='bbox 1818 3740 2005 3812; x_wconf 86' lang='lat' dir='ltr'>ipsius</span> 
     </span>
    </p>
   </div>
   <div class='ocr_carea' id='block_1_56' title="bbox 363 3821 2008 3892">
    <p class='ocr_par' dir='ltr' id='par_1_56' title="bbox 363 3821 2008 3892">
     <span class='ocr_line' id='line_1_56' title="bbox 363 3821 2008 3892; baseline 0.006 -17"><span class='ocrx_word' id='word_1_423' title='bbox 363 3821 550 3890; x_wconf 90' lang='lat' dir='ltr'>ditati,</span> <span class='ocrx_word' id='word_1_424' title='bbox 575 3826 631 3877; x_wconf 91' lang='lat' dir='ltr'>et</span> <span class='ocrx_word' id='word_1_425' title='bbox 662 3839 828 3878; x_wconf 89' lang='lat' dir='ltr'>arma</span> <span class='ocrx_word' id='word_1_426' title='bbox 856 3823 1164 3890; x_wconf 91' lang='lat' dir='ltr'>habemus,</span> <span class='ocrx_word' id='word_1_427' title='bbox 1191 3829 1247 3880; x_wconf 91' lang='lat' dir='ltr'>et</span> <span class='ocrx_word' id='word_1_428' title='bbox 1277 3842 1504 3892; x_wconf 91' lang='lat' dir='ltr'>sumus,</span> <span class='ocrx_word' id='word_1_429' title='bbox 1529 3831 1586 3881; x_wconf 90' lang='lat' dir='ltr'>et</span> <span class='ocrx_word' id='word_1_430' title='bbox 1615 3829 1683 3882; x_wconf 89' lang='lat' dir='ltr'>ad</span> <span class='ocrx_word' id='word_1_431' title='bbox 1707 3828 2008 3886; x_wconf 89' lang='lat' dir='ltr'>destruen-</span> 
     </span>
    </p>
   </div>
   <div class='ocr_carea' id='block_1_57' title="bbox 364 3911 2008 3989">
    <p class='ocr_par' dir='ltr' id='par_1_57' title="bbox 364 3911 2008 3989">
     <span class='ocr_line' id='line_1_57' title="bbox 364 3911 2008 3989; baseline 0.007 -25"><span class='ocrx_word' id='word_1_432' title='bbox 364 3911 396 3964; x_wconf 90' lang='lat' dir='ltr'>d</span> <span class='ocrx_word' id='word_1_433' title='bbox 411 3926 504 3964; x_wconf 90' lang='lat' dir='ltr'>um</span> <span class='ocrx_word' id='word_1_434' title='bbox 525 3927 770 3983; x_wconf 88' lang='lat' dir='ltr'>regnum</span> <span class='ocrx_word' id='word_1_435' title='bbox 796 3912 1124 3983; x_wconf 88' lang='lat' dir='ltr'>iniquitatis</span> <span class='ocrx_word' id='word_1_436' title='bbox 1145 3913 1502 3969; x_wconf 89' lang='lat' dir='ltr'>laboramus.</span> <span class='ocrx_word' id='word_1_437' title='bbox 1519 3916 1589 3970; x_wconf 86' lang='lat' dir='ltr'>Et</span> <span class='ocrx_word' id='word_1_438' title='bbox 1610 3933 1789 3988; x_wconf 91' lang='lat' dir='ltr'>quare</span> <span class='ocrx_word' id='word_1_439' title='bbox 1812 3923 2008 3989; x_wconf 91' lang='lat' dir='ltr'>poten-</span> 
     </span>
    </p>
   </div>
   <div class='ocr_carea' id='block_1_58' title="bbox 360 3999 2006 4065">
    <p class='ocr_par' dir='ltr' id='par_1_58' title="bbox 360 3999 2006 4065">
     <span class='ocr_line' id='line_1_58' title="bbox 360 3999 2006 4065; baseline 0.007 -12"><span class='ocrx_word' id='word_1_440' title='bbox 360 3999 442 4052; x_wconf 89' lang='lat' dir='ltr'>tia</span> <span class='ocrx_word' id='word_1_441' title='bbox 463 3999 600 4065; x_wconf 92' lang='lat' dir='ltr'>Deo,</span> <span class='ocrx_word' id='word_1_442' title='bbox 630 4000 832 4055; x_wconf 89' lang='lat' dir='ltr'>subdit</span> <span class='ocrx_word' id='word_1_443' title='bbox 858 4018 869 4056; x_wconf 91' lang='lat'><strong>:</strong></span> <span class='ocrx_word' id='word_1_444' title='bbox 903 4003 987 4057; x_wconf 84' lang='lat' dir='ltr'>Ad</span> <span class='ocrx_word' id='word_1_445' title='bbox 1013 4003 1435 4060; x_wconf 80' lang='lat' dir='ltr'>destructionem</span> <span class='ocrx_word' id='word_1_446' title='bbox 1463 4007 1853 4062; x_wconf 85' lang='lat' dir='ltr'>munitionum.</span> <span class='ocrx_word' id='word_1_447' title='bbox 1879 4013 2006 4063; x_wconf 84' lang='lat' dir='ltr'>Mu-</span> 
     </span>
    </p>
   </div>
   <div class='ocr_carea' id='block_1_59' title="bbox 359 4087 2006 4168">
    <p class='ocr_par' dir='ltr' id='par_1_59' title="bbox 359 4087 2006 4168">
     <span class='ocr_line' id='line_1_59' title="bbox 359 4087 2006 4168; baseline 0.007 -27"><span class='ocrx_word' id='word_1_448' title='bbox 359 4087 640 4144; x_wconf 88' lang='lat' dir='ltr'>nitionem</span> <span class='ocrx_word' id='word_1_449' title='bbox 661 4107 916 4161; x_wconf 88' lang='lat' dir='ltr'>namque</span> <span class='ocrx_word' id='word_1_450' title='bbox 936 4091 1190 4162; x_wconf 89' lang='lat' dir='ltr'>appellat</span> <span class='ocrx_word' id='word_1_451' title='bbox 1205 4093 1528 4149; x_wconf 87' lang='lat' dir='ltr'>doctrinam</span> <span class='ocrx_word' id='word_1_452' title='bbox 1555 4096 2006 4168; x_wconf 88' lang='lat' dir='ltr'>pseudoaposto-</span> 
     </span>
    </p>
   </div>
   <div class='ocr_carea' id='block_1_60' title="bbox 355 4176 2001 4252">
    <p class='ocr_par' dir='ltr' id='par_1_60' title="bbox 355 4176 2001 4252">
     <span class='ocr_line' id='line_1_60' title="bbox 355 4176 2001 4252; baseline 0.007 -21"><span class='ocrx_word' id='word_1_453' title='bbox 355 4176 569 4244; x_wconf 91' lang='lat' dir='ltr'>lorum,</span> <span class='ocrx_word' id='word_1_454' title='bbox 605 4180 703 4250; x_wconf 92' lang='lat' dir='ltr'>qui</span> <span class='ocrx_word' id='word_1_455' title='bbox 737 4180 862 4234; x_wconf 89' lang='lat' dir='ltr'>suis</span> <span class='ocrx_word' id='word_1_456' title='bbox 893 4180 1310 4238; x_wconf 86' lang='lat' dir='ltr'>calliditatibus</span> <span class='ocrx_word' id='word_1_457' title='bbox 1343 4187 1516 4252; x_wconf 87' lang='lat' dir='ltr'>atque</span> <span class='ocrx_word' id='word_1_458' title='bbox 1555 4186 1830 4240; x_wconf 89' lang='lat' dir='ltr'>versutiis</span> <span class='ocrx_word' id='word_1_459' title='bbox 1876 4203 2001 4242; x_wconf 87' lang='lat' dir='ltr'>eam</span> 
     </span>
    </p>
   </div>
   <div class='ocr_carea' id='block_1_61' title="bbox 357 4266 2007 4345">
    <p class='ocr_par' dir='ltr' id='par_1_61' title="bbox 357 4266 2007 4345">
     <span class='ocr_line' id='line_1_61' title="bbox 357 4266 2007 4345; baseline 0.007 -27"><span class='ocrx_word' id='word_1_460' title='bbox 357 4266 721 4330; x_wconf 86' lang='lat' dir='ltr'>muniebant,</span> <span class='ocrx_word' id='word_1_461' title='bbox 755 4268 855 4321; x_wconf 89' lang='lat' dir='ltr'>sed</span> <span class='ocrx_word' id='word_1_462' title='bbox 901 4273 1096 4322; x_wconf 91' lang='lat' dir='ltr'>tamen</span> <span class='ocrx_word' id='word_1_463' title='bbox 1129 4271 1412 4324; x_wconf 86' lang='lat' dir='ltr'>arietibus</span> <span class='ocrx_word' id='word_1_464' title='bbox 1446 4272 1842 4342; x_wconf 86' lang='lat' dir='ltr'>apostolorum</span> <span class='ocrx_word' id='word_1_465' title='bbox 1882 4277 2007 4345; x_wconf 85' lang='lat' dir='ltr'>ipsa</span> 
     </span>
    </p>
   </div>
   <div class='ocr_carea' id='block_1_62' title="bbox 356 4353 2010 4428">
    <p class='ocr_par' dir='ltr' id='par_1_62' title="bbox 356 4353 2010 4428">
     <span class='ocr_line' id='line_1_62' title="bbox 356 4353 2010 4428; baseline 0.006 -23"><span class='ocrx_word' id='word_1_466' title='bbox 356 4357 446 4406; x_wconf 89' lang='lat' dir='ltr'>est</span> <span class='ocrx_word' id='word_1_467' title='bbox 463 4353 708 4409; x_wconf 89' lang='lat' dir='ltr'>munitio</span> <span class='ocrx_word' id='word_1_468' title='bbox 726 4355 1043 4423; x_wconf 88' lang='lat' dir='ltr'>destructa,</span> <span class='ocrx_word' id='word_1_469' title='bbox 1061 4359 1560 4428; x_wconf 89' lang='lat' dir='ltr'>quemadmodum</span> <span class='ocrx_word' id='word_1_470' title='bbox 1587 4377 1792 4416; x_wconf 90' lang='lat' dir='ltr'>murus</span> <span class='ocrx_word' id='word_1_471' title='bbox 1809 4363 2010 4417; x_wconf 86' lang='lat' dir='ltr'>visibi.</span> 
     </span>
    </p>
   </div>
   <div class='ocr_carea' id='block_1_63' title="bbox 358 4439 2004 4521">
    <p class='ocr_par' dir='ltr' id='par_1_63' title="bbox 358 4439 2004 4521">
     <span class='ocr_line' id='line_1_63' title="bbox 358 4439 2004 4521; baseline 0.007 -27"><span class='ocrx_word' id='word_1_472' title='bbox 358 4439 432 4494; x_wconf 90' lang='lat' dir='ltr'>lis</span> <span class='ocrx_word' id='word_1_473' title='bbox 454 4441 736 4498; x_wconf 88' lang='lat' dir='ltr'>arietibus</span> <span class='ocrx_word' id='word_1_474' title='bbox 762 4443 1037 4514; x_wconf 89' lang='lat' dir='ltr'>dissipari</span> <span class='ocrx_word' id='word_1_475' title='bbox 1065 4444 1228 4500; x_wconf 88' lang='lat' dir='ltr'>solet.</span> <span class='ocrx_word' id='word_1_476' title='bbox 1260 4445 1502 4501; x_wconf 85' lang='lat' dir='ltr'>Consilia</span> <span class='ocrx_word' id='word_1_477' title='bbox 1523 4447 1872 4521; x_wconf 83' lang='lat' dir='ltr'>destruentes,</span> <span class='ocrx_word' id='word_1_478' title='bbox 1896 4457 2004 4506; x_wconf 91' lang='lat' dir='ltr'>etc.</span> 
     </span>
    </p>
   </div>
   <div class='ocr_carea' id='block_1_64' title="bbox 2105 1873 3761 1946">
    <p class='ocr_par' dir='ltr' id='par_1_64' title="bbox 2105 1873 3761 1946">
     <span class='ocr_line' id='line_1_64' title="bbox 2105 1873 3761 1946; baseline -0.002 -16"><span class='ocrx_word' id='word_1_479' title='bbox 2105 1875 2375 1945; x_wconf 82' lang='lat' dir='ltr'>stolatas,</span> <span class='ocrx_word' id='word_1_480' title='bbox 2399 1875 2600 1930; x_wconf 88' lang='lat' dir='ltr'>dicens</span> <span class='ocrx_word' id='word_1_481' title='bbox 2627 1891 2641 1930; x_wconf 89' lang='lat'><strong>:</strong></span> <span class='ocrx_word' id='word_1_482' title='bbox 2675 1874 2812 1930; x_wconf 86' lang='lat' dir='ltr'>Nam</span> <span class='ocrx_word' id='word_1_483' title='bbox 2831 1879 2884 1930; x_wconf 89' lang='lat' dir='ltr'>et</span> <span class='ocrx_word' id='word_1_484' title='bbox 2913 1878 2962 1929; x_wconf 84' lang='lat' dir='ltr'>si</span> <span class='ocrx_word' id='word_1_485' title='bbox 2981 1875 3224 1946; x_wconf 84' lang='lat' dir='ltr'>amplius</span> <span class='ocrx_word' id='word_1_486' title='bbox 3245 1873 3468 1944; x_wconf 81' lang='lat' dir='ltr'>aliquid</span> <span class='ocrx_word' id='word_1_487' title='bbox 3486 1874 3761 1941; x_wconf 78' lang='lat' dir='ltr'>gloriatus</span> 
     </span>
    </p>
   </div>
   <div class='ocr_carea' id='block_1_65' title="bbox 2103 1960 3760 2035">
    <p class='ocr_par' dir='ltr' id='par_1_65' title="bbox 2103 1960 3760 2035">
     <span class='ocr_line' id='line_1_65' title="bbox 2103 1960 3760 2035; baseline -0.002 -17"><span class='ocrx_word' id='word_1_488' title='bbox 2103 1967 2281 2035; x_wconf 81' lang='lat' dir='ltr'>fuero,</span> <span class='ocrx_word' id='word_1_489' title='bbox 2303 1968 2436 2031; x_wconf 89' lang='lat' dir='ltr'>etc.;</span> <span class='ocrx_word' id='word_1_490' title='bbox 2459 1965 2628 2035; x_wconf 90' lang='lat' dir='ltr'>quasi</span> <span class='ocrx_word' id='word_1_491' title='bbox 2661 1963 2912 2020; x_wconf 89' lang='lat' dir='ltr'>diceret:</span> <span class='ocrx_word' id='word_1_492' title='bbox 2935 1964 2995 2018; x_wconf 92' lang='lat' dir='ltr'>Si</span> <span class='ocrx_word' id='word_1_493' title='bbox 3018 1980 3145 2034; x_wconf 87' lang='lat' dir='ltr'>ego,</span> <span class='ocrx_word' id='word_1_494' title='bbox 3170 1962 3270 2034; x_wconf 91' lang='lat' dir='ltr'>qui</span> <span class='ocrx_word' id='word_1_495' title='bbox 3304 1978 3397 2017; x_wconf 91' lang='lat' dir='ltr'>me</span> <span class='ocrx_word' id='word_1_496' title='bbox 3427 1960 3760 2032; x_wconf 87' lang='lat' dir='ltr'>humiliavi,</span> 
     </span>
    </p>
   </div>
   <div class='ocr_carea' id='block_1_66' title="bbox 2108 2050 3764 2124">
    <p class='ocr_par' dir='ltr' id='par_1_66' title="bbox 2108 2050 3764 2124">
     <span class='ocr_line' id='line_1_66' title="bbox 2108 2050 3764 2124; baseline -0.002 -17"><span class='ocrx_word' id='word_1_497' title='bbox 2108 2053 2515 2108; x_wconf 85' lang='lat' dir='ltr'>auctoritatem</span> <span class='ocrx_word' id='word_1_498' title='bbox 2540 2052 2652 2106; x_wconf 91' lang='lat' dir='ltr'>mei</span> <span class='ocrx_word' id='word_1_499' title='bbox 2675 2050 3045 2124; x_wconf 82' lang='lat' dir='ltr'>Apostolatus</span> <span class='ocrx_word' id='word_1_500' title='bbox 3068 2050 3615 2115; x_wconf 87' lang='lat' dir='ltr'>manifestans,non</span> <span class='ocrx_word' id='word_1_501' title='bbox 3637 2065 3764 2104; x_wconf 83' lang='lat' dir='ltr'>eru-</span> 
     </span>
    </p>
   </div>
   <div class='ocr_carea' id='block_1_67' title="bbox 2109 2139 3762 2207">
    <p class='ocr_par' dir='ltr' id='par_1_67' title="bbox 2109 2139 3762 2207">
     <span class='ocr_line' id='line_1_67' title="bbox 2109 2139 3762 2207; baseline -0.002 -10"><span class='ocrx_word' id='word_1_502' title='bbox 2109 2143 2366 2207; x_wconf 90' lang='lat' dir='ltr'>bescam,</span> <span class='ocrx_word' id='word_1_503' title='bbox 2387 2141 2631 2196; x_wconf 89' lang='lat' dir='ltr'>dicendo</span> <span class='ocrx_word' id='word_1_504' title='bbox 2655 2142 2724 2196; x_wconf 89' lang='lat' dir='ltr'>de</span> <span class='ocrx_word' id='word_1_505' title='bbox 2749 2157 2840 2195; x_wconf 90' lang='lat' dir='ltr'>me</span> <span class='ocrx_word' id='word_1_506' title='bbox 2862 2140 3081 2196; x_wconf 89' lang='lat' dir='ltr'>dictum</span> <span class='ocrx_word' id='word_1_507' title='bbox 3107 2140 3322 2196; x_wconf 86' lang='lat' dir='ltr'>fuisse:</span> <span class='ocrx_word' id='word_1_508' title='bbox 3355 2140 3457 2194; x_wconf 82' lang='lat' dir='ltr'>Vas</span> <span class='ocrx_word' id='word_1_509' title='bbox 3478 2139 3762 2194; x_wconf 81' lang='lat' dir='ltr'>electionis</span> 
     </span>
    </p>
   </div>
   <div class='ocr_carea' id='block_1_68' title="bbox 2111 2227 3766 2301">
    <p class='ocr_par' dir='ltr' id='par_1_68' title="bbox 2111 2227 3766 2301">
     <span class='ocr_line' id='line_1_68' title="bbox 2111 2227 3766 2301; baseline -0.001 -17"><span class='ocrx_word' id='word_1_510' title='bbox 2111 2239 2190 2285; x_wconf 91' lang='lat' dir='ltr'>est</span> <span class='ocrx_word' id='word_1_511' title='bbox 2233 2233 2334 2286; x_wconf 88' lang='lat' dir='ltr'>iste</span> <span class='ocrx_word' id='word_1_512' title='bbox 2379 2231 2518 2285; x_wconf 89' lang='lat' dir='ltr'>mihi</span> <span class='ocrx_word' id='word_1_513' title='bbox 2561 2230 2696 2300; x_wconf 87' lang='lat' dir='ltr'>(Act.</span> <span class='ocrx_word' id='word_1_514' title='bbox 2742 2231 2975 2301; x_wconf 75' lang='lat' dir='ltr'>1x,15);</span> <span class='ocrx_word' id='word_1_515' title='bbox 3027 2229 3167 2300; x_wconf 90' lang='lat' dir='ltr'>quia</span> <span class='ocrx_word' id='word_1_516' title='bbox 3213 2245 3328 2283; x_wconf 91' lang='lat' dir='ltr'>non</span> <span class='ocrx_word' id='word_1_517' title='bbox 3363 2227 3513 2283; x_wconf 87' lang='lat' dir='ltr'>facio</span> <span class='ocrx_word' id='word_1_518' title='bbox 3564 2231 3766 2282; x_wconf 87' lang='lat' dir='ltr'>contra</span> 
     </span>
    </p>
   </div>
   <div class='ocr_carea' id='block_1_69' title="bbox 2111 2319 3766 2388">
    <p class='ocr_par' dir='ltr' id='par_1_69' title="bbox 2111 2319 3766 2388">
     <span class='ocr_line' id='line_1_69' title="bbox 2111 2319 3766 2388; baseline 0 -16"><span class='ocrx_word' id='word_1_519' title='bbox 2111 2319 2256 2373; x_wconf 91' lang='lat' dir='ltr'>illud</span> <span class='ocrx_word' id='word_1_520' title='bbox 2291 2336 2304 2374; x_wconf 91' lang='lat'>:</span> <span class='ocrx_word' id='word_1_521' title='bbox 2338 2319 2540 2374; x_wconf 75' lang='lat' dir='ltr'>Laudet</span> <span class='ocrx_word' id='word_1_522' title='bbox 2570 2327 2620 2374; x_wconf 87' lang='lat' dir='ltr'>te</span> <span class='ocrx_word' id='word_1_523' title='bbox 2648 2321 2872 2373; x_wconf 87' lang='lat' dir='ltr'>alienus</span> <span class='ocrx_word' id='word_1_524' title='bbox 2902 2319 3084 2388; x_wconf 83' lang='lat' dir='ltr'>(Prov.</span> <span class='ocrx_word' id='word_1_525' title='bbox 3117 2334 3291 2382; x_wconf 85' lang='lat' dir='ltr'>xxvn,</span> <span class='ocrx_word' id='word_1_526' title='bbox 3323 2320 3403 2388; x_wconf 85' lang='lat'>2),</span> <span class='ocrx_word' id='word_1_527' title='bbox 3431 2321 3578 2371; x_wconf 79' lang='lat' dir='ltr'>etc.;</span> <span class='ocrx_word' id='word_1_528' title='bbox 3615 2332 3766 2387; x_wconf 89' lang='lat' dir='ltr'>quo-</span> 
     </span>
    </p>
   </div>
   <div class='ocr_carea' id='block_1_70' title="bbox 2114 2404 3768 2473">
    <p class='ocr_par' dir='ltr' id='par_1_70' title="bbox 2114 2404 3768 2473">
     <span class='ocr_line' id='line_1_70' title="bbox 2114 2404 3768 2473; baseline -0.002 -11"><span class='ocrx_word' id='word_1_529' title='bbox 2114 2407 2269 2463; x_wconf 89' lang='lat' dir='ltr'>niam</span> <span class='ocrx_word' id='word_1_530' title='bbox 2304 2425 2418 2463; x_wconf 91' lang='lat' dir='ltr'>non</span> <span class='ocrx_word' id='word_1_531' title='bbox 2450 2424 2629 2463; x_wconf 89' lang='lat' dir='ltr'>causa</span> <span class='ocrx_word' id='word_1_532' title='bbox 2659 2425 2797 2463; x_wconf 57' lang='lat' dir='ltr'>mea;</span> <span class='ocrx_word' id='word_1_533' title='bbox 2828 2407 3040 2473; x_wconf 79' lang='lat' dir='ltr'>laudis,</span> <span class='ocrx_word' id='word_1_534' title='bbox 3066 2408 3165 2462; x_wconf 92' lang='lat' dir='ltr'>sed</span> <span class='ocrx_word' id='word_1_535' title='bbox 3195 2411 3404 2462; x_wconf 66' lang='lat' dir='ltr'>vestras</span> <span class='ocrx_word' id='word_1_536' title='bbox 3434 2404 3669 2471; x_wconf 82' lang='lat' dir='ltr'>salutis,</span> <span class='ocrx_word' id='word_1_537' title='bbox 3695 2421 3768 2460; x_wconf 90' lang='lat' dir='ltr'>ne</span> 
     </span>
    </p>
   </div>
   <div class='ocr_carea' id='block_1_71' title="bbox 2114 2494 3766 2569">
    <p class='ocr_par' dir='ltr' id='par_1_71' title="bbox 2114 2494 3766 2569">
     <span class='ocr_line' id='line_1_71' title="bbox 2114 2494 3766 2569; baseline -0.002 -18"><span class='ocrx_word' id='word_1_538' title='bbox 2114 2496 2619 2569; x_wconf 87' lang='lat' dir='ltr'>pseudoapostolis</span> <span class='ocrx_word' id='word_1_539' title='bbox 2661 2498 2836 2552; x_wconf 89' lang='lat' dir='ltr'>ﬁdem</span> <span class='ocrx_word' id='word_1_540' title='bbox 2879 2494 3355 2563; x_wconf 84' lang='lat' dir='ltr'>accommodetis,</span> <span class='ocrx_word' id='word_1_541' title='bbox 3419 2494 3565 2550; x_wconf 91' lang='lat' dir='ltr'>dico.</span> <span class='ocrx_word' id='word_1_542' title='bbox 3633 2496 3766 2560; x_wconf 88' lang='lat' dir='ltr'>Qua</span> 
     </span>
    </p>
   </div>
   <div class='ocr_carea' id='block_1_72' title="bbox 2115 2581 3768 2657">
    <p class='ocr_par' dir='ltr' id='par_1_72' title="bbox 2115 2581 3768 2657">
     <span class='ocr_line' id='line_1_72' title="bbox 2115 2581 3768 2657; baseline -0.002 -17"><span class='ocrx_word' id='word_1_543' title='bbox 2115 2602 2324 2657; x_wconf 86' lang='lat' dir='ltr'>nempe</span> <span class='ocrx_word' id='word_1_544' title='bbox 2341 2586 2821 2656; x_wconf 89' lang='lat' dir='ltr'>intentione,post</span> <span class='ocrx_word' id='word_1_545' title='bbox 2837 2584 3297 2640; x_wconf 81' lang='lat' dir='ltr'>exhortationem</span> <span class='ocrx_word' id='word_1_546' title='bbox 3309 2581 3768 2648; x_wconf 84' lang='lat' dir='ltr'>collattonis,sui</span> 
     </span>
    </p>
   </div>
   <div class='ocr_carea' id='block_1_73' title="bbox 2116 2672 3769 2746">
    <p class='ocr_par' dir='ltr' id='par_1_73' title="bbox 2116 2672 3769 2746">
     <span class='ocr_line' id='line_1_73' title="bbox 2116 2672 3769 2746; baseline -0.002 -17"><span class='ocrx_word' id='word_1_547' title='bbox 2116 2674 2478 2746; x_wconf 87' lang='lat' dir='ltr'>apostolatus</span> <span class='ocrx_word' id='word_1_548' title='bbox 2494 2675 2803 2729; x_wconf 90' lang='lat' dir='ltr'>inseruerit</span> <span class='ocrx_word' id='word_1_549' title='bbox 2819 2672 3639 2741; x_wconf 85' lang='lat' dir='ltr'>auctoritatem,manifsstum</span> <span class='ocrx_word' id='word_1_550' title='bbox 3654 2677 3769 2727; x_wconf 88' lang='lat' dir='ltr'>est.</span> 
     </span>
    </p>
   </div>
   <div class='ocr_carea' id='block_1_74' title="bbox 2115 2761 3766 2835">
    <p class='ocr_par' dir='ltr' id='par_1_74' title="bbox 2115 2761 3766 2835">
     <span class='ocr_line' id='line_1_74' title="bbox 2115 2761 3766 2835; baseline -0.001 -18"><span class='ocrx_word' id='word_1_551' title='bbox 2115 2763 2222 2828; x_wconf 88' lang='lat' dir='ltr'>Qui</span> <span class='ocrx_word' id='word_1_552' title='bbox 2245 2779 2478 2835; x_wconf 91' lang='lat' dir='ltr'>quoque</span> <span class='ocrx_word' id='word_1_553' title='bbox 2503 2762 2560 2818; x_wconf 90' lang='lat' dir='ltr'>in</span> <span class='ocrx_word' id='word_1_554' title='bbox 2584 2765 2712 2834; x_wconf 90' lang='lat' dir='ltr'>ipsa</span> <span class='ocrx_word' id='word_1_555' title='bbox 2736 2764 3059 2819; x_wconf 89' lang='lat' dir='ltr'>intentione</span> <span class='ocrx_word' id='word_1_556' title='bbox 3079 2761 3614 2818; x_wconf 83' lang='lat' dir='ltr'>commendationis</span> <span class='ocrx_word' id='word_1_557' title='bbox 3646 2778 3766 2816; x_wconf 63' lang='lat' dir='ltr'>sua:</span> 
     </span>
    </p>
   </div>
   <div class='ocr_carea' id='block_1_75' title="bbox 2117 2851 3766 2923">
    <p class='ocr_par' dir='ltr' id='par_1_75' title="bbox 2117 2851 3766 2923">
     <span class='ocr_line' id='line_1_75' title="bbox 2117 2851 3766 2923; baseline -0.002 -16"><span class='ocrx_word' id='word_1_558' title='bbox 2117 2852 2447 2907; x_wconf 89' lang='lat' dir='ltr'>autoritatis</span> <span class='ocrx_word' id='word_1_559' title='bbox 2480 2868 2876 2923; x_wconf 86' lang='lat' dir='ltr'>perseverans,</span> <span class='ocrx_word' id='word_1_560' title='bbox 2901 2853 3044 2908; x_wconf 89' lang='lat' dir='ltr'>dicit</span> <span class='ocrx_word' id='word_1_561' title='bbox 3070 2869 3082 2907; x_wconf 91' lang='lat'>:</span> <span class='ocrx_word' id='word_1_562' title='bbox 3122 2855 3184 2910; x_wconf 87' lang='lat' dir='ltr'>Ut</span> <span class='ocrx_word' id='word_1_563' title='bbox 3210 2861 3394 2907; x_wconf 86' lang='lat' dir='ltr'>autem</span> <span class='ocrx_word' id='word_1_564' title='bbox 3421 2866 3540 2907; x_wconf 84' lang='lat' dir='ltr'>non</span> <span class='ocrx_word' id='word_1_565' title='bbox 3568 2851 3766 2905; x_wconf 77' lang='lat' dir='ltr'>existi-</span> 
     </span>
    </p>
   </div>
   <div class='ocr_carea' id='block_1_76' title="bbox 2113 2941 3769 3012">
    <p class='ocr_par' dir='ltr' id='par_1_76' title="bbox 2113 2941 3769 3012">
     <span class='ocr_line' id='line_1_76' title="bbox 2113 2941 3769 3012; baseline -0.002 -15"><span class='ocrx_word' id='word_1_566' title='bbox 2113 2958 2232 2997; x_wconf 87' lang='lat' dir='ltr'>mer</span> <span class='ocrx_word' id='word_1_567' title='bbox 2251 2950 2512 3011; x_wconf 81' lang='lat' dir='ltr'>tanquam</span> <span class='ocrx_word' id='word_1_568' title='bbox 2535 2949 2740 2996; x_wconf 85' lang='lat' dir='ltr'>terrere</span> <span class='ocrx_word' id='word_1_569' title='bbox 2760 2959 2847 2997; x_wconf 88' lang='lat' dir='ltr'>vos</span> <span class='ocrx_word' id='word_1_570' title='bbox 2870 2941 3267 3012; x_wconf 86' lang='lat' dir='ltr'>(subauditur,</span> <span class='ocrx_word' id='word_1_571' title='bbox 3289 2941 3518 3005; x_wconf 87' lang='lat' dir='ltr'>volens)</span> <span class='ocrx_word' id='word_1_572' title='bbox 3539 2956 3642 3011; x_wconf 84' lang='lat' dir='ltr'>per</span> <span class='ocrx_word' id='word_1_573' title='bbox 3661 2941 3769 3010; x_wconf 82' lang='lat' dir='ltr'>epi-</span> 
     </span>
    </p>
   </div>
   <div class='ocr_carea' id='block_1_77' title="bbox 2114 3029 3772 3102">
    <p class='ocr_par' dir='ltr' id='par_1_77' title="bbox 2114 3029 3772 3102">
     <span class='ocr_line' id='line_1_77' title="bbox 2114 3029 3772 3102; baseline 0 -18"><span class='ocrx_word' id='word_1_574' title='bbox 2114 3032 2279 3086; x_wconf 82' lang='lat' dir='ltr'>stolas</span> <span class='ocrx_word' id='word_1_575' title='bbox 2301 3030 2698 3100; x_wconf 88' lang='lat' dir='ltr'>(subauditur,</span> <span class='ocrx_word' id='word_1_576' title='bbox 2718 3031 2889 3102; x_wconf 92' lang='lat' dir='ltr'>dico).</span> <span class='ocrx_word' id='word_1_577' title='bbox 2909 3031 3026 3086; x_wconf 88' lang='lat' dir='ltr'>Hos</span> <span class='ocrx_word' id='word_1_578' title='bbox 3049 3030 3133 3085; x_wconf 91' lang='lat' dir='ltr'>illi</span> <span class='ocrx_word' id='word_1_579' title='bbox 3154 3047 3410 3102; x_wconf 90' lang='lat' dir='ltr'>namque</span> <span class='ocrx_word' id='word_1_580' title='bbox 3433 3046 3540 3101; x_wconf 89' lang='lat' dir='ltr'>per</span> <span class='ocrx_word' id='word_1_581' title='bbox 3561 3029 3772 3100; x_wconf 82' lang='lat' dir='ltr'>episto-</span> 
     </span>
    </p>
   </div>
   <div class='ocr_carea' id='block_1_78' title="bbox 2116 3118 3768 3191">
    <p class='ocr_par' dir='ltr' id='par_1_78' title="bbox 2116 3118 3768 3191">
     <span class='ocr_line' id='line_1_78' title="bbox 2116 3118 3768 3191; baseline 0 -19"><span class='ocrx_word' id='word_1_582' title='bbox 2116 3118 2202 3174; x_wconf 90' lang='lat' dir='ltr'>las</span> <span class='ocrx_word' id='word_1_583' title='bbox 2224 3123 2464 3185; x_wconf 89' lang='lat' dir='ltr'>terrent,</span> <span class='ocrx_word' id='word_1_584' title='bbox 2490 3119 2590 3190; x_wconf 90' lang='lat' dir='ltr'>qui</span> <span class='ocrx_word' id='word_1_585' title='bbox 2617 3118 2776 3174; x_wconf 88' lang='lat' dir='ltr'>nulla</span> <span class='ocrx_word' id='word_1_586' title='bbox 2797 3121 2987 3191; x_wconf 90' lang='lat' dir='ltr'>gratia</span> <span class='ocrx_word' id='word_1_587' title='bbox 3008 3120 3527 3188; x_wconf 87' lang='lat' dir='ltr'>commendantur,</span> <span class='ocrx_word' id='word_1_588' title='bbox 3549 3119 3768 3190; x_wconf 87' lang='lat' dir='ltr'>quique</span> 
     </span>
    </p>
   </div>
   <div class='ocr_carea' id='block_1_79' title="bbox 2110 3206 3768 3272">
    <p class='ocr_par' dir='ltr' id='par_1_79' title="bbox 2110 3206 3768 3272">
     <span class='ocr_line' id='line_1_79' title="bbox 2110 3206 3768 3272; baseline -0.001 -11"><span class='ocrx_word' id='word_1_589' title='bbox 2110 3208 2286 3262; x_wconf 86' lang='lat' dir='ltr'>etiam</span> <span class='ocrx_word' id='word_1_590' title='bbox 2305 3206 2527 3262; x_wconf 91' lang='lat' dir='ltr'>nullam</span> <span class='ocrx_word' id='word_1_591' title='bbox 2548 3207 2765 3262; x_wconf 87' lang='lat' dir='ltr'>habent</span> <span class='ocrx_word' id='word_1_592' title='bbox 2781 3207 3212 3272; x_wconf 90' lang='lat' dir='ltr'>auctoritatem,</span> <span class='ocrx_word' id='word_1_593' title='bbox 3229 3206 3463 3262; x_wconf 91' lang='lat' dir='ltr'>nullum</span> <span class='ocrx_word' id='word_1_594' title='bbox 3484 3206 3768 3270; x_wconf 83' lang='lat' dir='ltr'>ofﬁcium,</span> 
     </span>
    </p>
   </div>
   <div class='ocr_carea' id='block_1_80' title="bbox 2110 3295 3768 3369">
    <p class='ocr_par' dir='ltr' id='par_1_80' title="bbox 2110 3295 3768 3369">
     <span class='ocr_line' id='line_1_80' title="bbox 2110 3295 3768 3369; baseline -0.001 -19"><span class='ocrx_word' id='word_1_595' title='bbox 2110 3296 2458 3368; x_wconf 90' lang='lat' dir='ltr'>nullumque</span> <span class='ocrx_word' id='word_1_596' title='bbox 2482 3296 2883 3369; x_wconf 84' lang='lat' dir='ltr'>magisterium</span> <span class='ocrx_word' id='word_1_597' title='bbox 2911 3314 2924 3363; x_wconf 89' lang='lat'><strong>;</strong></span> <span class='ocrx_word' id='word_1_598' title='bbox 2956 3295 3205 3368; x_wconf 90' lang='lat' dir='ltr'>ideoque</span> <span class='ocrx_word' id='word_1_599' title='bbox 3228 3300 3450 3352; x_wconf 88' lang='lat' dir='ltr'>terrent</span> <span class='ocrx_word' id='word_1_600' title='bbox 3472 3296 3768 3362; x_wconf 78' lang='lat' dir='ltr'>absentes,</span> 
     </span>
    </p>
   </div>
   <div class='ocr_carea' id='block_1_81' title="bbox 2110 3384 3768 3456">
    <p class='ocr_par' dir='ltr' id='par_1_81' title="bbox 2110 3384 3768 3456">
     <span class='ocr_line' id='line_1_81' title="bbox 2110 3384 3768 3456; baseline -0.001 -16"><span class='ocrx_word' id='word_1_601' title='bbox 2110 3385 2250 3456; x_wconf 91' lang='lat' dir='ltr'>quia</span> <span class='ocrx_word' id='word_1_602' title='bbox 2279 3386 2490 3440; x_wconf 89' lang='lat' dir='ltr'>timent</span> <span class='ocrx_word' id='word_1_603' title='bbox 2519 3390 2853 3456; x_wconf 76' lang='lat' dir='ltr'>praesentes.</span> <span class='ocrx_word' id='word_1_604' title='bbox 2878 3385 3126 3440; x_wconf 87' lang='lat' dir='ltr'>Econtra</span> <span class='ocrx_word' id='word_1_605' title='bbox 3157 3401 3271 3440; x_wconf 90' lang='lat' dir='ltr'>non</span> <span class='ocrx_word' id='word_1_606' title='bbox 3295 3389 3422 3439; x_wconf 89' lang='lat' dir='ltr'>erat</span> <span class='ocrx_word' id='word_1_607' title='bbox 3449 3384 3596 3440; x_wconf 87' lang='lat' dir='ltr'>talis</span> <span class='ocrx_word' id='word_1_608' title='bbox 3620 3392 3768 3455; x_wconf 84' lang='lat' dir='ltr'>Apo-</span> 
     </span>
    </p>
   </div>
   <div class='ocr_carea' id='block_1_82' title="bbox 2111 3473 3774 3546">
    <p class='ocr_par' dir='ltr' id='par_1_82' title="bbox 2111 3473 3774 3546">
     <span class='ocr_line' id='line_1_82' title="bbox 2111 3473 3774 3546; baseline -0.001 -18"><span class='ocrx_word' id='word_1_609' title='bbox 2111 3474 2317 3539; x_wconf 89' lang='lat' dir='ltr'>stolus,</span> <span class='ocrx_word' id='word_1_610' title='bbox 2335 3490 2522 3545; x_wconf 88' lang='lat' dir='ltr'>neque</span> <span class='ocrx_word' id='word_1_611' title='bbox 2542 3473 2624 3540; x_wconf 88' lang='lat' dir='ltr'>hi,</span> <span class='ocrx_word' id='word_1_612' title='bbox 2640 3475 2742 3546; x_wconf 92' lang='lat' dir='ltr'>qui</span> <span class='ocrx_word' id='word_1_613' title='bbox 2767 3491 2898 3529; x_wconf 88' lang='lat' dir='ltr'>cum</span> <span class='ocrx_word' id='word_1_614' title='bbox 2921 3491 2988 3529; x_wconf 89' lang='lat' dir='ltr'>eo</span> <span class='ocrx_word' id='word_1_615' title='bbox 3015 3479 3181 3528; x_wconf 90' lang='lat' dir='ltr'>erant</span> <span class='ocrx_word' id='word_1_616' title='bbox 3201 3492 3213 3528; x_wconf 93' lang='lat'><strong>:</strong></span> <span class='ocrx_word' id='word_1_617' title='bbox 3238 3473 3363 3544; x_wconf 90' lang='lat' dir='ltr'>ipse</span> <span class='ocrx_word' id='word_1_618' title='bbox 3384 3473 3549 3528; x_wconf 87' lang='lat' dir='ltr'>enim</span> <span class='ocrx_word' id='word_1_619' title='bbox 3576 3476 3774 3528; x_wconf 89' lang='lat' dir='ltr'>aucto-</span> 
     </span>
    </p>
   </div>
   <div class='ocr_carea' id='block_1_83' title="bbox 2113 3560 3775 3634">
    <p class='ocr_par' dir='ltr' id='par_1_83' title="bbox 2113 3560 3775 3634">
     <span class='ocr_line' id='line_1_83' title="bbox 2113 3560 3775 3634; baseline -0.002 -17"><span class='ocrx_word' id='word_1_620' title='bbox 2113 3563 2282 3618; x_wconf 90' lang='lat' dir='ltr'>ritate</span> <span class='ocrx_word' id='word_1_621' title='bbox 2299 3563 2839 3626; x_wconf 89' lang='lat' dir='ltr'>commendabatur,</span> <span class='ocrx_word' id='word_1_622' title='bbox 2855 3562 2994 3634; x_wconf 89' lang='lat' dir='ltr'>quia</span> <span class='ocrx_word' id='word_1_623' title='bbox 3014 3566 3070 3617; x_wconf 89' lang='lat' dir='ltr'>et</span> <span class='ocrx_word' id='word_1_624' title='bbox 3089 3560 3343 3633; x_wconf 89' lang='lat' dir='ltr'>Spiritus</span> <span class='ocrx_word' id='word_1_625' title='bbox 3363 3560 3559 3616; x_wconf 89' lang='lat' dir='ltr'>sancti</span> <span class='ocrx_word' id='word_1_626' title='bbox 3588 3560 3775 3634; x_wconf 80' lang='lat' dir='ltr'>gratia</span> 
     </span>
    </p>
   </div>
   <div class='ocr_carea' id='block_1_84' title="bbox 2111 3649 3776 3722">
    <p class='ocr_par' dir='ltr' id='par_1_84' title="bbox 2111 3649 3776 3722">
     <span class='ocr_line' id='line_1_84' title="bbox 2111 3649 3776 3722; baseline -0.001 -17"><span class='ocrx_word' id='word_1_627' title='bbox 2111 3656 2235 3706; x_wconf 87' lang='lat' dir='ltr'>erat</span> <span class='ocrx_word' id='word_1_628' title='bbox 2256 3650 2602 3722; x_wconf 88' lang='lat' dir='ltr'>repletus,et</span> <span class='ocrx_word' id='word_1_629' title='bbox 2630 3668 2663 3706; x_wconf 92' lang='lat' dir='ltr'>a</span> <span class='ocrx_word' id='word_1_630' title='bbox 2685 3651 2926 3706; x_wconf 85' lang='lat' dir='ltr'>Domino</span> <span class='ocrx_word' id='word_1_631' title='bbox 2948 3652 3018 3706; x_wconf 90' lang='lat' dir='ltr'>ad</span> <span class='ocrx_word' id='word_1_632' title='bbox 3049 3649 3486 3722; x_wconf 75' lang='lat' dir='ltr'>przedicationis</span> <span class='ocrx_word' id='word_1_633' title='bbox 3510 3649 3776 3705; x_wconf 81' lang='lat' dir='ltr'>ofﬁcium</span> 
     </span>
    </p>
   </div>
   <div class='ocr_carea' id='block_1_85' title="bbox 2114 3736 3774 3809">
    <p class='ocr_par' dir='ltr' id='par_1_85' title="bbox 2114 3736 3774 3809">
     <span class='ocr_line' id='line_1_85' title="bbox 2114 3736 3774 3809; baseline -0.002 -16"><span class='ocrx_word' id='word_1_634' title='bbox 2114 3739 2370 3794; x_wconf 88' lang='lat' dir='ltr'>directus</span> <span class='ocrx_word' id='word_1_635' title='bbox 2401 3757 2413 3807; x_wconf 94' lang='lat'><strong>;</strong></span> <span class='ocrx_word' id='word_1_636' title='bbox 2447 3738 2662 3794; x_wconf 91' lang='lat' dir='ltr'>idcirco</span> <span class='ocrx_word' id='word_1_637' title='bbox 2695 3739 2892 3793; x_wconf 89' lang='lat' dir='ltr'>omnia</span> <span class='ocrx_word' id='word_1_638' title='bbox 2921 3739 3249 3794; x_wconf 83' lang='lat' dir='ltr'>secundum</span> <span class='ocrx_word' id='word_1_639' title='bbox 3283 3738 3550 3809; x_wconf 88' lang='lat' dir='ltr'>Spiritus</span> <span class='ocrx_word' id='word_1_640' title='bbox 3585 3736 3774 3792; x_wconf 90' lang='lat' dir='ltr'>sancti</span> 
     </span>
    </p>
   </div>
   <div class='ocr_carea' id='block_1_86' title="bbox 2113 3827 3778 3900">
    <p class='ocr_par' dir='ltr' id='par_1_86' title="bbox 2113 3827 3778 3900">
     <span class='ocr_line' id='line_1_86' title="bbox 2113 3827 3778 3900; baseline 0 -20"><span class='ocrx_word' id='word_1_641' title='bbox 2113 3827 2558 3899; x_wconf 87' lang='lat' dir='ltr'>dispositionem</span> <span class='ocrx_word' id='word_1_642' title='bbox 2583 3828 2811 3900; x_wconf 87' lang='lat' dir='ltr'>agebat.</span> <span class='ocrx_word' id='word_1_643' title='bbox 2837 3827 3156 3899; x_wconf 89' lang='lat' dir='ltr'>Subjungit</span> <span class='ocrx_word' id='word_1_644' title='bbox 3185 3832 3241 3881; x_wconf 90' lang='lat' dir='ltr'>et</span> <span class='ocrx_word' id='word_1_645' title='bbox 3267 3827 3449 3881; x_wconf 87' lang='lat' dir='ltr'>verba</span> <span class='ocrx_word' id='word_1_646' title='bbox 3478 3827 3778 3881; x_wconf 83' lang='lat' dir='ltr'>aestiman-</span> 
     </span>
    </p>
   </div>
   <div class='ocr_carea' id='block_1_87' title="bbox 2113 3917 3779 3990">
    <p class='ocr_par' dir='ltr' id='par_1_87' title="bbox 2113 3917 3779 3990">
     <span class='ocr_line' id='line_1_87' title="bbox 2113 3917 3779 3990; baseline 0.001 -19"><span class='ocrx_word' id='word_1_647' title='bbox 2113 3917 2261 3973; x_wconf 91' lang='lat' dir='ltr'>tium</span> <span class='ocrx_word' id='word_1_648' title='bbox 2284 3935 2344 3974; x_wconf 91' lang='lat' dir='ltr'>se</span> <span class='ocrx_word' id='word_1_649' title='bbox 2366 3919 2636 3973; x_wconf 88' lang='lat' dir='ltr'>absentes</span> <span class='ocrx_word' id='word_1_650' title='bbox 2664 3935 2764 3989; x_wconf 89' lang='lat' dir='ltr'>per</span> <span class='ocrx_word' id='word_1_651' title='bbox 2783 3917 3062 3990; x_wconf 86' lang='lat' dir='ltr'>epistolas</span> <span class='ocrx_word' id='word_1_652' title='bbox 3083 3923 3331 3981; x_wconf 85' lang='lat' dir='ltr'>terrere;</span> <span class='ocrx_word' id='word_1_653' title='bbox 3359 3919 3632 3987; x_wconf 87' lang='lat' dir='ltr'>quoniam</span> <span class='ocrx_word' id='word_1_654' title='bbox 3654 3917 3779 3987; x_wconf 81' lang='lat' dir='ltr'>qui-</span> 
     </span>
    </p>
   </div>
   <div class='ocr_carea' id='block_1_88' title="bbox 2113 4006 3774 4077">
    <p class='ocr_par' dir='ltr' id='par_1_88' title="bbox 2113 4006 3774 4077">
     <span class='ocr_line' id='line_1_88' title="bbox 2113 4006 3774 4077; baseline -0.001 -15"><span class='ocrx_word' id='word_1_655' title='bbox 2113 4006 2237 4061; x_wconf 88' lang='lat' dir='ltr'>dem</span> <span class='ocrx_word' id='word_1_656' title='bbox 2283 4007 2548 4076; x_wconf 68' lang='lat' dir='ltr'>epistolae.</span> <span class='ocrx_word' id='word_1_657' title='bbox 2599 4007 2877 4077; x_wconf 81' lang='lat' dir='ltr'>inquiunt,</span> <span class='ocrx_word' id='word_1_658' title='bbox 2918 4021 3109 4075; x_wconf 87' lang='lat' dir='ltr'>graves</span> <span class='ocrx_word' id='word_1_659' title='bbox 3155 4009 3286 4059; x_wconf 89' lang='lat' dir='ltr'>sunt</span> <span class='ocrx_word' id='word_1_660' title='bbox 3331 4014 3385 4059; x_wconf 82' lang='lat' dir='ltr'>et</span> <span class='ocrx_word' id='word_1_661' title='bbox 3427 4007 3628 4075; x_wconf 82' lang='lat' dir='ltr'>fortes,</span> <span class='ocrx_word' id='word_1_662' title='bbox 3663 4009 3774 4060; x_wconf 85' lang='lat' dir='ltr'>etc.</span> 
     </span>
    </p>
   </div>
   <div class='ocr_carea' id='block_1_89' title="bbox 2115 4093 3776 4166">
    <p class='ocr_par' dir='ltr' id='par_1_89' title="bbox 2115 4093 3776 4166">
     <span class='ocr_line' id='line_1_89' title="bbox 2115 4093 3776 4166; baseline -0.002 -16"><span class='ocrx_word' id='word_1_663' title='bbox 2115 4096 2262 4150; x_wconf 89' lang='lat' dir='ltr'>Sane</span> <span class='ocrx_word' id='word_1_664' title='bbox 2283 4095 2612 4162; x_wconf 90' lang='lat' dir='ltr'>sciendum,</span> <span class='ocrx_word' id='word_1_665' title='bbox 2635 4095 2775 4166; x_wconf 89' lang='lat' dir='ltr'>quia</span> <span class='ocrx_word' id='word_1_666' title='bbox 2796 4097 3098 4165; x_wconf 73' lang='lat' dir='ltr'>praesentia</span> <span class='ocrx_word' id='word_1_667' title='bbox 3119 4098 3462 4148; x_wconf 87' lang='lat' dir='ltr'>sanctorum</span> <span class='ocrx_word' id='word_1_668' title='bbox 3487 4093 3776 4148; x_wconf 83' lang='lat' dir='ltr'>tumenti-</span> 
     </span>
    </p>
   </div>
   <div class='ocr_carea' id='block_1_90' title="bbox 2115 4183 3777 4253">
    <p class='ocr_par' dir='ltr' id='par_1_90' title="bbox 2115 4183 3777 4253">
     <span class='ocr_line' id='line_1_90' title="bbox 2115 4183 3777 4253; baseline -0.001 -16"><span class='ocrx_word' id='word_1_669' title='bbox 2115 4183 2247 4249; x_wconf 90' lang='lat' dir='ltr'>bus,</span> <span class='ocrx_word' id='word_1_670' title='bbox 2264 4200 2328 4238; x_wconf 91' lang='lat' dir='ltr'>ac</span> <span class='ocrx_word' id='word_1_671' title='bbox 2349 4183 2618 4253; x_wconf 89' lang='lat' dir='ltr'>superbis</span> <span class='ocrx_word' id='word_1_672' title='bbox 2637 4183 2866 4237; x_wconf 89' lang='lat' dir='ltr'>videtur</span> <span class='ocrx_word' id='word_1_673' title='bbox 2881 4199 3010 4237; x_wconf 87' lang='lat' dir='ltr'>esse</span> <span class='ocrx_word' id='word_1_674' title='bbox 3032 4183 3279 4252; x_wconf 80' lang='lat' dir='ltr'>inﬁrma,</span> <span class='ocrx_word' id='word_1_675' title='bbox 3294 4185 3352 4236; x_wconf 91' lang='lat' dir='ltr'>et</span> <span class='ocrx_word' id='word_1_676' title='bbox 3368 4197 3580 4236; x_wconf 90' lang='lat' dir='ltr'>eorum</span> <span class='ocrx_word' id='word_1_677' title='bbox 3599 4196 3777 4236; x_wconf 80' lang='lat' dir='ltr'>sermo</span> 
     </span>
    </p>
   </div>
   <div class='ocr_carea' id='block_1_91' title="bbox 2113 4270 3776 4342">
    <p class='ocr_par' dir='ltr' id='par_1_91' title="bbox 2113 4270 3776 4342">
     <span class='ocr_line' id='line_1_91' title="bbox 2113 4270 3776 4342; baseline 0 -18"><span class='ocrx_word' id='word_1_678' title='bbox 2113 4272 2554 4342; x_wconf 87' lang='lat' dir='ltr'>contemptibilis.</span> <span class='ocrx_word' id='word_1_679' title='bbox 2588 4272 2775 4334; x_wconf 88' lang='lat' dir='ltr'>Quare</span> <span class='ocrx_word' id='word_1_680' title='bbox 2797 4272 2824 4325; x_wconf 87' lang='lat'><strong>?</strong></span> <span class='ocrx_word' id='word_1_681' title='bbox 2871 4270 3018 4334; x_wconf 90' lang='lat' dir='ltr'>Quia</span> <span class='ocrx_word' id='word_1_682' title='bbox 3060 4273 3401 4324; x_wconf 87' lang='lat' dir='ltr'>sanctorum</span> <span class='ocrx_word' id='word_1_683' title='bbox 3435 4274 3654 4324; x_wconf 87' lang='lat' dir='ltr'>natura</span> <span class='ocrx_word' id='word_1_684' title='bbox 3681 4274 3776 4324; x_wconf 88' lang='lat' dir='ltr'>est</span> 
     </span>
    </p>
   </div>
   <div class='ocr_carea' id='block_1_92' title="bbox 2116 4358 3779 4422">
    <p class='ocr_par' dir='ltr' id='par_1_92' title="bbox 2116 4358 3779 4422">
     <span class='ocr_line' id='line_1_92' title="bbox 2116 4358 3779 4422; baseline -0.001 -8"><span class='ocrx_word' id='word_1_685' title='bbox 2116 4360 2266 4415; x_wconf 93' lang='lat' dir='ltr'>nolle</span> <span class='ocrx_word' id='word_1_686' title='bbox 2297 4377 2464 4414; x_wconf 87' lang='lat' dir='ltr'>suam</span> <span class='ocrx_word' id='word_1_687' title='bbox 2498 4360 2903 4415; x_wconf 88' lang='lat' dir='ltr'>auctoritatem</span> <span class='ocrx_word' id='word_1_688' title='bbox 2933 4359 3258 4422; x_wconf 85' lang='lat' dir='ltr'>ostendere,</span> <span class='ocrx_word' id='word_1_689' title='bbox 3293 4358 3409 4413; x_wconf 91' lang='lat' dir='ltr'>nisi</span> <span class='ocrx_word' id='word_1_690' title='bbox 3461 4360 3675 4414; x_wconf 88' lang='lat' dir='ltr'>coacti.</span> <span class='ocrx_word' id='word_1_691' title='bbox 3709 4361 3779 4412; x_wconf 80' lang='lat' dir='ltr'>Et</span> 
     </span>
    </p>
   </div>
   <div class='ocr_carea' id='block_1_93' title="bbox 2115 4445 3784 4520">
    <p class='ocr_par' dir='ltr' id='par_1_93' title="bbox 2115 4445 3784 4520">
     <span class='ocr_line' id='line_1_93' title="bbox 2115 4445 3784 4520; baseline -0.001 -17"><span class='ocrx_word' id='word_1_692' title='bbox 2115 4448 2242 4503; x_wconf 84' lang='lat' dir='ltr'>ideo</span> <span class='ocrx_word' id='word_1_693' title='bbox 2276 4465 2391 4520; x_wconf 89' lang='lat' dir='ltr'>quo</span> <span class='ocrx_word' id='word_1_694' title='bbox 2423 4465 2521 4505; x_wconf 91' lang='lat' dir='ltr'>eos</span> <span class='ocrx_word' id='word_1_695' title='bbox 2552 4448 2819 4503; x_wconf 89' lang='lat' dir='ltr'>inﬁrmos</span> <span class='ocrx_word' id='word_1_696' title='bbox 2850 4447 3241 4518; x_wconf 87' lang='lat' dir='ltr'>conspiciunt,</span> <span class='ocrx_word' id='word_1_697' title='bbox 3273 4462 3340 4502; x_wconf 90' lang='lat' dir='ltr'>eo</span> <span class='ocrx_word' id='word_1_698' title='bbox 3388 4445 3620 4504; x_wconf 89' lang='lat' dir='ltr'>nullius</span> <span class='ocrx_word' id='word_1_699' title='bbox 3651 4463 3784 4503; x_wconf 87' lang='lat' dir='ltr'>esse</span> 
     </span>
    </p>
   </div>
   <div class='ocr_carea' id='block_1_94' title="bbox 358 4528 3780 4614">
    <p class='ocr_par' dir='ltr' id='par_1_94' title="bbox 358 4528 3780 4614">
     <span class='ocr_line' id='line_1_94' title="bbox 358 4528 3780 4614; baseline 0.001 -31"><span class='ocrx_word' id='word_1_700' title='bbox 358 4528 739 4586; x_wconf 87' lang='lat' dir='ltr'>Altitudinem</span> <span class='ocrx_word' id='word_1_701' title='bbox 771 4532 926 4587; x_wconf 90' lang='lat' dir='ltr'>enim</span> <span class='ocrx_word' id='word_1_702' title='bbox 960 4533 1186 4605; x_wconf 88' lang='lat' dir='ltr'>antiqui</span> <span class='ocrx_word' id='word_1_703' title='bbox 1219 4534 1405 4590; x_wconf 90' lang='lat' dir='ltr'>hostis</span> <span class='ocrx_word' id='word_1_704' title='bbox 1435 4536 1690 4607; x_wconf 88' lang='lat' dir='ltr'>appellat</span> <span class='ocrx_word' id='word_1_705' title='bbox 1737 4539 2005 4605; x_wconf 86' lang='lat' dir='ltr'>insidias,</span> <span class='ocrx_word' id='word_1_706' title='bbox 2035 4550 2082 4614; x_wconf 74' lang='grc' dir='ltr'>Ι)</span> <span class='ocrx_word' id='word_1_707' title='bbox 2114 4537 2477 4592; x_wconf 87' lang='lat' dir='ltr'>auctoritatis</span> <span class='ocrx_word' id='word_1_708' title='bbox 2509 4541 2736 4608; x_wconf 88' lang='lat' dir='ltr'>putant.</span> <span class='ocrx_word' id='word_1_709' title='bbox 2771 4537 3018 4591; x_wconf 89' lang='lat' dir='ltr'>Econtra</span> <span class='ocrx_word' id='word_1_710' title='bbox 3049 4534 3216 4590; x_wconf 89' lang='lat' dir='ltr'>aliter</span> <span class='ocrx_word' id='word_1_711' title='bbox 3246 4533 3452 4590; x_wconf 89' lang='lat' dir='ltr'>ﬁdeles</span> <span class='ocrx_word' id='word_1_712' title='bbox 3483 4536 3780 4591; x_wconf 88' lang='lat' dir='ltr'>sentiunt.</span> 
     </span>
    </p>
   </div>
   <div class='ocr_carea' id='block_1_95' title="bbox 362 4619 2006 4696">
    <p class='ocr_par' dir='ltr' id='par_1_95' title="bbox 362 4619 2006 4696">
     <span class='ocr_line' id='line_1_95' title="bbox 362 4619 2006 4696; baseline 0.007 -24"><span class='ocrx_word' id='word_1_713' title='bbox 362 4635 489 4688; x_wconf 67' lang='lat' dir='ltr'>quae</span> <span class='ocrx_word' id='word_1_714' title='bbox 512 4619 774 4675; x_wconf 89' lang='lat' dir='ltr'>consiliis</span> <span class='ocrx_word' id='word_1_715' title='bbox 805 4637 866 4676; x_wconf 91' lang='lat' dir='ltr'>se</span> <span class='ocrx_word' id='word_1_716' title='bbox 897 4621 1165 4677; x_wconf 90' lang='lat' dir='ltr'>inserunt</span> <span class='ocrx_word' id='word_1_717' title='bbox 1185 4622 1514 4689; x_wconf 89' lang='lat' dir='ltr'>hominum,</span> <span class='ocrx_word' id='word_1_718' title='bbox 1539 4629 1594 4680; x_wconf 88' lang='lat' dir='ltr'>et</span> <span class='ocrx_word' id='word_1_719' title='bbox 1624 4627 1793 4696; x_wconf 90' lang='lat' dir='ltr'>quasi</span> <span class='ocrx_word' id='word_1_720' title='bbox 1819 4628 2006 4684; x_wconf 86' lang='lat' dir='ltr'>muni-</span> 
     </span>
    </p>
   </div>
   <div class='ocr_carea' id='block_1_96' title="bbox 365 4707 2007 4784">
    <p class='ocr_par' dir='ltr' id='par_1_96' title="bbox 365 4707 2007 4784">
     <span class='ocr_line' id='line_1_96' title="bbox 365 4707 2007 4784; baseline 0.008 -24"><span class='ocrx_word' id='word_1_721' title='bbox 365 4707 583 4762; x_wconf 89' lang='lat' dir='ltr'>tionem</span> <span class='ocrx_word' id='word_1_722' title='bbox 616 4708 858 4774; x_wconf 86' lang='lat' dir='ltr'>faciunt,</span> <span class='ocrx_word' id='word_1_723' title='bbox 892 4712 990 4766; x_wconf 90' lang='lat' dir='ltr'>sed</span> <span class='ocrx_word' id='word_1_724' title='bbox 1022 4715 1219 4768; x_wconf 89' lang='lat' dir='ltr'>tamen</span> <span class='ocrx_word' id='word_1_725' title='bbox 1251 4713 1570 4784; x_wconf 84' lang='lat' dir='ltr'>apostolica</span> <span class='ocrx_word' id='word_1_726' title='bbox 1599 4715 1867 4771; x_wconf 88' lang='lat' dir='ltr'>doctrina</span> <span class='ocrx_word' id='word_1_727' title='bbox 1909 4719 2007 4773; x_wconf 90' lang='lat' dir='ltr'>de-</span> 
     </span>
    </p>
   </div>
   <div class='ocr_carea' id='block_1_97' title="bbox 364 4796 2006 4874">
    <p class='ocr_par' dir='ltr' id='par_1_97' title="bbox 364 4796 2006 4874">
     <span class='ocr_line' id='line_1_97' title="bbox 364 4796 2006 4874; baseline 0.007 -24"><span class='ocrx_word' id='word_1_728' title='bbox 364 4796 632 4850; x_wconf 86' lang='lat' dir='ltr'>struitur.</span> <span class='ocrx_word' id='word_1_729' title='bbox 653 4797 753 4851; x_wconf 89' lang='lat' dir='ltr'>Isti</span> <span class='ocrx_word' id='word_1_730' title='bbox 769 4798 922 4853; x_wconf 91' lang='lat' dir='ltr'>enim</span> <span class='ocrx_word' id='word_1_731' title='bbox 941 4799 1197 4856; x_wconf 88' lang='lat' dir='ltr'>volentes</span> <span class='ocrx_word' id='word_1_732' title='bbox 1220 4819 1387 4856; x_wconf 91' lang='lat' dir='ltr'>suam</span> <span class='ocrx_word' id='word_1_733' title='bbox 1409 4807 1663 4859; x_wconf 86' lang='lat' dir='ltr'>statuere</span> <span class='ocrx_word' id='word_1_734' title='bbox 1680 4805 2006 4874; x_wconf 85' lang='lat' dir='ltr'>scientiam,</span> 
     </span>
    </p>
   </div>
   <div class='ocr_carea' id='block_1_98' title="bbox 365 4883 2009 4966">
    <p class='ocr_par' dir='ltr' id='par_1_98' title="bbox 365 4883 2009 4966">
     <span class='ocr_line' id='line_1_98' title="bbox 365 4883 2009 4966; baseline 0.008 -29"><span class='ocrx_word' id='word_1_735' title='bbox 365 4883 595 4939; x_wconf 90' lang='lat' dir='ltr'>humilii</span> <span class='ocrx_word' id='word_1_736' title='bbox 628 4902 689 4940; x_wconf 90' lang='lat' dir='ltr'>se</span> <span class='ocrx_word' id='word_1_737' title='bbox 712 4886 811 4941; x_wconf 91' lang='lat' dir='ltr'>Dei</span> <span class='ocrx_word' id='word_1_738' title='bbox 833 4888 1003 4942; x_wconf 91' lang='lat' dir='ltr'>subdi</span> <span class='ocrx_word' id='word_1_739' title='bbox 1026 4888 1342 4944; x_wconf 88' lang='lat' dir='ltr'>noluerunt</span> <span class='ocrx_word' id='word_1_740' title='bbox 1363 4893 1638 4947; x_wconf 72' lang='lat' dir='ltr'>scientiae.</span> <span class='ocrx_word' id='word_1_741' title='bbox 1662 4895 1727 4947; x_wconf 84' lang='lat' dir='ltr'>Et</span> <span class='ocrx_word' id='word_1_742' title='bbox 1755 4901 1815 4948; x_wconf 80' lang='lat' dir='ltr'>in</span> <span class='ocrx_word' id='word_1_743' title='bbox 1835 4899 2009 4966; x_wconf 87' lang='lat' dir='ltr'>capti-</span> 
     </span>
    </p>
   </div>
   <div class='ocr_carea' id='block_1_99' title="bbox 359 4974 2006 5052">
    <p class='ocr_par' dir='ltr' id='par_1_99' title="bbox 359 4974 2006 5052">
     <span class='ocr_line' id='line_1_99' title="bbox 359 4974 2006 5052; baseline 0.007 -25"><span class='ocrx_word' id='word_1_744' title='bbox 359 4975 585 5029; x_wconf 82' lang='lat' dir='ltr'>vitatem</span> <span class='ocrx_word' id='word_1_745' title='bbox 635 4974 960 5044; x_wconf 82' lang='lat' dir='ltr'>redigentes,</span> <span class='ocrx_word' id='word_1_746' title='bbox 993 4983 1136 5045; x_wconf 86' lang='lat' dir='ltr'>etc.;</span> <span class='ocrx_word' id='word_1_747' title='bbox 1187 4979 1244 5033; x_wconf 89' lang='lat' dir='ltr'>id</span> <span class='ocrx_word' id='word_1_748' title='bbox 1276 4984 1383 5044; x_wconf 88' lang='lat' dir='ltr'>est,</span> <span class='ocrx_word' id='word_1_749' title='bbox 1418 4987 1764 5052; x_wconf 88' lang='lat' dir='ltr'>superantes</span> <span class='ocrx_word' id='word_1_750' title='bbox 1796 5000 2006 5040; x_wconf 89' lang='lat' dir='ltr'>sumus</span> 
     </span>
    </p>
   </div>
   <div class='ocr_carea' id='block_1_100' title="bbox 357 5063 2005 5142">
    <p class='ocr_par' dir='ltr' id='par_1_100' title="bbox 357 5063 2005 5142">
     <span class='ocr_line' id='line_1_100' title="bbox 357 5063 2005 5142; baseline 0.007 -27"><span class='ocrx_word' id='word_1_751' title='bbox 357 5063 904 5135; x_wconf 82' lang='lat' dir='ltr'>pseudoapostolos,</span> <span class='ocrx_word' id='word_1_752' title='bbox 921 5066 1020 5136; x_wconf 89' lang='lat' dir='ltr'>qui</span> <span class='ocrx_word' id='word_1_753' title='bbox 1038 5081 1249 5121; x_wconf 87' lang='lat' dir='ltr'>omnem</span> <span class='ocrx_word' id='word_1_754' title='bbox 1269 5068 1599 5124; x_wconf 84' lang='lat' dir='ltr'>intellectum</span> <span class='ocrx_word' id='word_1_755' title='bbox 1617 5077 2005 5142; x_wconf 67' lang='lat' dir='ltr'>praeparatum</span> 
     </span>
    </p>
   </div>
   <div class='ocr_carea' id='block_1_101' title="bbox 357 5151 2008 5225">
    <p class='ocr_par' dir='ltr' id='par_1_101' title="bbox 357 5151 2008 5225">
     <span class='ocr_line' id='line_1_101' title="bbox 357 5151 2008 5225; baseline 0.008 -23"><span class='ocrx_word' id='word_1_756' title='bbox 357 5151 424 5203; x_wconf 78' lang='lat' dir='ltr'>ad</span> <span class='ocrx_word' id='word_1_757' title='bbox 448 5152 768 5222; x_wconf 82' lang='lat' dir='ltr'>obsequium</span> <span class='ocrx_word' id='word_1_758' title='bbox 790 5152 1011 5221; x_wconf 78' lang='lat' dir='ltr'>Christi,</span> <span class='ocrx_word' id='word_1_759' title='bbox 1037 5156 1352 5225; x_wconf 87' lang='lat' dir='ltr'>captivant,</span> <span class='ocrx_word' id='word_1_760' title='bbox 1380 5162 1436 5212; x_wconf 88' lang='lat' dir='ltr'>et</span> <span class='ocrx_word' id='word_1_761' title='bbox 1456 5158 1566 5212; x_wconf 91' lang='lat' dir='ltr'>sibi</span> <span class='ocrx_word' id='word_1_762' title='bbox 1590 5160 1872 5214; x_wconf 89' lang='lat' dir='ltr'>subdunt.</span> <span class='ocrx_word' id='word_1_763' title='bbox 1905 5161 2008 5216; x_wconf 87' lang='lat' dir='ltr'>Est</span> 
     </span>
    </p>
   </div>
   <div class='ocr_carea' id='block_1_102' title="bbox 356 5237 2002 5315">
    <p class='ocr_par' dir='ltr' id='par_1_102' title="bbox 356 5237 2002 5315">
     <span class='ocr_line' id='line_1_102' title="bbox 356 5237 2002 5315; baseline 0.009 -26"><span class='ocrx_word' id='word_1_764' title='bbox 356 5237 530 5292; x_wconf 87' lang='lat' dir='ltr'>etiam</span> <span class='ocrx_word' id='word_1_765' title='bbox 581 5242 730 5296; x_wconf 91' lang='lat' dir='ltr'>alter</span> <span class='ocrx_word' id='word_1_766' title='bbox 769 5242 975 5298; x_wconf 90' lang='lat' dir='ltr'>melior</span> <span class='ocrx_word' id='word_1_767' title='bbox 1027 5260 1235 5299; x_wconf 88' lang='lat' dir='ltr'>sensus</span> <span class='ocrx_word' id='word_1_768' title='bbox 1271 5263 1282 5300; x_wconf 95' lang='lat'>:</span> <span class='ocrx_word' id='word_1_769' title='bbox 1335 5245 1708 5302; x_wconf 87' lang='lat' dir='ltr'>Manifestata</span> <span class='ocrx_word' id='word_1_770' title='bbox 1740 5249 2002 5315; x_wconf 86' lang='lat' dir='ltr'>veritate,</span> 
     </span>
    </p>
   </div>
   <div class='ocr_carea' id='block_1_103' title="bbox 356 5324 1042 5387">
    <p class='ocr_par' dir='ltr' id='par_1_103' title="bbox 356 5324 1042 5387">
     <span class='ocr_line' id='line_1_103' title="bbox 356 5324 1042 5387; baseline 0.015 -10"><span class='ocrx_word' id='word_1_771' title='bbox 356 5324 669 5384; x_wconf 75' lang='lat' dir='ltr'>falsitatem</span> <span class='ocrx_word' id='word_1_772' title='bbox 719 5331 1042 5387; x_wconf 89' lang='lat' dir='ltr'>destruere.</span> 
     </span>
    </p>
   </div>
   <div class='ocr_carea' id='block_1_104' title="bbox 425 5413 2001 5495">
    <p class='ocr_par' dir='ltr' id='par_1_104' title="bbox 425 5413 2001 5495">
     <span class='ocr_line' id='line_1_104' title="bbox 425 5413 2001 5495; baseline 0.011 -32"><span class='ocrx_word' id='word_1_773' title='bbox 425 5413 489 5464; x_wconf 82' lang='lat' dir='ltr'>Et</span> <span class='ocrx_word' id='word_1_774' title='bbox 521 5416 582 5467; x_wconf 82' lang='lat' dir='ltr'>in</span> <span class='ocrx_word' id='word_1_775' title='bbox 609 5424 862 5489; x_wconf 89' lang='lat' dir='ltr'>promptu</span> <span class='ocrx_word' id='word_1_776' title='bbox 891 5421 1169 5485; x_wconf 83' lang='lat' dir='ltr'>habentes,</span> <span class='ocrx_word' id='word_1_777' title='bbox 1202 5425 1312 5475; x_wconf 88' lang='lat' dir='ltr'>etc.</span> <span class='ocrx_word' id='word_1_778' title='bbox 1351 5424 1413 5476; x_wconf 89' lang='lat' dir='ltr'>ln</span> <span class='ocrx_word' id='word_1_779' title='bbox 1456 5428 1751 5495; x_wconf 91' lang='lat' dir='ltr'>promptu,</span> <span class='ocrx_word' id='word_1_780' title='bbox 1785 5425 1843 5480; x_wconf 92' lang='lat' dir='ltr'>id</span> <span class='ocrx_word' id='word_1_781' title='bbox 1893 5430 2001 5495; x_wconf 87' lang='lat' dir='ltr'>est,</span> 
     </span>
    </p>
   </div>
   <div class='ocr_carea' id='block_1_105' title="bbox 357 5501 2004 5582">
    <p class='ocr_par' dir='ltr' id='par_1_105' title="bbox 357 5501 2004 5582">
     <span class='ocr_line' id='line_1_105' title="bbox 357 5501 2004 5582; baseline 0.009 -28"><span class='ocrx_word' id='word_1_782' title='bbox 357 5501 417 5554; x_wconf 90' lang='lat' dir='ltr'>in</span> <span class='ocrx_word' id='word_1_783' title='bbox 451 5508 756 5572; x_wconf 79' lang='lat' dir='ltr'>prepatulo</span> <span class='ocrx_word' id='word_1_784' title='bbox 791 5525 802 5561; x_wconf 88' lang='lat'><strong>:</strong></span> <span class='ocrx_word' id='word_1_785' title='bbox 854 5511 1024 5579; x_wconf 89' lang='lat' dir='ltr'>quasi</span> <span class='ocrx_word' id='word_1_786' title='bbox 1056 5509 1272 5566; x_wconf 87' lang='lat' dir='ltr'>diceret</span> <span class='ocrx_word' id='word_1_787' title='bbox 1304 5525 1317 5563; x_wconf 90' lang='lat'><em>:</em></span> <span class='ocrx_word' id='word_1_788' title='bbox 1367 5511 1430 5564; x_wconf 87' lang='lat' dir='ltr'>In</span> <span class='ocrx_word' id='word_1_789' title='bbox 1459 5515 1715 5582; x_wconf 88' lang='lat' dir='ltr'>promptu</span> <span class='ocrx_word' id='word_1_790' title='bbox 1746 5512 2004 5570; x_wconf 84' lang='lat' dir='ltr'>habentes</span> 
     </span>
    </p>
   </div>
   <div class='ocr_carea' id='block_1_106' title="bbox 357 5594 2004 5675">
    <p class='ocr_par' dir='ltr' id='par_1_106' title="bbox 357 5594 2004 5675">
     <span class='ocr_line' id='line_1_106' title="bbox 357 5594 2004 5675; baseline 0.01 -31"><span class='ocrx_word' id='word_1_791' title='bbox 357 5605 567 5644; x_wconf 89' lang='lat' dir='ltr'>sumus</span> <span class='ocrx_word' id='word_1_792' title='bbox 621 5594 810 5649; x_wconf 84' lang='lat' dir='ltr'>ulcisci</span> <span class='ocrx_word' id='word_1_793' title='bbox 855 5613 1071 5652; x_wconf 88' lang='lat' dir='ltr'>omnem</span> <span class='ocrx_word' id='word_1_794' title='bbox 1121 5597 1566 5669; x_wconf 81' lang='lat' dir='ltr'>inobedientiam,</span> <span class='ocrx_word' id='word_1_795' title='bbox 1608 5619 1734 5657; x_wconf 89' lang='lat' dir='ltr'>cum</span> <span class='ocrx_word' id='word_1_796' title='bbox 1781 5603 2004 5675; x_wconf 83' lang='lat' dir='ltr'>impleta</span> 
     </span>
    </p>
   </div>
   <div class='ocr_carea' id='block_1_107' title="bbox 2115 4621 3784 4698">
    <p class='ocr_par' dir='ltr' id='par_1_107' title="bbox 2115 4621 3784 4698">
     <span class='ocr_line' id='line_1_107' title="bbox 2115 4621 3784 4698; baseline -0.002 -16"><span class='ocrx_word' id='word_1_797' title='bbox 2115 4627 2260 4682; x_wconf 87' lang='lat' dir='ltr'>Nam</span> <span class='ocrx_word' id='word_1_798' title='bbox 2294 4643 2408 4698; x_wconf 93' lang='lat' dir='ltr'>quo</span> <span class='ocrx_word' id='word_1_799' title='bbox 2440 4642 2541 4680; x_wconf 89' lang='lat' dir='ltr'>eos</span> <span class='ocrx_word' id='word_1_800' title='bbox 2571 4626 2682 4697; x_wconf 89' lang='lat' dir='ltr'>ipsi</span> <span class='ocrx_word' id='word_1_801' title='bbox 2714 4625 3057 4695; x_wconf 88' lang='lat' dir='ltr'>abjectiores</span> <span class='ocrx_word' id='word_1_802' title='bbox 3088 4621 3437 4694; x_wconf 89' lang='lat' dir='ltr'>inspiciunt,</span> <span class='ocrx_word' id='word_1_803' title='bbox 3471 4639 3543 4678; x_wconf 91' lang='lat' dir='ltr'>eo</span> <span class='ocrx_word' id='word_1_804' title='bbox 3586 4623 3784 4678; x_wconf 80' lang='lat' dir='ltr'>subli-</span> 
     </span>
    </p>
   </div>
   <div class='ocr_carea' id='block_1_108' title="bbox 2120 4710 3786 4785">
    <p class='ocr_par' dir='ltr' id='par_1_108' title="bbox 2120 4710 3786 4785">
     <span class='ocr_line' id='line_1_108' title="bbox 2120 4710 3786 4785; baseline -0.003 -15"><span class='ocrx_word' id='word_1_805' title='bbox 2120 4717 2333 4770; x_wconf 88' lang='lat' dir='ltr'>miores</span> <span class='ocrx_word' id='word_1_806' title='bbox 2381 4720 2438 4770; x_wconf 91' lang='lat' dir='ltr'>et</span> <span class='ocrx_word' id='word_1_807' title='bbox 2486 4715 2729 4784; x_wconf 89' lang='lat' dir='ltr'>majoris</span> <span class='ocrx_word' id='word_1_808' title='bbox 2760 4731 2890 4770; x_wconf 90' lang='lat' dir='ltr'>esse</span> <span class='ocrx_word' id='word_1_809' title='bbox 2919 4712 3286 4769; x_wconf 86' lang='lat' dir='ltr'>auctoritatis</span> <span class='ocrx_word' id='word_1_810' title='bbox 3316 4710 3690 4785; x_wconf 86' lang='lat' dir='ltr'>intelligunt,</span> <span class='ocrx_word' id='word_1_811' title='bbox 3723 4716 3786 4766; x_wconf 88' lang='lat' dir='ltr'>et</span> 
     </span>
    </p>
   </div>
   <div class='ocr_carea' id='block_1_109' title="bbox 2119 4803 2950 4876">
    <p class='ocr_par' dir='ltr' id='par_1_109' title="bbox 2119 4803 2950 4876">
     <span class='ocr_line' id='line_1_109' title="bbox 2119 4803 2950 4876; baseline 0 -19"><span class='ocrx_word' id='word_1_812' title='bbox 2119 4803 2336 4859; x_wconf 88' lang='lat' dir='ltr'>idcirco</span> <span class='ocrx_word' id='word_1_813' title='bbox 2369 4803 2556 4876; x_wconf 84' lang='lat' dir='ltr'>magis</span> <span class='ocrx_word' id='word_1_814' title='bbox 2587 4819 2686 4858; x_wconf 89' lang='lat' dir='ltr'>eos</span> <span class='ocrx_word' id='word_1_815' title='bbox 2721 4803 2950 4857; x_wconf 86' lang='lat' dir='ltr'>timent.</span> 
     </span>
    </p>
   </div>
   <div class='ocr_carea' id='block_1_110' title="bbox 2189 4888 3780 4963">
    <p class='ocr_par' dir='ltr' id='par_1_110' title="bbox 2189 4888 3780 4963">
     <span class='ocr_line' id='line_1_110' title="bbox 2189 4888 3780 4963; baseline -0.002 -15"><span class='ocrx_word' id='word_1_816' title='bbox 2189 4893 2464 4963; x_wconf 85' lang='lat' dir='ltr'>Sequitur</span> <span class='ocrx_word' id='word_1_817' title='bbox 2494 4910 2506 4947; x_wconf 93' lang='lat'>:</span> <span class='ocrx_word' id='word_1_818' title='bbox 2540 4893 2668 4948; x_wconf 67' lang='lat' dir='ltr'>Haec</span> <span class='ocrx_word' id='word_1_819' title='bbox 2687 4893 2837 4946; x_wconf 89' lang='lat' dir='ltr'>enim</span> <span class='ocrx_word' id='word_1_820' title='bbox 2853 4892 3068 4962; x_wconf 87' lang='lat' dir='ltr'>cogitet,</span> <span class='ocrx_word' id='word_1_821' title='bbox 3092 4891 3188 4960; x_wconf 89' lang='lat' dir='ltr'>qui</span> <span class='ocrx_word' id='word_1_822' title='bbox 3211 4888 3488 4960; x_wconf 86' lang='lat' dir='ltr'>ejusmodi</span> <span class='ocrx_word' id='word_1_823' title='bbox 3515 4895 3637 4955; x_wconf 87' lang='lat' dir='ltr'>est,-</span> <span class='ocrx_word' id='word_1_824' title='bbox 3669 4890 3780 4945; x_wconf 87' lang='lat' dir='ltr'>hoc</span> 
     </span>
    </p>
   </div>
   <div class='ocr_carea' id='block_1_111' title="bbox 2117 4978 3786 5052">
    <p class='ocr_par' dir='ltr' id='par_1_111' title="bbox 2117 4978 3786 5052">
     <span class='ocr_line' id='line_1_111' title="bbox 2117 4978 3786 5052; baseline -0.001 -17"><span class='ocrx_word' id='word_1_825' title='bbox 2117 4986 2223 5049; x_wconf 89' lang='lat' dir='ltr'>est,</span> <span class='ocrx_word' id='word_1_826' title='bbox 2258 4981 2355 5052; x_wconf 89' lang='lat' dir='ltr'>qui</span> <span class='ocrx_word' id='word_1_827' title='bbox 2391 4980 2798 5051; x_wconf 90' lang='lat' dir='ltr'>hujuscemodi</span> <span class='ocrx_word' id='word_1_828' title='bbox 2831 4984 2922 5034; x_wconf 88' lang='lat' dir='ltr'>est</span> <span class='ocrx_word' id='word_1_829' title='bbox 2950 4978 3379 5045; x_wconf 64' lang='lat' dir='ltr'>aestimationis,</span> <span class='ocrx_word' id='word_1_830' title='bbox 3413 4981 3557 5049; x_wconf 88' lang='lat' dir='ltr'>quia</span> <span class='ocrx_word' id='word_1_831' title='bbox 3587 4979 3786 5051; x_wconf 82' lang='lat' dir='ltr'>quales</span> 
     </span>
    </p>
   </div>
   <div class='ocr_carea' id='block_1_112' title="bbox 2115 5066 3787 5140">
    <p class='ocr_par' dir='ltr' id='par_1_112' title="bbox 2115 5066 3787 5140">
     <span class='ocr_line' id='line_1_112' title="bbox 2115 5066 3787 5140; baseline -0.001 -16"><span class='ocrx_word' id='word_1_832' title='bbox 2115 5086 2303 5124; x_wconf 85' lang='lat' dir='ltr'>sumus</span> <span class='ocrx_word' id='word_1_833' title='bbox 2332 5085 2430 5140; x_wconf 85' lang='lat' dir='ltr'>per</span> <span class='ocrx_word' id='word_1_834' title='bbox 2457 5070 2714 5140; x_wconf 88' lang='lat' dir='ltr'>epistolas</span> <span class='ocrx_word' id='word_1_835' title='bbox 2743 5068 3012 5134; x_wconf 87' lang='lat' dir='ltr'>absentes,</span> <span class='ocrx_word' id='word_1_836' title='bbox 3047 5072 3190 5132; x_wconf 88' lang='lat' dir='ltr'>etc.;</span> <span class='ocrx_word' id='word_1_837' title='bbox 3223 5083 3289 5120; x_wconf 87' lang='lat' dir='ltr'>ac</span> <span class='ocrx_word' id='word_1_838' title='bbox 3328 5067 3378 5121; x_wconf 91' lang='lat' dir='ltr'>si</span> <span class='ocrx_word' id='word_1_839' title='bbox 3412 5066 3552 5123; x_wconf 88' lang='lat' dir='ltr'>aliis</span> <span class='ocrx_word' id='word_1_840' title='bbox 3585 5067 3787 5122; x_wconf 88' lang='lat' dir='ltr'>verbis</span> 
     </span>
    </p>
   </div>
   <div class='ocr_carea' id='block_1_113' title="bbox 2116 5154 3786 5226">
    <p class='ocr_par' dir='ltr' id='par_1_113' title="bbox 2116 5154 3786 5226">
     <span class='ocr_line' id='line_1_113' title="bbox 2116 5154 3786 5226; baseline -0.001 -15"><span class='ocrx_word' id='word_1_841' title='bbox 2116 5157 2388 5214; x_wconf 88' lang='lat' dir='ltr'>dixisset:</span> <span class='ocrx_word' id='word_1_842' title='bbox 2416 5157 2537 5212; x_wconf 80' lang='lat' dir='ltr'>Non</span> <span class='ocrx_word' id='word_1_843' title='bbox 2565 5173 2695 5212; x_wconf 91' lang='lat' dir='ltr'>sum</span> <span class='ocrx_word' id='word_1_844' title='bbox 2719 5154 2885 5225; x_wconf 87' lang='lat' dir='ltr'>alter,</span> <span class='ocrx_word' id='word_1_845' title='bbox 2911 5162 2969 5212; x_wconf 88' lang='lat' dir='ltr'>et</span> <span class='ocrx_word' id='word_1_846' title='bbox 2994 5155 3177 5224; x_wconf 84' lang='lat' dir='ltr'>alter;</span> <span class='ocrx_word' id='word_1_847' title='bbox 3205 5155 3343 5226; x_wconf 91' lang='lat' dir='ltr'>quia</span> <span class='ocrx_word' id='word_1_848' title='bbox 3370 5172 3491 5211; x_wconf 93' lang='lat' dir='ltr'>non</span> <span class='ocrx_word' id='word_1_849' title='bbox 3520 5173 3661 5211; x_wconf 89' lang='lat' dir='ltr'>sum</span> <span class='ocrx_word' id='word_1_850' title='bbox 3685 5155 3786 5210; x_wconf 89' lang='lat' dir='ltr'>di-</span> 
     </span>
    </p>
   </div>
   <div class='ocr_carea' id='block_1_114' title="bbox 2114 5245 3790 5318">
    <p class='ocr_par' dir='ltr' id='par_1_114' title="bbox 2114 5245 3790 5318">
     <span class='ocr_line' id='line_1_114' title="bbox 2114 5245 3790 5318; baseline 0 -19"><span class='ocrx_word' id='word_1_851' title='bbox 2114 5246 2294 5316; x_wconf 87' lang='lat' dir='ltr'>visus,</span> <span class='ocrx_word' id='word_1_852' title='bbox 2311 5245 2585 5318; x_wconf 88' lang='lat' dir='ltr'>quoniam</span> <span class='ocrx_word' id='word_1_853' title='bbox 2607 5263 2721 5302; x_wconf 90' lang='lat' dir='ltr'>non</span> <span class='ocrx_word' id='word_1_854' title='bbox 2745 5263 2876 5301; x_wconf 91' lang='lat' dir='ltr'>sum</span> <span class='ocrx_word' id='word_1_855' title='bbox 2896 5249 3309 5317; x_wconf 62' lang='lat' dir='ltr'>praesumptor:</span> <span class='ocrx_word' id='word_1_856' title='bbox 3331 5261 3470 5299; x_wconf 89' lang='lat' dir='ltr'>nam</span> <span class='ocrx_word' id='word_1_857' title='bbox 3493 5261 3790 5317; x_wconf 76' lang='lat' dir='ltr'>praesum-</span> 
     </span>
    </p>
   </div>
   <div class='ocr_carea' id='block_1_115' title="bbox 2114 5333 3788 5407">
    <p class='ocr_par' dir='ltr' id='par_1_115' title="bbox 2114 5333 3788 5407">
     <span class='ocr_line' id='line_1_115' title="bbox 2114 5333 3788 5407; baseline -0.001 -17"><span class='ocrx_word' id='word_1_858' title='bbox 2114 5340 2347 5407; x_wconf 89' lang='lat' dir='ltr'>ptorum</span> <span class='ocrx_word' id='word_1_859' title='bbox 2369 5341 2458 5391; x_wconf 88' lang='lat' dir='ltr'>est</span> <span class='ocrx_word' id='word_1_860' title='bbox 2488 5335 2698 5390; x_wconf 89' lang='lat' dir='ltr'>minari</span> <span class='ocrx_word' id='word_1_861' title='bbox 2729 5335 2883 5406; x_wconf 91' lang='lat' dir='ltr'>quod</span> <span class='ocrx_word' id='word_1_862' title='bbox 2909 5351 3024 5389; x_wconf 91' lang='lat' dir='ltr'>non</span> <span class='ocrx_word' id='word_1_863' title='bbox 3046 5339 3136 5390; x_wconf 90' lang='lat' dir='ltr'>est</span> <span class='ocrx_word' id='word_1_864' title='bbox 3157 5333 3533 5399; x_wconf 89' lang='lat' dir='ltr'>minandum,</span> <span class='ocrx_word' id='word_1_865' title='bbox 3558 5339 3619 5389; x_wconf 90' lang='lat' dir='ltr'>et</span> <span class='ocrx_word' id='word_1_866' title='bbox 3645 5349 3788 5405; x_wconf 81' lang='lat' dir='ltr'>pro-</span> 
     </span>
    </p>
   </div>
   <div class='ocr_carea' id='block_1_116' title="bbox 2114 5421 3783 5495">
    <p class='ocr_par' dir='ltr' id='par_1_116' title="bbox 2114 5421 3783 5495">
     <span class='ocr_line' id='line_1_116' title="bbox 2114 5421 3783 5495; baseline 0 -17"><span class='ocrx_word' id='word_1_867' title='bbox 2114 5425 2344 5479; x_wconf 89' lang='lat' dir='ltr'>mittere</span> <span class='ocrx_word' id='word_1_868' title='bbox 2373 5424 2527 5494; x_wconf 90' lang='lat' dir='ltr'>quod</span> <span class='ocrx_word' id='word_1_869' title='bbox 2575 5441 2691 5478; x_wconf 91' lang='lat' dir='ltr'>non</span> <span class='ocrx_word' id='word_1_870' title='bbox 2738 5427 2826 5479; x_wconf 91' lang='lat' dir='ltr'>est</span> <span class='ocrx_word' id='word_1_871' title='bbox 2876 5423 3358 5495; x_wconf 89' lang='lat' dir='ltr'>promittendum.</span> <span class='ocrx_word' id='word_1_872' title='bbox 3393 5421 3514 5478; x_wconf 89' lang='lat' dir='ltr'>Nos</span> <span class='ocrx_word' id='word_1_873' title='bbox 3546 5427 3783 5487; x_wconf 83' lang='lat' dir='ltr'>autem,</span> 
     </span>
    </p>
   </div>
   <div class='ocr_carea' id='block_1_117' title="bbox 2113 5510 3780 5584">
    <p class='ocr_par' dir='ltr' id='par_1_117' title="bbox 2113 5510 3780 5584">
     <span class='ocr_line' id='line_1_117' title="bbox 2113 5510 3780 5584; baseline -0.002 -16"><span class='ocrx_word' id='word_1_874' title='bbox 2113 5513 2222 5568; x_wconf 84' lang='lat' dir='ltr'>etsi</span> <span class='ocrx_word' id='word_1_875' title='bbox 2252 5512 2450 5584; x_wconf 88' lang='lat' dir='ltr'>aliqua</span> <span class='ocrx_word' id='word_1_876' title='bbox 2473 5513 2773 5581; x_wconf 90' lang='lat' dir='ltr'>minando,</span> <span class='ocrx_word' id='word_1_877' title='bbox 2797 5518 2898 5569; x_wconf 91' lang='lat' dir='ltr'>aut</span> <span class='ocrx_word' id='word_1_878' title='bbox 2927 5512 3317 5584; x_wconf 89' lang='lat' dir='ltr'>promittendo</span> <span class='ocrx_word' id='word_1_879' title='bbox 3343 5510 3634 5579; x_wconf 90' lang='lat' dir='ltr'>dicimus,</span> <span class='ocrx_word' id='word_1_880' title='bbox 3664 5511 3780 5567; x_wconf 85' lang='lat' dir='ltr'>uti-</span> 
     </span>
    </p>
   </div>
   <div class='ocr_carea' id='block_1_118' title="bbox 2114 5599 3783 5674">
    <p class='ocr_par' dir='ltr' id='par_1_118' title="bbox 2114 5599 3783 5674">
     <span class='ocr_line' id='line_1_118' title="bbox 2114 5599 3783 5674; baseline -0.001 -17"><span class='ocrx_word' id='word_1_881' title='bbox 2114 5618 2225 5672; x_wconf 89' lang='lat' dir='ltr'>que</span> <span class='ocrx_word' id='word_1_882' title='bbox 2254 5617 2359 5674; x_wconf 89' lang='lat' dir='ltr'>per</span> <span class='ocrx_word' id='word_1_883' title='bbox 2387 5620 2543 5670; x_wconf 90' lang='lat' dir='ltr'>eum,</span> <span class='ocrx_word' id='word_1_884' title='bbox 2576 5602 2672 5673; x_wconf 90' lang='lat' dir='ltr'>qui</span> <span class='ocrx_word' id='word_1_885' title='bbox 2705 5602 2763 5658; x_wconf 92' lang='lat' dir='ltr'>in</span> <span class='ocrx_word' id='word_1_886' title='bbox 2798 5603 2967 5660; x_wconf 87' lang='lat' dir='ltr'>nobis</span> <span class='ocrx_word' id='word_1_887' title='bbox 2998 5601 3246 5672; x_wconf 86' lang='lat' dir='ltr'>habitat,</span> <span class='ocrx_word' id='word_1_888' title='bbox 3275 5599 3524 5673; x_wconf 83' lang='lat' dir='ltr'>implere</span> <span class='ocrx_word' id='word_1_889' title='bbox 3555 5616 3783 5673; x_wconf 84' lang='lat' dir='ltr'>possu-</span> 
     </span>
    </p>
   </div>
  </div>
