4034 6166
217 365 330 427 A73

758 361 1174 424 EXPOSITIO
1218 360 1297 422 IN
1340 361 1769 424 EPISTOLAS
1813 360 2074 424 PAULI.
2109 395 2184 407 —
2230 364 2308 424 ΙΝ
2352 363 2603 427 EPIST.
2648 364 2702 426 ΙΙ
2746 366 2850 427 AD
2895 364 3072 430 COR.

3504 354 3625 419 474

221 494 518 554 etminoris
530 492 909 550 auctoritatis
930 510 1058 549 esse
1078 498 1855 567 monstrarent.0uapropter
1881 494 1937 560 Α
1967 509 2153 550 nuum
2173 494 2595 565 laboribus,vel
2615 497 2865 552 aliarum
2882 496 3271 553 Ecclesiarum
3289 490 3625 566 stipendiis,

222 602 343 642 cum
358 584 586 640 locutus
609 583 825 638 fuisset
840 583 1123 638 adversus
1146 583 1405 650 falsos,et
1417 601 1519 657 pro
1540 584 1691 639 veris
1703 599 1859 639 nunc

221 690 344 729 vero
370 678 423 728 et
451 672 713 744 loquitur
746 671 1036 726 adversus
1061 686 1178 737 eos,
1208 673 1307 742 qui
1341 672 1399 726 in
1452 670 1861 743 praedicatione

223 762 544 834 eloquentia:
558 758 1227 832 requirebantnilorem.
1250 761 1310 815 Si
1325 759 1859 832 imperitus,inquit,

220 866 468 917 sermone,
499 855 606 905 etc.
640 848 816 920 quasi
870 847 1148 902 dixisset:
1201 851 1315 903 Cur
1357 850 1534 904 etiam
1584 850 1729 903 mihi
1763 865 1862 903 eos

222 938 381 995 vultis
410 939 691 1008 praeferre,
723 937 831 1008 qui
863 937 924 991 in
960 935 1366 1008 praedicatione
1395 938 1737 1009 eloquentiae
1767 952 1862 991 re-

228 1028 449 1099 quirunt
479 1026 723 1082 nitorem
746 1026 776 1080 ?
806 1027 956 1091 Non,
1010 1025 1273 1095 inquam,
1322 1043 1420 1082 eos
1461 1028 1685 1084 debetis
1719 1024 1862 1080 mihi

228 1117 493 1189 praeferre,
516 1116 652 1187 quia
668 1115 781 1169 etsi
806 1113 979 1185 periti
1002 1114 1247 1179 sunt,ibi
1269 1116 1487 1187 quippe
1505 1122 1643 1171 sunt
1670 1115 1862 1188 periti,

228 1206 319 1261 ubi
345 1204 659 1277 periculum
690 1220 825 1259 esse
855 1207 1087 1276 potest:
1112 1219 1217 1273 ego
1250 1209 1469 1269 autem,
1493 1207 1602 1261 etsi
1633 1206 1865 1276 imperi-

229 1298 318 1348 tus
341 1307 490 1358 sum,
511 1292 594 1347 ibi
623 1308 754 1348 sum
791 1291 1124 1363 imperitus,
1148 1292 1245 1346 ubi
1265 1293 1497 1348 nullum
1526 1294 1681 1348 inest
1713 1292 1864 1365 peri-

231 1380 408 1437 culum
441 1398 454 1448 ;
480 1380 618 1452 quia
643 1381 691 1436 si
715 1396 853 1435 sum
879 1379 1188 1450 imperitus
1210 1396 1498 1439 sermone:
1520 1399 1637 1438 non
1669 1388 1862 1437 tamen

231 1469 473 1526 scientia.
517 1472 715 1525 Potest
761 1468 917 1524 enim
951 1467 1167 1538 aliquis
1198 1471 1468 1540 perfectae
1499 1472 1657 1535 ﬁdei,
1690 1474 1867 1541 atque

230 1558 467 1614 scientias
498 1573 651 1626 esse,
668 1557 876 1612 tardus
906 1560 1102 1611 tamen
1132 1556 1192 1611 in
1226 1556 1865 1615 locutione.Scicndum

228 1652 406 1703 tamen
426 1646 565 1717 quia
584 1646 767 1717 queri
784 1648 971 1717 potest
986 1660 1093 1699 cur
1115 1660 1176 1700 se
1193 1645 1866 1719 dicatimperitum,cum

230 1735 371 1791 dicat
391 1735 595 1790 Festus
616 1734 687 1789 de
708 1732 809 1789 illo
836 1751 848 1788 :
874 1737 917 1788 Ο
933 1732 1137 1803 Paule,
1158 1736 1353 1792 multa?
1375 1737 1578 1792 litterae
1609 1744 1660 1790 te
1678 1734 1749 1789 ad
1779 1730 1878 1789 in?

229 1827 435 1881 saniem
478 1827 798 1879 convertunt
843 1825 979 1891 (Aet.
1028 1840 1185 1891 xxxr,
1236 1826 1346 1895 24).
1397 1824 1509 1880 Sed
1561 1824 1867 1879 sciendum

229 1913 378 1985 quia,
397 1914 569 1983 juxta
591 1915 748 1984 quod
780 1913 861 1968 ait
890 1913 1120 1981 Festus,
1145 1913 1352 1969 multis
1381 1912 1592 1967 litteris
1624 1916 1750 1966 erat
1779 1912 1870 1965 in-

229 2007 515 2058 structus:
555 2006 958 2057 verumtamen
991 2018 1175 2058 causa
1232 2000 1586 2057 humilitatis
1637 2017 1699 2056 se
1725 2000 1873 2054 dixit

228 2090 893 2164 imperitum.Sequitur:
930 2093 992 2147 In
1033 2093 1290 2147 omnibus
1328 2092 1715 2161 manifestatus
1750 2104 1872 2143 sum

230 2180 402 2242 vobis;
433 2179 544 2235 hoc
590 2184 699 2247 est,
750 2180 1161 2236 manifestatus
1210 2197 1364 2245 sum,
1397 2181 1536 2251 quia
1563 2194 1678 2233 non
1713 2194 1873 2232 vana;

230 2269 413 2324 laudis
465 2285 665 2339 causa,
719 2275 819 2324 aut
867 2270 1080 2324 terreni
1117 2273 1377 2341 quaestus
1408 2266 1734 2338 praedicavi,
1770 2267 1873 2321 sed

232 2373 395 2413 causa
425 2354 630 2415 vertraa
660 2356 886 2413 salutis.
908 2358 1319 2413 Manifestatus
1349 2373 1480 2412 sum
1512 2356 1710 2421 etiam,
1734 2356 1878 2425 quia

234 2465 342 2503 non
381 2465 450 2503 ex
480 2447 790 2502 verborum
840 2447 1060 2519 inopia,
1095 2448 1196 2502 sed
1228 2445 1422 2517 potius
1453 2445 1821 2501 abundantia
1855 2463 1868 2513 ;

230 2538 340 2593 sive
370 2536 785 2592 manifestatus
814 2552 947 2592 sum
984 2535 1173 2608 signis
1204 2541 1378 2607 atque
1408 2535 1744 2589 virtutibus.

295 2626 608 2698 Sequitur:
632 2626 738 2680 Aut
786 2625 1039 2696 nunquid
1069 2628 1349 2696 peccatum
1376 2626 1504 2695 feci,
1538 2628 1683 2689 etc.;
1718 2640 1784 2677 ac
1826 2624 1874 2679 si

232 2716 492 2772 dixisset:
524 2714 785 2779 Nullum,
807 2714 1073 2786 inquam.
1108 2718 1410 2785 peccatum
1442 2713 1550 2768 feci
1573 2713 1725 2784 apud
1749 2729 1873 2781 vos,

230 2810 460 2877 propter
480 2804 637 2874 quod
672 2802 941 2874 praeferre
962 2802 1108 2857 mihi
1135 2802 1396 2858 debeatis
1421 2802 1878 2874 pseudoaposto-

229 2893 332 2961 los,
363 2892 478 2948 nisi
512 2892 572 2946 in
604 2891 712 2947 hoc
746 2892 890 2947 forte
918 2891 1327 2963 peccavi,quia
1355 2908 1483 2962 quas
1514 2894 1705 2945 vestra
1737 2894 1879 2946 sunt

232 3000 342 3039 non
359 2981 611 3048 abstuli;
633 2985 690 3036 et
710 2980 760 3037 si
777 2981 927 3036 hanc
940 2980 1174 3051 culpam
1199 2979 1873 3051 feci,ignoscite,quaaso:

232 3075 463 3144 pr0pter
492 3071 605 3126 hoc
642 3069 795 3125 enim
819 3070 1010 3141 magis
1032 3069 1116 3124 illi
1136 3069 1443 3133 timebant,
1476 3068 1616 3138 quia
1636 3068 1783 3123 nihil
1806 3070 1878 3124 ab

228 3160 309 3216 eis
342 3159 728 3231 accipiebant,
748 3164 983 3231 propter
1015 3158 1169 3230 quod
1201 3162 1378 3213 etiam
1421 3157 1877 3228 pseudoaposto-

1970 584 2072 637 sed
2106 583 2281 637 etiam
2305 600 2411 638 nec
2435 586 2838 656 tunc,quando
2862 584 3194 657 patiebatur
3210 581 3624 653 indigentiam.

1972 671 2136 727 Unde
2159 672 2298 726 dicit
2328 673 2535 727 beatus
2556 691 2707 745 papa
2752 674 3101 745 Gregorius:
3134 673 3241 737 Qui
3275 670 3434 725 enim
3465 683 3629 724 com-

1972 760 2441 833 prehendere,vel
2461 778 2732 818 enarrare
2750 763 2904 818 valet
2928 763 3149 818 viscera
3170 760 3370 816 Pauli?
3383 759 3629 830 Quippe,

1972 866 2107 905 cum
2135 851 2497 905 ministraret
2517 852 2831 907 Corinthiis
2846 850 3184 906 alimoniam
3210 849 3327 904 cibi
3350 845 3636 920 spiritalis

1972 938 2210 994 nolebat
2240 940 2312 993 ab
2338 940 2424 994 eis
2464 940 2722 1011 accipere
2772 940 3113 995 alimoniam
3139 936 3257 992 cibi
3290 934 3636 1008 corporalis.
3746 934 3755 939 “

1973 1028 2081 1091 Qui
2114 1029 2269 1082 enim
2302 1034 2573 1083 nostrum
2607 1027 2865 1099 aliquem
2896 1028 3134 1082 divitem
3168 1043 3280 1081 sua
3302 1043 3461 1081 nunc
3494 1043 3638 1098 prm-

1975 1117 2264 1172 dicatione
2280 1117 2620 1172 traheretad
2644 1118 2819 1171 fidem
2844 1132 2858 1170 :
2895 1116 2945 1171 si
2972 1115 3187 1169 videret
3211 1131 3352 1169 eum
3376 1118 3641 1170 tenacem

1975 1221 2113 1277 erga
2143 1222 2223 1271 se,
2259 1222 2378 1259 non
2416 1207 2887 1276 reprehenderet,
2919 1221 3035 1259 non
3067 1204 3244 1259 etiam
3265 1204 3644 1276 increparet?

1974 1295 2118 1349 Nam
2145 1297 2296 1365 quod
2323 1296 2470 1349 mihi
2488 1296 2851 1361 deerat,etc.;
2888 1292 2947 1347 id
2979 1295 3068 1346 est
3113 1291 3319 1348 labore
3356 1309 3644 1348 manuum

1975 1384 2283 1454 acquirere
2315 1400 2430 1437 non
2466 1387 2749 1454 poteram,
2771 1382 3159 1453 suppleverunt
3188 1385 3416 1452 fratres.
3440 1383 3586 1438 Nam
3613 1399 3647 1437 a

1978 1472 2171 1543 prima
2202 1472 2351 1526 hora
2373 1473 2485 1526 diei
2510 1488 2699 1543 usque
2721 1473 2792 1526 ad
2808 1470 3098 1542 quintam,
3120 1472 3403 1527 manibus
3422 1471 3648 1528 labora-

1978 1560 2101 1625 bat,
2132 1564 2194 1615 ut
2229 1560 2345 1615 sibi
2367 1560 2586 1615 victum
2621 1559 2952 1631 acquireret
2976 1578 2989 1627 ;
3011 1577 3044 1614 a
3073 1560 3287 1631 quinta
3305 1578 3438 1617 vero
3461 1578 3650 1632 usque

1979 1649 2051 1704 ad
2088 1650 2466 1704 undecimam
2491 1649 2873 1719 praedicabat,
2896 1653 2953 1703 et
2982 1649 3123 1704 adeo
3146 1650 3421 1719 viriliter,
3445 1655 3511 1706 ut
3538 1649 3651 1706 sibi

1979 1738 2324 1792 resistentes
2380 1754 2642 1809 paganos
2673 1737 3005 1808 superando
3036 1738 3107 1792 ad
3140 1739 3322 1795 finem
3372 1741 3648 1796 traheret.

1902 1863 1948 1926 Β
1983 1828 2089 1895 Qui
2117 1835 2389 1881 venerunt
2416 1843 2450 1881 (ι
2480 1827 2821 1891 Macedonia.
2871 1826 2985 1881 Sed
3018 1842 3202 1897 quare
3234 1828 3309 1883 ab
3342 1829 3471 1885 istis
3501 1830 3651 1886 acci-

1984 1915 2181 1987 piebat
2201 1915 2229 1968 ?
2260 1915 2410 1978 Quia
2439 1931 2557 1969 non
2590 1920 2757 1970 erant
2786 1914 3015 1987 decepti
3046 1933 3079 1970 a
3114 1919 3650 1990 pseudoapostolis.

1980 2004 2065 2058 Ab
2096 2003 2226 2057 istis
2256 2020 2392 2058 vero
2423 2003 2661 2059 nolebat
2689 2004 2971 2072 accipere,
2995 2021 3065 2059 ne
3096 2007 3469 2063 occasionem
3499 2008 3651 2064 acci-

1982 2092 2179 2164 piendi
2208 2091 2741 2163 pseudoapostolis,
2775 2092 2877 2163 qui
2908 2092 3059 2147 inter
3080 2109 3183 2148 eos
3216 2105 3403 2167 erant,
3434 2097 3649 2155 tribue-

1985 2187 2089 2235 ret.
2122 2185 2192 2236 Et
2222 2183 2283 2235 in
2315 2181 2573 2235 omnibus
2618 2183 2735 2236 sine
2786 2182 2993 2237 honore
3036 2182 3212 2253 (761),
3275 2190 3383 2241 etc.
3420 2204 3434 2254 ;
3467 2187 3523 2242 id
3565 2192 3654 2243 est

1985 2286 2099 2324 non
2134 2269 2323 2323 solum
2358 2269 2418 2322 in
2445 2270 2597 2339 cibo,
2621 2274 2708 2326 vel
2742 2270 2803 2325 in
2836 2271 3135 2342 potu,.sed
3168 2271 3350 2329 etiam
3380 2275 3440 2331 in
3472 2276 3649 2332 servi-

1984 2359 2087 2423 tio,
2119 2359 2179 2412 in
2210 2358 2519 2428 obsequio,
2553 2364 2610 2414 et
2638 2359 2696 2413 in
2750 2360 2973 2415 caeteris
3003 2358 3226 2417 talibus
3278 2362 3404 2419 sine
3435 2363 3652 2422 honore

1985 2447 2087 2502 fui.
2123 2448 2192 2501 Et
2223 2464 2292 2502 ne
2325 2452 2605 2518 putarent
2634 2448 2714 2502 illi
2750 2450 2823 2503 ob
2878 2449 2987 2505 hoc
3030 2465 3167 2505 eum
3219 2452 3437 2509 dixisse
3468 2453 3645 2523 istud,

1985 2536 2141 2607 quod
2174 2536 2245 2590 ab
2280 2537 2366 2590 eis
2399 2536 2663 2608 accipere
2692 2537 2884 2608 vellet,
2914 2537 3043 2593 ideo
3073 2540 3422 2609 subjunxit:
3456 2543 3648 2599 Serva-

1984 2627 2041 2680 vi
2070 2632 2121 2680 et
2148 2624 2370 2679 servabo
2391 2643 2412 2687 ;
2451 2626 2621 2696 quasi
2655 2625 2908 2682 diceret:
2958 2626 3125 2683 Absit
3172 2634 3239 2684 ut
3268 2647 3394 2703 ego,
3428 2632 3528 2704 qui
3559 2649 3647 2689 se-

1987 2715 2101 2769 mel
2135 2711 2453 2768 deliberavi
2501 2710 2615 2770 non
2648 2716 2928 2787 accipere,
2964 2720 3026 2771 ut
3055 2718 3365 2790 accipiam.
3396 2720 3527 2776 Sive
3557 2737 3648 2777 se-

1987 2804 2245 2857 cundum
2278 2804 2611 2872 quosdam:
2644 2805 2894 2859 Servabo
2920 2820 3012 2859 me
3045 2822 3357 2880 quousque
3396 2811 3648 2882 pseudo-

1988 2890 2286 2963 apostolos
2317 2890 2473 2946 inter
2497 2910 2599 2948 vos
2630 2893 2979 2948 habueritis.

2060 2984 2155 3035 Est
2202 2981 2404 3035 veritas
2439 2981 2647 3037 Christi
2673 2985 2731 3036 in
2763 2998 2869 3036 me.
2923 2983 3101 3046 Quasi
3150 2983 3342 3040 dicat:
3375 2985 3537 3041 Sicut
3586 2987 3645 3042 in

1989 3069 2215 3125 Christo
2246 3085 2361 3123 non
2385 3075 2477 3125 est
2497 3079 2594 3138 est,
2619 3076 2671 3126 et
2689 3088 2821 3133 non,
2846 3070 2925 3125 ita
2947 3069 3005 3124 in
3028 3086 3141 3138 me,
3177 3072 3278 3143 qui
3311 3074 3645 3130 membrum

1991 3158 2150 3213 illius
2182 3157 2504 3213 existimor.
2537 3161 2654 3231 Ego
2688 3160 3038 3219 membrum.
3068 3158 3167 3214 ille
3187 3165 3407 3229 auctor,
3439 3178 3545 3235 ego
3564 3179 3649 3218 re-

228 3250 334 3313 los,
356 3248 447 3305 illi
470 3227 878 3320 praeferebant,
913 3227 1194 3319 quoniam
1228 3227 1505 3319 magisse
1530 3246 1601 3300 ab
1633 3227 1777 3317 ipsis
1794 3247 1879 3301 di-
1910 3227 1953 3293 Ο
1992 3247 2231 3318 cipiens,
2266 3245 2361 3300 ille
2382 3227 2735 3317 praecedens,
2769 3264 2874 3319 ego
2903 3247 3292 3318 subsequens.
3317 3227 3506 3313 Quare
3534 3249 3645 3306 hoc

225 3340 494 3412 ligebant
522 3338 698 3408 (758):
734 3337 820 3391 illi
860 3354 1118 3408 namque
1156 3353 1222 3392 eo
1254 3353 1316 3391 se
1364 3336 1678 3390 credebant
1707 3352 1875 3390 sanc-

217 3427 430 3489 tiores,
466 3442 581 3496 quo
609 3426 689 3481 eis
719 3430 883 3480 erant
932 3426 1250 3497 gratiores;
1285 3430 1341 3480 et
1388 3424 1519 3478 ideo
1550 3422 1645 3481 illi
1667 3424 1737 3477 ad
1770 3425 1876 3479 tri-

222 3514 534 3571 buendum
580 3514 795 3569 ﬁebant
845 3514 1202 3569 libentiores.
1250 3515 1322 3569 Et
1373 3512 1702 3579 sciendum,
1739 3514 1880 3584 quia

221 3604 467 3674 pulchre
484 3603 661 3659 dicit:
689 3604 1027 3658 Humilians:
1052 3604 1193 3675 quid
1215 3600 1877 3674 enimhumilius,quam

225 3701 465 3766 accepta
484 3697 772 3765 potestate
817 3710 932 3748 non
964 3694 1049 3748 uti
1071 3692 1097 3746 ?
1128 3693 1256 3747 Haec
1305 3707 1540 3764 quoque
1572 3690 1877 3748 humilitas

226 3784 485 3839 multum
569 3783 642 3837 ad
700 3782 1136 3837 Corinthiorum
1198 3782 1483 3836 attinebat
1548 3779 1875 3835 libertatem

226 3873 370 3943 (759)
398 3888 412 3927 :
449 3876 509 3926 et
538 3870 669 3926 ideo
700 3869 880 3925 dicit:
914 3871 976 3927 Ut
1018 3886 1108 3924 vos
1136 3870 1464 3925 exaltemini
1482 3885 1501 3929 ,'
1534 3868 1811 3938 quoniam
1843 3886 1876 3922 a

227 3960 633 4018 dominatione
662 3958 942 4015 falsorum
968 3958 1213 4029 apostoli
1243 3957 1660 4013 liberabantur.

294 4050 367 4104 Et
386 4049 532 4121 quia
590 4052 817 4119 poterat
847 4047 1061 4118 aliquis
1097 4046 1317 4102 dicere:
1350 4044 1648 4109 Quomodo
1681 4047 1735 4100 te
1766 4045 1875 4101 hu-

226 4137 493 4202 miliasti,
523 4141 590 4191 ut
620 4152 726 4192 nos
778 4136 1190 4205 exaltaremur,
1219 4133 1413 4204 inquit
1443 4136 1586 4205 ipse,
1620 4136 1879 4203 quoniam

217 4230 394 4298 gratis
440 4226 809 4296 Evangelium
837 4225 1049 4281 Christi
1087 4224 1463 4294 evangelizavi
1488 4222 1655 4277 vobis.
1691 4224 1758 4276 Et
1789 4229 1879 4279 est

221 4330 440 4371 sensus
466 4331 481 4369 :
513 4313 671 4368 Nihil
705 4329 739 4367 a
766 4312 932 4369 vobis
962 4311 1256 4382 accipiens
1286 4326 1387 4381 per
1418 4327 1660 4374 annum,
1694 4316 1749 4365 et
1781 4328 1881 4367 sex

221 4419 487 4469 menses,
510 4401 852 4457 annuntiavi
879 4400 1044 4457 vobis
1077 4398 1491 4472 Evangelium:
1525 4403 1601 4463 et,
1635 4414 1703 4453 ne
1737 4400 1880 4455 forte

220 4490 577 4549 incredibile
606 4490 714 4546 hoc
744 4491 1059 4558 videretur,
1118 4489 1425 4561 subjunxit
1450 4506 1463 4544 :
1515 4487 1670 4542 Alias
1698 4488 1879 4544 Eccle-

1988 3335 2249 3405 dixisset,
2273 3335 2513 3391 subdit:
2550 3338 2822 3405 Quoniam
2866 3336 2982 3392 haec
3008 3336 3206 3404 gloria,
3243 3341 3351 3393 etc.
3385 3336 3643 3393 Gloriam

1988 3442 2157 3480 suam
2198 3422 2470 3494 appellat,
2506 3431 2743 3497 accepta
2787 3428 3070 3496 potestate
3121 3441 3236 3480 non
3287 3425 3393 3481 uti.
3449 3427 3515 3481 Et
3548 3426 3644 3482 hic

1987 3513 2264 3583 ostendit,
2290 3512 2429 3584 quia
2460 3515 2615 3585 quod
2648 3514 2745 3569 ille
2776 3531 2889 3569 non
2922 3518 3245 3585 acceperat,
3277 3513 3466 3586 gloria
3495 3519 3641 3582 erat,

1989 3620 2105 3658 non
2132 3607 2432 3674 peccatum
2463 3621 2475 3669 ;
2522 3604 2675 3658 unde
2706 3603 2977 3674 superius
3003 3620 3015 3657 :
3049 3604 3337 3673 Numquid
3364 3612 3643 3674 peccatum

1984 3694 2141 3763 feci?
2167 3694 2285 3747 Non
2316 3693 2677 3763 infringatur,
2711 3696 2819 3748 etc.
2856 3710 2869 3759 ;
2921 3692 2976 3746 id
3011 3696 3118 3759 est,
3174 3692 3313 3763 quia
3343 3710 3458 3749 non
3490 3694 3641 3748 acci-

1990 3782 2144 3853 piam
2175 3799 2186 3835 :
2222 3787 2361 3835 tunc
2392 3781 2608 3835 etenim
2657 3780 3029 3851 infringatur,
3065 3780 3114 3836 si
3146 3780 3486 3851 accepisset.
3524 3782 3637 3837 Sed

1991 3869 2370 3941 quaerendum
2401 3873 2507 3933 est,
2545 3885 2676 3924 cum
2707 3869 2982 3941 superius
3012 3885 3110 3924 eos
3134 3870 3204 3922 ad
3238 3886 3387 3939 opus
3410 3869 3640 3923 miseri-

1987 3958 2196 4012 cordiae
2231 3961 2620 4027 provocasset,
2656 3974 2835 4029 quare
2865 3974 3022 4011 nunc
3052 3956 3227 4010 dicit:
3263 3957 3381 4012 Non
3424 3958 3637 4026 infrin-

1983 4049 2142 4117 getur
2171 4047 2233 4100 in
2265 4060 2369 4098 me.
2408 4045 2541 4097 Ideo
2575 4045 2713 4115 quia
2756 4062 2868 4099 non
2905 4061 3021 4098 suae
3055 4044 3423 4098 necessitatis
3461 4060 3637 4100 causa

1988 4134 2329 4206 accipiebat,
2373 4133 2471 4187 sed
2506 4137 2741 4203 propter
2769 4149 3088 4204 pauperes,
3124 4131 3225 4203 qui
3256 4131 3637 4205 Jerosolymis

1987 4223 2405 4280 consistebant.
2432 4222 2597 4277 Tunc
2625 4221 2808 4293 gloria
2836 4223 2964 4293 ejus
2992 4221 3493 4294 infringeretur,si
3516 4238 3635 4276 suae

1987 4311 2352 4369 necessitatis
2378 4328 2555 4365 causa
2586 4311 2925 4383 accepisset.

2061 4404 2278 4471 Quare?
2305 4400 2482 4465 Quasi
2534 4401 2754 4456 diceret
2785 4417 2798 4456 :
2843 4401 3009 4456 Forte
3038 4399 3167 4454 ideo
3217 4399 3636 4471 confringetur,

1989 4493 2126 4562 quia
2157 4506 2266 4545 non
2314 4488 2486 4555 diligo
2517 4504 2634 4557 vos,
2671 4493 2728 4544 et
2779 4489 2908 4543 ideo
2966 4505 3080 4543 non
3114 4487 3445 4558 accipiam?
3486 4487 3635 4543 Non.

219 4584 337 4637 sius
357 4581 828 4653 exspoliavi,etc.,
850 4580 1018 4650 quasi
1043 4579 1326 4634 dixisset:
1351 4578 1439 4633 Ab
1461 4575 1591 4632 aliis
1610 4576 1882 4633 Ecclesiis
1918 4596 1961 4660 Ι)
1992 4579 2137 4643 Quia
2164 4595 2268 4651 ego
2292 4578 2468 4649 diligo
2486 4582 2672 4643 vos,et
2685 4577 2874 4650 magis
2895 4594 2996 4633 vos
3013 4576 3192 4647 diligo
3206 4592 3319 4630 non
3348 4576 3637 4648 accipien-

222 4676 510 4743 sumptus
540 4668 755 4741 accepi,
788 4674 856 4724 ut
884 4668 1050 4724 vobis
1072 4667 1383 4740 praedicare
1414 4667 1884 4724 sufﬁceremJta-

220 4775 337 4829 que
367 4776 449 4816 ne
478 4775 722 4830 parvum
757 4774 887 4815 esse
918 4758 1235 4823 videretur,
1269 4758 1426 4828 quod
1456 4757 1604 4828 (760)
1650 4758 1721 4813 ab
1754 4757 1885 4812 aliis

222 4846 508 4903 Ecclesiis
539 4847 612 4901 ad
663 4862 864 4902 eorum
927 4845 1181 4903 salutem
1241 4850 1559 4916 acceperat,
1617 4846 1745 4901 ideo
1770 4846 1885 4901 tale

217 4936 476 4991 verbum
535 4935 751 5006 posuit,
812 4935 921 4990 hoc
970 4938 1079 5002 est,
1122 4934 1448 5004 exspoliavi.
1504 4934 1622 4988 Hoc
1653 4949 1886 5005 quoque

219 5024 568 5093 sciendum,
600 5023 737 5094 quia
769 5039 885 5095 quo
917 5021 1065 5077 nihil
1099 5037 1163 5077 se
1193 5022 1446 5077 ostendit
1474 5022 1768 5092 accepisse
1813 5023 1885 5079 ab

218 5111 365 5185 illis,
399 5129 474 5168 eo
506 5112 695 5184 magis
727 5112 824 5167 isti
855 5114 1190 5183 gravantur.

291 5203 619 5276 Sequitur:
653 5204 721 5257 Et
750 5218 873 5257 cum
900 5215 1071 5256 essem
1100 5199 1255 5270 apud
1284 5214 1398 5266 vos,
1430 5201 1483 5253 et
1509 5213 1743 5267 egerem,
1775 5202 1882 5254 etc.

214 5291 377 5347 Sane
411 5290 766 5357 notandum,
798 5287 939 5361 quia
960 5304 1077 5343 non
1110 5286 1300 5343 solum
1332 5291 1472 5341 tunc
1503 5285 1649 5341 nihil
1671 5286 1743 5340 ab
1771 5284 1886 5342 illis

212 5380 497 5452 accipere
526 5378 731 5447 voluit,
755 5378 991 5451 quando
1014 5376 1355 5432 abundabat
1383 5374 1750 5447 propriarum
1766 5390 1885 5430 ma—

284 5504 454 5574 (758)
486 5504 752 5559 Fortasse
775 5501 946 5573 diligi
993 5500 1305 5569 credebant,
1353 5503 1439 5554 vet
1482 5498 1880 5569 intelligebant.

287 5577 456 5648 (759)
489 5575 757 5648 Fortasse
787 5575 1201 5648 liberalitatem.

287 5577 433 5648 (759
489 5577 757 5631 Fortasse
787 5577 1201 5631 liberalitatem.

286 5577 458 5719 (760i
490 5646 557 5703 In
587 5651 784 5721 autog.
816 5644 943 5707 loco
968 5645 1108 5719 quod
1133 5642 1349 5717 legitur
1375 5656 1461 5699 ne.

1995 4670 2091 4733 do,
2125 4684 2303 4740 quam
2337 4666 2710 4737 accipiendo:
2761 4670 2817 4719 et
2847 4669 2913 4719 ut
2940 4664 3209 4720 ostendat
3235 4680 3334 4719 eos
3374 4662 3636 4736 diligere,

1996 4756 2233 4813 subdit:
2265 4756 2406 4810 Deus
2455 4756 2600 4815 scit;
2652 4757 2718 4807 ut
2763 4753 2904 4808 dum
2954 4750 3039 4808 illi
3069 4768 3202 4807 eum
3235 4752 3504 4819 audiunt,
3537 4753 3639 4825 qui

1994 4844 2260 4901 omnium
2286 4842 2510 4898 occulta
2532 4842 2794 4898 cordium
2820 4842 3077 4908 novit,ad
3099 4841 3494 4897 ostensionem
3518 4858 3635 4896 suae

1993 4932 2325 4989 dilectionis
2345 4931 2615 4997 traxisse,
2648 4930 2791 4987 certi
2812 4932 2882 4986 de
2904 4932 3213 4987 dilectione
3236 4931 3632 4987 redderentur.

1995 5022 2147 5090 Quod
2174 5025 2354 5076 autem
2382 5021 2562 5090 facio,
2592 5026 2645 5075 et
2671 5022 2912 5091 faciam;
2944 5020 3001 5076 id
3032 5026 3140 5089 est,
3174 5021 3327 5077 sicut
3354 5019 3637 5074 hactenus

1993 5129 2109 5168 non
2142 5110 2357 5181 accepi,
2392 5125 2505 5163 non
2540 5094 2855 5181 accipiam:
2891 5114 2948 5166 et
2996 5110 3107 5166 hoc
3137 5116 3244 5177 est,
3278 5108 3431 5180 quod
3464 5120 3635 5176 supe-

1994 5200 2118 5256 rius
2149 5199 2405 5254 dixerat:
2440 5197 2687 5266 Servavi,
2712 5204 2765 5256 et
2792 5201 3030 5256 servabo.
3064 5200 3249 5262 Quare
3279 5194 3633 5250 manifestat.

1998 5290 2058 5345 Ut
2088 5289 2367 5358 amputem
2409 5289 2769 5355 occasionem,
2811 5292 2917 5343 etc.
2970 5282 3440 5354 Pseudoapostoli
3484 5281 3636 5337 vole-

1994 5378 2137 5432 bant
2163 5374 2506 5448 Apostolum
2556 5378 2837 5450 accipere,
2868 5380 2931 5430 ut
2980 5375 3063 5431 illi
3095 5372 3459 5428 occasionem
3491 5370 3640 5428 acci-

2064 5500 2213 5571 (761)
2244 5497 2416 5571 Vulg.
2452 5516 2617 5557 onere
2649 5520 2667 5556 :
2717 5505 2909 5621 autog.
2952 5514 3083 5552 vero
3124 5495 3213 5551 bis
3246 5509 3412 5552 onore
3440 5493 3635 5549 habet.

2091 5572 2172 5621 ita
2200 5571 2318 5621 fere
2348 5587 2582 5621 semper
2600 5574 2836 5621 verbum
2879 5583 3036 5621 tonor
3056 5583 3187 5621 cum
3216 5566 3493 5621 derivatis
3513 5565 3635 5621 suis

1993 5575 2062 5643 Et
2091 5572 2181 5643 ita
2198 5568 2318 5627 fere
2348 5568 2582 5643 semper
2600 5568 3036 5643 verbum_h0nor
3056 5583 3187 5623 cum
3216 5568 3493 5625 derivatis
3513 5568 3639 5624 suis

1992 5642 2120 5700 sine
2148 5642 2340 5700 littera
2370 5642 2406 5699 h
2435 5639 2721 5716 scriptum
2750 5639 2981 5713 legitur.
