4060 6164
424 347 542 408 475

1448 349 1786 413 ATTONIS
1833 345 2412 412 VERCELLENSIS
2457 345 2806 410 EPlSGOPl

3712 346 3826 408 4'16

429 481 625 555 piendi
650 481 1029 554 perciperent,
1065 491 1352 559 quatenus
1400 487 1450 542 si
1483 487 1580 544 ille
1620 487 1938 560 accepisset
1969 501 2066 556 pa-
2099 482 2154 548 Α
2183 485 2551 554 promeretur
2579 481 2784 550 Deum,
2819 480 2957 553 quia
2987 479 3058 536 ab
3089 496 3155 536 eo
3185 496 3301 536 non
3333 477 3576 552 accipiet
3605 479 3822 536 exalta-

431 587 583 635 nem,
620 570 700 624 illi
731 589 938 628 aurum
968 593 981 638 ;
1015 582 1069 630 et
1107 577 1233 630 ideo
1274 578 1384 632 sub
1423 578 1660 633 obtentu
1703 577 1872 633 istius
1911 594 2071 632 occa-

429 658 612 715 sionis
645 661 907 734 accipere
939 665 1189 720 nolebat.
1229 669 1292 723 Ut
1333 669 1392 721 in
1417 684 1522 739 quo
1552 669 1888 740 gloriantur,
1921 670 2068 723 inve-

423 751 654 804 niantur
677 753 819 806 sicut
848 761 900 808 et
932 770 1045 809 nos.
1080 754 1492 811 Gloriabantur
1513 757 1607 811 isti
1641 759 1710 812 de
1741 758 2070 828 acceptione

425 854 760 906 munerum,
795 841 927 912 quia
977 860 1043 896 ea
1088 845 1408 900 sanctiores
1459 863 1586 901 esse
1618 847 1922 917 putabant.
1955 863 2069 917 quo

423 928 702 998 gratiores
735 929 1125 986 reddebantur
1147 932 1281 998 illis,
1301 934 1400 1004 qui
1425 933 1700 989 libentius
1721 935 1805 989 eis
1824 935 2064 989 dabant:

424 1015 823 1071 invenirentur
852 1018 931 1071 illi
967 1019 1120 1074 sicut
1149 1025 1204 1075 et
1235 1023 1501 1093 apostoli,
1533 1024 1579 1077 si
1611 1025 1989 1094 accepissent.

418 1104 566 1171 (762)
603 1105 739 1158 Nam
760 1107 1041 1176 ejusmodi,
1076 1113 1184 1163 etc.
1211 1111 1478 1171 Subdoli;
1508 1111 1614 1180 illi,
1648 1113 1706 1166 in
1735 1113 1949 1183 quibus
1982 1112 2068 1164 la-

420 1195 500 1245 tet
530 1191 778 1260 malum,
813 1195 869 1250 id
901 1202 1008 1262 est,
1045 1199 1142 1269 qui
1176 1199 1332 1253 aliud
1366 1207 1561 1256 mente
1601 1206 1875 1266 tractant,
1911 1201 2067 1255 aliud

419 1295 590 1351 opere
623 1287 878 1352 patrant,
910 1285 1108 1353 veluti,
1161 1289 1651 1360 pseudoapostoli.
1691 1290 1775 1344 llli
1815 1307 2070 1360 namque

419 1370 718 1426 Christum
773 1373 1186 1444 praedicabant,
1243 1377 1744 1450 baptismumque,
1781 1383 1930 1433 etc.:
1967 1380 2066 1434 sed

423 1462 621 1514 tamen
655 1460 772 1516 alia
802 1461 1125 1520 intentione
1149 1483 1163 1532 ;
1187 1467 1235 1520 ei
1270 1466 1398 1522 ideo
1443 1467 1750 1539 subjungit
1784 1484 1794 1522 :
1832 1468 2066 1537 Toansﬁ-

422 1555 688 1617 gurantes
742 1567 798 1605 se
855 1553 913 1606 in
962 1555 1233 1624 apostolos
1277 1557 1482 1611 Christi
1503 1574 1523 1617 ,·
1573 1556 1849 1626 quoniam
1891 1573 2068 1611 causa

421 1643 684 1707 quaestus
713 1644 769 1694 et
791 1639 936 1696 lucri
969 1643 1394 1712 praedicabant;
1427 1645 1673 1716 apostoli
1703 1662 1839 1700 vero
1869 1645 2067 1701 Chris-

416 1725 480 1795 ti,
513 1743 690 1782 causa
719 1728 927 1786 salutis
958 1732 1312 1788 animarum.

492 1818 557 1871 Et
585 1833 695 1916 non
726 1821 951 1885 mirum,
982 1825 1090 1876 etc.
1126 1823 1301 1885 Quasi
1351 1824 1604 1880 diceret:
1647 1825 1790 1888 Quid
1823 1826 2066 1880 mirum-
2098 1852 2146 1916 B

419 1903 468 1960 si
497 1907 759 1962 membra
788 1910 1306 1982 transﬁgurantur,
1326 1930 1458 1968 cum
1487 1913 1658 1969 etiam
1693 1919 1866 1986 caput
1886 1916 1912 1969 ?
1941 1915 2066 1982 Dia,

418 1992 589 2048 holus
620 2012 873 2068 namque
904 1998 1145 2070 angelus
1189 2005 1278 2056 est
1306 2003 1702 2069 tenebrarum,
1744 2008 1800 2059 et
1833 2005 1879 2058 si
1911 2005 1968 2059 in
2002 2022 2070 2060 ea

417 2083 608 2154 specie
639 2088 993 2156 apparuerit,
1019 2095 1255 2159 quaest,
1290 2107 1403 2145 non
1426 2092 1738 2164 recipitur;
1771 2098 1827 2147 et
1855 2094 1926 2148 ob
1959 2093 2068 2149 hoc

415 2187 472 2226 se
502 2175 859 2243 transﬁgurat
890 2177 949 2229 in
981 2181 1235 2247 angelum
1261 2181 1418 2245 lucis,
1454 2187 1517 2235 ut
1564 2181 1792 2237 facilius
1825 2199 1885 2238 se
1915 2199 2068 2238 com-

416 2261 670 2314 mendet.
709 2261 772 2315 Et
799 2262 935 2318 hinc
966 2265 1129 2320 electi
1176 2267 1411 2322 solliciti
1445 2270 1792 2339 redduntur,
1827 2276 1892 2326 ut
1931 2288 2063 2326 cum

413 2352 676 2418 apparet,
711 2348 1019 2422 diligenter
1044 2355 1385 2425 perquirant
1411 2361 1609 2411 utrum
1633 2375 1762 2413 vere
1787 2359 1864 2413 sit
1898 2359 2062 2426 lucis,

413 2451 516 2490 nec
548 2452 638 2490 ne.
671 2437 816 2494 Hinc
846 2444 935 2495 est
963 2442 1117 2512 quod
1147 2443 1326 2500 Josue
1346 2446 1550 2501 videns
1581 2446 1855 2520 angelum
1889 2449 2062 2504 dixit:

413 2526 604 2581 Noster
632 2543 706 2594 es,
737 2546 813 2583 an
863 2530 1325 2588 adversariorium
1356 2535 1546 2605 (Josue
1592 2555 1645 2603 v,
1683 2538 1806 2607 13)?
1836 2539 1904 2593 Et
1932 2555 2064 2610 apo-

415 2613 548 2668 stoli
580 2615 842 2672 videntes
873 2618 1188 2676 Dominum
1220 2623 1617 2678 ambulantem
1673 2643 1852 2698 supra
1883 2643 2061 2696 mare,

411 2713 749 2774 putaverunt
778 2709 1111 2777 phantasma
1129 2727 1263 2774 esse,
1290 2717 1344 2766 et
1371 2713 1755 2769 clamauerunt
1774 2716 1958 2786 (Marc.
1981 2734 2059 2780 v1,

415 2792 520 2859 49;
555 2795 754 2849 Matth.
787 2812 900 2866 xxv,
923 2799 1044 2869 26);
1081 2804 1139 2854 et
1170 2800 1375 2856 Petrus
1405 2802 1608 2858 videns
1639 2821 1818 2876 supra
1849 2806 2061 2860 fluctus

415 2880 559 2935 dixit
592 2899 605 2936 :
638 2885 885 2952 Domine,
944 2889 994 2940 si
1023 2891 1081 2942 tu
1109 2905 1183 2956 es,
1234 2891 1369 2960 jube
1397 2908 1481 2948 me
1513 2893 1698 2949 venire
1724 2894 1794 2948 ad
1823 2903 1890 2960 te,
1951 2899 2058 2949 etc.

415 2969 632 3040 (Matth.
667 2988 779 3042 xxv,
805 2975 921 3042 ‘28.)
946 2977 1189 3044 Quorum
1217 2980 1347 3049 ﬁnis
1376 2991 1516 3053 erat,
1551 2986 1656 3037 etc.
1691 2983 1843 3038 Sicut
1866 2984 2064 3041 interit

411 3063 629 3130 venter,
661 3065 718 3116 et
743 3079 809 3118 ea
841 3081 971 3134 quae
1005 3067 1243 3131 ventris,
1277 3073 1434 3138 sunt,
1469 3076 1525 3125 et
1555 3077 1762 3128 caetera
1792 3074 2062 3130 transito-

404 3146 510 3218 ria,
543 3147 626 3203 ita
652 3155 710 3206 et
735 3151 833 3206 isti
866 3153 1232 3225 interibunt;
1283 3163 1340 3213 et
1363 3175 1535 3230 quem
1571 3162 1744 3217 linem
1779 3162 2031 3219 habituri

2181 571 2423 640 tionem,
2458 571 2558 625 sed
2607 569 3096 638 humiliationem,
3148 573 3205 624 et
3260 586 3374 624 non
3407 567 3829 640 laudationem,

2183 662 2282 716 sed
2316 659 2719 714 defectionem.
2774 660 2843 714 Et
2900 658 3008 714 hoc
3065 657 3300 730 exponit
3355 658 3830 714 subdendo:.Sed

2181 752 2348 821 quasi
2377 751 2433 802 in
2463 750 2807 820 insipientia,
2840 754 2980 814 etc.;
3013 749 3181 819 quasi
3239 747 3493 802 diceret:
3526 750 3824 810 Quantum

2181 839 2250 893 ad
2287 855 2505 904 vocem,
2532 841 2592 893 in
2623 838 3048 894 hacsubstantia
3064 839 3260 908 gloriae
3295 835 3507 906 loquor.
3544 836 3831 908 Insipien-

2181 926 2262 982 tia
2291 927 2522 983 videtur
2551 944 2678 982 esse
2703 945 2714 994 ;
2767 927 2903 998 quia
2956 925 3293 997 insipientia
3322 929 3411 980 est
3441 923 3710 980 homines
3741 942 3831 982 se-

2183 1017 2465 1088 metipsos
2496 1015 2734 1071 laudare
2758 1015 2921 1079 velle,
2956 1020 3020 1070 ut
3050 1014 3194 1069 illud
3221 1031 3235 1069 :
3268 1016 3480 1069 Laudet
3510 1023 3563 1068 te
3593 1015 3830 1084 alienus,

2179 1110 2288 1160 etc.
2322 1107 2501 1176 (Prov.
2535 1123 2708 1171 xxvu,
2739 1106 2816 1176 2).
2861 1105 3154 1167 Quantum
3188 1105 3258 1158 ad
3293 1103 3678 1158 intentionem
3715 1121 3832 1159 non

2179 1199 2269 1248 est
2303 1193 2684 1265 insipientia;
2744 1198 2800 1249 et
2853 1193 2980 1248 ideo
3032 1191 3208 1248 dicit:
3259 1194 3434 1262 Quasi
3481 1193 3833 1260 insipientia,

2181 1302 2292 1339 non
2323 1300 2474 1338 vere.

2251 1375 2521 1442 Quoniam
2549 1373 2717 1427 multi
2746 1369 3082 1443 gloriantur,
3105 1375 3213 1427 etc.
3246 1371 3348 1427 His
3369 1371 3563 1427 verbis
3593 1373 3836 1428 denotat

2177 1462 2413 1517 Judzeos
2443 1463 2770 1526 credentes,
2802 1461 2873 1516 de
2903 1460 3206 1516 nobilitate
3226 1461 3457 1532 generis
3487 1459 3834 1532 gloriantes,

2178 1550 2557 1606 credentibus
2615 1566 2677 1604 se
2710 1566 2779 1604 ex
2833 1548 3106 1621 gentibus
3165 1549 3567 1620 praeferentes:
3620 1553 3678 1603 et
3721 1547 3831 1605 hoc

2177 1655 2514 1710 perversum
2547 1644 2692 1706 erat,
2741 1638 2881 1709 quia
2933 1655 3047 1694 non
3099 1637 3438 1710 propagatio
3481 1636 3696 1706 carnis,
3730 1647 3828 1693 sed

2177 1727 2558 1794 conversatio,
2606 1733 2662 1782 et
2727 1728 2976 1783 imitatio
3018 1728 3154 1782 facit
3200 1726 3350 1783 ﬁlios
3390 1727 3656 1782 Abrahae.
3713 1727 3822 1783 Ubi

2176 1819 2506 1873 ostenditur
2535 1822 2762 1888 quantis
2795 1816 3143 1872 temeritatis
3164 1820 3303 1872 sunt
3332 1815 3442 1883 illi,
3470 1817 3565 1886 qui
3601 1831 3708 1887 per
3737 1833 3830 1871 sa-

2179 1911 2543 1962 cramentum
2604 1906 2879 1976 baptismi
2915 1905 3016 1960 filii
3049 1905 3152 1961 Dei
3181 1904 3388 1971 effecti,
3426 1907 3496 1960 de
3526 1903 3829 1960 nobilitate

2178 1996 2371 2050 carnis
2403 1995 2747 2066 gloriantur,
2779 2011 2906 2065 quae
2936 2011 3035 2050 eos
3067 1993 3282 2050 diaboli
3312 1992 3464 2049 filios
3522 2010 3830 2066 generave-

2178 2088 2285 2140 rat.

2249 2175 2504 2228 Libenter
2530 2173 2795 2244 suﬂ'ertis,
2823 2178 2935 2227 etc.
2970 2177 3034 2226 In
3067 2176 3254 2244 coepta
3282 2172 3605 2227 intentione
3638 2172 3826 2228 mani-

2180 2263 2356 2318 festat
2386 2279 2503 2317 sua:
2544 2261 2907 2317 auctoritatis
2958 2261 3350 2317 ministerium
3384 2266 3442 2316 et
3496 2261 3825 2333 dignitatis,

2179 2368 2294 2422 qua
2326 2369 2439 2406 non
2473 2349 2663 2406 solum
2697 2349 3240 2422 pseudoapostolos,
3283 2349 3383 2405 sed
3414 2350 3591 2404 etiam
3625 2366 3828 2422 magos

2176 2441 2322 2511 (764)
2355 2439 2649 2495 videretur
2677 2441 2971 2509 excedere,
3006 2455 3382 2511 perseverans
3412 2439 3590 2494 dicit:
3637 2441 3830 2494 Liben-

2176 2538 2258 2584 ter
2285 2530 2544 2602 sit/fertis,
2577 2534 2684 2584 etc.
2719 2529 3068 2600 Insipientes
3099 2545 3356 2600 namque
3385 2528 3510 2584 illos
3539 2528 3828 2600 appellat,

2180 2617 2281 2689 qui
2314 2619 2384 2672 de
2418 2617 2718 2673 nobilitate
2767 2617 2998 2690 generis
3028 2617 3452 2688 gloriabantur,
3501 2621 3679 2688 atque
3711 2618 3829 2672 cir-

2173 2707 2552 2771 cumcisione,
2587 2707 2864 2778 quoniam
2887 2706 3229 2778 insipientia
3250 2707 3421 2762 estde
3444 2705 3664 2761 talibus
3695 2705 3828 2777 glo-

2174 2796 2328 2850 riari.
2363 2796 2524 2861 Quod
2555 2811 2690 2851 vero
2749 2796 2913 2865 dicit,
2968 2798 3261 2866 sapientes,
3316 2794 3586 2851 nonnulli
3619 2795 3830 2850 dicunt

2172 2884 2389 2940 ironice
2418 2885 2638 2941 dictum
2674 2885 2875 2952 fuisse,
2909 2889 2967 2940 et
2994 2886 3067 2940 ob
3095 2886 3202 2941 hoc
3235 2885 3316 2941 ita
3336 2885 3706 2958 pronuntiari
3732 2886 3829 2940 de~

2172 2973 2327 3040 bere,
2379 2980 2444 3029 ut
2499 2973 2900 3045 intelligatur:
2961 2991 3096 3030 nam
3156 2991 3525 3046 unaquaeque
3580 2990 3674 3029 res
3723 2978 3824 3029 aut

2173 3079 2370 3134 sensu,
2405 3069 2508 3119 aut
2536 3063 3008 3135 pronuntiatione
3037 3063 3401 3120 discernitar.
3435 3066 3639 3119 Potest
3663 3063 3817 3119 enim

2175 3153 2234 3208 in
2267 3153 2563 3208 similibus
2622 3153 2811 3208 verbis
2857 3151 3166 3208 dissimilis
3194 3169 3324 3208 esse
3380 3167 3628 3208 sensus:
3662 3151 3819 3208 verbi

411 3214 552 3291 sunt
576 3237 848 3306 adulteri,
909 3214 1510 3311 bomicidm;eum;]em
1556 3214 1744 3305 etilli;
1778 3214 2046 3308 QQE'Q—ig
2075 3214 2118 3281 (ἶ
2167 3241 2375 3313 gratia,
2400 3241 2449 3295 si
2482 3240 2693 3296 dicam:
2727 3245 2836 3296 Per
2858 3240 3205 3312 sapientiam
3221 3245 3383 3295 tuam
3398 3239 3615 3306 fecistt,
3633 3243 3823 3312 potest

413 3325 689 3382 simulate
719 3329 890 3386 bonis
913 3333 1082 3403 (763).

484 3416 695 3469 Iterum
724 3417 862 3473 dico.
896 3419 1131 3476 Dixerat
1162 3423 1461 3496 superius:
1511 3428 1728 3483 Utinam
1765 3432 2058 3487 sustinere-

415 3504 485 3557 tis
512 3503 806 3574 modicum,
835 3511 949 3563 atc.
975 3527 987 3564 :
1023 3516 1079 3565 et
1125 3512 1324 3567 statim
1353 3513 1538 3568 voluit
1587 3516 1745 3572 istud
1779 3520 2015 3590 aggredi
2045 3538 2057 3587 ;

413 3591 513 3646 sed
547 3596 742 3648 tamen
787 3597 1007 3668 Spiritu
1057 3606 1258 3656 sancto
1287 3602 1543 3658 dictante
1591 3606 1856 3675 quaedam
1888 3608 2062 3662 verba

414 3679 699 3750 inseruit;
734 3683 825 3740 his
867 3685 1126 3755 insertis,
1160 3690 1418 3746 derivata
1449 3692 1789 3765 intentione,
1825 3696 1894 3750 ad
1950 3713 2061 3752 cm-

415 3772 581 3840 ptum
611 3771 875 3828 ordinem
911 3778 1238 3847 revertitur,
1272 3779 1552 3835 dicendo:
1589 3784 1792 3837 Iterum
1821 3784 1942 3840 dico
1973 3786 2065 3857 (ne

415 3860 536 3928 quis
563 3876 650 3915 me
673 3872 823 3933 putet
854 3865 1248 3940 insipientem).
1298 3871 1412 3924 Hoc
1444 3870 1522 3925 ita
1561 3871 1721 3939 dicit,
1756 3872 1893 3944 quia
1923 3873 2064 3930 talia

414 3947 685 4004 dicturus
715 3958 840 4007 erat
872 3953 930 4008 in
962 3958 1512 4031 sequentibus,qua:
1544 3961 1614 4016 ad
1647 3961 1878 4018 laudem
1905 3963 2063 4020 illius

416 4039 658 4095 attinere
688 4041 869 4098 videri
900 4049 1168 4116 poterant
1197 4090 1210 4114 ,
1247 4049 1414 4124 quasi
1447 4049 1665 4105 diceret
1692 4067 1703 4106 ε
1735 4051 1816 4106 Ne
1847 4054 2064 4124 putetis

415 4143 508 4184 me
542 4146 681 4184 meas
715 4131 910 4186 laudis
941 4149 1120 4188 causa
1149 4133 1255 4190 hoc
1286 4135 1496 4204 dicere,
1533 4139 1632 4192 sed
1667 4144 1873 4194 vestrae
1905 4139 2062 4194 salu-

413 4216 490 4271 tis
519 4235 532 4283 ;
567 4219 706 4288 quia
756 4221 1103 4298 necessitate
1135 4228 1373 4279 coactus
1405 4225 1552 4280 dico.
1586 4226 1754 4281 Sive:
1802 4232 1923 4282 Non
1958 4227 2064 4282 ali-

417 4303 551 4374 quis
583 4321 674 4360 me
692 4307 1262 4378 putetinsipientem,
1283 4310 1421 4382 quia
1446 4312 1746 4368 veritatem
1780 4315 1929 4382 dico,
1947 4317 2066 4373 sive

417 4392 556 4463 quia
587 4409 702 4448 non
725 4398 910 4449 totum
945 4397 1099 4467 quod
1121 4398 1302 4468 sapio.
1333 4400 1401 4454 Et
1429 4400 1556 4456 ideo
1579 4403 2068 4475 subjunxit:Alio-

420 4484 555 4553 quin
586 4483 734 4538 velut
764 4485 1113 4555 insipientem
1143 4489 1376 4559 accipite
1404 4507 1489 4546 me
1507 4493 1702 4562 ;quasi
1727 4494 1942 4550 diceret
1967 4514 1979 4550 :
2006 4496 2062 4552 Si

2169 3330 2401 3398 fieri,ut
2427 3329 2722 3386 laudando
2753 3330 2935 3397 dicas,
2969 3329 3348 3401 potestetiam
3370 3329 3818 3400 viturperando;

2169 3424 2227 3474 et
2269 3419 2398 3475 ideo
2429 3419 2841 3489 interrogative
2891 3418 3365 3490 pronuntiandus
3396 3421 3486 3473 est
3514 3417 3629 3473 iste
3660 3416 3822 3473 locus

2172 3513 2237 3564 ut
2269 3508 2497 3580 negatio
2531 3506 2917 3579 intelligatur.
2977 3507 3131 3562 Sunt
3187 3507 3362 3561 etiam
3397 3506 3691 3574 nonnulli,
3727 3506 3821 3578 qui

2172 3595 2522 3668 simpliciter
2552 3595 2660 3650 hoc
2690 3596 2764 3650 ab
2812 3595 3091 3666 Apostolo
3138 3595 3359 3650 dictum
3418 3600 3632 3667 putant
3691 3596 3824 3667 quia

2171 3690 2338 3742 erant
2363 3683 2630 3740 nonnulli
2665 3684 2814 3738 inter
2838 3684 3168 3740 Corinthios
3197 3683 3511 3756 sapientes,
3545 3701 3698 3755 quos
3731 3684 3823 3739 ille

2173 3777 2228 3831 in
2262 3774 2453 3846 prima
2479 3772 2734 3844 Epistola
2761 3772 3116 3841 laudaverat,
3140 3778 3316 3846 atque
3347 3773 3404 3828 in
3430 3773 3715 3829 omnibus
3746 3774 3826 3828 di-

2171 3864 2319 3919 vites
2349 3878 2477 3918 esse
2509 3862 2753 3928 dixerat,
2775 3861 2877 3932 qui
2899 3862 3073 3917 etiam
3097 3861 3618 3934 pseudoapostolos
3644 3863 3824 3934 perfe-

2173 3953 2414 4008 rebant:
2449 3956 2504 4006 et
2535 3951 2812 4005 adversus
2832 3949 2962 4006 illos
2992 3949 3253 4021 loquitur
3271 3950 3607 4022 Apostolus,
3631 3952 3824 4006 dicen-

2175 4043 2284 4098 do:
2319 4041 2575 4096 Libenter
2630 4040 2893 4110 suffertis,
2954 4039 3124 4110 quasi
3168 4039 3420 4094 diceret:
3483 4038 3669 4095 Miror
3725 4056 3825 4094 cur

2173 4147 2274 4186 vos
2297 4130 2439 4184 adeo
2470 4127 2763 4199 sapientes
2785 4128 2929 4183 adeo
2961 4125 3485 4199 pseudoapostolos
3514 4126 3820 4183 toleratis:

2177 4235 2311 4274 nam
2344 4215 2862 4290 pseudoapostolos
2909 4215 3180 4272 volebant
3225 4220 3479 4288 portare,
3511 4220 3579 4272 ut
3607 4215 3822 4289 glorio-

2176 4307 2357 4364 siores
2388 4307 2762 4375 haberentur,
2795 4310 2852 4360 et
2881 4304 3009 4360 ideo
3027 4304 3261 4361 dolebat
3283 4305 3621 4377 Apostolus,
3656 4305 3822 4378 quasi

2175 4397 2424 4453 diceret:
2460 4396 2647 4458 Quare
2678 4395 2820 4451 istos
2849 4393 3116 4466 portatis,
3160 4398 3218 4450 et
3247 4410 3340 4450 me
3373 4395 3519 4450 ferre
3551 4412 3674 4450 non
3699 4395 3825 4451 vul-

2175 4485 2251 4540 tis
2272 4485 2299 4539 ‘I
2331 4490 2438 4539 etc.
2471 4483 2801 4539 Notandum
2832 4483 3009 4552 enim,
3025 4482 3166 4555 quia
3186 4483 3420 4539 duobus
3442 4483 3639 4539 modis
3660 4483 3826 4541 electi

413 4573 588 4628 verba
633 4573 1024 4646 inspexeritis,
1059 4576 1198 4648 quia
1232 4594 1324 4633 me
1371 4578 1571 4636 videor
1600 4579 1859 4651 laudare,
1914 4583 2056 4640 insi-
2090 4585 2135 4649 Ι)
2169 4574 2457 4646 patienter
2489 4571 2674 4627 malos
2731 4572 3073 4642 Perfel‘unt;
3119 4571 3262 4639 Sive.
3315 4576 3382 4628 ιιι
3409 4588 3509 4628 608
3563 4573 3638 4628 ad
3672 4573 3823 4630 Viam

420 4662 675 4732 pientem
707 4681 799 4718 me
837 4680 966 4720 esse
1023 4666 1341 4737 putabitis;
1392 4667 1440 4724 si
1488 4685 1621 4724 vero
1677 4670 2057 4729 intentionem

418 4753 996 4823 perpenderitis,non
1023 4755 1418 4827 insipientem,
1443 4759 1544 4814 sed
1567 4759 2060 4833 sapientem,quia

419 4842 748 4912 agnoscatis
779 4859 871 4898 me
903 4844 1087 4898 facere
1119 4861 1295 4900 causa
1313 4845 1520 4902 salutis
1543 4847 1824 4917 aliorum;
1851 4858 1911 4904 ut
1939 4867 2053 4922 ego,

415 4931 570 4987 sicut
597 4930 701 4998 illi,
735 4932 1005 4987 modicum
1035 4933 1166 5004 quid
1194 4935 1420 5004 glorier,
1455 4936 1592 5008 quia
1616 4936 1699 4992 illi
1731 4938 2005 4995 multum.

485 5019 633 5088 Quod
661 5021 869 5090 loquor,
902 5037 1011 5075 non
1042 5022 1232 5094 loquor
1268 5025 1569 5080 secundum
1599 5031 1814 5083 Deum:
1856 5029 1912 5084 id
1947 5033 2057 5096 est,

410 5111 565 5182 quod
600 5125 692 5164 me
748 5108 948 5177 laudo,
995 5117 1282 5182 quantum
1333 5116 1404 5168 ad
1438 5131 1661 5183 vocem,
1704 5133 1816 5172 non
1853 5118 2058 5190 loquor

410 5200 732 5254 secundum
755 5199 970 5267 Deum;
1000 5199 1138 5272 quia
1163 5201 1262 5272 qui
1281 5219 1343 5258 se
1361 5203 1579 5274 laudat,
1606 5204 1923 5276 ipsalaude
1944 5221 2056 5262 non

503 5360 631 5435 In?)
661 5360 724 5435 in
760 5367 950 5433 autog.
971 5376 1169 5435 marg.
1207 5361 1296 5416 hic
1326 5361 1540 5435 legitur
1569 5380 1695 5435 cap.
1729 5363 1920 5420 XXIV.

503 5431 630 5504 763)
661 5431 826 5504 Forte
855 5431 1417 5504 subintelligendum
1451 5431 1665 5489 habere.

483 5503 631 5575 (764)
662 5502 782 5575 Vox
829 5505 982 5575 apud
1032 5502 1272 5572 Arabes,
1323 5505 1608 5560 Idumaeos
1651 5510 1709 5561 et
1759 5505 2058 5562 Chaldaeos

409 5572 827 5647 philosophum
867 5572 1280 5647 etsapientem
1323 5578 1597 5632 relerens.
1638 5577 1783 5634 Vide
1814 5578 2056 5634 Tertull.

409 5650 614 5701 contra
640 5644 799 5715 Jud.,
834 5650 890 5701 et
918 5644 1135 5717 libfm,
1169 5653 1371 5708 contra
1415 5648 1692 5708 Marcion.
1722 5666 1736 5719 ;
1788 5655 2058 5709 sanctum

2168 4661 2426 4718 veritatis
2454 4660 2684 4715 trahere
2735 4659 3002 4731 possint;
3053 4663 3193 4725 sive,
3229 4664 3311 4731 ut,
3343 4660 3393 4715 si
3424 4677 3539 4716 non
3573 4663 3822 4733 possint,

2168 4750 2378 4808 saltem
2410 4765 2612 4805 eorum
2643 4749 2928 4820 patientia
2958 4754 3384 4805 remuneretur.

2235 4840 2532 4895 Sustmetis
2561 4839 2732 4906 enim,
2763 4843 2873 4894 etc.
2908 4839 3062 4902 Quos
3094 4838 3179 4894 illi
3239 4839 3634 4906 sustinebant,
3671 4855 3822 4896 nunc

2167 4929 2373 5000 incipit
2403 4927 2802 4993 manifestare,
2834 4927 3175 4984 subdendo:
3209 4928 3272 4983 Si
3298 4930 3396 5000 qui
3422 4945 3515 4984 vos
3561 4932 3621 4985 in
3653 4932 3823 4986 servio

2165 5023 2339 5074 tatem
2366 5019 2596 5088 redigit,
2620 5017 2678 5071 id
2710 5020 2819 5083 est,
2851 5015 3019 5089 legis,
3042 5016 3182 5089 quia
3209 5017 3281 5072 ad
3308 5017 3418 5074 hoc
3449 5017 3822 5076 laborabant-

2168 5112 2232 5163 ut
2257 5107 2520 5164 servituti
2549 5106 2868 5162 subderent
2895 5123 2994 5162 eos
3027 5105 3209 5179 legis;
3235 5106 3378 5177 sive,
3401 5109 3464 5162 in
3482 5110 3820 5174 servitutem,

2165 5198 2305 5270 quia
2334 5196 2494 5252 illam
2519 5195 3134 5268 (765)dominationem
3165 5196 3511 5255 exercebant
3541 5198 3820 5255 sacerdo-

2165 5365 2378 5440 {ustin
2413 5367 2650 5440 martyg.
2681 5383 2701 5440 ;_
2726 5363 2961 5440 Dialog._
3006 5369 3232 5440 contra
3268 5367 3467 5440 Triph.
3498 5386 3511 5437 ;
3547 5375 3823 5426 sanctum

2167 5381 2378 5422 Jusun.
2413 5381 2650 5436 martyr.
2681 5383 2694 5431 ;
2726 5381 2951 5490 Uiaiofg.
3011 5381 3214 5422 contra
3268 5381 3467 5440 't‘ripn.
3498 5386 3511 5437 ;
3547 5381 3823 5426 sanctum

2167 5435 2577 5563 Epiphanium,
2601 5436 2880 5520 Epitoma
2907 5435 3019 5491 idei
3045 5437 3258 5493 cathol.
3280 5455 3302 5501 .·
3330 5445 3407 5522 et,
3451 5440 3511 5495 in
3546 5441 3826 5524 recentio-

2168 5526 2213 5563 ri
2263 5525 2353 5563 us.
2384 5508 2712 5563 Tostatum.
2745 5512 3082 5563 Marianam.
3115 5511 3482 5563 Barradmm-
3527 5513 3819 5563 Gmtmm-

2168 5508 2712 5590 {ibus,_frostatum,
2745 5508 3082 5590 Merianam,
3115 5510 3482 5590 Barradium,
3527 5513 3821 5583 Gratiam,

2168 5578 2499 5636 Cornelium
2530 5597 2564 5635 a
2592 5579 2732 5652 lap.,
2765 5587 2822 5636 et
2841 5579 2986 5636 alios
3017 5581 3275 5654 quampl.

2239 5651 2385 5722 (765.
2417 5653 2479 5709 In
2510 5655 2707 5725 autog.
2739 5651 3168 5712 damnationem.
