4034 6166
154 372 261 438 47⁸7

722 368 1137 434 EXPOSITIO
1182 368 1260 431 IN
1306 365 1735 429 EPISTULAS
1780 364 2041 429 PAULI.
2076 400 2155 412 —-
2184 366 2265 429 ΙΝ
2310 368 2570 431 EPIST.
2619 362 2671 431 ΙῙ
2718 370 2824 432 AD
2870 368 3051 433 COR.

3505 368 3623 437 478

157 515 240 565 tes
299 503 657 562 Judaaorum
718 503 777 558 in
838 505 1124 575 plebibus,
1161 521 1338 575 quam
1362 520 1516 559 nunc
1564 500 1821 571 episcopi
1853 502 1908 566 Α
1945 500 2073 555 brio
2106 482 2557 568 manutenebat,
2590 520 2725 558 cum
2758 504 2951 559 tribus
2988 520 3124 560 vero
3152 504 3531 577 percutiebat,
3564 491 3622 563 et

154 600 208 655 in
238 594 519 669 plebibus
552 598 845 648 exercent.
880 594 939 648 Si
967 596 1062 665 qui
1091 595 1310 651 devorat
1340 616 1351 664 ;
1386 598 1422 652 i1
1456 603 1565 669 est,
1616 599 1663 653 si
1697 598 1831 670 quis

155 692 345 744 vestra
373 682 707 739 consumit:
743 699 876 737 nam
910 683 993 737 illi
1026 700 1227 739 curam
1272 689 1489 743 ventris
1547 689 1826 759 praedica-

156 779 328 841 bant;
367 772 529 827 unde
561 771 721 826 idem
757 772 1105 842 Apostolus:
1168 776 1417 843 Quorum
1480 780 1615 833 Deus
1646 785 1835 832 venter

155 871 225 923 est
248 863 537 935 (Philipp.
578 878 664 926 ιιι,
704 862 809 927 19).
844 860 909 915 Si
935 864 1058 933 quis
1080 866 1323 934 accipit;
1365 866 1419 919 id
1454 872 1564 936 est,
1600 867 1647 921 si
1699 866 1833 937 quis

156 954 301 1026 rapit
334 969 467 1024 quas
503 955 703 1005 vestra
732 954 911 1016 sunt;
944 952 1103 1006 unde
1135 953 1313 1007 etiam
1350 954 1532 1009 Graeci
1570 960 1833 1026 raptores

155 1042 469 1114 accipitres
502 1046 733 1109 vocant,
766 1044 823 1093 et
852 1056 959 1095 nos
990 1040 1124 1095 illas
1177 1058 1333 1108 aves,
1388 1060 1518 1113 quae
1576 1043 1832 1098 sollicitae

154 1137 289 1189 sunt
320 1130 472 1185 alias
506 1144 737 1199 capere,
800 1128 1114 1199 accipitres
1173 1130 1451 1185 dicimus.
1478 1130 1760 1187 Similiter
1780 1135 1837 1184 et

150 1221 241 1276 isti
273 1217 672 1289 accipiebant,
706 1215 843 1287 quia
873 1217 1204 1285 rapiebant.
1239 1218 1307 1272 Si
1362 1221 1489 1287 quis
1544 1220 1838 1274 extollitur

153 1307 634 1370 Extollebantur,
665 1304 801 1375 quia
830 1304 899 1359 de
924 1304 1359 1377 superstitione
1391 1308 1607 1378 gentis,
1662 1313 1837 1378 atque

164 1395 619 1455 circumcisione
648 1392 1081 1465 gloriabantur.
1115 1395 1177 1450 Si
1215 1396 1342 1465 quis
1372 1397 1433 1450 in
1489 1399 1691 1467 [aciem
1749 1412 1839 1450 vos

157 1489 333 1546 cadit.
370 1488 437 1541 In
472 1484 619 1541 facie
650 1499 903 1554 namque
962 1484 1187 1539 caedere
1246 1488 1356 1548 est,
1420 1490 1617 1556 aperte
1665 1486 1837 1541 dero-

154 1594 286 1652 gare
319 1580 501 1647 atque
529 1572 789 1630 convicia
818 1572 1070 1629 inferre.

221 1664 543 1722 Secundum
570 1662 987 1731 ignobititatem
1010 1662 1151 1718 dico.
1188 1662 1333 1728 Quia
1375 1663 1519 1718 talia
1567 1664 1838 1719 dicturus

160 1762 277 1812 erat
308 1756 370 1810 in
405 1751 823 1825 sequentibus;
860 1752 1027 1805 unde
1058 1755 1286 1822 poterat
1312 1752 1493 1807 videri
1556 1752 1793 1824 gloriari
1822 1771 1834 1807 :

1943 589 2041 644 ille
2076 596 2408 662 prostratus
2442 596 2577 645 ante
2609 609 2743 647 eum
2767 594 3113 664 jacebat.Ac
3147 612 3247 667 per
3276 596 3385 651 hoc
3417 602 3611 654 osten-

1943 679 2108 734 ditur
2138 681 2278 751 quia
2310 682 2369 734 in
2404 682 2633 735 decima
2665 683 3042 753 percussione
3104 685 3516 757 trigenarium,
3552 688 3611 742 in

1943 774 2114 826 terna
2144 788 2276 825 vero
2310 770 2691 826 novenarium
2726 772 3010 845 explebat.
3046 774 3101 829 Si
3136 776 3291 830 enim
3364 782 3618 849 quatuor

1948 860 2900 931 percussisset,quadragenarium
2926 863 3353 934 explesset.Sed
3384 867 3433 921 si
3458 885 3615 939 quae-

1948 966 2045 1003 ras
2079 950 2431 1020 mysterium
2492 950 2661 1019 (768),
2726 968 2905 1020 quare
2953 951 3044 1006 lex
3076 953 3185 1007 hoc
3220 958 3613 1027 praecepisset,

1948 1039 2275 1093 notandum
2293 1038 2438 1109 quia
2462 1039 2615 1108 quad
2627 1040 2963 1109 ragenarius
2978 1058 3262 1098 numerus
3276 1045 3613 1101 conﬂictum

1947 1128 2126 1182 istius
2148 1128 2275 1180 vitae
2300 1127 2608 1197 praesentis
2627 1128 2918 1199 designat.
2944 1131 3012 1183 Et
3036 1131 3199 1198 bene;
3235 1132 3374 1202 quia
3404 1134 3623 1191 diffusa

1949 1232 2053 1287 per
2085 1219 2338 1285 quatuor
2373 1216 2583 1270 mundi
2614 1216 2852 1271 climata
2881 1234 3014 1273 cum
3046 1219 3317 1286 decalogo
3341 1222 3622 1278 adversus

1946 1303 2196 1358 insidias
2226 1303 2452 1358 diaboli
2486 1306 2747 1373 dimicat,
2775 1311 2838 1360 ut
2867 1307 3005 1361 vitia
3034 1308 3260 1377 patraia
3291 1314 3497 1383 tergat.
3527 1313 3622 1366 Ter

1946 1394 2125 1461 virgis
2153 1409 2322 1448 ecesus
2353 1410 2498 1448 sum.
2535 1394 2885 1466 Flagellatus
2917 1413 2951 1449 a
2996 1396 3218 1451 Judaeis
3278 1399 3613 1471 quinquies,

1948 1498 2055 1554 per
2086 1499 2576 1554 unamquamque
2601 1483 2782 1538 vicem
2812 1484 3148 1557 trigenas,ei
3182 1503 3437 1543 novenas
3459 1506 3615 1545 acce-

1950 1576 2154 1643 perat;
2191 1570 2528 1641 flagellatus
2577 1590 2610 1627 a
2654 1574 2948 1643 gentibus,
2982 1575 3123 1645 quia
3182 1592 3296 1631 non
3346 1579 3610 1633 eamdem

1948 1660 2139 1731 legem
2172 1661 2698 1734 servabant,virgis
2730 1679 2863 1717 eum
2888 1663 3442 1722 czeciderunt.Semel
3473 1668 3615 1739 lapi-

1947 1749 2113 1803 datus
2140 1765 2259 1803 sum
2320 1752 2463 1820 (Aet.
2527 1746 2641 1818 xiv,
2708 1752 3613 1827 18).quemadmodumLystris.

161 1847 377 1901 idcirco
410 1841 713 1914 prazmisit,
745 1840 1053 1895 secundum
1084 1841 1487 1910 ignobilitatem
1514 1860 1526 1909 ;
1555 1842 1836 1911 quoniam
1870 1868 1916 1930 B
1951 1840 2047 1892 Ter
2080 1841 2446 1908 naufragium
2474 1843 2582 1905 feci
2611 1841 2745 1911 (Act.
2779 1858 2917 1908 xvu,
2944 1844 2977 1896 4
3019 1844 3034 1912 )
3063 1861 3075 1908 ;
3110 1843 3250 1913 quia
3282 1845 3618 1916 frequenter

162 1935 227 1990 ad
255 1931 581 1989 stultitiam
614 1930 819 1985 attinet
849 1929 1037 1984 alicui
1072 1930 1142 1984 de
1194 1930 1509 2000 semetipso
1571 1928 1835 2000 gloriari.

166 2024 331 2091 Quasi
362 2038 478 2077 non
506 2021 715 2089 inﬁrmi
742 2020 1032 2090 fuerimus
1062 2022 1123 2073 in
1148 2019 1249 2072 hac
1276 2023 1430 2088 parte
1456 2036 1469 2085 ;
1503 2018 1559 2072 id
1605 2022 1715 2085 est,
1778 2018 1839 2073 in

163 2116 325 2185 parte
386 2107 772 2184 gloriationis.
832 2108 1018 2173 Quasi
1079 2106 1328 2161 diceret:
1392 2107 1449 2161 Si
1484 2106 1565 2160 illi
1599 2106 1839 2178 gloriari

164 2199 391 2265 volunt,
425 2202 483 2251 et
514 2214 619 2252 nos
648 2195 885 2269 gloriari
925 2212 1248 2267 possumus
1274 2212 1287 2263 ;
1312 2196 1590 2266 quoniam
1617 2196 1839 2249 inﬁrmi

164 2290 219 2343 in
250 2288 372 2352 his,
402 2287 562 2341 unde
593 2286 701 2357 ipsi
734 2285 1090 2358 gloriantur,
1116 2301 1231 2339 non
1265 2287 1563 2340 sumuan
1585 2301 1694 2357 quo
1718 2287 1841 2356 quis

164 2378 330 2432 audet
360 2373 625 2447 (gloriari
658 2374 1061 2443 subauditur).
1098 2372 1272 2435 Quasi
1307 2373 1561 2437 diceret,
1615 2372 1673 2426 Si
1735 2390 1838 2427 au-

172 2467 267 2521 det
303 2464 533 2535 aliquis
565 2463 622 2517 in
654 2464 761 2518 hoc
783 2461 1109 2535 gloriari,et
1137 2478 1235 2530 ego
1268 2463 1540 2516 audean
1574 2462 1840 2532 insipien-

165 2556 246 2610 tia
276 2554 422 2609 dico.
453 2554 522 2607 Et
551 2552 689 2623 quia
720 2569 782 2607 se
814 2551 1169 2607 laudaturus
1192 2556 1336 2616 erat,
1370 2550 1586 2606 idcirco
1610 2551 1841 2622 praemi-

167 2643 261 2709 sit,
296 2645 358 2696 in
392 2643 728 2712 insipientia
760 2641 905 2696 dico.

239 2732 445 2786 Semen
476 2730 712 2786 Abrahae
741 2732 892 2795 sunt,
925 2733 1059 2797 etc.,
1095 2743 1281 2798 usque
1314 2728 1410 2783 ubi
1443 2728 1585 2783 dicit
1615 2746 1626 2782 :
1679 2730 1844 2785 Mini-

166 2823 275 2876 stri
303 2821 520 2876 Christi
548 2828 692 2873 sunt.
716 2819 788 2872 Et
818 2818 958 2888 quia
987 2816 1254 2872 dicturus
1284 2818 1566 2888 erat,plus
1607 2834 1699 2887 ego
1732 2818 1841 2871 mi-

169 2911 385 2977 nister,
424 2907 555 2961 ideo
588 2906 895 2978 praemisit,
927 2910 991 2960 ut
1022 2907 1484 2975 minuslsapiens.
1540 2906 1605 2959 Et
1664 2923 1843 2975 quare

170 2999 425 3052 dixisset
452 2995 605 3067 plus,
636 2994 843 3066 incipit
874 2994 1247 3050 manifestare
1277 2997 1333 3048 in
1362 2994 1642 3049 laboribus
1672 2994 1845 3065 pluri-

165 3089 306 3141 mis.
344 3086 611 3156 Cmperat
640 3084 798 3155 loqui
831 3083 1376 3156 pseudoapostolis;
1412 3085 1512 3138 scd
1539 3088 1734 3137 tamen
1770 3085 1841 3138 ad

166 3177 363 3231 bonos
395 3172 697 3245 apostolos
731 3174 929 3228 referri
963 3176 1155 3243 potest
1184 3172 1337 3242 quod
1370 3172 1542 3227 dicit:
1592 3174 1656 3226 In
1688 3172 1838 3226 tabo-

160 3266 325 3320 ribus
340 3234 620 3336 plurimis
648 3280 662 3330 ;
694 3279 829 3317 nam
855 3234 1113 3316 ostendit
1142 3234 1241 3315 eos
1272 3261 1493 3316 instare
1514 3260 1833 3330 laboribus,
1870 3234 1912 3299 C

159 3354 371 3425 magis
398 3358 599 3406 tamen
631 3352 827 3407 seisto
858 3366 1129 3405 sermone
1181 3350 1379 3404 omnia
1432 3348 1533 3403 illa
1589 3366 1841 3420 sequen-

158 3443 249 3497 tia
287 3439 733 3511 comprehendi,
768 3442 828 3495 In
862 3441 1175 3494 carceribus
1233 3438 1629 3493 abundantius.
1693 3439 1839 3493 Cum

154 3530 357 3586 dicit:
396 3528 802 3593 Abundantius,
835 3529 1092 3584 ostendit
1122 3527 1295 3583 etiam
1349 3544 1447 3582 eos
1500 3528 1559 3582 in
1612 3544 1839 3584 carcere

156 3619 493 3679 detrusos;
526 3618 627 3673 sed
656 3623 854 3673 tamen
886 3617 995 3673 iste
1011 3616 1835 3688 abundantius,quiainstanti

153 3706 595 3778 praedicatione
627 3706 823 3761 odium
858 3706 1106 3761 aliorum
1131 3706 1439 3761 adversum
1461 3707 1833 3772 seexcitabat,

154 3797 326 3850 unde
359 3797 420 3850 in
455 3811 691 3850 carcere
733 3795 1125 3850 detinebatur.
1178 3796 1241 3849 In
1296 3796 1478 3866 plagis
1505 3812 1673 3866 supra
1727 3812 1838 3850 mo-

154 3884 297 3939 dum
325 3902 346 3945 ;
378 3885 439 3938 id
472 3888 584 3949 est,
617 3888 675 3938 et
704 3888 930 3950 caetera,
960 3888 1017 3939 et
1047 3884 1159 3939 ista
1190 3901 1366 3955 super
1406 3900 1739 3937 mensuram
1770 3886 1833 3939 In

156 3975 449 4029 mortibus
535 3976 874 4044 frequenter,
935 3976 1023 4027 etc
1107 3972 1175 4025 Et
1231 3973 1366 4044 quid
1427 3976 1598 4038 esset,
1676 3972 1831 4041 quod

154 4080 354 4133 supra
412 4061 679 4116 dixerat:
741 4063 805 4117 In
886 4062 1087 4132 plagis,
1175 4065 1305 4128 etc.,
1367 4077 1521 4114 nunc
1576 4058 1828 4130 exponit,

155 4151 459 4206 dicendo:
524 4151 560 4204 A
651 4149 849 4204 Judxis
958 4150 1267 4221 quinquies,
1346 4154 1478 4218 etc.,
1562 4147 1618 4201 id
1721 4152 1827 4215 est,

152 4240 342 4312 quasi
365 4238 950 4310 transgressorlegis.
972 4240 1117 4295 Nam
1142 4244 1494 4310 praeceptum
1520 4236 1663 4308 legis
1684 4240 1827 4303 «erat,

152 4335 224 4385 ut
258 4329 315 4384 si
349 4328 490 4399 quis
521 4333 926 4399 transgressor
946 4330 1211 4401 ejusdem
1237 4327 1527 4394 existeret,
1547 4328 1618 4381 ad
1648 4328 1829 4396 majo-

149 4433 254 4473 res
290 4422 439 4472 natu
471 4416 881 4483 deduceretur,
913 4422 970 4472 ct
1003 4418 1051 4472 si
1084 4417 1480 4472 decrevissent
1515 4422 1580 4470 ut
1630 4414 1830 4486 ﬂagel-

147 4505 414 4572 laretur,
451 4505 583 4576 ipsa
611 4504 919 4577 ﬂagellatio
952 4505 1483 4577 quadragenarium
1517 4520 1830 4559 numerum

1950 1928 2289 1998 navigabat,
2322 1928 2456 1983 ideo
2512 1930 2881 2000 naufragium
2939 1932 3305 2001 patiebatur:
3367 1951 3502 1989 nam
3535 1937 3615 1991 ita

1950 2015 2099 2071 solet
2132 2017 2363 2071 evenire
2396 2016 2737 2088 frequenter
2766 2020 3195 2091 navigantibus.
3228 2022 3389 2077 Nocte
3442 2031 3493 2078 et
3520 2024 3613 2078 die

1950 2107 2007 2159 in
2036 2106 2312 2177 profundo
2346 2108 2522 2161 maris
2551 2110 2657 2177 fui.
2692 2108 2745 2161 Si
2780 2109 2951 2163 ﬁdem
2986 2110 3245 2180 antiquis
3275 2110 3611 2165 doctoribus

1951 2196 2121 2266 cupis
2152 2196 2624 2261 accommodare,
2650 2214 2766 2251 non
2799 2197 2964 2252 aliter
2989 2204 3078 2253 est
3134 2197 3601 2270 intelligendum,

1952 2300 2132 2355 quam
2165 2290 2370 2339 sonat:
2411 2285 2470 2339 id
2504 2286 3067 2357 est.intelligendum
3090 2292 3177 2342 est
3204 2304 3342 2342 eum
3367 2290 3475 2344 sub
3499 2306 3606 2343 un-

1951 2374 2041 2427 dis
2071 2373 2313 2427 marinis
2346 2373 2617 2429 latuisse.
2650 2376 2762 2430 Sed
2795 2392 2907 2430 non
2940 2378 3109 2431 debet
3139 2376 3313 2431 alicui
3360 2376 3611 2431 incredi-

1952 2462 2067 2517 bile
2097 2462 2298 2531 videri,
2333 2464 2493 2533 quod
2527 2463 2624 2519 ille
2656 2466 2727 2519 ab
2760 2466 2937 2519 undis
2968 2482 3082 2520 non
3116 2466 3224 2519 fuit
3256 2471 3456 2521 nectus
3506 2481 3609 2520 nec

1951 2549 2129 2604 etiam
2162 2566 2193 2602 a
2225 2550 2431 2605 bestiis
2462 2556 2520 2605 et
2542 2551 2754 2607 belluis
2773 2552 3017 2607 marinis
3039 2559 3447 2625 consumptus,
3472 2569 3610 2624 quo-

1951 2638 2109 2692 niam
2139 2637 2333 2692 divina
2363 2641 2743 2697 miseratione
2777 2642 2882 2695 fuit
2937 2643 3157 2711 ejectus
3184 2660 3196 2710 ;
3254 2643 3505 2697 maxime
3535 2642 3607 2697 ob

1950 2727 2081 2793 hoc,
2117 2728 2255 2797 quia
2271 2727 2477 2784 Petrus
2500 2747 2679 2802 super
2703 2732 2890 2786 undas
2910 2732 3090 2786 maris
3115 2731 3455 2786 ambulavit.
3481 2732 3605 2785 Ma-

1950 2832 2132 2888 gnum
2164 2815 2318 2870 enim
2354 2818 2464 2871 fuit
2497 2819 2663 2885 illud,
2698 2820 2796 2874 sed
2829 2820 3205 2875 tamenistud
3235 2820 3610 2875 noninferius

1952 2906 2071 2960 illo.
2103 2905 2213 2959 Sed
2248 2904 2295 2958 si
2327 2905 2412 2960 vis
2448 2909 2520 2960 ad
2556 2909 2898 2979 mysterium
2932 2908 3078 2978 (769)
3127 2910 3359 2973 referre,
3394 2908 3608 2962 Paulus

1953 2994 2274 3065 naufragiis
2304 3001 2414 3048 sub
2451 2997 2627 3049 undis
2660 2995 2904 3050 marinis
2926 2997 3341 3063 latens,divina
3371 2996 3607 3049 misera-

1952 3084 2111 3137 tione
2139 3086 2367 3137 erectus
2398 3085 2571 3152 (770),
2618 3084 2915 3157 signiﬁcat
2967 3085 3276 3151 eruendus,
3338 3084 3436 3155 qui
3492 3100 3605 3137 non

1954 3170 2145 3225 solum
2170 3169 2557 3224 exterioribus
2587 3171 3041 3225 adversitatibus
3084 3172 3445 3242 afﬂiguntur,
3504 3172 3604 3226 sed

1952 3258 2127 3313 etiam
2159 3274 2292 3312 cum
2316 3258 2386 3311 ad
2424 3264 2673 3313 mortem
2707 3258 3081 3324 venerint,vel
3115 3261 3288 3314 rebus
3310 3259 3602 3314 saeculari-

1952 3347 2063 3402 bus
2094 3346 2279 3418 operti
2309 3347 2508 3401 divina
2541 3348 2914 3403 miseratione
2945 3348 3287 3403 liberantur.
3339 3353 3441 3404 Per
3498 3349 3600 3403 Pe-

1950 3440 2106 3490 trum
2140 3452 2417 3506 namque,
2450 3437 2548 3506 qui
2584 3454 2761 3509 super
2795 3438 2982 3492 undas
3015 3438 3196 3493 maris
3239 3438 3595 3493 ambulando

1950 3525 2255 3592 dubitavit,
2291 3530 2345 3578 et
2376 3525 2449 3578 ob
2480 3525 2591 3580 hoc
2623 3526 2807 3597 mergi
2840 3526 3034 3598 coepit,
3075 3528 3174 3581 sed
3211 3544 3341 3581 mox
3398 3530 3595 3581 tamen

1949 3632 2127 3669 manu
2160 3614 2355 3668 divina
2386 3619 2756 3670 sustentatus
2774 3617 2947 3682 est,id
2970 3620 3059 3670 est
3084 3616 3269 3671 sancti
3291 3616 3605 3689 designan-

1946 3704 2168 3775 tur,qui
2200 3704 2464 3773 injuncta
2494 3705 2607 3759 ﬁde
2638 3704 3090 3760 adversitatibus
3112 3705 3283 3760 istius
3297 3705 3423 3759 vitae
3455 3722 3599 3776 prae-

1946 3793 2131 3848 sentis
2185 3794 2487 3848 calcantur
2541 3795 2712 3865 (771),
2773 3800 2829 3848 et
2887 3795 2935 3849 si
3010 3795 3337 3865 contigerit,
3423 3799 3488 3848 ut
3543 3796 3600 3848 in

1945 3883 2141 3953 aliquo
2175 3887 2541 3949 moveantur,
2574 3882 2755 3936 veluti
2788 3882 3077 3948 homines,
3135 3881 3330 3935 divina
3388 3882 3599 3952 pietate

1942 3970 2546 4026 elevantur.Nonnulli
2570 3970 3079 4042 intelliguntprofu
3090 3971 3163 4023 nd
3174 3986 3270 4024 um
3288 3969 3465 4024 maris
3481 3986 3597 4024 non

1941 4059 2113 4132 longe
2144 4078 2177 4115 a
2206 4066 2380 4114 terra.

2013 4152 2074 4205 In
2106 4148 2391 4205 itineribus
2420 4163 2605 4219 saepe;
2636 4147 2775 4219 quia
2802 4148 2873 4201 de
2903 4147 3026 4202 loco
3048 4146 3119 4201 ad
3146 4146 3340 4202 locum
3362 4146 3590 4201 discur-

1944 4240 2123 4307 rebat,
2154 4245 2215 4295 ut
2246 4238 2511 4293 inﬁdeles
2543 4239 2613 4292 ad
2651 4240 2824 4292 linem
2853 4236 3125 4304 traheret,
3153 4235 3351 4291 ﬁdeles
3366 4252 3500 4290 vero
3534 4237 3591 4291 in

1943 4330 2054 4384 ﬁde
2085 4330 2503 4384 corroboraret.
2537 4328 2805 4383 Perieutis
2843 4328 3157 4397 ﬂuminum.
3194 4324 3388 4380 Potuit
3435 4326 3590 4381 enim

1942 4419 2087 4485 ﬁeri,
2122 4424 2185 4473 ut
2214 4417 2425 4472 hiemis
2452 4422 2710 4488 tempore
2742 4417 2884 4471 isset
2914 4432 3028 4487 quo
3060 4414 3307 4469 ﬂumina
3350 4415 3590 4470 modum

1941 4510 2247 4573 excedunt,
2283 4506 2453 4561 utilli
2484 4506 2700 4562 volenti
2736 4505 2982 4560 transire
3016 4503 3385 4558 obstaculum
3444 4520 3589 4574 prae-

146 4611 284 4651 non
320 4594 655 4659 excederet,
688 4610 759 4649 ne
781 4594 926 4649 forte
958 4594 1104 4650 foede
1135 4594 1464 4667 ﬂagellatus
1516 4595 1693 4649 frater
1742 4594 1831 4663 ja-
1865 4603 1911 4667 Ι)
1943 4598 2230 4664 buissent,
2265 4602 2321 4653 et
2377 4597 2450 4651 ob
2502 4596 2609 4650 hoc
2670 4594 2948 4665 pericula.
2983 4594 3253 4647 Periculis
3308 4594 3586 4647 latronum

143 4690 324 4739 ceret
358 4686 497 4738 ante
528 4681 727 4738 oculos
772 4683 900 4753 ejus
958 4685 1120 4752 (Deut
1177 4702 1307 4752 xxv,
1390 4686 1427 4755 ).
1468 4685 1666 4740 Postea
1696 4698 1828 4737 vero

143 4771 459 4827 traditum
487 4775 627 4826 esta
646 4772 967 4841 majoribus
989 4773 1346 4846 ipsorum,ut
1368 4774 1608 4845 triginta
1625 4786 1831 4827 novem

138 4860 591 4933 percussiones
621 4860 996 4929 darentur,ne
1019 4861 1309 4934 loquendo
1332 4860 1834 4935 quadragenarius

138 4950 573 5013 excederetur,
603 4952 661 5003 et
686 4954 1087 5022 trausgressor
1116 4952 1262 5023 legis
1295 4952 1650 5006 redderetur.
1688 4948 1835 5003 Dicit

136 5040 329 5095 enim
366 5038 525 5093 Beda
555 5038 708 5108 quod
741 5038 799 5093 in
834 5038 1004 5105 libro,
1040 5056 1213 5111 quem
1245 5039 1296 5094 ei
1345 5040 1630 5094 detulerat
1687 5055 1833 5093 suus

134 5130 352 5184 abeas
384 5128 538 5197 (766)
569 5126 643 5181 ab
674 5128 818 5183 urbe
866 5127 1047 5183 Roma
1104 5128 1161 5182 in
1221 5128 1578 5199 provinciam
1638 5144 1830 5194 suam,

128 5219 418 5274 vidisset
456 5216 679 5287 pictum
710 5221 992 5273 tortorem
1016 5218 1697 5289 stantem,quadriﬁdum
1723 5219 1831 5272 lla-

128 5307 391 5381 gellum
425 5308 744 5375 tenentem,
778 5311 835 5361 et
864 5323 1043 5362 unam
1076 5306 1250 5362 ﬁdem
1284 5306 1430 5378 (767)
1464 5324 1595 5363 cum
1629 5326 1832 5367 manu~

207 5448 394 5520 (766)
425 5447 691 5503 Fortasse
720 5448 931 5520 abiens.

206 5519 394 5589 (767)
422 5520 633 5591 Autog.
665 5519 836 5589 ﬁdam

205 5592 394 5665 (768)
425 5593 639 5663 Autog.
671 5591 1063 5665 ministerium.

208 5663 393 5739 (769)
427 5667 638 5735 Autog.
668 5664 1039 5721 ministerium
1063 5664 1352 5738 pra/ene.

1938 4688 2185 4742 Videbat
2208 4687 2363 4741 enim
2398 4684 2664 4740 diabolus
2696 4684 3033 4738 aviditatem
3066 4680 3245 4741 illius,
3304 4683 3459 4752 quod
3490 4682 3587 4737 ille

1942 4794 2047 4832 sua
2081 4775 2488 4847 praedicatione
2510 4773 2724 4827 multos
2751 4771 2973 4826 salvare
2995 4770 3200 4825 vellet:
3230 4768 3585 4827 multietiam

1943 4870 2108 4920 erant
2140 4862 2426 4930 salvandi,
2450 4867 2505 4915 et
2536 4860 2774 4927 salvati;
2810 4861 2939 4916 ideo
2996 4862 3252 4919 latrones
3307 4862 3585 4921 adversus

1944 4971 2074 5008 cum
2108 4954 2415 5017 excitabat,
2450 4954 2514 5003 ut
2544 4950 2644 5020 qui
2676 4950 2732 5003 in
2766 4951 2996 5008 civitate
3023 4954 3313 5027 exstingui
3345 4973 3459 5011 non
3490 4973 3589 5027 po-

1940 5048 2109 5110 terat,
2144 5042 2349 5097 saltem
2383 5058 2415 5094 a
2446 5038 2773 5094 latronibus
2806 5041 3348 5113 extingueretur.Et
3390 5045 3448 5098 in
3480 5044 3587 5098 hoc

1942 5130 2215 5197 ostendit,
2250 5131 2389 5201 quia
2420 5128 2561 5183 nihil
2596 5128 2925 5185 latronibus
2956 5132 3274 5202 pretiosum
3300 5132 3591 5186 deferebat

1940 5222 2211 5277 Periculis
2262 5236 2335 5274 ea:
2388 5233 2600 5289 genere.
2664 5218 2947 5274 Dolebant
2994 5221 3151 5275 enim
3207 5219 3391 5275 Judai
3448 5219 3586 5289 quia

1940 5311 2129 5376 illum,
2181 5324 2352 5380 quem
2413 5312 2691 5362 noverant
2747 5309 3109 5364 defensorem
3162 5307 3308 5379 legis
3363 5311 3420 5363 et
3477 5325 3578 5380 pa-

2008 5456 2155 5525 (970)
2189 5454 2270 5509 Ex
2299 5451 2412 5523 his,
2446 5468 2571 5522 quas
2606 5456 2953 5523 sequuntur,
2972 5450 3236 5506 fortassis
3267 5450 3575 5525 legendum

1936 5530 2142 5583 erutus.

2007 5599 2152 5666 (771)
2182 5599 2390 5669 Autog.
2422 5596 2653 5653 calcant.
