4060 6164
447 328 565 389 479

1472 333 1810 396 ATTONIS
1855 332 2440 396 VERCELLENSIS
2485 335 2836 399 EPISCOPI

3739 330 3861 396 480

448 469 748 521 ternarum
785 465 1165 522 traditionum
1194 467 1589 525 aemulatorem
1623 469 2088 542 (Gal.1,l/i),adeo
2118 468 2172 534 Α
2202 475 2503 540 penetrare
2525 471 2552 525 ?
2583 471 2685 527 llle
2716 471 2872 526 enim
2894 471 3150 527 exterius
3171 467 3626 526 adversitatibus
3644 465 3858 537 affligar

449 562 511 607 ut
541 553 828 625 acciperet
857 557 1224 626 epistolas,ut
1254 558 1301 613 si
1334 576 1479 629 quos
1501 559 1782 616 inveniret
1813 561 2090 616 Christia-

448 659 553 696 nos
585 645 722 709 (Act.
766 662 842 710 1x,
910 649 964 714 2)
1025 652 1158 712 etc.,
1220 650 1614 717 agnoscebant
1675 651 1765 706 his
1815 651 2089 705 omnibus

446 748 812 804 repugnare:
846 740 901 790 et
926 735 1052 789 ideo
1086 739 1543 806 persecutionem
1577 741 2086 795 inferebant.Peri-

436 823 578 874 culis
606 827 679 877 ex
701 825 968 891 gentibus.
1003 824 1285 881 Dolebant
1319 827 1471 881 enim
1506 829 1753 898 gentiles
1783 846 1915 884 eum
1951 847 2089 901 prae-

439 909 636 965 dicare
657 911 863 966 Christi
901 915 1770 985 passionem,resurrectionem,
1803 924 1978 989 atque
2013 920 2083 972 ad

437 999 611 1053 caelos
641 1002 1051 1056 Ascensionem
1079 1021 1090 1068 ;
1126 1008 1181 1058 et
1211 1005 1350 1074 quia
1383 1006 1560 1061 unius
1592 1007 1690 1060 Dei
1724 1007 1986 1060 notitiam
2024 1007 2084 1062 in

437 1088 710 1143 cordibus
743 1089 1048 1145 hominum
1084 1093 1435 1161 inculcabat,
1469 1099 1525 1148 et
1551 1095 1704 1149 idola
1725 1097 2082 1160 destruebat,

433 1181 489 1230 et
511 1177 582 1230 ob
615 1177 722 1232 hoc
755 1181 1217 1248 persecutionem
1250 1183 1592 1237 inferebant.
1629 1186 1896 1238 Periculis
1929 1187 1984 1238 in.
2006 1185 2082 1238 ci-

437 1270 619 1320 vitate.
649 1266 840 1322 Veluti
874 1268 930 1322 in
963 1269 1266 1339 Damasco,
1305 1272 1403 1326 ubi
1435 1273 1517 1326 ita
1543 1273 1648 1326 fuit
1691 1274 1986 1342 astrictus,
2020 1279 2085 1328 ut

437 1356 661 1409 aditum
688 1356 944 1426 fugiendi
981 1375 1094 1412 non
1128 1359 1532 1426 inveniret,sed
1554 1362 1609 1415 in
1643 1368 1840 1432 sporta
1863 1364 2082 1416 missus

435 1461 538 1516 per
592 1445 906 1501 fenestram
993 1449 1142 1501 muri
1231 1466 1264 1503 a
1348 1451 1622 1505 fratribus
1697 1451 2083 1520 deponeretur

435 1534 514 1604 (II
543 1534 744 1600 Comm,
773 1537 883 1605 33).
917 1537 1184 1592 Periculis
1214 1540 1272 1592 in
1301 1540 1631 1594 solitudine.
1668 1539 1944 1595 Diabolus
1979 1541 2078 1594 ad-

433 1639 637 1678 versus
667 1640 800 1678 eum
826 1626 1166 1694 suscitabat,
1201 1632 1306 1681 etc.
1343 1629 1614 1683 Periculis
1645 1631 1702 1683 in
1733 1631 2078 1694 τηαν-ἐρωε-

435 1712 704 1777 randum,
736 1730 869 1768 cum
902 1715 1173 1785 superius
1205 1716 1482 1772 dixisset:
1532 1719 1695 1772 Nocte
1749 1722 1799 1772 et
1853 1718 1942 1771 die
1997 1719 2080 1771 in-

2202 559 2393 627 batur,
2430 561 2676 616 interius
2698 578 2834 615 vero
2854 560 3248 615 sollicitudine
3269 559 3849 629 torquebatur,remi-

2201 649 2432 704 niscens
2462 652 2614 721 quod
2641 655 2946 705 monuerat
2975 650 3248 721 (Philipp.
3283 666 3346 718 ιι,
3380 648 3454 718 4),
3511 663 3620 701 non.
3698 662 3852 717 qua-

2199 748 2378 794 rentes
2405 740 2615 809 singuli
2639 756 2757 810 quas
2785 757 2888 793 sua
2917 744 3061 794 sunt.
3097 739 3242 795 Nam
3267 737 3375 792 iste
3408 737 3599 807 magis
3630 735 3852 790 sollici-

2199 828 2399 883 tudine
2456 828 2702 883 aliorum
2744 829 3148 898 torquebatur,
3181 844 3359 898 quam
3419 843 3547 881 sua.
3580 825 3853 879 Timebat

2195 918 2350 972 enim
2383 934 2455 971 ne
2486 917 2594 988 ipsi
2627 919 2888 972 videntes
2913 917 3259 988 magistrum
3294 914 3853 987 ﬂagellatum,scan-

2197 1006 2606 1061 dalizarentur.
2641 1007 2746 1070 Qui
2779 1007 2935 1062 enim
2967 1006 3158 1061 verbis
3179 1005 3466 1077 explicare
3494 1003 3650 1059 valet
3681 1004 3857 1057 virtu-

2193 1101 2310 1151 tem
2347 1096 2557 1166 ipsius,
2595 1097 2693 1167 qui
2728 1113 2842 1151 uno
2901 1097 3224 1166 eodemque
3281 1099 3540 1166 tempore
3599 1093 3854 1148 exterius

2199 1185 2668 1240 adversitatibus
2706 1185 2983 1256 fatigatur
3014 1185 3261 1252 ,nterius
3289 1199 3422 1238 vero
3460 1182 3856 1238 sollicitudine

2191 1278 2496 1344 torquetur
2516 1275 2543 1328 ?

2267 1365 2396 1431 Quis
2427 1366 2763 1434 inﬁrmatur,
2797 1368 2906 1418 etc.
2939 1365 3054 1418 Hoc
3085 1363 3301 1418 etenim
3332 1360 3747 1432 compatiendo
3782 1359 3859 1414 di-

2197 1453 2383 1519 cebat,
2422 1470 2534 1507 non
2571 1453 3072 1521 simulando.Quis
3101 1451 3663 1519 scaudalz'zatur,:etc.
3690 1450 3858 1503 Scan-

2190 1541 2388 1595 dalum
2427 1543 2582 1596 enim
2621 1542 3046 1597 motumearnis
3076 1539 3352 1612 appellat,
3384 1539 3484 1610 qui
3517 1537 3670 1593 solet
3726 1539 3843 1592 ﬁeri

2192 1630 2424 1685 duobus
2454 1631 2776 1697 modis,aut
2795 1629 3038 1686 alterius
3062 1645 3324 1702 personae
3345 1625 3846 1700 pulchritudinem

2191 1719 2580 1790 inspiciendo,
2605 1725 2708 1774 aut
2737 1721 2944 1774 ardore
2965 1719 3211 1791 propriae
3232 1717 3566 1774 carnis.Sed
3583 1716 3697 1770 iste
3718 1713 3847 1770 talis

429 1802 702 1872 pro/unda
731 1806 904 1858 maris
930 1806 1034 1873 fui,
1069 1821 1248 1874 quare
1275 1806 1486 1860 iterum
1537 1806 1773 1877 repetit:
1805 1807 2078 1860 Periculi:
2111 1837 2159 1900 B
2193 1823 2306 1862 non
2341 1807 2528 1875 cedat,
2550 1823 2655 1862 nec
2686 1808 3052 1876 succumbat,
3087 1807 3332 1862 audiens
3364 1805 3474 1861 sibi
3500 1803 3842 1876 Apostolum

428 1891 489 1944 in
520 1893 684 1944 mari.
721 1892 828 1946 Sed
854 1893 1002 1961 jam,
1037 1893 1174 1964 quia
1205 1895 1428 1964 repetit,
1453 1896 1736 1950 debemus
1760 1893 2080 1965 intelligere

434 1977 576 2033 illud
613 1979 958 2050 periculum,
996 1983 1231 2052 quando
1281 1984 1562 2038 Caesarem
1622 1984 1930 2056 appellavit
1963 1988 2073 2053 (Ac.

436 2086 565 2138 xxv,
600 2071 708 2139 10),
732 2075 787 2124 et
818 2075 907 2125 est
940 2071 1183 2126 Romam
1218 2073 1636 2128 directuscum
1671 2074 1913 2142 caeteris,
1947 2074 2075 2145 qui-

431 2159 539 2213 bus
572 2160 982 2229 navigantibus
1017 2162 1218 2216 incidit
1251 2165 1412 2216 navis
1447 2162 1502 2216 in
1527 2164 1730 2234 syrtim
1759 2167 2075 2231 [Actxxvm

432 2247 542 2312 41),
577 2251 633 2300 et
664 2248 1042 2304 decreverunt
1093 2250 1307 2305 milites
1363 2251 1672 2322 pervigiles
1733 2253 2073 2323 interficere,

434 2337 500 2389 ut
533 2333 735 2389 nullus
763 2338 1016 2392 natando
1049 2340 1288 2393 evadere
1329 2345 1562 2409 posset;
1624 2341 1723 2395 sed
1781 2341 2079 2412 prohibuit

435 2423 697 2478 centurio
728 2431 963 2496 propter
995 2427 1237 2483 Paulum
1270 2430 1454 2499 (lbid.,
1489 2431 1871 2499 43).Periculis
1895 2433 1953 2485 in
1971 2433 2078 2502 fal-

427 2513 503 2567 sis
535 2515 826 2583 fratribus.
861 2516 1060 2572 Falsos
1092 2519 1296 2574 fratres
1354 2520 1609 2591 appellat
1665 2523 1962 2577 credentes
2011 2539 2078 2577 ex

427 2602 668 2664 Judaeis,
703 2605 802 2674 qui
834 2622 1171 2676 qnanquam
1205 2609 1607 2679 credidissent,
1641 2616 1835 2666 tamen
1860 2610 2074 2682 legales

429 2691 805 2747 caeremonias
835 2695 1256 2761 observabant;
1286 2698 1486 2752 etideo
1511 2698 1722 2768 lalsi,et
1743 2699 1852 2770 ipsi
1887 2717 2078 2770 perse-

425 2778 720 2834 cutionem
756 2780 1087 2838 inferebant
1117 2783 1315 2839 Paulo.
1346 2788 1408 2840 In
1439 2788 1646 2855 labore,
1701 2789 1757 2842 id
1811 2794 1900 2844 est
1955 2789 2076 2843 sive

429 2869 882 2935 manuum,sive
914 2873 1364 2942 praedicationis.
1407 2876 1550 2930 Nam
1612 2895 1645 2931 a
1693 2879 1881 2949 prima
1935 2878 2079 2932 hora

428 2955 538 3012 diei
575 2974 758 3030 usque
790 2959 860 3014 ad
892 2961 1479 3036 quintam,operando
1510 2965 1726 3020 victum
1751 2967 1861 3020 sibi
1878 2967 2077 3038 acqui-

428 3045 629 3112 rebat;
663 3063 694 3101 a
725 3048 929 3119 quinta
952 3067 1137 3122 usque
1167 3054 1239 3107 ad
1276 3054 1643 3109 undecimam
1704 3057 2072 3126 praedicabat.

436 3135 502 3190 Et
524 3137 664 3206 quia
695 3143 883 3208 potest
913 3155 1040 3195 esse
1069 3140 1233 3197 labor
1261 3144 1484 3214 absque
1543 3161 1824 3211 aerumna,
1881 3144 1937 3200 id
1990 3150 2080 3200 est

430 3223 556 3279 sine
588 3225 905 3297 indigentia
935 3233 992 3283 et
1025 3232 1287 3301 penuria,
1322 3237 1386 3286 ut
1415 3233 1750 3288 ostenderet
1787 3233 2076 3288 extiosum

424 3311 706 3381 laborem,
737 3317 1076 3386 subjunxit:
1115 3324 1398 3377 (Erumna.
1435 3324 1494 3377 In
1518 3323 2076 3394 vigiliismultis,sive

425 3401 875 3472 praedicationis,
906 3407 1024 3461 sive
1054 3411 1427 3477 operationis,
1454 3417 1519 3465 ut
1548 3413 1763 3466 victum
1805 3414 2074 3483 acquire—

429 3493 533 3542 ret.
560 3489 627 3542 Et
657 3490 801 3546 bene
832 3493 1043 3561 vigiliis
1075 3496 1350 3562 instabat,
1386 3499 1522 3569 quia
1556 3517 1790 3555 necesse
1845 3507 1952 3567 est,
2015 3506 2078 3555 ut

432 3579 532 3651 qui
567 3579 855 3650 angustiis
885 3582 1182 3654 fatigatur,
1203 3586 1718 3659 vigilet,quatenus
1741 3595 1918 3643 Deum
1954 3607 2077 3660 pro-

433 3677 726 3726 mereatur
755 3672 967 3726 habere
999 3672 1387 3730 liberatorem.
1422 3679 1482 3731 In
1509 3680 1663 3748 [ame
1718 3682 1767 3731 et
1813 3679 1930 3744 siti,
1957 3681 2076 3732 sive

429 3777 685 3831 necesse,
719 3761 839 3816 sive
868 3761 1259 3820 voluntarium
1287 3806 1300 3831 ,
1333 3765 1470 3837 quia
1501 3766 1572 3820 de
1601 3764 1722 3821 loco
1754 3767 1821 3820 ad
1882 3765 2074 3822 locum

432 3850 710 3922 fugiebat,
745 3856 800 3906 et
829 3851 958 3906 ideo
987 3869 1099 3908 non
1127 3854 1348 3924 absque
1379 3854 1531 3909 fame
1569 3871 1697 3909 esse
1733 3861 1977 3926 poterat.
2010 3855 2073 3916 E;

431 3939 571 4011 quid
603 3943 753 3995 esset
783 3941 936 4011 quod
969 3942 1224 3997 dixerat:
1260 3945 1318 3997 In
1349 3945 1496 4014 fame
1523 3952 1574 3998 ct
1603 3946 1715 4008 siti,
1739 3945 2077 4014 subjunxit;

435 4033 501 4084 In
521 4029 761 4099 jejuniis
799 4031 975 4100 (7e72)
1006 4033 1220 4098 multis,
1255 4031 1374 4086 sive
1403 4032 1764 4101 voluntariis,
1801 4033 1919 4088 sive
1979 4050 2078 4088 ne-

440 4117 707 4174 cessarie.
741 4119 799 4172 In
831 4121 1038 4189 frigore
1082 4124 1130 4174 ct
1167 4119 1435 4176 nuditate.
1499 4121 1686 4177 Habes
1743 4122 2077 4194 exemplum

433 4209 492 4262 in
523 4207 768 4261 Actibus
800 4208 1216 4278 apostolorum,
1249 4209 1349 4264 ubi
1378 4209 1754 4281 legitur,quia
1773 4211 2080 4282 navigante

436 4294 796 4365 Pau|o(,4cl.
845 4314 1042 4365 xxvm,
1095 4297 1144 4363 1,
1214 4300 1291 4367 2),
1378 4315 1511 4352 cum
1588 4299 1841 4354 venisset
1921 4299 2078 4353 Meli-

435 4388 557 4438 tam
617 4385 764 4456 (773)
816 4384 1091 4455 insulam,
1124 4391 1363 4457 propter
1417 4387 1624 4457 frigus,
1685 4388 1824 4442 dum
1885 4390 2077 4443 focum

434 4473 647 4528 faceret
677 4489 744 4528 ex
773 4475 1090 4530 sarmentis
1118 4473 1350 4542 vitium,
1376 4473 1570 4545 vipera
1594 4476 1805 4532 invasit
1837 4493 2077 4532 manum

435 4562 585 4633 ejus,

513 4656 723 4711 Praeter
750 4655 870 4722 illa,
899 4659 1005 4709 etc.
1042 4653 1144 4709 Illa
1173 4653 1315 4709 dicit
1347 4653 1729 4717 extrinsecus,
1765 4671 1889 4726 quae
1911 4671 2084 4726 supe-

440 4742 562 4798 rius
613 4749 1036 4798 numeraverat.
1071 4745 1139 4798 Et
1172 4751 1236 4798 ut
1294 4742 1510 4798 leviora
1560 4743 1849 4799 ostendat.
1902 4744 2085 4799 dixit:

437 4833 709 4888 Instantiu
735 4858 748 4900 ;
782 4832 918 4904 quia
951 4850 1065 4904 quo
1092 4834 1352 4888 crebrius
1379 4832 1755 4888 adversitates
1785 4832 2080 4900 eveniunt,

435 4939 501 4978 eo
537 4923 722 4978 levius
771 4923 1130 4978 tolerantur:
1193 4923 1524 4990 Quotidiana
1580 4922 1910 4992 sollicitudo,
1969 4927 2079 4978 etc.

433 5012 594 5069 Unde
627 5011 1118 5067 hacconsuetudo
1137 5012 1433 5066 descendit
1453 5011 1479 5065 ?
1496 5012 1573 5066 Ex
1595 5011 1838 5084 antiqua
1881 5011 2082 5083 utique

429 5102 742 5158 traditione
775 5101 1030 5155 Patrum.
1068 5100 1212 5156 Nam
1261 5099 1388 5176 ipsi,
1417 5101 1732 5156 monebant
1788 5101 2082 5156 auditores

433 5193 559 5247 sine
591 5190 1026 5246 intermissione
1059 5191 1378 5244 monendos
1411 5205 1539 5244 esse
1571 5191 1782 5244 debere
1811 5207 1823 5256 ;
1857 5195 1912 5244 et
1953 5190 2082 5244 ideo

435 5282 547 5336 iste
583 5286 801 5336 tantam
833 5279 1285 5335 sollicitudinem
1340 5282 1659 5334 exercebat.
1724 5279 1867 5333 Dicit
1924 5279 2080 5334 enim

439 5371 646 5426 beatus
677 5371 990 5442 Gregorius
1019 5387 1032 5424 :
1065 5369 1204 5433 Quis
1230 5367 1377 5423 valet
1406 5366 1626 5422 viscera
1656 5367 1888 5438 pietatis
1920 5367 2081 5424 Pauli

509 5496 656 5579 (77:2)
688 5498 896 5579 Autog.
929 5494 1266 5579 in‘a'igiliz's,
1325 5507 1499 5579 quam
1547 5492 1963 5579 repetitionem
1998 5493 2079 5579 uti

436 5561 778 5650 mendaeem
827 5561 1123 5624 vitandam
1184 5561 1411 5628 censui,
1443 5561 1808 5634 iuxta’Vulg
1857 5565 2082 5635 agendo

433 5655 494 5694 in
509 5654 761 5710 Jejunns.

2192 1911 2320 1951 esse
2353 1896 2826 1966 compatientem.
2865 1897 3008 1950 Item
3043 1897 3089 1951 si
3115 1895 3313 1966 aliqua
3351 1891 3844 1963 titubationepul-

2186 1989 2491 2049 satur,non
2523 1986 2751 2040 difﬁdat
2781 1985 2891 2040 sibi
2927 1991 3103 2040 Deum
3119 1985 3437 2056 propitium
3457 1984 3646 2038 facere
3669 1995 3835 2052 posse

2187 2074 2465 2145 quoniam
2489 2073 2804 2144 Apostolus
2834 2073 2917 2127 illi
2951 2073 3387 2145 compatitur,et
3418 2072 3546 2143 ipse
3575 2071 3753 2125 etiam
3777 2086 3837 2124 se

2189 2163 2331 2217 dicit
2360 2163 2471 2217 uri.
2504 2167 2652 2217 Sunt
2683 2162 2970 2229 nonnulli,
3006 2163 3108 2234 qui
3137 2161 3340 2217 volunt
3395 2156 3725 2230 intelligere
3774 2159 3836 2212 fi-

2189 2253 2347 2317 dem,
2383 2256 2447 2306 ut
2478 2252 2555 2306 sit
2586 2268 2796 2307 sensus
2821 2269 2836 2305 :
2861 2251 3000 2317 Quis
3032 2250 3485 2318 inlirmatur,vel
3515 2248 3651 2320 quis
3674 2264 3836 2302 scan-

2189 2341 2495 2408 dalizatur,
2527 2345 2583 2396 et
2606 2356 2711 2411 ego
2744 2357 2857 2395 non
2883 2340 3071 2411 patior
3090 2341 3116 2394 ‘2
3137 2339 3416 2394 Similiter
3445 2339 3517 2392 de
3560 2337 3842 2392 charitate

2187 2435 2243 2485 et
2273 2429 2494 2484 caeteris
2537 2429 2850 2484 virtutibus
2897 2427 3252 2501 intelligunt.
3316 2428 3530 2500 Magna
3587 2441 3842 2494 namque

2188 2519 2410 2574 dixerat
2441 2517 2734 2588 superius.
2766 2517 3079 2572 sedtamen
3112 2516 3226 2571 ista
3251 2515 3524 2570 inferiora
3547 2529 3665 2568 non
3701 2515 3844 2566 sunt

2189 2608 2296 2662 Sed
2331 2607 2474 2661 forte
2507 2606 2649 2660 dicit
2678 2605 2930 2676 aliquis:
2965 2606 3264 2670 Quomodo
3297 2604 3406 2659 iste
3439 2605 3638 2674 justus
3690 2604 3840 2664 erat,

2186 2696 2284 2766 qui
2317 2695 2397 2750 ita
2427 2711 2534 2750 sua
2566 2696 2718 2750 bona
2739 2694 3066 2750 referebat?
3094 2694 3240 2760 Quia
3269 2694 3422 2748 Deus
3453 2709 3590 2748 suas
3619 2689 3839 2760 llaudes

2185 2785 2245 2840 in
2277 2785 2488 2839 divinis
2519 2784 2832 2855 Scripturis
2862 2784 3085 2850 inserit,
3109 2800 3222 2839 non
3257 2787 3346 2838 est
3369 2783 3527 2838 enim
3560 2781 3675 2838 sibi
3708 2796 3843 2835 con-

2185 2874 2403 2930 trarius
2435 2873 2552 2942 ille,
2589 2874 2692 2944 qui
2726 2872 2868 2928 dicit
2897 2891 2909 2928 :
2947 2874 3159 2928 Laudat
3188 2879 3243 2928 te
3271 2874 3509 2942 alienus,
3536 2877 3586 2927 et
3644 2890 3752 2928 non
3781 2891 3838 2929 os

2187 2972 2344 3020 tuum
2374 2965 2560 3034 (Prov.
2592 2980 2764 3029 xxvu,
2796 2964 2871 3034 '2),
2907 2967 3015 3018 etc.
3042 2980 3055 3030 ;
3091 2962 3192 3017 sed
3224 2962 3353 3018 ideo
3386 2960 3738 3027 manifestat,
3773 2967 3839 3018 ut

2188 3057 2557 3124 agnoscatur.
2618 3051 2901 3114 Quoniam
2929 3051 2996 3123 [si
3054 3067 3170 3106 non
3231 3050 3662 3122 manifestatur,
3724 3068 3837 3106 non

2191 3146 2640 3214 agnosceretur;
2703 3141 2752 3195 si
2812 3157 2927 3194 non
2999 3145 3432 3211 agnosecretur,
3507 3157 3624 3196 non
3674 3157 3837 3196 ama-

2189 3237 2386 3297 retur;
2420 3231 2468 3286 si
2502 3247 2616 3285 non
2651 3233 2967 3295 amaretur,
3001 3245 3116 3284 non
3154 3233 3517 3300 sequeretur,
3570 3247 3683 3284 non
3744 3247 3839 3284 re-

2188 3323 2526 3376 muneraret
2541 3319 2962 3390 sequentes.Ea
2981 3317 3305 3373 intentione
3326 3317 3544 3374 Paulus
3559 3335 3669 3374 sua
3689 3319 3840 3374 bona

2186 3411 2491 3466 referebat.

2257 3498 2569 3570 Sequitur:
2606 3498 2665 3552 Si
2691 3498 2927 3567 gloriari
2955 3501 3178 3567 oportet,
3205 3499 3312 3551 etc.
3347 3497 3448 3550 Est
3485 3497 3644 3552 enim
3704 3513 3836 3552 seno

2187 3605 2326 3644 sus:
2363 3588 2422 3642 Si
2454 3603 2689 3642 necesse
2721 3591 2807 3641 est
2837 3584 3098 3657 gloriari,
3132 3601 3246 3640 non
3277 3583 3336 3639 in
3359 3585 3489 3640 aliis
3521 3585 3834 3655 gloriabor,

2186 3676 2298 3731 nisi
2329 3679 2391 3731 in
2420 3675 2840 3745 inﬁrmitatibus
2867 3674 3172 3729 meis.Nota
3193 3674 3332 3746 quia
3355 3675 3728 3732 inﬁrmitates
3748 3693 3838 3748 ap-

2187 3765 2364 3838 pellat
2393 3765 2657 3828 adversa,
2691 3780 2816 3834 quae.
2831 3762 3103 3834 superius
3131 3763 3523 3834 descripserat
3547 3781 3560 3818 :
3588 3766 3652 3819 1η
3669 3767 3836 3834 fante,

2183 3855 2399 3928 inquit,
2430 3864 2481 3910 et
2508 3853 2622 3919 siti,
2657 3857 2764 3908 etc.
2795 3852 2980 3914 Quare
3011 3867 3148 3923 ergo
3178 3851 3236 3907 in
3270 3851 3362 3907 his
3391 3851 3836 3924 gloriatur,cum

2186 3946 2245 4000 in
2278 3945 2500 4000 eisdem
2531 3941 2677 3997 nihil
2715 3941 2979 3996 videatur
3004 3957 3132 3996 esse
3163 3939 3616 4012 gloriosum,sed
3650 3948 3836 3998 totum

2187 4033 2378 4088 ﬂebile
2396 4034 2422 4086 ‘?
2450 4035 2518 4086 At
2549 4047 2702 4094 vero,
2735 4030 2781 4084 si
2808 4028 3120 4100 diligenter
3139 4028 3604 4099 attendas,valde
3628 4031 3839 4103 glorio-

2187 4139 2320 4178 sum
2351 4126 2440 4177 est
2460 4121 2516 4174 in
2541 4119 2633 4174 his
2654 4117 3427 4190 gloriari,quibusperennis
3453 4123 3640 4175 restat
3656 4136 3842 4176 remu-

2189 4211 2410 4267 neratio
2443 4210 2593 4263 vita).

2258 4299 2567 4370 Sequitur:
2606 4302 2752 4352 Deus
2783 4305 2834 4352 et
2864 4297 3026 4351 Pater
3054 4297 3280 4351 Domini
3331 4298 3529 4366 nostri,
3563 4301 3680 4354 etc.
3729 4299 3843 4354 Ma-

2188 4407 2305 4462 gna
2333 4389 2550 4460 quippe
2581 4387 2650 4440 de
2683 4403 2744 4441 se
2774 4389 2900 4440 erat
2930 4384 3196 4440 dicturus
3221 4403 3234 4450 ;
3269 4389 3326 4439 et
3347 4385 3564 4440 idcirco
3585 4387 3846 4442 afﬁrma-

2188 4478 2405 4532 tionem
2436 4474 2734 4546 praemisit,
2769 4477 2848 4528 Ea
2890 4489 3144 4544 namque
3197 4472 3464 4528 dicturus
3511 4480 3660 4542 erat,
3721 4491 3844 4547 que

2125 4570 2172 4635 1)
2204 4563 2566 4620 incredibilia
2595 4561 2777 4618 videri
2809 4566 3095 4634 poterant.
3131 4560 3270 4626 Quis
3299 4562 3458 4618 enim
3499 4564 3770 4620 crederet
3796 4562 3849 4619 ei

2195 4655 2349 4727 quod
2381 4652 2671 4723 principes
2685 4650 2947 4722 gentium
2967 4649 3290 4705 simulcum
3315 4651 3536 4706 Judaeis
3562 4653 3848 4708 adversus

2197 4760 2333 4801 eum
2367 4741 2843 4807 insurrexissent,
2877 4744 2933 4794 et
2961 4740 3203 4796 evadere
3221 4739 3556 4811 potuisset?
3576 4741 3848 4798 Siveideo

2184 4831 2438 4905 jurando
2469 4829 2920 4886 afﬁrmationem
2954 4827 3254 4899 praemisit,
3288 4833 3582 4899 quatenus
3612 4830 3723 4898 illi,
3747 4829 3851 4902 qui

2193 4922 2438 4977 minoris
2465 4917 2832 4974 auctoritatis
2872 4933 3008 4972 eum
3069 4933 3198 4973 esse
3256 4919 3568 4988 putabant,
3620 4920 3854 4976 facilius

2196 5011 2370 5067 dictis
2401 5009 2591 5082 ipsius
2623 5009 2795 5063 fidem
2830 5008 3359 5062 accommodarent.

2263 5100 2572 5171 Sequitur:
2612 5099 2874 5153 Damasci
2891 5097 3212 5168 praepositus
3242 5098 3421 5167 gentis
3471 5097 3661 5155 Aretes
3700 5099 3851 5170 (774)

2193 5191 2354 5259 regis,
2385 5194 2496 5244 etc.
2527 5188 2641 5242 Iste
2657 5203 2892 5257 quoque
2915 5184 3264 5256 praepositus
3285 5185 3728 5259 Damasci,quia
3755 5190 3856 5242 in-

2193 5278 2493 5334 tellexerat
2521 5275 2754 5330 Judaeos
2785 5275 3155 5346 conspirasse
3211 5279 3275 5328 ut
3332 5274 3667 5332 occiderent
3696 5281 3854 5333 Pau-

2192 5366 2338 5436 lum,
2363 5364 2662 5436 quaerebat
2691 5362 3186 5435 comprehendere
3205 5368 3438 5432 eum,ut
3461 5365 3620 5436 quod
3647 5364 3728 5420 illi
3754 5383 3857 5420 cu-

2261 5490 2406 5558 (775)
2441 5490 2648 5560 Autog.
2681 5490 2953 5546 Miletum.

2262 5559 2410 5634 (774)
2440 5561 2646 5618 Aratea.
