4060 6164
227 287 321 347 481

758 281 1175 343 EXPOSITIO
1220 281 1297 340 IN
1340 279 1773 340 EPISTOLAS
1820 278 2075 339 PAULI.
2110 309 2187 323 -—
2224 280 2299 338 IN
2346 278 2594 341 EPIST.
2642 282 2692 340 II
2740 284 2840 341 AD
2885 285 3061 344 COR.

3494 290 3611 350 482

229 416 453 489 piabant
473 413 718 485 implere
740 430 842 485 per
866 412 1171 479 malitiam,
1197 412 1305 467 iste
1334 411 1601 482 impleret
1622 426 1722 480 per
1754 426 1859 479 po-
1888 410 1942 475 Α
1972 407 2092 462 lica":
2126 414 2457 479 potestates,
2484 416 2539 466 ct
2586 417 2922 468 sanctorum
2962 416 3169 470 animae
3218 420 3387 488 cujus
3437 421 3611 476 etiam

231 504 489 568 tentiam;
525 503 644 557 sive
692 508 756 556 ut
801 501 1016 555 Judzeis
1050 502 1284 567 faveret,
1318 500 1404 554 vel
1436 505 1587 554 certe
1637 504 1700 552 ut
1748 513 1861 567 quo

232 593 380 666 pacis
410 593 876 662 perturbatorem
907 590 1323 661 exstingueret,
1349 606 1414 644 eo
1447 588 1862 642 studiosiorem

236 685 287 738 in
316 680 504 735 ofﬁcio
537 679 647 734 sibi
676 680 992 733 commisso
1024 694 1153 733 esse
1185 680 1556 732 monstraret.

295 768 568 839 Sequitur
600 784 612 822 :
650 770 711 822 Et
732 784 831 835 per
849 768 1151 838 fenestram
1172 768 1228 820 in
1252 770 1441 834 sporta
1461 765 1720 819 dimissus
1749 780 1868 817 sum

234 875 319 932 per
335 872 577 927 murum,
597 861 703 911 etc.
728 855 997 925 Undique
1020 854 1295 925 periculis
1320 853 1764 908 imminentibus
1788 852 1870 906 sic

236 950 416 1004 fuerat
446 946 779 1011 conclusus,
814 949 878 998 ut
920 946 1045 1011 jam
1095 944 1292 998 nullus
1326 960 1471 1014 pene
1516 942 1873 996 inveniretur

235 1034 507 1093 evadendi
536 1033 727 1100 locus;
759 1038 815 1087 et
856 1033 984 1087 ideo
1015 1050 1049 1086 a
1080 1032 1359 1086 fratribus
1410 1047 1512 1102 per
1558 1031 1870 1085 fenestram

235 1124 515 1181 dimissus
544 1128 652 1189 est,
678 1126 735 1177 et
762 1122 821 1176 in
855 1126 1076 1193 sporta,
1113 1126 1177 1175 ut
1204 1119 1293 1175 vel
1322 1120 1405 1175 sic
1436 1121 1714 1191 effugeret
1746 1134 1875 1188 per-

234 1212 602 1285 sequentium
634 1227 864 1266 manus.
886 1210 1047 1264 Unde
1077 1210 1217 1264 dicit
1248 1210 1454 1264 beatus
1486 1225 1635 1279 papa
1661 1207 1875 1276 Grego-

234 1305 350 1359 rius
376 1320 390 1357 :
418 1301 633 1367 Quaerit
664 1301 809 1355 forte
832 1298 1045 1369 aliquis
1068 1299 1361 1369 quomodo
1392 1299 1502 1352 iste
1526 1298 1752 1367 justus,
1777 1293 1878 1365 qui

235 1392 313 1449 sic
333 1392 599 1447 studiose
622 1388 1097 1461 persequentium
1119 1387 1361 1453 rabiem,
1389 1392 1754 1456 mortemque
1781 1385 1879 1438 de-

234 1480 452 1537 clinat?
483 1480 594 1534 Sed
626 1479 864 1534 omnino
894 1480 1109 1547 justus,
1142 1477 1297 1547 quod
1337 1476 1466 1531 ideo
1500 1480 1746 1530 mortem
1779 1474 1882 1527 de-

235 1569 490 1633 clinavit,
524 1568 663 1639 quia
708 1568 767 1621 in
812 1583 880 1622 ea
911 1565 1140 1620 nullum
1172 1566 1427 1619 fructum
1456 1581 1584 1620 esse
1618 1564 1882 1617 futurum

234 1657 540 1713 intellexit.
570 1654 887 1711 Declinavit
910 1653 1127 1725 quippe
1153 1658 1420 1719 mortem,
1447 1670 1563 1707 non
1590 1658 1787 1707 tamen
1822 1654 1886 1704 ut

1972 497 2246 551 introitus
2278 497 2426 552 latro
2449 500 2671 555 audivit
2694 504 2953 573 (775-76).
2977 504 3061 557 Illi
3097 506 3314 576 itaque,
3338 510 3436 579 qui
3470 511 3618 564 difﬁ-

1974 588 2121 639 dunt
2152 586 2440 641 celebrata
2470 591 2894 646 resurrectione
2926 610 3169 664 corpora
3198 612 3325 650 esse
3357 615 3525 668 posse
3558 600 3616 653 in

1976 674 2139 743 coelo,
2163 674 2249 729 vel
2274 675 2329 727 in
2354 676 2647 745 paradiso,
2674 681 2917 734 audiant
2938 682 3075 750 quia
3098 684 3413 753 Apostolus
3444 703 3505 740 se
3532 705 3625 742 ne-

1978 763 2126 816 scire
2149 762 2309 831 dicit,
2329 768 2525 817 utrum
2550 764 2607 817 in
2631 782 2888 838 corpore,
2915 787 2983 823 an
3010 776 3169 825 extra
3192 788 3401 843 corpus
3426 774 3620 840 fuerit,

1980 851 2077 920 qui
2114 852 2250 904 dum
2285 868 2345 905 se
2387 852 2653 921 ignorare
2684 858 2913 925 asserit,
2947 875 3073 913 esse
3124 878 3293 930 posse
3343 865 3621 933 ostendit,

1982 941 2191 992 Arcana
2226 940 2391 993 verba
2439 947 2659 995 secreta
2702 944 2842 997 dicit
2877 962 2887 999 :
2924 963 3041 1014 qua:
3090 965 3198 1002 non
3247 950 3371 1003 licet
3418 952 3635 1006 homini

1983 1029 2137 1097 loqui
2167 1046 2181 1081 :
2214 1027 2305 1082 vel
2338 1045 2451 1083 non
2484 1028 2639 1093 licet,
2674 1033 2813 1101 quia
2855 1051 2969 1087 non
3005 1042 3223 1104 potest;
3258 1039 3343 1093 vel
3376 1046 3549 1111 certe,
3584 1041 3634 1095 si

1986 1120 2198 1187 potest,
2223 1133 2337 1171 non
2370 1122 2457 1171 est
2488 1119 2593 1171 l'as.
2622 1119 2766 1173 Illud
2792 1138 3024 1192 quoque
3056 1126 3297 1181 solerter
3326 1136 3413 1183 est
3447 1136 3637 1186 atten-

1986 1206 2245 1259 dendum
2265 1207 2557 1276 quomodo
2579 1223 2783 1263 verum
2810 1226 2938 1264 esse
2962 1217 3153 1282 potest
3176 1216 3330 1284 quod
3356 1218 3640 1274 Dominus

1987 1295 2130 1349 dicit
2162 1311 2173 1349 :
2208 1296 2324 1350 Non
2354 1298 2501 1349 enim
2533 1296 2732 1351 videbit
2762 1314 2847 1352 me
2876 1300 3033 1355 homo
3065 1302 3257 1370 (Exod.
3292 1322 3492 1371 xxxm,
3524 1310 3641 1378 20),

1990 1388 2122 1449 etc.;
2164 1387 2220 1437 et
2268 1384 2315 1437 si
2368 1384 2462 1438 cui
2518 1385 2709 1439 adhuc
2769 1388 3112 1443 mortalium
3171 1393 3436 1461 ejusdem
3497 1396 3646 1451 visio

1991 1473 2369 1537 concedatur,
2404 1473 2503 1526 sed
2537 1474 2770 1543 penitus
2801 1493 2999 1531 verum
3034 1482 3142 1541 est,
3176 1480 3312 1549 quia
3347 1483 3445 1551 qui
3479 1484 3642 1539 vide-

1993 1565 2131 1615 runt
2164 1577 2320 1623 eum,
2353 1562 2571 1616 mundo
2624 1564 2861 1632 quidem
2912 1568 3123 1621 mortui
3177 1574 3334 1623 sunt.
3367 1571 3641 1626 Beatissi-

1996 1666 2128 1704 mus
2161 1666 2293 1703 vero
2342 1652 2713 1721 Augustinus
2744 1654 2885 1707 dicit
2919 1671 2930 1707 :
2966 1656 3149 1717 Qumri
3186 1663 3373 1728 potest
3406 1659 3543 1729 quid
3580 1676 3642 1714 se

236 1747 342 1845 sibi
368 1747 551 1801 vitam
572 1749 851 1847 servaret,
876 1743 984 1841 sed.
1006 1743 1198 1813 potius
1226 1747 1289 1797 ut
1309 1742 1438 1847 aliis
1460 1738 1884 1847 vitamsub‘mi—
1916 1783 1963 1847 Β
1997 1738 2152 1792 dicat
2180 1738 2492 1836 Apostolus
2541 1744 2785 1809 nescire,
2817 1742 2903 1797 vel
2935 1746 3073 1813 quid
3109 1747 3275 1800 scire.
3311 1748 3419 1801 Sed
3472 1750 3646 1803 facia-

238 1838 533 1892 nistraret.
565 1834 725 1900 Quod
760 1833 840 1887 ita
869 1831 941 1886 sit
972 1831 1095 1901 ipse
1126 1831 1381 1886 ostendit
1414 1830 1514 1901 qui
1545 1830 1724 1885 dicit:
1759 1828 1883 1883 Non

234 1925 433 1981 solum
456 1922 681 1994 alligari
715 1922 773 1975 in
794 1919 1124 1976 Jerusalem
1146 1926 1387 1990 paratus
1409 1936 1563 1984 sum,
1587 1919 1687 1973 sed
1709 1917 1885 1971 etiam

235 2014 381 2069 mori
410 2013 549 2084 (Act.
574 2028 667 2077 xx,
698 2010 819 2081 22);
843 2014 901 2064 et
931 2010 1085 2079 quod
1119 2009 1363 2063 Romam
1390 2024 1676 2078 passurus
1704 2005 1884 2061 venit.

1996 1843 2129 1881 mus
2159 1828 2577 1881 connexionem
2614 1831 2942 1901 verborum,
2979 1838 3037 1886 ut
3090 1836 3235 1888 forte
3265 1852 3332 1889 ex
3363 1853 3429 1890 ea
3460 1854 3647 1908 agno-

1996 1931 2155 1969 scere
2185 1914 2484 1969 valeamus
2518 1918 2658 1986 quid
2701 1918 2979 1985 sciat,vel
3029 1922 3167 1991 quid
3224 1924 3463 1979 nesciat.
3498 1927 3653 1982 Talis

1996 2020 2132 2074 ergo
2176 2008 2264 2058 est
2312 2005 2452 2058 ordo
2501 2007 2840 2072 verborum;
2877 2009 3015 2078 quia
3062 2010 3359 2065 hominem
3416 2020 3649 2085 raptum

231 2103 382 2157 Hinc
417 2101 593 2155 etiam
627 2099 767 2153 dicit
799 2098 950 2152 idem
978 2097 1289 2168 praedictus
1322 2113 1493 2167 papa,
1526 2095 1663 2166 quia
1693 2092 1891 2149 omnia
1996 2093 2063 2145 ad
2110 2091 2341 2159 coelum,
2375 2093 2457 2147 vel
2512 2094 2567 2147 in
2618 2096 2981 2165 paradisum,
3016 2099 3125 2153 hoc
3175 2118 3236 2155 se
3287 2102 3433 2156 scire
3482 2104 3644 2171 dicit,

234 2196 445 2246 nostra
476 2206 601 2259 quae
628 2188 880 2257 agimus,
913 2187 1024 2241 sub
1055 2202 1267 2256 magno
1300 2184 1671 2240 discretionis
1701 2183 1891 2238 mode-

230 2279 471 2334 ramine
501 2277 727 2348 agenda
768 2280 924 2329 sunt.
956 2274 1205 2328 Multum
1242 2290 1492 2344 namque
1541 2289 1775 2327 necesse
1806 2275 1892 2326 est

235 2368 491 2423 solerter
535 2365 850 2419 attendere.
882 2363 937 2417 Si
979 2364 1322 2434 magnitudo
1374 2363 1629 2417 fructum
1684 2375 1893 2432 praece-

233 2458 361 2525 dat,
391 2472 534 2520 non,
557 2453 820 2523 inquam,
848 2456 1039 2523 potest
1069 2452 1291 2522 absque
1322 2451 1577 2522 periculo
1602 2450 1691 2505 sui
1723 2448 1896 2503 decli-

238 2561 384 2600 nare
416 2544 675 2609 labmes;
707 2541 755 2596 si
787 2556 918 2596 vero
966 2540 1305 2613 magnitudo
1338 2541 1625 2611 praecedat
1654 2537 1893 2603 laboris,

234 2636 470 2704 absque
502 2632 591 2688 sui
616 2629 872 2702 periculo
898 2634 1083 2699 potest
1106 2630 1310 2683 mortis
1332 2630 1622 2684 declinare
1644 2627 1894 2682 labores.

233 2728 362 2778 Hoc
395 2721 555 2777 enim
589 2720 995 2775 considerabat
1023 2718 1370 2789 Apostolus;
1405 2722 1460 2773 et
1490 2718 1617 2772 ideo
1651 2722 1898 2771 mortem

235 2810 514 2867 studiose
543 2808 894 2863 declinabat.
929 2806 1059 2878 Egit
1088 2807 1325 2878 quippe,
1362 2812 1427 2861 ut
1460 2806 1625 2861 miles
1660 2803 1904 2861 fortissi-

235 2916 408 2966 mus,
456 2897 556 2967 qui
606 2896 867 2965 undique
904 2895 1208 2950 obsidione
1262 2894 1573 2950 conclusus
1628 2910 1903 2965 campum

234 2985 589 3044 certaminis
620 2985 784 3055 petit,
824 2988 889 3038 ut
909 3000 1084 3037 sacrae
1106 2983 1607 3038 ﬁdeiadversarios
1633 3000 1740 3037 sua
1771 2998 1912 3052 prae-

231 3075 546 3131 dicatione
584 3073 987 3129 substerneret
1034 3070 1252 3142 plures.
1285 3074 1554 3126 Attamen
1602 3071 1909 3126 sciendum

2000 2180 2118 2235 sive
2163 2180 2221 2234 in
2270 2197 2529 2251 corpore,
2560 2182 2679 2237 sive
2736 2190 2895 2239 extra
2954 2204 3189 2258 corpus,
3225 2190 3330 2244 hoc
3389 2208 3449 2245 se
3507 2194 3651 2248 dicit

2000 2269 2536 2332 nescire.Quoniam
2567 2289 2766 2326 verum
2800 2279 2888 2328 est
2919 2278 3071 2346 quod
3097 2278 3254 2345 dicit,
3280 2285 3381 2333 aut
3413 2286 3648 2336 utrum-

2004 2374 2116 2427 que
2174 2358 2414 2424 sciebat,
2466 2365 2565 2413 aut
2626 2365 2941 2433 utrumque
2999 2366 3296 2421 nesciebat
3335 2370 3502 2440 (777).
3540 2372 3653 2426 Sed

2006 2448 2307 2501 sciendum
2357 2448 2494 2518 quia
2538 2465 2851 2521 corporeus
2892 2453 3002 2507 fuit
3034 2457 3363 2527 paradisus,
3397 2466 3498 2513 aut
3546 2478 3658 2515 cce-

2004 2536 2152 2605 lum,
2203 2539 2356 2606 quod
2419 2538 2466 2590 ei
2524 2544 2828 2595 ostensum
2887 2549 3022 2597 est:
3067 2561 3203 2615 ergo
3254 2549 3659 2618 corporalibus

2007 2624 2191 2680 oculis
2224 2626 2385 2695 vidit,
2420 2628 2695 2696 quoniam
2745 2646 2834 2685 res
2864 2633 3183 2702 corporalis
3232 2638 3655 2708 corporalibus,

2009 2714 2290 2785 spiritalis
2346 2732 2479 2770 vero
2528 2717 2890 2787 spiritalibus
2940 2722 3125 2777 oculis
3176 2724 3321 2779 solet
3367 2726 3566 2782 videri.
3600 2728 3657 2783 Si

2009 2819 2143 2857 vero
2176 2803 2462 2873 spiritalis
2492 2822 2582 2859 res
2614 2808 3013 2877 corporalibus
3045 2812 3230 2866 oculis
3260 2815 3508 2881 videtur,
3538 2834 3653 2871 non

2014 2891 2132 2959 jam
2192 2890 2290 2944 illo
2348 2891 2573 2956 effectu,
2610 2910 2713 2947 nec
2762 2894 2862 2949 illa
2900 2896 3122 2951 visione
3153 2915 3269 2968 qua
3325 2903 3657 2971 corporales

2018 2978 2441 3047 corporalibus,
2475 2980 2766 3050 spiritales
2816 2988 3010 3037 autem
3059 2985 3332 3040 videntur
3382 2989 3662 3060 spiritali-

2019 3067 2162 3131 bus;
2197 3068 2295 3121 sed
2328 3068 2523 3138 potius
2556 3072 2811 3139 quadam
2842 3072 3079 3141 speciali
3109 3075 3350 3141 visione,
3380 3094 3504 3147 quae
3536 3096 3662 3133 om-

232 3166 387 3239 quia
433 3162 528 3217 ille
559 3163 783 3232 absque
812 3160 901 3215 sui
934 3159 1192 3231 periculo
1225 3159 1478 3215 declinat
1522 3160 1772 3228 labores,
1801 3158 1901 3228 qui
1934 3146 1975 3211 C
2016 3172 2118 3209 nes
2170 3154 2314 3209 alias
2360 3157 2750 3225 transcendit;
2786 3160 2943 3213 verbi
2991 3163 3198 3231 gratia,
3234 3164 3516 3234 spiritalis
3567 3183 3660 3222 res

226 3256 504 3312 aliorum
537 3251 825 3322 patienter
854 3249 1062 3304 tolerat
1089 3266 1299 3303 mores.

309 3343 488 3412 (CAP.
522 3338 667 3404 XII.)
714 3337 993 3406 Sequitur
1044 3354 1055 3391 :
1102 3338 1172 3392 Si
1210 3338 1447 3406 gloriari
1493 3341 1715 3408 oportet.
1767 3336 1900 3391 Pro-

226 3436 461 3503 pterea
489 3431 705 3491 tamen,
742 3424 879 3495 quia
925 3425 1130 3495 effugit
1158 3441 1369 3479 manus
1401 3442 1622 3480 eorum.
1652 3428 1771 3480 Non
1821 3433 1905 3478 ta-

229 3536 379 3575 men
434 3516 688 3586 expedit;
737 3515 876 3585 quia
934 3530 1048 3569 non
1107 3516 1362 3585 prodest,
1421 3516 1697 3586 quoniam
1757 3520 1906 3569 Deus

231 3625 361 3664 non
446 3604 796 3675 propitiatur
859 3602 1237 3673 gloriatione,
1297 3604 1397 3658 sed
1476 3603 1902 3658 humiliatione.

231 3694 595 3767 Sequitur:
655 3694 875 3747 Veniam
929 3700 1113 3746 autem
1163 3693 1243 3746 ad
1294 3694 1552 3761 visiones,
1602 3698 1711 3747 etc.
1762 3693 1907 3746 Nota

229 3785 385 3856 quia
455 3782 567 3838 sibi
622 3780 1027 3849 inﬁrmitates,
1090 3781 1328 3835 Domino
1396 3781 1634 3836 ascribit
1691 3779 1905 3836 revela—

229 3875 468 3929 ﬁones.

304 3960 606 4031 Sequitur
630 3975 644 4013 ι
668 3959 789 4014 Scio
813 3959 1090 4012 hominem
1110 3958 1171 4011 in
1194 3956 1405 4011 Christo
1425 3966 1551 4011 ante
1578 3972 1749 4010 annos
1771 3972 1905 4025 qua-

228 4050 584 4113 tuordecim,
618 4052 726 4102 etc.
742 4050 888 4101 Nota
910 4046 1047 4117 quia
1068 4060 1283 4117 magna
1305 4046 1649 4100 necessitate
1671 4049 1906 4098 coactus

225 4157 298 4195 ea
336 4133 778 4205 manifestavit,
811 4150 935 4204 quae
980 4150 1083 4205 per
1133 4134 1578 4204 quatuordecim
1610 4148 1796 4187 annos
1827 4132 1906 4186 si-

224 4228 426 4283 lentio
463 4224 632 4280 texit.
666 4224 1080 4277 Animadverte
1110 4223 1286 4278 etiam
1317 4222 1458 4293 quia
1490 4220 1787 4276 hominem
1818 4220 1906 4275 di—

226 4317 334 4383 cit,
375 4332 459 4370 ne
496 4311 814 4384 phantasia
861 4315 1187 4382 putaretur.
1218 4312 1281 4365 In
1322 4310 1530 4365 Christo
1576 4310 1739 4376 dicit,
1774 4326 1845 4364 ne
1877 4326 1910 4363 a

227 4404 494 4460 diabolo
529 4401 750 4455 factum
781 4400 1131 4454 crederetur.
1157 4400 1319 4463 Quod
1351 4404 1546 4453 autem
1578 4398 1715 4451 dicit
1745 4414 1757 4450 :
1795 4398 1912 4451 Ter-

224 4496 381 4550 tium
412 4492 646 4555 caelum,
666 4506 780 4544 non
803 4488 948 4543 illud
972 4487 1293 4559 intelligere
1313 4488 1615 4553 debemus,
1640 4486 1739 4541 ubi
1771 4486 1911 4540 luna
1942 4508 1987 4573 Ι)

222 4585 349 4638 sita
382 4586 512 4645 est,
551 4578 650 4633 sed
682 4594 864 4648 usque
895 4577 966 4632 ad
988 4577 1225 4632 tertium
1259 4576 1418 4643 dicit,
1444 4580 1507 4631 ut
1526 4576 1797 4631 ostendat
1817 4592 1910 4629 su-

230 4689 342 4745 pra
376 4684 638 4726 omnem
682 4671 1011 4721 creaturam
1042 4671 1097 4720 et
1128 4666 1326 4720 omnia
1355 4666 1664 4721 elementa.
1690 4664 1911 4719 leum

226 4778 379 4833 ergo
416 4755 695 4830 spiritale
738 4754 1183 4826 intelligendum
1230 4760 1318 4810 est
1365 4756 1825 4824 firmamentum,
1858 4757 1914 4807 et

228 4863 596 4922 supernum
648 4843 883 4900 solium.
920 4846 1044 4898 Haec
1075 4859 1305 4913 quoque
1336 4843 1607 4898 revelatio
1638 4843 1775 4913 quia
1826 4842 1912 4896 bis

227 4940 403 4994 facta
436 4940 562 5002 est,
594 4934 841 5003 ideoque
872 4932 1209 5002 subjunxit:
1246 4933 1308 4985 Et
1336 4934 1445 4986 seio
1478 4931 1791 4997 huiusmodi
1819 4931 1911 4985 ho-

231 5030 494 5091 minem,
536 5028 644 5078 etc.
678 5022 1027 5077 Paradisum
1073 5019 1289 5090 quippe
1317 5019 1609 5074 caelestem
1661 5020 1917 5090 appellat

226 5114 621 5177 Jerusalem,
645 5129 770 5182 quae
803 5115 890 5165 est
912 5112 1097 5163 mater
1118 5114 1339 5175 nostra,
1362 5113 1417 5162 et
1445 5107 1543 5162 ubi
1578 5112 1715 5161 sunt
1746 5123 1916 5178 ange-

304 5237 589 5311 (775—76)
621 5237 888 5311 Fortasse
934 5234 1225 5288 introitum
1276 5232 1421 5311 latro
1467 5231 1672 5311 adicit:
1696 5231 1915 5285 Sensus

225 5301 487 5369 scilicet
523 5301 668 5362 satis
712 5306 903 5361 clarus
950 5310 1057 5370 est,
1091 5304 1360 5373 quamvis
1409 5303 1468 5358 in
1518 5301 1708 5358 verbis
1759 5318 1919 5357 error

230 5380 597 5455 irrepserit.

309 5445 489 5526 (7'77)
521 5450 718 5526 _Verba
761 5447 881 5526 haec
920 5448 1302 5526 objectionem
1334 5446 1590 5526 sapiunt,
1620 5449 1683 5526 _et
1712 5445 1792 5526 ita
1824 5460 1916 5526 so-

232 5514 390 5583 nare
424 5514 736 5579 videntur.
763 5521 822 5577 Si
870 5514 1073 5574 verum
1102 5524 1192 5575 est
1230 5519 1385 5590 quod
1405 5514 1561 5572 ‘dicit
1594 5514 1919 5590 Apostolus

228 5615 297 5659 se
332 5596 604 5666 vidisse,
635 5594 718 5649 uti
748 5590 1143 5662 verissimum,
1178 5588 1495 5663 utrumque
1524 5588 1673 5648 scire
1701 5589 1918 5647 debue-

2013 3242 2375 3314 spiritalibus
2406 3245 2634 3299 videtur
2675 3247 2881 3313 oculis,
2911 3254 2975 3303 ut
3005 3256 3094 3304 est
3118 3252 3375 3321 justitia,
3400 3260 3455 3308 et
3485 3255 3660 3309 simi-

2012 3334 2109 3388 lia.
2135 3333 2273 3397 Quis
2311 3332 2463 3387 enim
2490 3335 2696 3404 quaerit
2726 3337 2781 3389 in
2809 3338 3064 3405 justitia,
3098 3340 3236 3411 quid
3270 3343 3479 3413 sapiat,
3516 3344 3659 3415 quid

2015 3422 2183 3485 oleat,
2217 3426 2272 3476 et
2302 3421 2557 3477 similia?
2602 3423 2781 3479 Nemo
2830 3425 2937 3481 hoc
2968 3429 3231 3499 requirit,
3266 3436 3322 3485 et
3374 3432 3661 3503 spiritalis

2015 3516 2104 3565 est
2132 3512 2295 3577 [778).
2320 3510 2545 3581 Moyses
2575 3527 2708 3566 vero
2738 3512 3089 3585 loquebatur
3118 3535 3248 3571 cum
3277 3520 3391 3575 Deo
3424 3522 3568 3576 facie
3591 3522 3663 3577 ad

2016 3600 2249 3665 faciem;
2286 3600 2386 3653 sed
2418 3605 2614 3655 tamen
2648 3602 3010 3674 intelligebat
3031 3622 3142 3661 non
3178 3608 3286 3662 hoc
3307 3624 3435 3664 esse
3458 3616 3663 3677 Deum,

2015 3690 2168 3759 quod
2202 3689 2453 3755 videbat,
2486 3706 2551 3744 eo
2583 3692 2737 3760 quod
2780 3698 2935 3747 esset
2984 3694 3393 3767 incorporeus;
3427 3706 3483 3753 et
3512 3701 3668 3770 ideo,

2015 3779 2168 3847 quod
2203 3783 2349 3842 erat,
2380 3778 2575 3833 videre
2620 3781 2971 3848 requirebat.
3009 3784 3154 3837 Dicit
3184 3802 3417 3856 quoque
3448 3788 3665 3843 beatis-

2016 3866 2204 3920 simus
2226 3867 2613 3935 Augustinus,
2631 3867 2767 3936 quia
2792 3870 2938 3923 iorte
2960 3871 3067 3925 hoc
3100 3873 3394 3927 nesciebat
3423 3876 3663 3942 Paulus,

2016 3954 2209 4008 ethos
2256 3954 2402 4007 scire
2445 3956 2983 4023 quzerebat,utrum
3036 3960 3105 4012 ad
3156 3966 3387 4029 tempus
3433 3967 3666 4016 mortuo

2016 4058 2276 4112 corpore,
2302 4041 2498 4095 anima
2519 4058 2752 4111 quoque
2774 4048 3010 4098 evocata
3033 4045 3141 4100 hoc
3164 4047 3393 4113 viderit,
3420 4066 3492 4103 an
3518 4055 3671 4105 certe

2017 4147 2261 4184 manens
2294 4131 2353 4183 in
2376 4146 2635 4200 corpore,
2661 4130 2814 4185 sicut
2836 4133 3154 4203 prophetas,
3181 4136 3238 4188 in
3262 4138 3476 4192 exstasi
3511 4155 3672 4193 men-

2020 4219 2097 4273 tis
2128 4218 2446 4289 agnoverit.
2482 4222 2753 4273 Attamen
2800 4221 3103 4275 sciendum
3139 4223 3298 4294 quia,
3332 4226 3381 4279 si
3413 4231 3667 4295 certum,

2018 4312 2073 4362 et
2104 4306 2150 4361 si
2182 4306 2439 4361 solidum
2476 4306 2602 4374 fuit,
2637 4310 2789 4378 quod
2823 4308 2875 4363 ei
2907 4316 3212 4367 ostensum
3243 4318 3350 4380 est,
3380 4317 3533 4386 quod
3567 4332 3669 4371 ve-

2018 4396 2251 4451 rissime
2298 4396 2651 4450 credendum
2701 4402 2808 4464 est,
2841 4398 2940 4453 illa
2991 4401 3192 4471 utique
3232 4403 3473 4472 visione,
3510 4404 3662 4475 quod

2020 4485 2243 4539 dictum
2276 4489 2365 4539 est
2395 4484 2555 4549 vidit,
2590 4503 2713 4555 quae
2748 4487 2892 4541 alias
2924 4506 3127 4543 omnes
3159 4494 3539 4547 transcendit.

2093 4574 2372 4645 Sequitur
2414 4592 2425 4628 :
2484 4576 2585 4627 Pro
2634 4576 2902 4645 ejusmodi
2948 4578 3229 4643 glmiabor
3277 4580 3673 4651 (subauditur,

2022 4664 2312 4731 homine);
2334 4679 2432 4733 pro
2454 4679 2538 4717 me
2558 4670 2746 4718 autem
2770 4665 2939 4719 nihil.
2968 4666 3098 4720 Ideo
3124 4667 3228 4721 hoc
3253 4668 3412 4733 dicit,
3434 4670 3573 4740 quia
3593 4672 3678 4724 sic

2021 4754 2253 4809 locutus
2275 4758 2385 4813 est,
2412 4752 2581 4821 quasi
2604 4753 2674 4805 de
2698 4752 2879 4808 altera
2906 4770 3173 4824 persona.
3201 4758 3512 4828 Sequitur:
3538 4761 3675 4814 Nam

2023 4844 2125 4897 etsi
2154 4843 2380 4897 voluero
2412 4841 2671 4909 gloriari,
2704 4857 2813 4895 non
2844 4859 2935 4897 ero
2978 4845 3261 4915 insipiens.
3296 4847 3483 4909 Quare
3516 4864 3630 4902 non
3650 4850 3678 4900 Υ

2031 4933 2323 4985 Veritatem
2342 4931 2489 4984 enim
2512 4929 2711 4983 dicam.
2732 4930 2970 5001 Hicjam
2998 4939 3193 5004 aperte
3219 4936 3475 4990 ostendit
3497 4949 3676 5005 quare

2025 5037 2204 5091 supra
2236 5020 2461 5073 dixerat
2498 5036 2509 5073 :
2552 5020 2625 5073 Ne
2655 5022 2775 5089 quis
2802 5038 2889 5074 me
2924 5025 3072 5091 putet
3121 5026 3489 5094 insipientem.
3525 5024 3674 5075 Sane

2026 5108 2327 5163 sciendum
2364 5108 2502 5177 quia
2534 5108 2631 5179 qui
2664 5110 2816 5162 dona
2847 5110 2954 5163 sibi
2989 5112 3217 5166 cmlitus
3248 5112 3460 5165 collata
3493 5109 3677 5162 mani-

2028 5238 2143 5305 rat;
2178 5249 2313 5286 nam
2342 5231 2388 5286 si
2419 5232 2582 5295 vidit,
2626 5249 2762 5305 ergo
2808 5234 2974 5287 scivit
3005 5252 3064 5289 se
3097 5250 3334 5305 corpore
3365 5232 3624 5288 adfuisse
3655 5250 3670 5289 :

2026 5304 2112 5358 vel
2144 5310 2459 5374 utrumque
2483 5304 2744 5369 nescivit,
2770 5306 2825 5358 id
2858 5311 2944 5359 est
2978 5304 3309 5359 falsum'est
3339 5321 3473 5358 eum
3506 5305 3675 5376 quid-

2026 5392 2205 5502 quam
2238 5376 2454 5431 vidisse
2489 5392 2499 5430 :
2536 5376 2628 5430 cui
2662 5376 2971 5445 objectioni
3019 5393 3085 5429 ex
3128 5376 3383 5431 absurdo
3435 5393 3677 5447 respon-

2068 5464 2163 5502 ere
2194 5447 2528 5502 aggreditur
2558 5447 2628 5502 iis
2658 5448 2870 5502 verbis.
2902 5446 3007 5500 Sed
3033 5447 3335 5500 sciendum.

2068 5464 2163 5502 ere
2194 5447 2528 5518 aggreditur
2558 5447 2628 5502 iis
2658 5448 2870 5502 verbis.
2902 5446 3007 5500 Sed
3033 5447 3335 5500 sciendum.

2098 5519 2247 5590 (778)
2278 5518 2544 5577 Fortasse
2574 5535 2666 5577 res
2696 5520 2898 5576 etenim
2927 5518 3200 5589 spiritalis
3226 5522 3327 5581 est.
