4060 6164
433 309 550 368 483

1447 304 1782 364 ATTONIS
1828 301 2412 364 VERCELLENSIS
2458 301 2811 362 EPISCOPI

3719 299 3834 360 184

435 442 625 502 festat,
663 457 771 510 nqn
824 443 913 492 est
955 423 1262 510 insipiens,
1295 440 1352 491 et
1400 436 1501 506 qui
1546 436 1796 491 occultat
1842 454 1928 502 ca,
1963 453 2078 491 non
2109 438 2161 502 Α
2195 453 2261 489 ex
2289 434 2518 506 vipereo
2547 431 2812 489 veneno?
2857 433 3038 488 Datus
3067 433 3157 486 est
3185 430 3341 487 enim
3388 430 3526 486 huic
3556 429 3833 487 stimulus

434 534 522 585 est
551 504 915 598 imprddens.
950 525 1266 598 Sequitur:
1303 527 1478 580 Pareo
1506 529 1707 580 autem.
1743 525 2076 580 Notandum

2189 523 2692 594 concupiscentiae,
2745 527 2810 576 ut
2861 520 3244 593 expelleretur
3299 518 3572 575 elationis
3613 524 3831 586 tumor,

435 617 572 689 quia
633 617 821 671 multo
872 616 1095 686 majora
1145 619 1380 668 noverat
1423 612 1760 684 Apostolus,
1809 631 1956 684 quae,
2007 629 2078 667 ne
2185 612 2358 667 datus
2387 618 2475 667 est
2518 613 2784 678 Satanas,
2818 615 2882 664 ut
2927 613 3303 681 superaretur
3329 613 3592 664 Satanas.
3621 610 3703 664 Ac
3735 627 3835 681 per

431 705 626 761 extolli
660 705 971 774 videretur,
1007 703 1194 757 noluit
1241 703 1574 767 ostendere;
1617 708 1674 757 et
1724 703 1853 756 ideo
1887 702 2027 756 dicit
2059 720 2072 756 :

430 797 605 850 Pareo
635 804 838 861 autem,
868 794 973 848 hoc
1003 796 1115 857 est,
1148 791 1287 846 celo.
1315 795 1501 856 Quare
1514 793 1540 845 ‘I
1569 793 1643 846 Ne
1667 793 1788 862 quis
1815 807 1898 846 me
1927 793 2073 846 exis-

430 888 585 940 timet
612 901 776 954 supra
810 882 866 936 id
895 881 1035 952 quod
1066 880 1209 935 videt
1246 897 1332 936 me
1363 882 1528 951 (779),
1563 879 1825 934 videlicet
1856 880 1912 934 in
1945 896 2075 951 ope-

426 966 669 1037 ratione,
698 975 791 1026 aut
821 970 975 1025 audit
1018 969 1231 1040 aliquid
1280 986 1348 1024 ea:
1397 987 1500 1034 me,
1533 969 1754 1023 scilicet
1782 969 1839 1022 in
1870 969 2074 1040 praedi-

424 1063 671 1118 catione.
707 1064 918 1114 Beatus
977 1075 1129 1130 papa
1187 1058 1502 1130 Gregorius
1551 1057 1713 1121 dicit,
1763 1057 1902 1128 quia
1959 1057 2070 1112 sub

421 1166 637 1220 magna
681 1148 1045 1219 providentia
1076 1147 1223 1217 (780)
1257 1164 1426 1201 suam
1470 1147 1814 1218 temperavit
1867 1147 2071 1218 praedi-

415 1239 704 1294 cationem
741 1254 752 1292 :
787 1253 920 1290 nam
956 1237 1223 1308 quaedam
1255 1235 1402 1290 dixit
1444 1242 1680 1306 propter
1725 1251 1864 1290 suos
1895 1235 2066 1290 audi-

412 1332 589 1396 tores,
626 1327 894 1397 quaedam
941 1325 1142 1388 tacuit,
1177 1341 1247 1378 ne
1301 1324 1442 1394 ipsis
1491 1323 1689 1378 extolli
1739 1323 2061 1389 videretur;

412 1418 680 1488 quaedam
734 1414 899 1478 dixit,
934 1420 998 1468 ut
1056 1413 1182 1468 suis
1227 1413 1404 1467 vitam
1457 1413 1757 1481 tribueret,
1793 1413 2062 1483 quadam

407 1522 540 1560 vero
573 1506 774 1568 tacuit,
811 1508 875 1557 ut
907 1503 1019 1556 sibi
1052 1519 1216 1556 suam
1254 1501 1524 1557 salvaret.

481 1593 763 1663 Sequitur
812 1609 824 1645 :
877 1593 951 1646 Ne
998 1591 1321 1659 magnitudo
1377 1591 1778 1646 revelationum
1832 1591 2059 1645 extollat

407 1699 510 1744 me,
546 1687 654 1736 etc.
688 1681 1022 1736 Notandum
1074 1680 1352 1750 quoniam
1407 1697 1520 1735 non
1569 1680 1734 1744 dicit,
1765 1679 1901 1750 quia
1932 1695 2057 1733 ma-

405 1770 652 1841 gnitudo
697 1769 1116 1824 revelationum
1147 1768 1352 1824 extulit
1384 1785 1496 1833 me,
1528 1769 1649 1832 sed,
1682 1785 1750 1822 ne
1797 1768 2054 1828 extollat;

405 1859 684 1930 quoniam
718 1875 834 1912 non
869 1858 996 1912 ideo
1037 1857 1194 1912 datus
1224 1861 1323 1921 est,
1356 1862 1420 1911 ut
1466 1856 1652 1928 culpa,
1689 1873 1813 1927 quae
1845 1856 2050 1926 inerat,

403 1952 749 2018 tergeretur,
783 1947 905 2014 sed,
941 1962 1065 2016 quae
1107 1946 1301 2001 inesse
1335 1950 1579 2017 poterat,
1611 1949 2050 2015 prmcaveretur.

405 2035 551 2091 Illud
613 2041 807 2090 autem
866 2035 1171 2090 sciendum
1232 2035 1391 2105 quia,
1439 2035 1594 2088 sicut
1650 2033 1790 2087 dicit
1848 2035 2053 2087 beatus

402 2142 553 2197 papa
601 2125 935 2196 Gregorius,
969 2125 1123 2179 Deus
1177 2124 1286 2179 sul)
1334 2124 1573 2195 provida
1617 2123 2054 2194 dispensatione

403 2216 580 2269 corda
621 2230 863 2268 suorum
895 2214 1156 2284 disponit
1186 2219 1544 2267 sanctorum.
1581 2213 1780 2282 Itaque
1827 2212 1909 2266 sic
1955 2227 2052 2266 eos

406 2300 835 2372 multiplicibus
867 2302 992 2355 suis
1038 2301 1207 2355 donis
1241 2301 1408 2370 ditat,
1440 2306 1496 2355 et
1527 2301 1848 2354 multorum
1878 2301 2049 2354 vitio-

406 2407 538 2444 rum
577 2390 826 2444 victores
873 2406 999 2444 esse
1047 2390 1243 2455 donat,
1278 2393 1342 2443 ut
1389 2389 1586 2461 aliqua
1633 2389 1692 2442 in
1742 2390 1827 2443 eis
1875 2389 2047 2455 sinat,

402 2483 604 2534 contra
635 2494 762 2549 qua:
794 2494 1054 2549 pugnare
1085 2478 1360 2548 sentiant,
1395 2483 1450 2531 et
1481 2477 1871 2548 experiantur,
1906 2495 2048 2549 qua-

398 2572 574 2624 tenus
604 2568 745 2622 dum
778 2584 952 2638 parva
982 2583 1260 2638 superare
1293 2571 1610 2637 nequeunt,
1639 2575 1957 2636 agnoscant
1986 2583 2048 2622 se

394 2673 510 2710 non
576 2655 699 2710 suis
746 2655 968 2710 viribus
1001 2672 1212 2726 magna
1245 2671 1575 2726 superasse,
1611 2656 1794 2709 instar
1848 2655 2045 2725 pOpuli

402 2743 601 2813 Israel,
635 2743 734 2814 qui
787 2743 988 2798 multis
1037 2744 1308 2814 gentibus
1357 2742 1779 2806 exterminatis,
1831 2742 2042 2798 Philis-

400 2833 528 2886 tiim
561 2833 950 2887 exterminare
982 2832 1396 2904 nequiverunt;
1422 2833 1575 2886 unde
1603 2831 1885 2902 scriptum
1917 2836 2039 2886 est:

399 2921 594 2976 Relicti
620 2929 748 2976 sunt
795 2920 1124 2987 Philistzim,
1159 2923 1216 2976 ul
1252 2922 1595 2991 experiretur
1623 2922 1790 2975 Israel
1834 2920 2038 2987 (Judic.

396 3027 481 3075 ιιι,
515 3012 590 3080 4).
626 3011 694 3064 Et
743 3010 850 3065 boc
900 3011 1202 3065 sciendum
1244 3011 1383 3081 quia
1414 3009 1670 3080 quinque
1719 3009 1906 3063 modis
1936 3009 2038 3064 ﬂa-

390 3097 568 3170 gellat
606 3099 758 3154 Deus
789 3099 1104 3167 hominem,
1139 3101 1293 3171 quod
1325 3101 1384 3155 in
1418 3101 1526 3154 hoc
1575 3099 1697 3153 loco
1748 3104 2038 3154 monstra-

390 3193 504 3242 tur.

459 3276 770 3347 Sequitur:
790 3279 960 3332 Datus
981 3281 1060 3332 est
1084 3279 1225 3332 mihi
1251 3279 1508 3332 stimulus
1533 3280 1716 3332 carnis
1745 3293 1898 3343 meae,
1924 3281 2032 3332 etc.

393 3369 457 3419 In
491 3365 598 3420 hoc
628 3365 754 3421 loco
776 3365 985 3421 diversi
1018 3367 1246 3421 diversa
1275 3366 1553 3431 sentiunt,
1578 3365 1676 3420 alii
1702 3383 1800 3436 per
1831 3366 2036 3420 stimu-

391 3452 514 3507 lum
558 3470 884 3523 pressuras,
919 3453 1015 3508 alii
1065 3454 1273 3524 capitis
1322 3454 1571 3518 dolores,
1606 3453 1870 3508 nonnulli
1901 3470 2034 3509 vero

391 3541 586 3595 carnis
639 3540 972 3612 intelligunt
1029 3542 1584 3613 concupiscentiam.
1654 3542 2034 3597 Beatissimus

390 3644 525 3683 vero
572 3630 955 3700 Augustinus,
991 3631 1089 3700 qui
1139 3630 1289 3684 inter
1318 3636 1559 3685 cunctos
1605 3631 1875 3685 Romanae
1917 3629 2032 3684 elo-

390 3717 642 3788 quentiae
677 3719 940 3773 doctores
973 3718 1276 3773 facundior
1305 3718 1544 3786 exstitit,
1568 3719 1650 3772 sic
1674 3718 1790 3772 ait:
1818 3718 2032 3773 Paulus

385 3805 716 3876 discipulus
764 3806 997 3874 Christi,
1033 3825 1145 3862 non
1200 3806 1468 3878 Pelagius
1517 3806 1843 3878 discipulus
1875 3807 2032 3861 auti-

382 3894 612 3961 christi,
645 3895 787 3950 dicit
817 3897 925 3952 sibi
960 3897 1151 3953 inesse
1184 3896 1406 3952 malum
1440 3897 1944 3968 concupiscentiae,
1977 3902 2034 3952 et

382 3982 774 4054 apertissimis
792 3985 981 4040 verbis
999 3987 1483 4056 concupiscentiae
1504 3987 1723 4041 malum
1745 3986 2027 4041 ostendit:

382 4076 440 4127 et
469 4089 603 4128 cum
632 4091 751 4129 sua:
785 4075 975 4130 carnis
999 4074 1378 4146 incentivum,
1405 4081 1460 4130 et
1481 4076 1590 4130 sibi
1617 4075 1780 4130 civile
1811 4075 2028 4130 bellum

384 4161 576 4217 inesse
602 4169 962 4234 agnosceret,
989 4163 1216 4218 nullum
1242 4164 1540 4218 inveniens
1571 4162 1762 4218 locum
1788 4165 2029 4219 evaden~

384 4249 464 4318 di,
501 4250 611 4305 nisi
645 4252 835 4321 gratia
881 4252 980 4306 Dei
1011 4252 1376 4321 exclamavit,
1417 4252 1657 4306 dicens:
1688 4252 1889 4323 Infelix
1933 4268 2028 4319 ego

383 4337 555 4405 (Rom.
589 4356 688 4404 vn,
729 4340 842 4409 24),
869 4346 976 4393 etc.
1011 4341 1151 4394 Ecce
1199 4339 1307 4394 iste
1353 4339 1637 4395 intellexit
1685 4357 1747 4396 se
1794 4340 2027 4396 nonnisi

378 4426 565 4496 gratia
598 4427 695 4480 Doi
728 4427 982 4481 liberari.
1013 4427 1279 4498 Pelagius
1310 4444 1443 4482 vero
1475 4430 1600 4484 suis
1629 4429 1848 4484 viribus
1879 4446 1940 4484 se
1970 4434 2026 4484 et

2187 701 2294 754 hoc
2352 701 2437 755 sic
2495 701 2785 771 perforata
2842 703 2932 753 est
2992 697 3227 753 maxilla
3280 697 3599 752 Bebemotb
3657 699 3831 770 (782),

2183 790 2338 859 quod
2383 795 2470 844 est
2525 787 2784 844 diaboli:
2821 804 2978 853 nam,
3012 787 3159 842 sicut
3219 786 3362 841 dicit
3415 787 3622 842 beatus
3679 804 3831 858 papa

2183 878 2514 949 Gregorius,
2548 879 2704 932 unde
2755 877 3022 943 conterit,
3056 875 3191 930 inde
3237 874 3451 942 salvat;
3486 877 3626 948 quia
3673 878 3829 933 unde

2179 971 2365 1022 tentat
2396 976 2648 1036 sanctos,
2677 971 2743 1021 ut
2771 966 2972 1037 perdat
3001 963 3220 1031 volens,
3243 963 3380 1019 inde
3409 964 3687 1035 probatos
3715 963 3828 1021 sal-

2177 1061 2272 1110 vat
2302 1055 2528 1111 nolens.

2248 1145 2557 1216 Sequitur:
2604 1148 2830 1216 Propter
2856 1144 2998 1215 quod
3023 1145 3106 1198 ter
3144 1143 3442 1198 Dominum
3469 1145 3684 1212 rogavi,
3717 1151 3825 1199 etc.

2174 1233 2231 1288 Si
2266 1234 2419 1289 enim
2454 1235 2697 1305 rogavit,
2721 1239 2778 1288 et
2801 1249 2913 1288 non
2936 1236 3025 1288 est
3051 1232 3384 1296 exauditus,
3407 1232 3506 1287 ubi
3532 1238 3642 1297 est,
3667 1234 3825 1304 quod

2173 1323 2456 1378 Dominus
2487 1324 2568 1377 ait
2600 1341 2612 1378 :
2647 1325 2948 1393 Antequam
2975 1338 3062 1376 me
3101 1323 3374 1385 invocetis,
3407 1321 3588 1377 dicam
3618 1323 3775 1378 vobis
3807 1339 3826 1376 :

2173 1411 2392 1477 Adsum,
2421 1416 2529 1474 etc.
2571 1413 2694 1482 (lsa.
2732 1429 2884 1477 Lvm,
2907 1412 2994 1481 9);
3029 1415 3086 1466 et
3113 1411 3251 1466 item
3286 1428 3299 1466 :
3330 1410 3696 1482 Quodcunque
3720 1428 3827 1482 pe-

2171 1502 2394 1565 tieritis,
2445 1501 2582 1556 dabo
2612 1502 2761 1556 vobis
2784 1506 2808 1554 γ
2833 1500 3056 1568 (Matth.
3091 1517 3209 1568 xxx,
3240 1500 3340 1566 22;
3369 1501 3526 1555 Joan.
3556 1515 3677 1564 x1v,
3708 1502 3825 1568 13.)

2169 1588 2444 1661 Nunquid
2478 1607 2593 1646 non
2627 1606 2883 1661 presens
2926 1592 3070 1655 erat,
3103 1589 3246 1643 dum
3279 1604 3394 1643 non
3425 1589 3824 1646 exaudiebat?

2167 1677 2302 1732 Erat
2359 1680 2583 1750 utique,
2617 1678 2788 1734 veluti
2848 1677 3132 1743 medicus,
3174 1677 3275 1748 qui
3334 1683 3559 1733 resecat
3604 1677 3820 1734 vulnus

2167 1767 2404 1832 inﬁrmi,
2439 1784 2572 1822 cum
2621 1767 2894 1822 inﬁrmus
2943 1767 3053 1821 sub
3104 1766 3379 1821 manibus
3417 1767 3547 1837 ejus
3577 1765 3818 1834 clamet,

2166 1856 2354 1927 magis
2385 1873 2639 1927 praesens
2672 1857 2840 1912 adest
2883 1872 2997 1911 non
3045 1855 3355 1928 parcendo,
3387 1870 3568 1926 quam
3599 1855 3651 1910 si
3681 1873 3817 1928 par-

2163 1951 2350 2011 ceret;
2395 1945 2666 2000 similiter
2695 1950 2751 2000 et
2784 1945 3068 2000 Dominus
3100 1944 3288 2014 magis
3339 1959 3598 2014 presens
3631 1945 3820 2000 adfuit

2167 2050 2280 2088 non
2330 2034 2716 2102 exaudiendo,
2749 2049 2927 2105 quam
2959 2033 3008 2088 si
3038 2033 3378 2088 exaudiret:
3407 2049 3546 2088 nam
3596 2035 3645 2089 si
3697 2050 3813 2089 non

2163 2123 2455 2177 exaudivit
2493 2124 2565 2178 ad
2614 2127 2835 2186 votum,
2868 2122 3159 2177 exaudivit
3187 2125 3385 2176 tamen
3429 2122 3501 2176 ad
3536 2121 3811 2180 salutem.

2165 2210 2348 2281 Magis
2379 2211 2534 2264 enim
2568 2210 2856 2265 exaudivit
2887 2211 3088 2278 istum,
3113 2225 3292 2280 quam
3321 2209 3638 2281 daemones,
3663 2228 3810 2283 quos

2161 2299 2387 2353 dimisit
2415 2300 2498 2355 ire
2529 2300 2586 2354 in
2621 2316 2824 2371 porcos
2856 2301 3073 2370 (Matth.
3106 2316 3230 2366 vm,
3263 2299 3370 2366 30;
3406 2302 3584 2355 Mare.
3617 2317 3672 2370 v,
3708 2304 3768 2355 1ι
3796 2327 3812 2368 ;

2160 2392 2289 2443 Luc.
2322 2405 2444 2454 v111,
2485 2389 2598 2458 32).

2231 2477 2507 2548 Sequitur
2531 2496 2542 2533 :
2568 2477 2790 2550 Sufﬁcit
2817 2479 2922 2534 tibi
2949 2480 3132 2549 gratia
3151 2495 3296 2549 mea,
3320 2479 3488 2552 quasi
3519 2479 3808 2537 dixisset:

2157 2565 2241 2620 Tu
2283 2565 2534 2632 laboras,
2569 2571 2629 2620 tu
2682 2567 2935 2632 haesitas,
2965 2572 3028 2622 tu
3078 2568 3251 2623 times
3297 2585 3372 2624 ne
3419 2584 3644 2640 pereas;
3700 2569 3811 2626 sed

2155 2655 2376 2709 sufﬁcit
2396 2654 2499 2708 tibi
2523 2654 2712 2725 gratia
2733 2672 2881 2723 mea,
2905 2657 2963 2710 id
2987 2662 3078 2711 est
3099 2656 3317 2712 sufﬁcit
3334 2657 3440 2712 tibi
3464 2658 3712 2723 vocatio,
3737 2675 3809 2714 ac

2155 2743 2589 2813 praedestinatio
2637 2760 2766 2799 mea
2801 2761 2812 2799 :
2848 2745 3298 2816 praedestinatus
3334 2762 3416 2814 es,
3451 2747 3642 2818 perire
3687 2764 3805 2802 non

2153 2832 2368 2901 poteris
2392 2833 2570 2900 (783);
2593 2838 2649 2886 et
2677 2833 2806 2888 ideo
2837 2833 2951 2889 noli
2984 2833 3188 2889 timere
3212 2851 3225 2890 :
3248 2836 3390 2890 Nam
3407 2837 3584 2890 virtus
3615 2837 3679 2890 in
3711 2838 3804 2891 in-

2151 2919 2412 2988 ﬁrmitate
2436 2922 2756 2990 perﬁcitur;
2790 2922 2897 2977 hoc
2940 2927 3050 2993 est,
3077 2924 3216 2993 quia
3259 2940 3374 2995 quo
3404 2923 3596 2996 magis
3622 2923 3800 2980 homo

2150 3010 2654 3079 persecutionibus
2684 3011 2972 3077 atteritur,
2998 3027 3064 3066 eo
3097 3012 3283 3084 magis
3318 3011 3607 3068 reveletur
3627 3015 3800 3084 (784).

2220 3098 2498 3170 Sequitur
2523 3115 2537 3153 :
2564 3099 2815 3154 Libenter
2833 3101 3003 3169 igitur
3028 3101 3335 3170 gloriabor;
3357 3118 3422 3155 ac
3448 3101 3498 3157 si
3521 3101 3796 3170 dixisset;

2065 3175 2108 3241 C
2147 3186 2285 3258 quia
2315 3187 2517 3241 audire
2541 3187 2835 3258 promerui
2861 3189 3139 3260 quoniam
3162 3189 3348 3245 virtus
3370 3189 3430 3245 in
3455 3189 3798 3247 inﬁrmitate

2148 3276 2464 3346 perﬁcitur,
2512 3276 2792 3346 gloriabor
2835 3293 2928 3348 ego
2981 3277 3211 3334 libenter
3255 3281 3316 3333 in
3371 3279 3800 3348 inﬁrmitatibus

2142 3366 2296 3420 meis.
2331 3365 2559 3428 Quare?
2593 3366 2655 3421 Ut
2689 3365 2960 3420 inhabitet
2982 3367 3041 3420 in
3072 3381 3158 3421 me
3187 3367 3360 3422 virtus
3391 3366 3626 3424 Christi.
3664 3373 3801 3424 Pro-

2141 3462 2261 3524 pter
2283 3453 2424 3525 quod
2450 3455 2639 3524 placeo
2668 3454 2830 3515 mihi.
2857 3460 2964 3510 etc.
2990 3454 3226 3511 Dixerat
3255 3456 3567 3527 superius:
3602 3458 3797 3514 Liben-

2143 3553 2226 3597 ter
2256 3543 2558 3610 gloriabor,
2591 3547 2724 3608 etc.;
2759 3543 2888 3598 ideo
2919 3543 3224 3615 subjunxit
3247 3561 3260 3598 :
3287 3545 3517 3616 PrOpter
3547 3545 3713 3617 quod,
3739 3546 3795 3602 id

2142 3635 2228 3686 est
2262 3635 2494 3701 propter
2543 3631 2672 3696 hoc,
2705 3632 2859 3702 quod
2891 3631 3076 3686 virtus
3123 3631 3182 3687 in
3229 3632 3573 3689 inﬁrmitate
3614 3635 3795 3707 perﬁ-

2139 3721 2314 3784 citur,
2370 3719 2562 3790 placeo
2611 3720 2772 3787 mihi,
2830 3726 2938 3776 etc.
2999 3721 3598 3778 Animadvertendum
3657 3725 3799 3796 quia

2143 3808 2326 3863 multa
2355 3807 2577 3864 dixerat
2623 3809 2895 3880 superius
2929 3827 2942 3864 :
2977 3811 3244 3881 quaedam
3293 3811 3468 3866 etiam
3520 3812 3795 3869 dicturus

2139 3904 2263 3953 erat
2306 3898 2362 3952 in
2412 3899 2816 3969 sequentibus,
2847 3900 2945 3954 sed
2991 3904 3110 3954 tam
3162 3898 3282 3966 illa,
3313 3916 3441 3972 quae
3490 3903 3792 3973 superius,

2141 4004 2316 4059 quam
2341 4004 2465 4057 quaa
2488 3987 2545 4042 in
2571 3987 2972 4058 sequentibus,
2998 3987 3314 4060 praevalent
3343 3989 3700 4046 inﬁrmitati.
3726 3991 3796 4046 Et

2140 4077 2276 4148 quia
2307 4077 2425 4141 illa,
2451 4093 2577 4147 quae
2611 4077 2879 4146 superius
2909 4077 3150 4144 dixerat,
3173 4078 3420 4133 attinere
3445 4079 3518 4133 ad
3552 4079 3792 4136 laudem

2137 4164 2296 4219 illius
2326 4165 2506 4220 videri
2540 4169 2828 4235 poterant,
2862 4165 3075 4221 idcirco
3117 4164 3316 4220 oculos
3361 4166 3578 4222 mentis
3608 4168 3670 4222 in
3702 4167 3793 4222 in-

2139 4253 2476 4308 ﬁrmitatem
2507 4251 2715 4318 inﬁxit,
2739 4253 2909 4324 cujus
2933 4255 3168 4310 nomine
3196 4255 3559 4311 inﬁrmitatis
3589 4256 3797 4312 omnia

2138 4341 2410 4413 prmdicta
2459 4341 2916 4413 comprehendit.
2951 4343 3012 4398 In
3060 4344 3429 4414 contumeliis,
3463 4344 3520 4399 id
3552 4351 3645 4401 est
3672 4362 3791 4402 non

2134 4430 2191 4484 in
2226 4430 2444 4486 honore
2471 4449 2484 4497 ;
2517 4432 2577 4486 in
2605 4432 3042 4496 necessitatibus,
3073 4431 3127 4488 id
3173 4437 3264 4488 est
3290 4450 3404 4488 non
3436 4433 3494 4488 in
3528 4434 3791 4504 divitiis;

379 4514 600 4570 malum
643 4516 926 4582 deserere,
962 4521 1018 4571 et
1047 4517 1126 4584 ad
1181 4517 1398 4571 bonum
1447 4534 1796 4589 consurgere
1854 4536 2025 4590 posse
2056 4543 2103 4605 ι)
2133 4521 2192 4574 in
2224 4521 2712 4589 persecutionibus,
2744 4521 2799 4574 id
2832 4525 2920 4575 est
2950 4537 3062 4576 non
3098 4521 3155 4576 in
3186 4521 3408 4593 requie,
3432 4521 3521 4577 vel
3551 4523 3796 4596 refrige.

377 4603 579 4656 credit.
622 4605 697 4659 Ne
726 4606 1046 4673 magnitudo
1092 4606 1507 4670 reuelationem,
1541 4612 1646 4661 etc.
1675 4607 1820 4661 Dicit
1871 4608 2022 4663 idem

2135 4608 2251 4676 rio;
2289 4611 2348 4662 in
2375 4611 2674 4680 angustiis,
2702 4609 2758 4662 id
2786 4614 2874 4663 est
2893 4625 3008 4664 non
3036 4609 3286 4665 elatione
3316 4611 3404 4666 vel
3435 4610 3791 4680 altitudine;

378 4690 504 4760 ipse
524 4694 888 4763 Augustinus
913 4712 925 4749 :
953 4694 996 4748 Ο
1029 4699 1216 4749 terror
1241 4700 1296 4748 et
1325 4695 1570 4749 tremorl
1597 4695 1728 4766 quis
1753 4696 1877 4764 jam
1910 4713 2023 4752 non
2129 4713 2228 4768 pro
2278 4697 2510 4763 Christo,
2543 4697 2598 4752 id
2649 4703 2737 4752 est
2784 4714 2898 4753 non
2949 4715 3051 4769 pro
3102 4700 3357 4771 ﬂagitiis,
3390 4699 3476 4755 vel
3529 4703 3792 4772 peccatis

376 4777 586 4834 timeat
632 4781 849 4846 extolli,
885 4783 932 4836 si
966 4783 1122 4848 talis,
1159 4788 1216 4838 et
1262 4788 1461 4838 tantus
1493 4785 1658 4838 timet
1690 4801 1759 4838 ne
1791 4785 2026 4840 extolla-

377 4871 494 4922 tur.
521 4869 797 4940 Sequitur
827 4888 840 4924 :
875 4872 1049 4926 Datus
1078 4876 1155 4926 est
1185 4874 1324 4927 mihi
1355 4874 1626 4936 stimulus.
1652 4878 1758 4929 etc.
1784 4875 2024 4930 Antido-

378 4958 506 5011 tum
539 4956 816 5030 salutarc,
851 4975 966 5030 quo
999 4967 1314 5031 superatur
1342 4979 1648 5032 venenum,
1673 4967 1729 5017 et
1758 4963 1910 5034 quod
1944 4963 2026 5018 di-

375 5061 504 5101 cam
536 5046 647 5103 boc
675 5063 804 5103 esse
837 5049 949 5105 nisi
982 5049 1307 5106 theriacum
1339 5052 1506 5122 (781),
1531 5053 1684 5124 quod
1717 5053 2027 5108 conﬁcitur

447 5263 596 5401 (779)
628 5262 799 5336 Vulg.
833 5266 890 5320 in
921 5283 1026 5321 me.

468 5334 596 5399 780)
633 5335 796 5391 Forte
823 5338 1026 5401 pruden

468 5334 596 5408 780)
633 5334 796 5408 Forte
822 5338 1136 5408 prudentia.

451 5405 601 5472 (781)
633 5405 691 5460 In
725 5405 920 5472 autog.
953 5412 1342 5466 Sisidriacum.

451 5426 601 5472 (101)
633 5426 691 5460 ll)
725 5426 859 5463 auio
909 5451 920 5462 .
953 5426 1342 5466 Siszariacum.

414 5476 840 5568 2-(78Ξῂ181ςξι,
864 5426 933 5534 ᾗ)
961 5487 1019 5564 et
1051 5481 1516 5568 seqLBehemotb.
1551 5481 1767 5568 animal
1801 5486 2022 5568 grande

378 5544 916 5623 siveﬁelephjtntem,
950 5554 1071 5608 sive
1118 5544 1298 5620 aliud,
1325 5553 1589 5623 generice
1630 5544 1907 5613 Hebraice
1938 5557 2016 5612 si-

2132 4785 2248 4841 ista
2277 4785 2558 4851 sustineo,
2584 4788 3079 4858 quemadmodum
3108 4787 3361 4845 latrones
3390 4788 3646 4845 heretici
3678 4807 3793 4860 pa-

2133 4876 2382 4930 tiuntur.
2427 4875 2588 4930 Unde
2639 4876 2920 4931 Dominus
2954 4895 2967 4932 :
3000 4878 3177 4940 Beati,
3208 4879 3306 4950 qui
3347 4880 3794 4950 persecutionem

2127 4967 2419 5036 patiuntur
2443 4963 2610 5035 (785),
2643 4970 2750 5019 etc.

2205 5055 2341 5109 Cum
2383 5056 2531 5110 enim
2579 5055 2855 5125 inﬁrmor,
2881 5059 2991 5110 etc.
3020 5055 3135 5111 Iste
3180 5055 3360 5127 enim,
3384 5074 3499 5130 quo
3529 5058 3794 5114 verberi-

2133 5273 2369 5331 nomine
2401 5269 2753 5344 intelligunt.

2207 5347 2354 5417 (783)
2376 5344 2557 5420 Valde
2589 5345 2843 5420 notanda
2870 5345 3065 5414 verba,
3088 5363 3216 5419 quae
3248 5346 3799 5420 prmdestinationis

2132 5415 2250 5471 vim
2282 5422 2401 5470 tam
2435 5415 2586 5470 clare
2617 5418 3040 5472 demonstrant.

2205 5488 2352 5558 (784)
2387 5492 2598 5559 Autog.
2633 5491 2923 5544 revelatur.

2205 5561 2354 5643 (73$)
2388 5558 2575 5643 Manli.
2618 5575 2675 5630 v,
2710 5561 2796 5626 10,
2849 5560 2949 5616 ubi
2997 5560 3070 5618 de
3120 5562 3524 5636 persecutione
3565 5566 3803 5643 propter

375 5615 640 5706 gniﬁcat.
675 5617 874 5682 Patres
903 5615 1100 5682 tamen
1149 5615 1446 5682 diabolum
1492 5627 1884 5685 communiter
1913 5628 2022 5694 hoc
2123 5615 2409 5707 justitiam
2437 5631 2648 5708 agitur.
