4034 6166
221 335 313 400 485
737 330 1155 393 EXPOSITIO
1198 328 1276 387 IN
1324 326 1757 391 EPISTOLAS
1802 328 2067 391 PAULI.
2105 331 2295 394 —lN
2345 334 2608 395 EPIST.
2658 338 2708 397 II
2762 341 2865 401 AD
2915 343 3098 405 COlt.
3537 354 3656 419 486

222 472 310 525 bus
334 463 718 535 aﬂligebatur,
752 478 819 517 eo
851 462 1261 550 roborabatur;
1301 461 1439 531 quia
1478 460 1533 514 in
1577 458 1833 550 sanctis,
1868 463 1925 529 Α
1957 462 2318 534 doapostoli,
2354 483 2487 537 quae
2519 472 2716 525 vestra
2748 476 2891 527 sunt
2932 482 3225 550 quaerunt,
3285 484 3468 542 nolite
3528 488 3659 543 dili-

223 573 316 629 qun
342 553 521 623 magis
554 551 810 606 exterior
840 549 1010 603 homo
1040 547 1842 615 afﬁcitur,eointeriorrobo-
1954 566 2141 621 gere;
2207 570 2317 625 ego
2372 555 2480 625 qui
2539 573 2667 623 vos,
2727 564 2883 631 quod
2946 568 3141 635 majus
3198 547 3307 641 est,
3369 590 3463 629 me
3520 577 3657 631 dili-

221 651 369 701 ratur.
396 641 539 696 Hinc
564 645 655 695 est
686 639 843 709 quod
874 636 1057 692 sancti
1084 642 1366 708 martyres
1390 640 1533 693 adeo
1568 640 1742 694 fortes
1783 637 1839 691 in
1955 638 2093 709 gite.
2132 641 2243 695 Nec
2273 645 2431 697 enim
2461 643 2657 700 debent
2692 649 2823 716 filii.
2890 653 2990 708 His
3050 658 3241 713 verbis
3274 636 3531 717 ostendit
3594 684 3656 721 se

220 729 664 789 tribulationibus
696 727 1241 783 existebant.Factus
1272 744 1393 781 sum
1429 729 1838 800 insipiens,etc.
1956 742 2087 780 esse
2121 734 2399 798 patrem;
2439 739 2729 802 quantum
2766 741 2921 795 enim
2958 744 3029 797 ad
3078 744 3409 805 humanum
3444 752 3652 810 attinet

218 823 338 878 Nota
363 820 496 891 quia
526 815 906 888 insipientem
946 830 1008 869 se
1066 814 1204 868 dicit
1243 820 1298 869 et
1356 822 1644 886 coactum,
1706 815 1845 887 quia
1958 832 2168 884 usum,
2211 826 2492 888 parentes
2545 822 2944 884 thesaurizant
3005 833 3158 901 ﬁliis,
3215 853 3332 891 non
3397 841 3495 896 lilii
3548 861 3651 914 pa-

218 926 364 967 causa
392 906 784 971 necessitatis,
822 905 878 958 id
905 907 995 958 est
1016 920 1257 957 suorum
1290 905 1629 960 auditorum
1665 920 1846 959 causa
1960 903 2269 975 rentibus,
2304 909 2407 962 sed
2443 908 2704 981 sibimet,
2746 916 2831 970 vel
2895 918 3058 986 filiis;
3122 922 3176 976 in
3238 903 3653 997 spiritualifmg

217 999 392 1056 salutis
421 1013 484 1051 se
514 994 892 1058 laudaverat;
922 997 978 1046 et
1006 991 1132 1089 ideo
1164 991 1303 1045 dicit
1335 1008 1348 1046 :
1390 994 1483 1047 Vos
1530 1010 1613 1047 me
1668 993 1844 1062 coegi-
1957 1009 2095 1047 vero
2130 1007 2165 1044 Θ
2203 1003 2410 1051 contra
2442 998 2548 1053 ﬁlii
2586 1005 2943 1071 parentibus,
2988 1026 3101 1064 non
3160 991 3436 1083 parentes
3486 1020 3647 1089 ﬁliis,

212 1090 310 1143 slis.
342 1086 397 1139 Et
422 1083 727 1139 sciendum
748 1081 891 1152 quia
912 1079 1226 1135 stultorum
1251 1086 1559 1151 estsponte
1582 1081 1844 1153 gloriari,
1962 1083 2061 1137 sed
2099 1081 2213 1136 ﬁlii
2248 1087 2618 1156 parentibus,
2657 1092 2793 1161 quia
2824 1079 3647 1167 necessaria-subministrant,

211 1192 310 1232 non
336 1170 929 1267 sanctorumAdhoc
960 1168 1173 1267 attinet
1199 1169 1354 1267 quod
1386 1170 1849 1267 subjungitzEgo
2054 1170 2203 1241 quia
2262 1175 2398 1229 talis
2457 1182 2549 1231 est
2598 1197 2760 1245 usus,
2820 1183 2947 1237 ideo
3005 1186 3112 1240 hoc
3170 1190 3424 1264 dicebat,
3477 1201 3647 1267 quasi

208 1270 363 1320 autem
389 1263 559 1319 debui
605 1278 637 1315 a
690 1260 846 1314 vobis
891 1257 1287 1321 commendari,
1350 1258 1518 1329 quasi
1577 1258 1846 1313 diceret:
1964 1260 2223 1316 diceret:
2256 1264 2403 1318 Cum
2443 1266 2575 1320 talis
2607 1269 2684 1322 sit
2728 1275 3088 1328 consuetudo
3146 1281 3268 1333 tam
3323 1282 3379 1336 in
3410 1257 3644 1343 icarna-

209 1346 1143 1448 Pseudoapostolis,qui‘rneisunt
1172 1346 1609 1448 obtrectatores,
1634 1350 1691 1400 et
1716 1362 1849 1448 per-
1964 1349 2149 1448 tibus,
2184 1368 2373 1448 “quam
2430 1354 2489 1448 iu
2570 1357 2955 1426 spiritalibus,
3012 1379 3116 1433 ego
3177 1373 3474 1428 contraria
3531 1378 3647 1448 egi,

207 1439 773 1509 secutores,resistere
817 1435 1130 1490 debuistis.
1166 1434 1320 1490 Nihil
1350 1436 1497 1490 enim
1525 1436 1716 1535 minus
1752 1435 1851 1490 ha-
1967 1439 2108 1509 quia
2136 1439 2219 1493 nil
2270 1444 2499 1514 accepi,
2559 1448 2658 1499 sed
2701 1448 2843 1503 alias
2899 1451 3167 1507 Ecclesias
3218 1462 3527 1530 exspoliavi

208 1531 587 1603 [mi(786),etc.
629 1524 811 1591 Quasi
872 1524 1129 1579 diceret:
1188 1523 1345 1595 Nihil
1401 1524 1601 1579 minus
1663 1521 1853 1579 habui
1966 1530 2092 1583 Cor.
2127 1529 2405 1599 xt,8),ut
2436 1533 2603 1588 vobis
2633 1537 3033 1605 praedicarem.
3089 1542 3157 1595 Et
3215 1521 3452 1606 ad-hoc
3510 1521 3642 1609 atti-

206 1621 627 1712 Petro,_Andrea
656 1612 966 1712 et.c1eteris
1002 1630 1014 1679 ;
1051 1612 1191 1712 quina
1212 1612 1346 1683 plus
1378 1610 1851 1712 omnibus‘labo-
1966 1620 2067 1712 net
2287 1620 2646 1712 subjungit:
2680 1626 2788 1694 Ego
2809 1633 3000 1682 autem
3031 1630 3418 1705 libentissinw,
3442 1641 3500 1696 id
3531 1649 3642 1712 est,

204 1712 328 1766 ravi.
360 1708 499 1763 Nam
536 1705 583 1759 si
604 1704 673 1759 ad
696 1702 1031 1758 doctrinam
1074 1701 1314 1766 referas,
1347 1718 1459 1756 non
1518 1701 1680 1800 aliud
1737 1703 1847 1756 do-
1966 1705 2346 1761 devotissime
2392 1710 2731 1779 impendam,
2793 1715 2848 1768 id
2908 1723 3017 1784 est,
3054 1720 3345 1794 quidquid
3398 1701 3639 1800 possum,

205 1801 431 1857 cueruut
464 1810 639 1866 quam
663 1808 769 1864 ego
796 1808 809 1858 ;
838 1790 887 1845 si
911 1791 983 1845 ad
1009 1790 1399 1861 patrationem
1425 1788 1848 1845 miraculorum
1890 1844 1930 1879 η
1965 1795 2039 1847 ab
2066 1793 2180 1849 illis
2210 1795 2490 1853 Ecclesiis
2522 1801 2802 1870 accipere,
2830 1810 2893 1859 ut
2925 1788 3088 1863 vobis
3121 1788 3439 1879 przedicare
3472 1821 3636 1874 suffi-

206 1906 307 1943 nou
337 1879 1030 1956 majorasimiliterznam
1058 1878 1168 1933 etsi
1191 1879 1389 1933 minor
1410 1895 1540 1934 sum
1564 1884 1849 1949 tempore,
1884 1878 1932 1909 υ
1970 1882 2146 1937 ciam.
2189 1886 2254 1937 Et
2308 1890 2790 1960 superimpendar,
2852 1894 2909 1947 id
2967 1901 3076 1956 est,
3122 1878 3207 1953 fab
3249 1901 3382 1959 aliis
3471 1910 3643 1963 morti

204 1994 305 2033 non
336 1966 956 2065 tamen-dignitatevel
985 1966 1222 2065 .merito.
1250 1966 1356 2021 His
1397 1966 1603 2065 verbis
1651 1973 1848 2065 oste-n-
1967 1972 2532 2065 tradanprovestra
2564 1978 2769 2034 salute.
2796 1980 2909 2035 Hac
2934 1983 3214 2041 charitate
3250 1992 3411 2045 nulla
3460 1998 3647 2065 major

207 2064 447 2155 di‘q‘w‘?
508 2059 623 2114 sint
678 2056 1025 2155 P_“aefe’f3‘“di
1084 2058 1665 2155 ωθεῘοΓθεζῖθωΡοΓθ.
1694 2056 1850 2155 illis.
1966 2061 2481 2155 Undcpominus:
2517 2067 2774 2137 Maiorem
2820 2072 3152 2127 charitalem
3181 2078 3370 2144 (Joan.
3406 2099 3493 2146 xv,
3532 2056 3640 2155 {3),

206 2155 293 2226 qui
324 2153 573 2221 majores
594 2150 730 2202 sunt
760 2145 970 2199 merito
1000 2162 1010 2199 :
1037 2145 1193 2199 verbi
1216 2146 1711 2217 gratia,nunquid
1735 2162 1850 2200 non
1964 2153 2076 2202 etc.
2116 2150 2255 2204 Licet
2278 2167 2367 2205 vos
2408 2154 2542 2223 plus
2596 2156 2854 2226 diligens,
2915 2165 3049 2228 etc.,
3109 2180 3177 2217 ex
3236 2145 3641 2239 superioribus

204 2248 441 2299 Joannes
472 2242 604 2293 ante
630 2234 1174 2324 praedicavit,quam
1202 2234 1524 2324 Christus?
1554 2234 1656 2289 Vel
1699 2252 1849 2288 uuu-
1967 2238 2201 2308 pendet.
2238 2240 2473 2295 Dixerat
2505 2246 2777 2315 superius
2806 2265 2817 2301 :
2851 2234 3363 2324 Superimpenllan;
3398 2264 3455 2313 et
3502 2261 3632 2317 ideo

204 2331 327 2404 quid
349 2328 613 2383 Christus
629 2324 999 2387 Joannem,et
1024 2323 1414 2379 nonJoaunes
1433 2323 1726 2379 Christum
1750 2324 1853 2377 ba-
1966 2326 2309 2395 subjunxit:
2348 2331 2500 2384 Licet
2532 2349 2639 2397 vos,
2665 2339 2796 2398 etc.,
2830 2337 3143 2409 plusquam
3178 2343 3325 2399 alios
3358 2350 3636 2417 meos,vel

203 2413 800 2509 ptizavit?Sedponob
829 2412 937 2467 hoc
971 2411 1252 2482 major.Et
1283 2412 1851 2509 nupquidponftn-
1967 2414 2285 2487 plusquam
2318 2418 2413 2472 alii
2445 2436 2479 2474 a
2529 2424 2751 2478 caeteris
2810 2427 3106 2495 apostolis,
3163 2432 3363 2489 minus
3422 2411 3637 2509 diligar

204 2512 358 2565 dreas
390 2510 529 2560 ante
558 2501 851 2557 Christum
885 2505 1334 2571 secutus,quam
1368 2500 1731 2568 Petrus?,Sed
1760 2505 1845 2553 ta-
1971 2521 2003 2557 a
2030 2504 2193 2558 vobis
2226 2522 2403 2575 quam
2440 2512 2716 2567 acaeteris
2767 2514 2933 2580 meis,
2970 2518 3057 2571 vel
3083 2535 3259 2588 quam
3292 2523 3391 2577 alii
3422 2543 3454 2579 a
3484 2500 3629 2582 suis.

206 2614 325 2653 men
356 2600 414 2649 et
449 2595 612 2649 Petro
645 2590 960 2646 Ecclesiam
992 2589 1310 2655 commisit,
1346 2590 1630 2645 dicendo:
1665 2592 1737 2644 Tu
1792 2605 1851 2644 es
2040 2592 2145 2647 Sed
2171 2598 2277 2648 esto
2310 2613 2327 2647 :
2360 2612 2458 2664 ego
2482 2615 2577 2654 vos
2606 2604 2854 2669 gravavi,
2903 2610 3013 2658 etc.
3054 2624 3066 2671 ;
3120 2608 3175 2661 id
3236 2615 3324 2665 est
3386 2630 3635 2684 mesen.

203 2686 529 2751 Petrus,etc.
556 2681 740 2735 Habes
766 2679 942 2734 etiam
974 2677 1306 2749 exemplum
1342 2678 1400 2732 in
1432 2679 1625 2733 Veteri
1658 2680 1857 2733 Testa—
1968 2680 2185 2734 tialiter
2204 2698 2382 2737 censu
2418 2704 2533 2741 non
2567 2690 2798 2760 gravavi
2837 2707 2850 2745 :
2876 2691 2987 2746 Sed
3015 2710 3139 2749 cum
3164 2713 3335 2753 essem
3386 2677 3626 2766 astutus,

203 2779 409 2829 mento.
442 2771 670 2841 Moyses
701 2768 855 2823 enim
891 2767 1083 2821 minor
1112 2766 1223 2820 fuit
1245 2771 1414 2823 aetate
1438 2769 1644 2838 Aaron,
1669 2769 1769 2823 sed
1804 2766 1853 2821 ei
1968 2775 2075 2825 etc.
2113 2786 2126 2836 ;
2163 2772 2330 2841 quasi
2359 2773 2608 2832 diceret:
2643 2778 2766 2833 Non
2801 2780 2928 2835 ideo
2963 2799 3076 2836 non
3109 2788 3327 2859 accepi,
3380 2796 3442 2843 ut
3503 2808 3631 2846 ma-

200 2869 389 2918 tamen
426 2865 578 2914 Deus
610 2854 882 2929 apparuit
912 2854 971 2909 in
997 2855 1410 2920 rubo,dicens:
1446 2857 1560 2929 Ego
1578 2873 1699 2911 sum
1717 2858 1856 2911 Deus
1968 2859 2057 2929 gis
2088 2860 2347 2929 accipere
2379 2863 2585 2919 vellem
2622 2884 2634 2931 ;
2668 2884 2803 2922 nam
2837 2869 3008 2924 dolus
3036 2854 3265 2929 dicitur
3282 2877 3462 2945 fraus,
3512 2879 3631 2935 sive

201 2950 473 3006 Abraham
502 2948 700 3014 (Exod.
736 2962 820 3013 In,
853 2945 930 3015 6),
965 2949 1074 2999 etc.
1114 2961 1126 3011 ;
1162 2945 1412 2999 maxime
1444 2962 1577 3000 cum
1613 2946 1708 3001 ille
1739 2945 1855 3000 elo-
1971 2947 2395 3011 simulatio;ille
2430 2968 2685 3023 namque
2708 2956 2947 3012 dolosus
2969 2963 3078 3025 est,
3117 2962 3215 3030 qui
3253 2964 3406 3017 aliud
3434 2974 3628 3023 mente

202 3039 471 3112 quentior
496 3035 699 3107 (Exod.
737 3051 810 3101 Iv,
848 3034 955 3104 10),
991 3038 1102 3124 etc.
1130 3033 1465 3124 Iiocipsum
1491 3035 1664 3091 etiam
1690 3052 1858 3091 cano-
1969 3036 2206 3124 cogitat,
2238 3034 2395 3090 aliud
2440 3040 2802 3096 extrinsecus
2862 3044 3000 3114 agit.
3064 3048 3229 3101 Tunc
3281 3067 3415 3122 ergo
3468 3056 3623 3124 Apo-

206 3130 333 3184 nica
362 3126 684 3183 auctoritas
716 3122 1095 3193 monet,quod
1126 3120 1357 3211 illi,qui
1410 3125 1662 3194 majores
1714 3130 1857 3180 sunt
1967 3123 2155 3179 stolus
2185 3141 2282 3179 eos
2314 3125 2445 3180 dolo
2479 3144 2683 3199 capere
2714 3128 2899 3199 vellet,
2952 3133 3000 3187 si
3046 3142 3284 3207 propter
3340 3120 3621 3211 magnum

198 3217 486 3288 sapientia
518 3220 575 3270 et
608 3211 1179 3282 merito,przet‘erendi
1210 3210 1327 3265 sint
1360 3214 1683 3283 majoribus
1706 3219 1852 3269 tem-
1886 3218 1928 3284 C
1972 3214 2169 3267 minus
2201 3213 2461 3283 accipere
2493 3216 2689 3272 nollet.

188 3325 327 3379 pore
356 3304 663 3374 ;similiter
692 3303 824 3357 iste.
860 3302 1089 3355 Tametsi
1117 3300 1266 3354 nihil
1297 3317 1440 3368 sum,
1476 3304 1677 3359 etc.Ita
1695 3304 1851 3359 enim
2034 3302 2292 3373 Nunquid
2321 3318 2418 3371 per
2448 3305 2691 3374 aliquem
2720 3324 2928 3373 eorum,
2955 3314 3062 3365 etc.
3100 3330 3111 3367 :
3148 3315 3314 3383 quasi
3366 3316 3581 3373 diceret
3607 3336 3620 3373 :

188 3412 249 3452 se
282 3393 588 3460 humiliat,
621 3397 685 3447 ut
714 3392 937 3463 erigat;
971 3395 1027 3444 et
1060 3390 1188 3444 ideo
1219 3405 1353 3444 cum
1390 3392 1667 3447 dixisset:
1702 3394 1852 3447 Nihil
1962 3390 2169 3445 Nullus
2202 3406 2267 3444 ex
2299 3390 2390 3444 his
2415 3409 2562 3463 quos
2622 3396 2755 3451 misi
2809 3398 2993 3463 vobis,
3056 3401 3204 3456 dixit
3238 3419 3248 3457 :
3312 3406 3618 3475 pecuniam

180 3502 336 3551 sum,
371 3483 712 3551 subjuuxit:
746 3482 922 3548 Signa
953 3488 1136 3534 tamen
1164 3480 1583 3551 Apostoli(787).
1620 3483 1686 3536 Et
1717 3488 1854 3537 nota
1962 3480 2199 3551 dignam
2262 3497 2519 3551 personae
2568 3484 2827 3557 tribuite,
2862 3488 2909 3541 si
2944 3487 3112 3545 illum
3164 3498 3465 3563 peccatum
3513 3495 3619 3551 ha-

181 3573 325 3645 quia
361 3575 421 3626 in
455 3572 602 3627 omni
626 3572 905 3642 patientia
934 3569 1093 3623 dicit.
1121 3572 1239 3623 Hac
1264 3568 1543 3639 patientia
1575 3570 1850 3626 tolerave-
1964 3569 2096 3623 bere
2127 3568 2302 3623 vultis
2338 3587 2350 3624 :
2392 3589 2505 3625 non
2538 3575 2802 3643 poteritis
2856 3593 2989 3633 eum
3052 3587 3321 3651 pacatum
3379 3583 3614 3651 habere,

188 3668 276 3717 rat
308 3660 415 3715 ille
439 3658 791 3725 Corinthios,
824 3664 879 3712 et
910 3657 1336 3712 medicamento
1373 3658 1769 3730 prodigiorum
1798 3664 1854 3714 et
1962 3658 2073 3712 nisi
2098 3657 2340 3749 dignam
2374 3661 2682 3731 pecuniam
2700 3664 2980 3721 dederitis
3007 3685 3020 3735 ;
3045 3673 3102 3723 et
3119 3669 3167 3723 si
3198 3670 3412 3743 aliquis
3435 3672 3615 3728 dixis-

185 3752 498 3823 signorum
531 3764 731 3803 eorum
763 3751 1088 3802 correxerat
1114 3763 1372 3814 errores;
1406 3749 1574 3819 quasi
1606 3750 1849 3813 diceret;
1962 3752 2048 3802 set
2071 3747 2259 3814 Paulo,
2296 3752 2542 3819 peccavi,
2578 3756 2897 3824 torqueret.

185 3844 246 3894 In
281 3856 352 3894 eo
378 3837 538 3909 quod
572 3836 743 3891 homo
774 3852 927 3906 sum,
948 3835 1270 3903 nihilsum;
1306 3837 1364 3890 in
1397 3854 1461 3892 eo
1508 3840 1661 3909 quod
1713 3856 1849 3910 apo-
2037 3838 2235 3906 Rogavi
2266 3837 2460 3905 Titum,
2495 3844 2602 3894 etc.
2637 3859 2647 3907 ;
2675 3842 2842 3912 quasi
2875 3844 3092 3899 diceret
3121 3862 3133 3898 :
3176 3847 3299 3901 Non
3363 3849 3617 3905 circum-

186 3928 399 3997 stolus,
436 3926 660 3998 aliquid
693 3942 846 3981 sum.
1960 3925 2114 3979 venit
2144 3942 2243 3979 vos
2276 3925 2463 3997 Titus,
2499 3928 2635 3998 quia
2659 3929 2801 3984 nihil
2854 3932 3017 3985 vobis
3066 3935 3351 4004 quaesivit,
3413 3953 3613 4006 quem-

258 4018 409 4084 Quid
437 4019 515 4071 est
544 4015 732 4070 enim?
789 4020 896 4071 etc.
932 4033 943 4081 ;
994 4014 1161 4086 quasi
1194 4014 1410 4070 diceret
1443 4033 1454 4069 ε
1506 4019 1631 4071 Νοη
1665 4017 1851 4088 magis
1962 4015 2277 4069 admodum
2314 4032 2417 4069 nec
2439 4033 2581 4087 ego;
2614 4019 2750 4089 quia
2775 4036 3023 4090 quorum
3060 4039 3176 4076 una
3220 4027 3305 4077 est
3364 4024 3613 4093 devotio,

186 4114 410 4163 craterae
448 4106 720 4161 Ecclesiae
752 4105 971 4177 aliquid
1023 4110 1372 4177 acceperunt
1419 4124 1451 4161 a
1516 4106 1705 4173 Petro,
1763 4107 1851 4162 vel
1960 4104 2135 4158 etiam
2160 4121 2279 4159 una
2300 4104 2662 4160 voluntas.Et
2694 4107 2821 4163 ideo
2853 4109 3175 4177 subjunxit:
3200 4111 3389 4165 Nonne
3417 4113 3611 4168 eodem

183 4199 443 4267 Andr-ea,
478 4213 657 4268 quam
687 4212 785 4250 vos
817 4213 849 4249 a
883 4212 993 4261 me,
1030 4194 1139 4249 nisi
1175 4196 1322 4249 forte
1355 4213 1560 4266 unum,
1622 4195 1678 4250 id
1739 4201 1847 4267 est,
1958 4194 2157 4264 spiritu
2189 4193 2591 4248 ambulavimus
2622 4195 2649 4248 ?
2680 4196 2740 4250 Id
2802 4200 2909 4262 est,
2944 4200 3147 4251 eadem
3219 4198 3503 4267 doctrina,
3558 4205 3609 4256 et

186 4288 343 4357 quod
377 4303 493 4341 non
523 4286 747 4355 gravavi
803 4301 909 4355 eos,
969 4288 1264 4357 sumptum
1320 4285 1675 4356 accipiendo.
1736 4285 1849 4341 Sed
1960 4283 2153 4338 iisdem
2180 4284 2449 4351 vestigiis,
2484 4282 2619 4354 quia
2652 4284 2799 4338 nihil
2824 4285 3174 4356 accepimus.

181 4375 227 4430 si
260 4376 603 4446 hocipsum
656 4378 953 4445 peccatum
1015 4374 1143 4444 fuit,
1206 4374 1493 4444 ignoscite
1554 4373 1739 4442 mihi;
1793 4375 1849 4429 id
2034 4372 2174 4427 Olim
2202 4374 2458 4442 putastis,
2492 4377 2599 4439 etc,
2639 4391 2650 4439 ;
2713 4372 2881 4445 quasi
2939 4374 3197 4429 diceret:
3244 4376 3612 4441 ,Jamdudum

180 4470 290 4530 est,
326 4466 539 4520 donate
581 4464 721 4517 mihi
778 4463 918 4517 hanc
961 4463 1256 4534 injuriam.
1319 4462 1631 4517 Sciendum
1694 4463 1850 4518 enim
1961 4462 2231 4531 estquod
2262 4478 2360 4515 vos
2405 4461 2654 4527 putastis
2712 4461 2861 4517 nolle
2910 4479 3017 4517 nos
3078 4463 3336 4533 accipere
3394 4481 3614 4519 munus

180 4556 325 4624 quia
356 4552 681 4610 stultorum
715 4557 803 4607 est
834 4569 980 4623 opus
1013 4552 1259 4624 dignum
1308 4551 1479 4607 laude
1538 4552 1848 4623 reprehen-
1888 4589 1928 4651 ὓ
1962 4555 2197 4621 propter
2229 4566 2463 4619 munus,
2498 4555 2555 4604 et
2604 4566 2715 4604 non
2777 4552 2924 4621 (789)
2986 4552 3271 4623 simplicis
3330 4568 3458 4607 esse
3526 4553 3614 4606 in-

179 4643 365 4698 disse.
402 4642 678 4698 Ostendit
708 4657 805 4696 eos
838 4657 965 4696 esse
996 4641 1226 4697 stultos.
1288 4643 1355 4696 Et
1414 4658 1483 4696 nc
1544 4641 1624 4696 illi
1683 4647 1851 4713 puta-
1888 4637 1926 4651 ν
1964 4637 2263 4693 tentionis.
2299 4638 2407 4693 Sed
2434 4638 2588 4692 hunc
2642 4656 2896 4694 errorem
2956 4640 3427 4711 pseudoapostoli
3470 4641 3586 4696 infe

177 4737 314 4787 rent
342 4732 507 4803 quod
534 4730 629 4785 ille
659 4730 717 4784 in
750 4730 1066 4801 primordio
1099 4748 1215 4786 sua:
1247 4730 1693 4802 praedicationis,
1754 4731 1854 4802 qui
1966 4727 2190 4797 rebant,
2223 4728 2480 4781 dicentes
2508 4744 2518 4781 :
2548 4726 2676 4781 Ideo
2711 4727 2856 4782 nolit
2887 4729 3147 4800 accipere
3206 4746 3400 4799 parva,
3464 4747 3613 4800 qua-

179 4835 299 4875 non
335 4823 666 4891 acceperat,
724 4820 1092 4889 postmodum
1156 4819 1414 4891 accipere
1472 4820 1658 4886 vellet,
1719 4819 1848 4874 ideo
1969 4821 2135 4871 tenus
2195 4816 2439 4887 accipiat
2499 4831 2729 4885 magna.
2796 4816 2859 4869 Et
2892 4817 2964 4871 ob
3016 4817 3123 4872 hoc
3172 4819 3475 4889 subjungit
3516 4819 3611 4875 ille

176 4909 507 4979 subjunxit
539 4924 552 4961 :
589 4910 713 4962 Ecce
740 4910 930 4974 tertio,
961 4914 1096 4977 etc.;
1126 4910 1271 4981 (788)
1305 4910 1469 4979 quasi
1503 4910 1748 4964 diceret:
1770 4909 1850 4963 Ne
1960 4905 2407 4961 afﬁrmationem
2436 4904 2767 4974 jurationis,
2802 4905 3002 4960 dicens
3034 4922 3044 4959 ι
3080 4921 3266 4961 coram
3299 4912 3424 4973 Deo,
3455 4912 3561 4961 etc.
3591 4926 3603 4973 ;

176 4998 414 5065 putetis
452 5014 547 5051 me
574 4996 831 5068 accipere
862 4997 1025 5066 velle,
1059 4999 1156 5069 qui
1189 4998 1471 5053 hactenus
1515 5015 1627 5052 non
1688 5014 1847 5052 acce-
1960 4995 2365 5066 quasidiceret
2396 5011 2407 5047 :
2434 4993 2593 5055 Quod
2636 5010 2748 5047 non
2798 4994 3037 5065 accipio,
3093 5012 3205 5050 non
3266 5011 3442 5048 causa
3492 5009 3608 5046 ma-

174 5085 239 5154 pi
276 5105 287 5141 :
326 5091 456 5143 Non
488 5088 641 5141 enim
670 5102 854 5157 quaero
877 5104 996 5159 qua:
1029 5096 1203 5142 vestra
1232 5095 1378 5154 sunt,
1418 5093 1525 5142 etc.
1584 5087 1682 5141 His
1725 5103 1849 5142 ver-
1951 5083 2101 5154 joris
2132 5083 2301 5149 lucri,
2336 5084 2435 5138 sed
2473 5088 2669 5138 vestra:
2703 5083 2912 5137 salutis
2946 5100 2960 5150 ;
3021 5084 3141 5139 sive
3194 5088 3395 5136 vestrae
3450 5078 3608 5133 salu-

172 5173 276 5228 bis
310 5179 599 5247 provocat
627 5190 725 5230 eos
756 5176 825 5230 ad
858 5193 1115 5232 amorem
1148 5176 1261 5241 sui,
1297 5180 1357 5230 ut
1402 5176 1488 5229 illi
1545 5176 1849 5231 audientes
1958 5173 2034 5227 tis
2079 5174 2226 5245 (790)
2273 5172 2521 5244 rigorem
2592 5188 2731 5227 meae
2775 5172 3197 5244 pradicationis
3250 5185 3363 5224 non
3422 5169 3607 5241 flecto,

168 5277 244 5317 se
279 5280 573 5335 quaarere,
606 5264 915 5336 diligerent
934 5282 1067 5321 eum
1102 5265 1309 5335 ;quasi
1349 5264 1607 5320 diceret:
1669 5268 1851 5319 Pseu-
1960 5262 2097 5333 quia
2131 5263 2383 5319 multum
2417 5263 2653 5334 prodest
2680 5261 2763 5316 illi
2816 5261 2917 5333 qui
2976 5261 3327 5330 increpatur,
3385 5253 3434 5308 si
3490 5270 3606 5310 non

257 5495 425 5623 $786)
457 5494 624 5567 Vulg.
657 5495 800 5552 nihil
830 5499 981 5553 enim
1009 5497 1195 5551 minus
1222 5496 1310 5567 fui
1336 5496 1402 5551 ab
1432 5498 1519 5551 iis.
1960 5495 2167 5550 nullibi
2190 5501 2387 5550 autem
2420 5511 2543 5565 cap.
2580 5494 2740 5559 XXV,
2775 5490 2939 5546 XXVI
2971 5493 3027 5542 et
3066 5485 3282 5541 XXVII.

278 5566 423 5623 787)
456 5566 623 5623 Vulg.
652 5571 999 5623 apostolatus.
2031 5568 2178 5623 (789)
2202 5569 2406 5623 Autoar.
2442 5582 2557 5620 nos.

266 5566 423 5640 £787)
456 5566 623 5639 Vulg.
652 5571 999 5640 apostolatus.
1046 5638 1052 5640 Α
1142 5638 1153 5640 _
1224 5566 1247 5640 χ
1635 5639 1672 5640 η
1714 5639 1724 5640 7
1767 5639 1799 5640 ᾗ
2031 5568 2178 5640 (789)
2202 5569 2406 5639 Autog.
2442 5582 2557 5640 nos.

258 5568 423 5636 (787)
456 5568 623 5639 Vulg.
652 5571 999 5640 apostolatus.
2050 5568 2157 5620 789
2202 5569 2406 5639 Autog.
2442 5582 2557 5620 nos.

258 5636 424 5717 (788)
461 5640 521 5696 In
553 5643 742 5716 autog.
777 5655 962 5721 marg.
997 5638 1091 5697 hic
1141 5638 1353 5715 legitur
1401 5656 1525 5713 cap.
1578 5639 1846 5713 XXVIII;
2030 5568 2178 5715 ξπ)οέ
2208 5636 2681 5713 Subintelligitur
2712 5636 2855 5691 forte
2884 5646 3076 5689 causa.
