4060 6164
380 310 497 372 487

1393 252 1730 360 A'r'rouls
1775 292 2362 357 VERCELLENSIS
2410 292 2761 355 nmscom

3660 288 3774 359 488

379 443 623 513 accipiat
652 440 723 494 ab
753 454 818 492 eo
850 434 1165 508 magister;
1226 449 1361 489 nam
1414 432 1556 486 dum
1623 446 1737 484 non
1797 427 2026 503 accipit,
2059 432 2113 496 Α
2213 425 2490 496 Sequitur
2522 426 2879 493 :Nezterum,
2937 439 3063 478 cum
3117 436 3334 489 venero,
3388 419 3649 475 humilia
3699 434 3781 475 me

379 531 563 589 credit
582 545 712 584 cum
737 543 851 581 non
872 528 1143 597 pacatum
1164 523 1389 576 habere.
1405 519 1712 592 posse,nisi
1735 517 2024 573 emendet.

445 618 758 688 Sequitur:
804 617 983 670 Timeo
1032 614 1180 667 enim
1210 626 1277 665 ne
1304 612 1444 681 forte
1494 626 1620 663 eum
1656 623 1876 671 venero,
1909 609 2023 659 etc.

378 707 642 766 Ostendit
671 719 905 776 quoque
934 702 1027 756 his
1055 699 1266 765 verbis,
1292 698 1569 769 quoniam
1602 696 1791 750 adhuc
1851 692 2022 747 multi

377 800 543 853 erant
570 797 725 851 inter
745 810 842 849 eos
873 787 1175 845 incorrecti
1208 806 1221 855 ;
1261 792 1318 842 et
1367 787 1494 840 ideo
1535 784 1679 839 dixit
1719 782 2009 846 timorem,

378 902 493 958 quo
543 901 643 940 eos
698 883 956 943 terreret,
1017 894 1087 931 ne
1136 876 1303 945 forte,
1364 891 1497 929 cum
1550 872 1787 935 veniret,
1870 871 2022 939 inve-

361 957 515 1030 niret
565 988 663 1027 eos
707 968 873 1037 tales,
927 965 1131 1037 quales
1179 981 1294 1019 non
1338 962 1532 1029 vellet,
1594 961 1704 1015 hoc
1763 963 1874 1025 est,
1931 957 2019 1010 in-

364 1061 738 1126 correctos,et
774 1057 901 1110 ideo
961 1071 1077 1109 suae
1131 1050 1495 1107 auctoritatis
1554 1047 2019 1104 dominationem

364 1153 424 1208 in
481 1150 566 1206 eis
631 1147 941 1211 exerceret,
1002 1147 1056 1198 et
1110 1141 1225 1213 ipsi
1278 1140 1610 1195 invenirent
1672 1152 1805 1192 eum
1846 1134 2019 1189 talem

366 1238 599 1312 qualem
632 1252 746 1291 non
776 1233 1007 1297 vellent,
1038 1231 1147 1286 hoc
1178 1237 1286 1298 est,
1316 1229 1573 1300 rigidum
1636 1243 1700 1281 ac
1731 1239 2017 1280 severum.

364 1335 427 1384 In
461 1344 576 1400 quo
637 1326 784 1380 facto
841 1325 1155 1378 monentur
1212 1319 1648 1392 praedicatores,
1697 1319 1763 1369 ut
1815 1313 1862 1367 si
1906 1329 2023 1384 qua

366 1420 437 1474 de
468 1416 579 1472 sibi
610 1412 891 1484 subjectis
922 1410 1190 1483 plebibus
1223 1404 1705 1479 reprehensibilia
1750 1401 2017 1467 audiunt,

369 1506 533 1580 prius
566 1504 835 1557 timorem
865 1498 1143 1569 dirigant,
1188 1500 1251 1550 ut
1307 1494 1694 1565 corrigantur,
1757 1507 1829 1544 ne
1880 1490 2022 1543 forte

368 1578 622 1661 veniant,
652 1596 709 1647 et
742 1590 1092 1643 incorrectos
1131 1584 1491 1639 invenientes
1553 1578 2020 1636 dominationem

372 1702 489 1742 suae
517 1678 881 1738 auctoritatis
910 1676 971 1730 in
1002 1674 1118 1728 illis
1154 1676 1481 1728 exerceant.

2134 514 2272 568 Deus
2303 514 2449 580 apud
2480 530 2588 579 vos,
2648 517 2754 567 etc.
2812 511 3077 566 Ostendit
3133 510 3288 565 enim
3350 508 3410 562 in
3471 507 3579 563 hoc
3632 506 3777 573 loco,

2136 619 2267 656 cum
2302 602 2459 671 dicit,
2492 606 2543 656 et
2572 603 2787 671 lugeam
2839 601 3057 666 multos,
3116 598 3273 669 quod
3322 598 3447 667 jam
3502 594 3774 651 nonnulli

2134 691 2493 761 pmnitudine
2522 692 2760 745 correcti
2796 690 2866 744 ad
2900 693 3110 744 sanctae
3142 686 3405 742 Ecclesiae
3440 685 3782 741 societatem

2134 779 2363 833 fuerant
2392 778 2660 834 revocati.
2691 778 3105 833 Verumtamen
3140 774 3308 830 multi
3338 774 3531 830 adhuc
3582 789 3782 830 mane-

2131 867 2272 922 bant
2302 868 2631 932 incorrecti,
2656 882 2759 938 pro
2793 866 3005 937 quibus
3036 864 3283 919 timebat
3311 859 3783 927 humiliari.Quis

2129 957 2285 1010 enim
2320 960 2481 1027 pater
2512 972 2625 1010 non
2660 956 2884 1010 latetur
2914 955 2973 1009 in
3025 952 3250 1009 dilectis
3298 951 3457 1019 ﬁliis,
3500 950 3587 1006 vel
3648 951 3784 1022 quis

2130 1062 2243 1099 non
2270 1044 2530 1100 tristctur
2560 1044 2630 1099 de
2652 1043 2824 1100 malis
2854 1044 2881 1098 ‘I
2912 1047 2978 1097 Et
3006 1043 3135 1098 ideo
3173 1040 3289 1097 illis
3345 1040 3561 1098 direxit
3614 1040 3786 1096 timo-

2130 1150 2275 1200 rem,
2309 1138 2373 1187 ut
2423 1134 2869 1204 corrigerentur,
2938 1148 3008 1187 ne
3057 1132 3203 1186 forte
3246 1132 3507 1202 veniens,
3574 1130 3624 1187 si
3681 1146 3785 1186 eos

2131 1222 2534 1277 inemendatos
2584 1221 2889 1289 inveniret,
2949 1219 3362 1275 bumiliaretur
3421 1225 3479 1276 et
3530 1219 3783 1291 lugeret,

2131 1314 2259 1381 quia
2288 1327 2394 1366 non
2426 1320 2653 1379 egerunt
2682 1312 3080 1381 paenitentiam,
3151 1325 3329 1381 quam
3386 1309 3436 1364 si
3501 1308 3784 1381 egissent,

2131 1400 2357 1454 veniam
2389 1399 2678 1455 consecuti
2708 1399 2976 1454 fuissent.
3025 1398 3184 1453 Facit
3232 1402 3290 1453 et
3335 1399 3614 1453 adversus
3668 1397 3787 1452 No-

2128 1488 2412 1554 vatianos,
2446 1489 2567 1559 qui,
2605 1492 2920 1559 postquam
2970 1488 3031 1542 in
3092 1486 3497 1542 fornicationis
3556 1485 3786 1542 malum

2132 1578 2367 1637 labitur.
2401 1581 2616 1649 negant
2670 1568 2817 1632 eum'
2862 1592 2966 1647 per
3022 1575 3420 1647 poeuitentiam
3477 1590 3787 1647 resurgere

2132 1681 2321 1735 posse.
2358 1667 2598 1720 Frustra
2628 1681 2836 1736 nempe
2860 1664 3203 1737 paenitentia
3232 1664 3786 1736 injungeretur,nisi

443 1770 753 1843 Sequitur:
816 1766 891 1820 Ne
952 1766 1094 1834 forte
1149 1762 1542 1829 contentiones,
1617 1758 2020 1818 aemulationes,
2054 1800 2100 1863 Β
2131 1754 2303 1807 veniae
2338 1755 2562 1809 fructus
2593 1759 2951 1824 sequeretur.
3003 1755 3072 1808 Et
3110 1752 3217 1808 hoc
3263 1754 3590 1825 sciendum,
3645 1753 3790 1825 quia

528 1861 542 1863 -
734 1855 766 1863 Α.
941 1858 948 1863 .
1037 1852 1047 1863 ι
1077 1850 1089 1862 ο
1285 1852 1293 1863 ι
1325 1850 1335 1860 ι
1572 1846 1618 1863 ιιι
1685 1851 1692 1863 ι
1784 1846 1814 1863 ἰ
1916 1843 1987 1863 ,xf
2132 1843 2236 1863 1_:..
2279 1842 2410 1863 J.’_3L
2471 1844 2881 1863 l__-___'-_._'__---_-
2942 1841 3354 1863 .‘--_.---_-__.l-1!_.__-
3394 1847 3439 1863 ,ι
3484 1843 3755 1863 .⁸,-Α..--.1.”-.“

374 1869 481 1919 etc.
514 1861 700 1924 Quare
728 1855 980 1921 timeret,
1036 1850 1125 1906 his
1182 1850 1371 1905 verbis
1430 1846 1848 1912 manifestavit,
1910 1843 2019 1898 sci-

375 1951 530 2015 licet,
564 1963 635 2002 ne
684 1944 805 1999 haec
843 1958 967 2013 qua
1001 1942 1329 2011 sequuntur
1356 1938 1415 1991 in
1449 1935 1563 1991 illis
1594 1934 2021 1990 invenirentur.

376 2041 484 2095 hoc
514 2041 603 2093 est
632 2030 1055 2095 contentiones,
1091 2044 1217 2099 quae
1251 2026 1525 2081 dicuntur
1557 2023 1725 2095 quasi
1758 2021 1830 2076 ab
1862 2017 2021 2075 omni

376 2125 722 2193 intentione,
754 2136 819 2175 eo
851 2119 1005 2190 quod
1032 2118 1201 2187 juxta
1228 2113 1611 2170 intentionem
1660 2128 1851 2177 suam,
1908 2123 2024 2162 non

380 2214 573 2271 studio
629 2209 933 2264 veritatem
993 2201 1275 2268 discendi,
1320 2202 1421 2256 sed
1482 2202 1674 2271 potius
1734 2194 2024 2260 vincendi,

382 2300 603 2371 aliquid
624 2298 797 2352 homo
829 2292 1123 2348 defendat.
1186 2289 1580 2344 zEmutationes
1620 2286 1833 2358 quippe
1890 2286 2029 2338 sunt

381 2386 733 2445 invidentize.
754 2383 1191 2444 Verumtamen,
1234 2377 1385 2431 sicut
1413 2376 1553 2431 dicit
1584 2376 1790 2429 beatus
1834 2376 2029 2444 Augu-

383 2480 593 2544 stinus,
627 2475 806 2531 distat
835 2473 985 2527 inter
1029 2466 1460 2523 aemulationem
1519 2468 1575 2520 et
1628 2463 2026 2518 invidentiam.

382 2566 611 2626 [Emula
636 2564 694 2618 id
728 2566 834 2628 est,
894 2575 1029 2613 cum
1089 2557 1263 2611 homo
1313 2554 1508 2609 dolore
1566 2556 1870 2623 torquetur
1926 2565 2028 2621 pro

383 2674 445 2713 re
474 2655 689 2725 aliqua,
736 2665 912 2722 quam
962 2646 1107 2701 alter
1164 2644 1412 2715 adeptus
1468 2646 1574 2707 est,
1636 2646 1694 2696 et
1733 2641 1854 2711 ipse
1912 2655 2028 2693 non

384 2741 746 2815 adipiscitur,
779 2742 835 2792 et
866 2732 1271 2804 hujuscemodi
1305 2736 1394 2786 est
1424 2730 1551 2802 ipsa
1581 2745 1691 2795 res,
1725 2745 1850 2799 quze
1882 2743 2026 2781 non-

384 2832 500 2888 nisi
531 2832 601 2886 ab
634 2843 749 2884 uno
781 2821 1066 2897 possideri
1099 2820 1283 2892 possit
1314 2835 1327 2872 :
1355 2816 1671 2873 invidentia
1728 2832 1858 2871 vero
1918 2819 2027 2878 est,

386 2919 617 2993 quando
644 2915 777 2987 quis
808 2911 1006 2968 dolore
1034 2912 1343 2980 torquetur
1393 2924 1494 2978 pro
1552 2905 1791 2961 alterius
1849 2903 2027 2993 felici-

386 3014 523 3079 tate,
555 3011 611 3062 et
657 3002 813 3059 dolet
854 3010 956 3072 pro
1014 2998 1210 3068 aliqua
1266 3013 1345 3065 re,
1405 3011 1581 3066 quam
1639 2993 1784 3049 alter
1831 2992 2034 3063 acqui-

387 3100 485 3165 rit,
513 3099 570 3152 et
625 3095 751 3165 ipse
806 3089 981 3144 etiam
1040 3102 1155 3140 non
1213 3084 1504 3140 desiderat
1549 3099 1697 3137 eam.
1757 3081 2024 3135 Animosi-

2132 1843 2243 1897 tria
2274 1842 2434 1907 dicit,
2463 1844 2907 1912 /0rnicationem,
2938 1841 3360 1897 immunditiam
3384 1847 3439 1897 et
3481 1843 3788 1914 impudici-

2133 1932 2433 1998 tiam;sed
2468 1931 2559 1985 his
2617 1932 2891 1986 omnibus
2943 1931 3312 2003 impudicitia
3365 1936 3457 1988 est
3513 1927 3786 1998 deterior,

2134 2020 2410 2092 quoniam
2432 2020 2797 2091 impudicitia
2826 2036 2953 2075 esse
2974 2019 3189 2075 dicitur
3210 2020 3379 2091 quasi
3410 2025 3789 2078 monstruosa

2134 2109 2530 2172 immunditia,
2593 2125 2719 2179 quae
2764 2108 2955 2179 agitur
3009 2109 3067 2163 in
3125 2108 3383 2180 incertis,
3428 2109 3519 2165 vel
3576 2111 3637 2165 in
3689 2109 3787 2167 his

2137 2216 2261 2268 q'ue
2295 2199 2442 2252 ﬁunt
2472 2202 2675 2252 contra
2704 2202 2996 2268 naturam,
3052 2197 3205 2253 sicut
3259 2197 3353 2254 ille
3404 2197 3505 2270 qui
3544 2215 3786 2256 uxorem

2136 2287 2318 2358 patris
2347 2287 2588 2341 duxerat
2621 2287 2666 2355 (Ι
2694 2286 2813 2341 Cor.
2845 2286 2982 2357 v,l).
3019 2286 3268 2342 Pudicus
3300 2286 3541 2358 quidem
3573 2288 3789 2344 dicitur

2135 2376 2517 2442 verecundus,
2546 2375 2880 2445 impudicus
2910 2379 3106 2430 autem
3141 2375 3571 2435 inverecundus
3604 2394 3620 2445 ;
3677 2377 3789 2433 hoc

2137 2464 2351 2534 est,qui
2384 2464 2601 2518 amisso
2626 2465 2845 2534 pudore
2876 2467 3141 2519 versatur
3169 2463 3226 2518 in
3252 2465 3615 2521 detestandis
3660 2470 3788 2521 stu-

2138 2552 2275 2623 pris.
2312 2552 2692 2606 lmmunditia
2720 2552 2936 2607 dicitur
2965 2552 3251 2623 quidquid
3282 2554 3638 2610 contrarium
3694 2559 3792 2610 est

2084 2657 2097 2667 ·
2140 2641 2463 2695 munditiae.
2498 2640 2817 2696 Fornicatio
2843 2645 3040 2696 autem
3097 2641 3156 2696 in
3206 2641 3313 2696 hoc
3366 2641 3487 2698 loco
3535 2641 3635 2698 illa
3692 2643 3791 2698 in-

2141 2730 2457 2801 telligenda
2486 2735 2591 2795 est,
2625 2746 2750 2799 quae
2783 2730 2838 2784 in
2900 2746 3139 2801 corpore
3197 2732 3412 2802 agitur,
3461 2731 3792 2789 immundi-

2140 2819 2223 2874 tia
2249 2834 2383 2873 vero
2399 2818 2574 2873 etiam
2606 2816 2705 2872 illa
2726 2817 2969 2889 intelligi
3002 2823 3191 2889 potest
3239 2836 3365 2891 qua:
3417 2821 3616 2893 agitur
3662 2838 3793 2878 cor-

2140 2907 2296 2979 poris
2327 2905 2704 2961 delectatione
2736 2906 2823 2961 vel
2844 2907 3059 2962 mentis
3090 2907 3525 2967 deliberatione.

2209 2996 2361 3066 (CAP.
2396 2992 2595 3066 XIII.)
2642 2994 2960 3065 Sequitur:
3020 2998 3153 3052 Ecce
3206 2999 3366 3053 tertio
3417 2999 3517 3053 hoc
3572 3002 3795 3056 veniam

2139 3084 2384 3155 (791-92)
2414 3084 2491 3139 ad
2542 3097 2648 3139 vos.
2714 3082 2803 3138 Bis
2861 3090 3116 3151 venerat,
3175 3089 3231 3140 et
3287 3103 3442 3141 nunc
3496 3088 3675 3144 tertio
3731 3107 3796 3147 se

387 3159 528 3242 tates
551 3159 766 3254 quippe
791 3181 929 3233 sunt
950 3176 1268 3230 anxietates
1293 3189 1305 3225 ε
1333 3172 1611 3243 quoniam
1634 3170 1937 3225 animosus
1954 3168 2038 3222 di-
2067 3159 2109 3225 C
2145 3174 2341 3228 venire
2373 3172 2823 3245 promittit,quia
2845 3172 3015 3243 paulo
3048 3173 3318 3244 superius
3341 3192 3404 3231 se
3433 3176 3667 3233 dixerat
3694 3194 3795 3249 pa-

385 3275 537 3332 citur
582 3269 878 3332 anxiosus,
935 3263 1021 3320 vel
1081 3261 1465 3333 suspiciosus,
1517 3259 1624 3314 hoc
1671 3263 1758 3314 est
1816 3256 2028 3328 zeloty-

388 3378 518 3435 pus.
569 3357 937 3414 Dissensiones
981 3367 1113 3406 vero
1172 3355 1311 3405 sunt
1368 3348 1700 3418 divisiones,
1761 3346 2029 3416 dissidia,

387 3432 562 3521 atque
591 3444 854 3501 divortia.
887 3440 1258 3495 Detractiones
1290 3437 1528 3508 quidem
1559 3432 2030 3506 dicuntur,quasi

388 3529 1073 3601 retractiones,quoniam
1106 3526 1199 3579 ille
1238 3526 1526 3580 detractor
1581 3530 1690 3589 est,
1737 3523 1838 3594 qui
1888 3521 2030 3575 alte-

387 3625 512 3681 rius
560 3622 777 3676 bonum
814 3617 954 3671 dicit
984 3630 1114 3669 esse
1145 3612 1389 3677 malum,
1419 3611 1505 3666 vel
1566 3617 1719 3665 certe
1752 3624 2029 3681 magnum

386 3712 528 3768 dicit
554 3723 798 3781 parvum
834 3730 848 3771 ;
884 3720 1041 3769 nam,
1073 3704 1214 3757 dum
1244 3701 1352 3756 hoc
1385 3700 1522 3771 agit,
1569 3699 1782 3754 bonam
1835 3699 2032 3754 fratris

387 3801 606 3856 famam
636 3796 945 3851 obscurare
966 3790 1283 3860 contendit,
1307 3795 1362 3844 et
1392 3788 1562 3859 quasi
1588 3804 1621 3841 δ.
1668 3787 1838 3842 corde
1897 3786 2035 3841 alte-

386 3890 510 3947 rius
541 3884 807 3950 retrahit,
839 3886 1048 3937 utnon
1104 3896 1238 3934 eum
1296 3877 1470 3933 talem
1524 3877 1739 3943 credat,
1801 3875 2032 3947 qualem

384 3979 549 4052 prius
580 3972 923 4030 crediderat.
957 3968 1374 4023 Susurrationes
1404 3968 1622 4029 autem,
1684 3962 1771 4017 vel
1825 3980 2035 4018 susur—

384 4051 575 4134 rones,
608 4081 643 4118 a
670 4077 813 4117 sono
843 4059 1075 4115 aurium
1107 4056 1403 4120 dicuntur,
1460 4053 1737 4124 quoniam
1794 4051 1891 4107 ille
1944 4069 2037 4106 su-

384 4169 576 4219 surro,
602 4148 817 4219 est,qui
853 4163 964 4202 non
995 4146 1055 4199 in
1082 4144 1244 4206 facie,
1287 4143 1387 4197 sed
1428 4140 1486 4195 in
1539 4158 1677 4196 aure
1725 4139 2037 4211 loquendo,

386 4239 659 4294 detrahit.
685 4237 996 4304 Ira/lationes
1019 4248 1252 4304 quoque
1282 4231 1558 4285 dicuntur
1578 4233 1857 4294 tumores,
1902 4229 2042 4298 quia

388 4326 628 4381 inflatus
660 4322 873 4377 dicitur
903 4319 1071 4392 quasi
1098 4324 1375 4374 ventosus
1404 4334 1417 4383 ;
1451 4314 2039 4386 quoniam,quemad-

389 4415 628 4470 modum
657 4418 785 4467 uter
822 4413 993 4465 vento
1036 4406 1389 4471 extenditur,
1448 4404 1529 4459 ita
1584 4409 1643 4459 et
1703 4421 1866 4459 mens
1914 4405 2042 4476 ejus

2140 3268 2351 3319 ratum.
2388 3263 2496 3317 Sed
2520 3262 2707 3333 quaeri
2739 3266 2929 3333 potest
2954 3277 3135 3331 quare
3166 3279 3273 3318 suo
3314 3264 3590 3321 adventui
3647 3266 3795 3339 legis

2138 3352 2544 3407 testimonium
2551 3350 3123 3421 junxerit.Videlicet
3144 3353 3281 3423 quia
3294 3355 3511 3409 secund
3523 3371 3624 3410 um
3649 3356 3795 3427 legis

2141 3446 2492 3512 praeceptum
2518 3438 2734 3510 aliquis
2763 3440 2873 3494 sub
2906 3441 3137 3496 duobus
3166 3446 3269 3497 aut
3296 3442 3490 3499 tribus
3540 3444 3796 3502 testibus

2138 3528 2633 3598 veljustiﬁcatur,
2655 3528 2742 3582 vel
2801 3528 3228 3585 condemnatur
3286 3532 3462 3602 (Deut.
3520 3550 3665 3601 xvn,
3714 3535 3792 3604 6).

2136 3617 2352 3672 Verum
2383 3616 2522 3687 quia
2549 3616 2640 3671 his
2671 3633 2769 3672 eos
2792 3617 3188 3684 admonuit,ut
3208 3620 3794 3692 corrigerentur,ideo

2142 3707 2246 3761 hoc
2278 3704 2521 3776 protulit
2540 3705 3264 3777 testimonium,quatenus
3294 3709 3344 3763 si
3377 3726 3491 3765 non
3526 3727 3589 3766 se
3610 3712 3791 3767 corri-

2140 3799 2360 3866 gerent,
2394 3793 2505 3847 sibi
2529 3793 2657 3862 jam
2690 3810 2804 3847 non
2836 3793 2989 3849 ultra
3004 3798 3363 3865 parcendum
3396 3798 3797 3873 intelligerent

2142 3883 2305 3938 Unde
2336 3886 2393 3936 et
2425 3899 2557 3936 mox
2587 3882 2935 3951 subjunxit:
3002 3884 3252 3941 Praedixi
3307 3889 3479 3956 enim,
3532 3893 3593 3945 ut
3648 3906 3799 3962 pra:—

2142 3972 2280 4038 dico,
2313 3976 2420 4025 etc.
2454 3970 2725 4025 Prmdixit
2751 3986 2990 4041 premens
3019 3973 3279 4044 quidem,
3312 3981 3369 4031 et
3396 3976 3588 4032 absens
3608 3980 3686 4034 ii:
3705 3981 3803 4051 qui

2145 4067 2275 4115 ante
2286 4063 2727 4131 peccaverunt,et
2746 4063 2954 4116 caeteris
2966 4062 3248 4126 omnibus;
3272 4063 3388 4120 illis
3417 4065 3518 4137 qui
3546 4069 3802 4124 necdum

2148 4150 2218 4203 ad
2248 4149 2541 4220 integrum
2592 4165 2653 4203 se
2710 4155 3105 4221 correxerunt,
3144 4151 3233 4208 vel
3286 4158 3460 4221 certe,
3516 4156 3572 4210 si
3608 4172 3805 4213 venero

2148 4239 2367 4306 iterum,
2390 4251 2496 4290 non
2527 4250 2775 4306 parcam.
2808 4236 3001 4291 Parcit
3045 4238 3203 4293 enim
3260 4239 3581 4312 Apostolus
3635 4242 3809 4315 quasi

2153 4342 2267 4380 non
2299 4324 2893 4396 parcendo,quoniam
2927 4324 3055 4381 ideo
3086 4329 3387 4398 praemittit
3402 4329 3704 4400 timorem,
3737 4348 3807 4389 ne

2152 4416 2298 4470 forte
2325 4414 2581 4469 inveniat
2610 4414 2764 4468 unde
2795 4414 3251 4472 dominationem
3283 4424 3567 4475 exerceat.

306 4514 309 4517 '
390 4500 799 4568 amaritudine,
874 4496 962 4553 vel
1024 4494 1443 4565 indignatione,
1500 4493 1587 4584 vel
1637 4498 1815 4584 certe,
1845 4494 2044 4566 aliqua
2072 4520 2118 4584 D
2226 4504 2504 4574 Sequitur
2538 4520 2549 4557 :
2582 4504 2663 4557 An
2694 4505 3125 4573 experimentum
3153 4509 3400 4577 quaeritis
3427 4509 3547 4579 eius
3595 4514 3701 4583 qui
3750 4514 3811 4566 in

389 4590 657 4658 elatione,
700 4587 867 4660 quasi
900 4583 1358 4652 vento,inflatur,
1390 4582 1679 4653 Sequitur.
1713 4582 2038 4639 Seditiones.

390 4678 704 4733 Sciendum
734 4676 874 4748 quia
902 4673 1080 4729 distat
1101 4673 1253 4728 inter
1274 4672 1643 4737 seditionem,
1688 4675 1746 4725 et
1799 4671 2039 4737 bellum,

389 4769 562 4837 atque
594 4765 948 4821 incentivum
977 4761 1193 4817 Seditio
1224 4760 1462 4832 quidem
1511 4760 1718 4814 attinet
1754 4760 1824 4815 ad
1870 4761 2040 4829 cives,

391 4853 610 4910 bellum
638 4852 709 4907 ad
740 4851 1321 4919 hostes,incentivum
1353 4866 1483 4905 vero
1514 4849 1761 4903 refertur
1804 4850 1875 4903 ad
1935 4866 2040 4921 pu-

391 4958 593 5015 gnam,
643 4958 770 5013 quze
793 4939 1076 4996 excitatur
1120 4938 1364 5010 propria:
1412 4937 1603 4993 carnis
1645 4937 1868 4992 ardore.
1911 4943 2044 4994 Haec

393 5046 622 5105 quoque
651 5029 849 5086 omnia
876 5028 1010 5084 licet
1038 5027 1265 5083 diversa
1310 5027 1451 5092 sint,
1500 5031 1695 5081 tamen
1741 5027 1813 5081 ad
1858 5044 2043 5083 unum

390 5122 643 5177 tendunt
672 5120 872 5185 finem,
906 5117 1015 5173 hoc
1064 5122 1173 5183 est,
1210 5117 1279 5171 ad
1314 5116 1616 5171 charitatis
1671 5117 2040 5172 divisionem.

394 5210 756 5282 Quapropter
785 5206 923 5279 quia
943 5205 1054 5279 ipsi
1077 5205 1248 5260 divisi
1276 5203 1607 5273 tuerant,ne
1629 5207 1820 5262 denuo
1853 5210 2049 5261 essent

394 5296 523 5353 ideo
554 5297 671 5353 illis
699 5295 1013 5370 Apostolus
1042 5295 1312 5349 timorem
1345 5293 1572 5362 direxit,
1626 5300 1917 5366 quatenus
1973 5296 2045 5351 ab

399 5384 496 5441 his
529 5387 808 5443 omnibus
836 5402 898 5442 se
925 5387 1226 5441 caverent.

473 5562 721 5645 (791-92)
747 5562 922 5638 Vulg.
953 5566 1134 5626 venio.

2154 4607 2236 4646 me
2265 4592 2513 4661 loquitur
2540 4591 2832 4646 Christus?
2862 4593 2931 4647 Et
2984 4598 3074 4649 est
3128 4612 3338 4652 sensus
3373 4614 3387 4651 :
3432 4597 3807 4669 Experimen-

2150 4685 2208 4735 to
2230 4678 2405 4734 vultis
2447 4678 2690 4749 probare
2756 4680 2804 4733 si
2855 4682 3101 4752 possim,
3162 4688 3218 4738 et
3274 4684 3404 4741 ideo
3461 4703 3578 4742 non
3634 4687 3813 4744 vultis

2152 4768 2536 4839 vosmetipsos
2561 4768 2872 4840 corrigere;
2897 4770 3109 4826 Curisti
3145 4789 3399 4845 namque
3432 4775 3810 4847 loquentisin

2154 4873 2246 4912 me
2276 4856 2539 4928 quaeritis
2570 4856 3203 4928 probationem,utrum
3237 4879 3338 4933 per
3368 4880 3459 4919 me
3482 4866 3678 4936 possit
3696 4867 3810 4922 im-

2155 4945 2313 5018 plere
2344 4946 2500 5017 quod
2547 4946 2695 5015 dico,
2730 4951 3018 5017 quatenus
3048 4950 3097 5005 si
3148 4950 3495 5023 impleverit,
3531 4955 3811 5027 deinceps

2155 5034 2436 5102 timeatis,
2462 5037 2517 5090 et
2546 5033 2595 5089 si
2629 5051 2743 5090 non
2768 5035 3115 5107 impleverit,
3147 5041 3337 5095 securi
3391 5043 3706 5100 maneatis.
3747 5043 3812 5099 In

2155 5140 2221 5179 eo
2250 5141 2382 5179 vero
2406 5118 2558 5195 quod
2583 5123 2684 5190 ait,
2715 5141 2807 5197 qut
2838 5127 2895 5179 in
2922 5142 3005 5182 me
3038 5129 3297 5199 loquitur,
3330 5132 3591 5187 ostendit
3638 5147 3811 5189 suam

2156 5212 2447 5284 loquelam
2477 5216 2652 5283 atque
2683 5214 3006 5270 doctrinam
3036 5216 3249 5272 Christi
3280 5235 3428 5275 esse.

2228 5302 2543 5373 Sequitur:
2582 5302 2687 5369 Qui
2718 5304 2773 5357 in
2806 5304 2951 5359 vobis
2979 5320 3089 5360 non
3126 5308 3588 5378 inﬁrmatur,ete.
3623 5310 3695 5365 Et
3724 5312 3816 5366 est

2157 5406 2367 5446 sensus
2402 5389 2492 5446 :Si
2524 5390 2584 5445 in
2610 5390 2775 5447 vobis
2809 5409 2922 5448 non
2955 5392 3504 5468 inﬂrmatur,multo
3528 5398 3730 5456 minus
3748 5399 3815 5456 in
