4026 6168
198 334 300 395 489

734 337 1143 398 EXPOSITIO
1188 337 1264 396 IN
1312 335 1737 397 EPISTOLAS
1782 333 2041 395 PAULI.
2086 368 2159 378 -——
2206 339 2281 396 lN
2327 339 2574 401 EPIST.
2622 341 2673 399 Il
2719 342 2821 400 AD
2866 341 3040 401 COR.

3473 344 3590 403 490

202 466 381 532 nobis,
404 472 463 523 et
486 467 545 523 in
572 468 741 525 nobis
765 472 970 541 potens
991 470 1102 524 erit
1123 470 1292 540 (793).
1337 468 1601 523 Christus
1624 466 1839 539 quippe
1861 468 1921 534 Α
1951 469 2187 539 quitur:
2220 471 2337 526 Non
2368 476 2426 525 ut
2458 489 2551 529 nos
2580 474 2796 545 probati
2823 488 3203 546 appareamus.
3239 475 3400 530 Tunc
3430 476 3587 530 enim

202 560 253 613 in
271 556 388 611 illis
409 573 523 611 non
552 560 641 612 est
659 557 1016 625 inﬁrmatus,
1038 558 1346 629 quiainter
1365 574 1463 613 eos
1486 573 1588 628 per
1613 560 1838 628 aposto-

202 648 277 703 los
306 644 494 701 multa
526 646 741 701 fecerat
788 646 977 718 signa,
1030 647 1307 718 quoniam
1362 646 1627 701 viderant
1657 659 1838 700 caecos

198 734 569 799 illuminatos,
601 733 864 805 leprosos
895 735 1231 805 mundatos,
1256 738 1366 791 etc.
1394 735 1571 799 Quasi
1593 734 1839 789 dixisset

202 816 540 897 Apostolus:
577 822 639 877 Si
667 838 782 878 non
806 826 894 878 est
915 822 1253 880 inﬁrmatus
1281 823 1546 880 Christus
1568 823 1626 877 in
1651 823 1836 890 vobis,

202 930 368 987 quare
385 928 521 984 ergo
540 927 655 966 non
670 912 909 979 timetis,
926 913 1201 984 quoniam
1222 918 1411 984 potest
1424 911 1671 985 implere
1684 912 1839 983 quod

203 1004 315 1059 dico
335 1002 366 1057 ?
391 1000 675 1067 Quoniam
704 1005 929 1073 poterat
951 1002 1021 1057 ad
1072 1001 1193 1056 haec
1229 1001 1442 1073 aliquis
1468 1002 1839 1074 respondere,

200 1109 259 1148 ac
286 1089 517 1145 dicere:
552 1090 853 1154 Quomodo
902 1106 1018 1146 non
1067 1095 1157 1145 est
1208 1090 1567 1161 inﬁrmatus,
1602 1106 1735 1145 cum
1768 1088 1845 1143 sit

202 1178 554 1237 cruciﬁxus?
597 1176 920 1249 subjunxit,
980 1183 1156 1251 atque
1204 1180 1319 1235 ait:
1357 1178 1495 1235 Nam
1540 1182 1641 1234 etsi
1670 1180 1846 1234 cruci-

200 1272 335 1343 ﬁxus
392 1272 469 1324 est
523 1283 593 1323 ex
647 1269 976 1337 inﬁmitate
1033 1279 1223 1324 nostra
1274 1268 1449 1338 (794),
1510 1274 1619 1324 etc.
1668 1266 1846 1332 Quasi

201 1359 412 1415 diceret
435 1372 448 1414 :
473 1358 555 1412 Ex
572 1356 917 1411 inﬁrmitate
940 1362 1151 1412 nostra;
1174 1357 1368 1411 carnis
1390 1356 1703 1412 cruciﬁxus
1734 1358 1842 1421 est,

202 1462 427 1521 passus,
460 1449 749 1512 mortuus,
778 1450 840 1500 ’et
896 1445 1215 1501 ascendens
1268 1445 1329 1500 in
1390 1444 1586 1515 ccslos,
1619 1444 1845 1499 aditum

198 1536 355 1608 regni
389 1534 641 1591 cmlestis
672 1534 964 1606 patefecit,
1002 1542 1293 1604 quatenus
1341 1534 1411 1588 ab
1445 1534 1552 1589 hac
1589 1532 1705 1588 vita
1736 1532 1844 1587 mi-

199 1624 433 1699 grantes
465 1622 688 1695 absque
714 1621 835 1678 ulla
866 1622 1162 1693 dilatione,
1196 1622 1462 1693 ejusdem
1494 1622 1657 1694 regni
1679 1620 1848 1677 intel-

200 1715 305 1787 lige
332 1713 511 1785 (796),
569 1711 905 1767 felicitatem
960 1711 1156 1767 subire
1214 1711 1460 1784 possini.
1519 1711 1679 1775 Quod
1712 1727 1844 1766 vero

1947 557 2227 627 probatus
2253 564 2578 630 appareret,
2615 563 2665 617 si
2714 562 2846 618 illos
2895 562 3247 619 incorrectos
3276 564 3584 634 inveniret,

1946 645 2056 700 hoc
2088 652 2193 714 est,
2228 647 2373 703 tales
2408 652 2471 702 ut
2497 649 2558 704 in
2590 650 2673 705 eis
2703 659 2871 707 suam
2905 650 3361 707 dominationem
3395 658 3593 725 posset

1948 750 2233 790 exercere.
2265 736 2373 790 Sed
2412 735 2521 790 hoc
2555 737 2787 794 nolebat
2815 739 3131 811 Apostolus
3159 758 3173 809 ;
3201 745 3257 795 et
3288 740 3417 796 ideo
3450 742 3593 797 sub-

1945 822 2178 893 junxit:
2216 827 2317 879 Vos
2370 825 2517 896 quod
2576 827 2774 882 bonum
2830 837 2937 896 est,
2977 830 3220 900 faciatis.
3282 831 3385 885 Nos
3415 838 3599 885 autem

1952 912 2170 983 reprobi
2198 912 2371 967 simus
2400 912 2569 984 (796).
2604 915 2714 970 Sed
2748 917 2887 987 quid
2936 921 3026 973 est
3074 919 3228 990 quod
3277 916 3410 974 illos
3439 923 3601 990 optat

1951 1000 2139 1056 facere
2171 1002 2411 1071 bonum,
2448 1019 2509 1057 se
2538 1000 2733 1058 autem
2768 1007 3085 1076 reprobum
3120 1009 3295 1063 esse?
3321 1005 3599 1079 Nunquid

1956 1089 2178 1145 malum
2213 1106 2272 1145 se
2303 1089 2509 1163 optat?
2540 1091 2685 1148 Non.
2729 1094 2839 1147 Sed
2893 1096 3205 1164 reprobum
3254 1112 3316 1151 se
3347 1096 3509 1168 dicit,
3540 1095 3600 1151 id

1954 1184 2061 1245 est,
2088 1178 2393 1234 humilem.
2423 1179 2582 1235 Tunc
2604 1180 2759 1235 enim
2782 1184 3067 1253 reprobus
3088 1190 3243 1239 esset
3266 1185 3599 1255 Apostolus,

1956 1268 2011 1323 id
2028 1272 2134 1335 est,
2152 1268 2416 1337 humilis,
2432 1269 2477 1324 si
2493 1285 2591 1325 eos
2606 1271 2943 1326 emendatos
2956 1271 3258 1339 inveniret,
3275 1273 3413 1344 quia
3430 1289 3598 1329 suam

1958 1357 2419 1414 dominationem
2454 1359 2512 1412 in
2545 1359 2629 1414 eis
2661 1375 2921 1414 exercere
2952 1377 3067 1415 non
3100 1366 3317 1433 posset.
3352 1361 3513 1418 Unde
3542 1367 3601 1419 et

1958 1445 2128 1517 quasi
2161 1448 2500 1519 exponendo
2540 1447 2878 1519 subjunxit:
2938 1449 3056 1504 Non
3112 1451 3260 1504 enim
3310 1466 3602 1521 possumus

1955 1535 2177 1605 aliquid
2231 1535 2489 1590 adversus
2562 1538 2882 1597 veritatem;
2972 1535 3139 1607 quasi
3202 1535 3479 1593 dixisset:
3540 1538 3602 1593 Si

1954 1623 2344 1695 vosmetipsos
2395 1625 2778 1693 correxeritis,
2826 1629 3087 1679 nostram
3138 1624 3600 1680 dominationem

1955 1728 2216 1768 exercere
2245 1730 2359 1768 non
2392 1730 2731 1783 possumus,
2757 1713 2895 1784 quia
2918 1712 3063 1768 nihil
3090 1714 3370 1768 adversus
3389 1716 3599 1768 verita-

200 1804 363 1868 dicit,
385 1819 456 1856 ea:
497 1802 701 1856 virtute
722 1802 841 1866 Dei,
867 1799 987 1855 sive
1030 1799 1234 1866 Patris,
1260 1800 1379 1854 sive
1404 1801 1668 1869 ejusdem
1692 1798 1842 1854 Filii.
1874 1831 1926 1899 B
1953 1803 2069 1855 tem
2104 1817 2443 1873 possumus,
2474 1800 2612 1871 quia
2642 1802 2700 1855 in
2731 1801 2896 1857 vobis
2923 1807 3010 1856 est
3050 1802 3281 1857 veritas.
3317 1802 3375 1856 Si
3407 1806 3602 1857 autem

198 1891 478 1964 Sequitur
494 1908 513 1945 :
536 1890 674 1947 Nam
691 1898 743 1945 et
756 1905 856 1944 nos
876 1882 1092 1959 inﬁrmi
1106 1904 1295 1943 sumus
1318 1890 1380 1943 in
1402 1890 1518 1944 illo.
1541 1888 1669 1943 stc
1691 1888 1847 1944 enim

1959 1905 2061 1944 vos
2090 1905 2205 1944 non
2228 1889 2553 1960 corrigatis,
2582 1905 2897 1961 possumus
2921 1888 3198 1944 adversus
3215 1905 3316 1944 vos
3339 1890 3604 1945 domina-

200 1999 305 2037 vox
336 1978 736 2052 apostolorum
767 1983 875 2045 est,
908 1984 963 2032 et
1016 1977 1407 2049 perfectorum
1440 1974 1851 2032 tantummodo
1960 1977 2181 2032 tionem
2215 1981 2476 2031 nostram
2509 1992 2795 2045 exercere,
2829 1978 2967 2048 quia
2993 1993 3093 2048 pro
3116 1977 3349 2033 veritate
3374 1977 3609 2033 dimica-

199 2066 477 2126 virorum.
512 2067 739 2137 Inﬁrmz
799 2082 987 2121 sumus
1043 2068 1105 2121 in
1160 2067 1277 2138 illo,
1332 2066 1441 2121 hoc
1472 2070 1581 2131 est,
1612 2083 1712 2136 pro
1753 2064 1853 2120 illo
1964 2081 2117 2136 mus,
2150 2080 2253 2136 pro
2284 2066 2447 2119 vobis
2481 2068 2698 2121 tamen.

198 2170 512 2231 pressuras
538 2156 823 2228 patimur,
854 2162 911 2210 et
942 2153 1283 2228 afﬂigimur.
1332 2155 1431 2211 Sed
1462 2156 1702 2211 vivemus
1732 2170 1855 2209 cum

194 2264 252 2303 eo
285 2263 362 2301 ex
389 2247 597 2301 virtute
627 2244 725 2299 Dei
752 2245 811 2298 in
841 2244 1018 2299 nobis.
1052 2244 1227 2309 Quasi
1260 2244 1501 2299 dixisset
1525 2262 1536 2297 :
1558 2243 1671 2298 Nos
1689 2243 1854 2298 inﬁr-

195 2340 441 2392 mamur
470 2330 945 2409 apudinﬁdeles,
995 2333 1136 2403 quia
1183 2349 1298 2403 quo
1342 2333 1566 2404 majora
1596 2347 1702 2387 nos
1734 2332 1852 2403 pati

194 2423 450 2489 faciunt,
483 2438 550 2477 eo
574 2420 927 2476 inﬁrmiores
957 2424 1211 2493 putant;
1263 2419 1323 2474 in
1372 2420 1539 2476 vobis
1580 2418 1851 2489 vivimus,

196 2512 340 2584 quia
360 2522 430 2567 eo
453 2509 721 2566 fortiores
742 2507 1091 2580 intelligitis,
1107 2525 1222 2580 quo
1241 2509 1465 2579 majora
1482 2508 1601 2580 pati
1621 2508 1849 2563 videtis.

195 2600 541 2658 Secundum
572 2598 681 2654 hoc
711 2612 843 2653 vero
875 2597 1030 2669 quod
1056 2596 1290 2669 legitur,
1323 2599 1582 2668 vivemus,
1607 2596 1741 2652 talis
1763 2602 1854 2652 est

194 2706 442 2756 sensus,
473 2687 612 2760 quia
667 2686 717 2742 si
776 2686 1213 2757 commorimur,
1247 2691 1305 2741 et
1362 2685 1852 2759 conregnabimus

193 2781 379 2851 (Rom.
415 2794 539 2845 vm,
566 2777 676 2843 17).

266 2866 601 2939 Sequitur:
646 2866 1000 2937 Vosmetipsos
1037 2870 1262 2932 tentate,
1312 2868 1443 2933 etc.,
1494 2864 1604 2919 hoc
1652 2868 1759 2932 est,
1792 2863 1851 2917 in

192 2958 560 3014 alterutrum
590 2969 690 3009 vos
718 2954 1015 3017 discutite,
1064 2970 1169 3008 nec
1216 2970 1331 3008 non
1372 2955 1428 3007 et
1458 2952 1854 3007 tentationum

188 3044 472 3118 pericula
501 3048 636 3098 ante
667 3040 866 3097 oculos
898 3045 1179 3110 revocate,
1241 3045 1297 3118 et
1352 3042 1521 3111 cujus
1547 3040 1689 3095 estis
1720 3039 1852 3094 ﬁdei
1968 3042 2079 3097 hoc
2108 3047 2215 3107 est,
2251 3040 2299 3095 si
2332 3056 2532 3094 eorum
2566 3039 2860 3095 auditores
2912 3044 3175 3111 potentes
3206 3044 3363 3108 sunt,
3398 3042 3613 3097 debent

186 3116 386 3208 atque
410 3132 652 3188 virtutis
682 3130 1064 3186 considerate.
1089 3128 1239 3183 Sane
1270 3116 1573 3184 sciendum
1598 3128 1739 3199 quia
1768 3132 1857 3182 est
1897 3196 1933 3208 Α
1974 3147 2103 3186 esse
2124 3129 2340 3183 inﬁrmi
2371 3144 2382 3183 :
2407 3134 2464 3182 et
2488 3127 2536 3183 si
2559 3127 2855 3183 auditores
2878 3127 3117 3197 inﬁrmi,
3140 3127 3221 3182 illi
3251 3129 3463 3183 debent
3486 3143 3614 3184 esse

177 3196 455 3279 tentatio
482 3219 864 3293 probationis,
892 3222 979 3271 est
1002 3222 1059 3285 et
1078 3216 1478 3288 deceptionis:
1524 3196 1633 3270 sed
1653 3215 1857 3286 proba-
1891 3196 1935 3262 (ἶ
1978 3224 2265 3290 potentes.
2301 3216 2612 3287 Sequitur:
2650 3220 2765 3271 Hoc
2792 3220 2846 3271 et
2891 3232 3131 3294 oramus,
3179 3216 3233 3270 id
3279 3221 3387 3284 est,
3422 3223 3487 3272 ut
3518 3233 3617 3273 vos

176 3312 379 3369 tionis
417 3322 455 3365 a
484 3309 620 3379 Deo,
653 3306 1013 3377 deceptionis
1063 3321 1194 3360 vero
1246 3322 1278 3360 a
1324 3304 1576 3374 diabolo,
1610 3308 1862 3374 utraque
1979 3308 2113 3361 sitis
2146 3305 2312 3377 (798).
2346 3306 2415 3359 Et
2445 3304 2553 3359 hoc
2584 3311 2671 3360 est
2698 3304 2852 3376 quod
2888 3303 3152 3375 sequitur
3180 3321 3192 3360 :
3231 3306 3467 3361 Vestram
3496 3321 3619 3362 con-

167 3407 402 3457 tamen
442 3398 517 3452 ab
550 3395 804 3451 homine.
838 3394 949 3451 Sed
981 3393 1077 3449 hic
1100 3394 1460 3465 probationis
1483 3388 1865 3465 intelligenda
1973 3396 2417 3463 summationem,
2448 3392 2506 3447 id
2538 3399 2625 3448 est
2657 3392 3091 3464 perfectionem.

167 3493 270 3546 est
292 3486 592 3543 tentatio.
616 3484 685 3539 Et
706 3484 815 3539 hoc
837 3483 1141 3538 sciendum
1166 3484 1303 3553 quia
1334 3482 1463 3554 ipsa
1487 3484 1712 3538 alterna
1736 3497 1866 3551 pro-
2047 3482 2357 3554 Sequitur:
2393 3482 2514 3537 Ideo
2545 3480 2663 3538 haec
2690 3482 2885 3537 absens
2913 3482 3113 3548 scribo,
3149 3488 3213 3537 ut
3240 3498 3348 3537 non
3375 3497 3621 3556 praesens

170 3564 357 3634 batio
395 3578 584 3645 atque
618 3572 907 3627 discussio
958 3570 1277 3641 plurimum
1327 3569 1689 3642 valet,juxta
1718 3568 1862 3624 illud
1974 3573 2168 3627 durius
2198 3588 2380 3640 agam.
2416 3570 2669 3625 Incussit
2699 3570 2853 3626 enim
2886 3570 2977 3626 his
3008 3572 3198 3627 verbis
3228 3573 3522 3641 timorem,
3556 3577 3622 3629 ut

174 3662 566 3732 Salomonis,
628 3662 855 3715 Ferrum
929 3661 1077 3730 ferro
1150 3661 1396 3714 acuitur'
1438 3660 1626 3729 (Prov.
1686 3675 1861 3725 xxvn,
1976 3661 2421 3733 corrigerentur,
2456 3676 2526 3715 ne
2559 3660 2704 3715 forte
2732 3660 2971 3715 veniens
3019 3660 3224 3716 durius
3264 3666 3478 3734 ageret,
3510 3662 3619 3718 hoc

178 3756 299 3827 17).
341 3758 475 3809 etc.
507 3749 816 3822 Sequitur:
854 3755 945 3803 Αη
973 3764 1083 3803 non
1114 3750 1433 3817 cognoscitis
1459 3751 1589 3819 quia
1616 3748 1865 3802 Christus
1976 3755 2082 3817 est,
2118 3751 2209 3805 sui
2268 3749 2630 3820 apostolatus
2687 3752 3033 3819 potestatem
3094 3750 3370 3805 severiter
3408 3751 3465 3805 in
3501 3749 3618 3808 illis

184 3847 249 3898 in
285 3843 460 3899 vobis
477 3844 603 3895 est?
633 3838 811 3905 Quasi
833 3837 1050 3892 diceret.
1076 3853 1091 3891 :
1119 3838 1168 3892 si
1189 3838 1583 3892 tentationum
1610 3834 1869 3907 pericula
1976 3843 2285 3893 exerceret.
2322 3838 2390 3891 Et
2438 3836 2546 3891 hoc
2585 3843 2696 3903 est,
2751 3838 2902 3907 quod
2966 3840 3259 3909 sequitur:
3316 3840 3622 3897 Secundum

182 3937 328 3988 ante
355 3930 579 3988 oculos
597 3925 899 3995 revocetis,
923 3931 981 3980 et
999 3926 1169 3995 cujus
1184 3925 1330 3980 estis
1352 3925 1487 3980 ﬁdei
1507 3942 1607 3979 seu
1631 3924 1867 3979 virtutis
1975 3931 2314 3998 potestatem,
2349 3942 2510 3996 quam
2545 3927 2811 3980 Dominus
2840 3925 2987 3981 dedit
3015 3928 3156 3983 mihi
3200 3930 3259 3982 in
3287 3928 3622 4000 aedificatio-

184 4018 576 4094 agnoscatis,
612 4021 814 4072 utrum
847 4014 1114 4070 Christus
1137 4014 1195 4068 in
1225 4014 1390 4069 vobis
1421 4013 1518 4081 sit,
1547 4030 1618 4067 an
1650 4028 1790 4077 non,
1814 4017 1872 4068 et
1982 4032 2127 4083 nem,
2162 4023 2213 4070 et
2240 4029 2349 4069 non
2379 4016 2439 4068 in
2470 4012 2908 4068 destructionem.
2943 4015 3082 4069 Ecce
3131 4015 3273 4069 dicit
3318 4034 3378 4071 se
3411 4017 3624 4074 habere

183 4123 541 4182 agnoscere
572 4102 865 4176 potestis?
895 4105 1313 4158 Verumtamen
1358 4101 1406 4156 si
1433 4101 1541 4156 hoc
1574 4118 1689 4157 non
1723 4101 1868 4156 fece-
1981 4108 2322 4177 potestatem
2355 4106 2672 4172 acceptam.
2707 4100 2776 4155 Et
2806 4101 3047 4173 pulchre
3077 4102 3334 4175 quidem,
3368 4106 3427 4160 ίη
3451 4108 3623 4179 adi/5-
3684 4140 3689 4145 .

185 4199 352 4266 ritis,
393 4212 526 4252 non
560 4191 925 4265 agnoscetis:
961 4191 1115 4261 quod
1150 4196 1236 4246 est
1278 4190 1589 4262 reprobum
1622 4208 1782 4257 esse;
1816 4194 1874 4245 et
1981 4194 2282 4257 cationcm,
2307 4191 2444 4262 quia
2476 4190 2881 4262 praedicatores
2899 4192 2971 4245 ad
2994 4190 3099 4245 hoc
3117 4198 3464 4263 potestatem
3481 4196 3626 4251 acci-

185 4287 325 4344 ideo
361 4284 564 4342 dicit:
598 4284 719 4338 Nisi
747 4284 887 4352 forte
914 4281 1137 4351 reprobi
1162 4282 1314 4335 estis.

1985 4282 2173 4354 piunt,
2198 4284 2262 4335 ut
2285 4279 2624 4351 corrigendo
2648 4279 2888 4347 salvcnt,
2916 4296 3027 4334 non
3053 4283 3116 4335 ut
3136 4298 3250 4335 non
3278 4284 3619 4355 corrigendo

260 4375 613 4449 Sequitur:
646 4370 811 4442 Spero
838 4373 1026 4425 autem
1064 4368 1205 4439 quod
1249 4371 1603 4439 cognoscetis,
1629 4374 1739 4424 etc.
1777 4367 1875 4423 llis
1986 4371 2249 4443 perdant.

184 4464 398 4520 verbis
436 4464 724 4533 provocat
754 4475 851 4514 eos
880 4458 952 4512 ad
986 4457 1118 4512 ﬁdei
1150 4461 1207 4513 et
1240 4460 1453 4512 sanctae
1484 4457 1873 4513 conversatio-
2060 4459 2248 4514 Finita
2272 4457 2775 4513 commendatione
2798 4475 2913 4513 suae
2936 4474 3218 4529 personae,
3244 4476 3421 4531 quam
3444 4477 3631 4532 cmpe-

182 4553 280 4609 nis
350 4549 773 4609 soliditatem:
835 4547 1000 4619 quasi
1056 4546 1334 4602 dixisset:
1407 4546 1465 4601 Si
1523 4545 1875 4619 agnoveritis
1905 4557 1954 4623 D
1987 4554 2077 4604 rat
2102 4548 2511 4603 commendare
2533 4547 2604 4601 ab
2628 4563 2693 4601 eo
2716 4545 2841 4602 loco
2867 4547 2965 4601 ubi
2987 4548 3162 4603 ﬁnem
3186 4549 3397 4605 fecerat
3417 4550 3488 4605 de
3518 4549 3631 4606 col-

182 4639 727 4716 quemadmodum
741 4636 860 4691 dixi
878 4635 1176 4690 Christum
1192 4636 1355 4691 vobis
1375 4635 1584 4703 inesse,
1607 4634 1877 4708 agnosce-
1990 4636 2175 4701 lectis,
2195 4637 2251 4691 in
2270 4654 2385 4707 qua
2398 4635 2900 4691 commendatione
2913 4635 3233 4707 plurimum
3249 4636 3629 4707 laboraverat,

180 4733 261 4786 tis
283 4733 499 4787 etiam
531 4726 672 4798 quia
690 4734 744 4781 et
762 4741 863 4781 nos
884 4739 997 4779 non
1017 4740 1206 4779 sumus
1227 4724 1469 4795 reprobi,
1492 4724 1601 4780 hoc
1625 4731 1734 4792 est,
1770 4726 1879 4781 du-
1991 4727 2221 4781 duabus
2245 4742 2347 4796 pro
2372 4724 2587 4791 causis,
2614 4723 2722 4778 hoc
2753 4728 2863 4790 est,
2896 4729 2960 4779 ut
2990 4724 3075 4780 vel
3110 4743 3222 4781 non
3256 4727 3499 4783 minoris
3529 4745 3632 4783 au-

181 4819 369 4891 plicis
420 4814 809 4872 intentionis.
864 4816 996 4880 Quae
1054 4812 1348 4868 sententia
1377 4815 1448 4869 ad
1482 4816 1589 4870 hoc
1621 4814 1879 4887 respicit,
1993 4815 2280 4871 ctoritatis
2301 4830 2474 4885 quam
2510 4812 2697 4867 cmteri
2728 4830 2790 4868 se
2822 4830 2948 4869 esse
2978 4820 3350 4881 monstraret,
3373 4818 3459 4872 vel
3482 4822 3634 4873 certe

183 4909 353 4979 quod
395 4902 695 4976 superius
727 4902 827 4968 ait,
862 4901 997 4956 olim
1022 4902 1257 4970 putatis,
1288 4907 1398 4957 etc.
1995 4910 2062 4959 ut
2083 4905 2303 4959 crimen
2334 4901 2670 4974 cupiditatis
2710 4903 2781 4957 ab
2808 4918 2869 4957 se
2904 4904 3281 4975 abstergeret,
3315 4922 3469 4960 nunc
3499 4920 3633 4960 vero

258 4995 629 5068 Sequitur:
662 4992 895 5048 Oramus
926 4998 1108 5045 autem
1148 4994 1352 5057 Deum,
1382 4995 1491 5045 etc.
1524 4990 1679 5045 More
1710 4990 1885 5049 solito
1998 4992 2155 5048 aliud
2188 4992 2525 5063 aggreditur
2554 4991 2664 5045 hoc
2693 4994 2800 5059 est,
2834 4992 3137 5063 subjunxit
3178 4994 3635 5051 exhortationem

180 5083 547 5157 Apostolus
578 5085 707 5135 orat
736 5096 838 5151 pro
870 5077 1015 5146 suis,
1051 5084 1117 5135 ut
1146 5077 1293 5133 nihil
1344 5078 1481 5133 mali
1514 5078 1751 5134 faciant.
1786 5080 1886 5136 Se-
2000 5083 2218 5153 pariter
2248 5085 2305 5136 et
2336 5080 2753 5135 narrationem.

2034 2154 2364 2226 Sequitur:
2426 2154 2740 2209 Faudemus
2797 2158 2981 2209 tamen
3037 2153 3254 2225 quando
3311 2153 3457 2223 (797)
3516 2169 3613 2209 nos

1964 2243 2183 2316 inﬁrmi
2210 2260 2417 2311 sumus,
2453 2259 2545 2298 vos
2571 2252 2752 2299 autem
2779 2251 3017 2315 potentes
3049 2246 3199 2298 estis.
3222 2244 3493 2300 Ostendit
3518 2241 3612 2299 his

1961 2332 2154 2388 verbis
2185 2330 2497 2405 Apostolus
2523 2349 2584 2387 se
2616 2334 2685 2388 de
2717 2347 2918 2387 eorum
2951 2333 3121 2388 bonis
3160 2320 3435 2406 operibus
3466 2348 3608 2403 gau-

1963 2421 2120 2488 dere,
2154 2436 2221 2476 ac
2251 2421 2299 2477 si
2332 2421 2579 2476 dixiss'ef
2599 2439 2611 2476 :
2671 2420 2729 2475 Si
2791 2420 3016 2477 fortiter
3072 2436 3137 2475 ac
3164 2424 3429 2491 potenter
3454 2420 3611 2475 vitiis

1963 2510 2273 2579 resistatis,
2297 2526 2403 2565 nos
2426 2510 2661 2581 quidem
2681 2508 3025 2581 gaudemus,
3049 2509 3187 2579 quia
3207 2516 3347 2564 tunc
3368 2508 3606 2579 inﬁrmi,

1963 2597 2021 2654 id
2045 2603 2151 2667 est,
2182 2597 2436 2653 humiles
2458 2590 2666 2653 sumus
2683 2616 2695 2665 ;
2712 2598 2757 2653 si
2782 2613 2915 2653 vero
2936 2614 3036 2653 vos
3056 2596 3218 2652 vitiis
3237 2613 3351 2651 non
3376 2596 3610 2652 resista-

1962 2688 2061 2756 tis,
2092 2703 2199 2743 nos
2230 2688 2495 2759 potentes
2527 2703 2754 2753 sumus,
2812 2703 2912 2742 vos
2945 2690 3139 2742 autem
3192 2686 3434 2753 inﬁrmi,
3469 2686 3609 2758 quia

1962 2790 2139 2849 super
2166 2793 2267 2831 vos
2296 2774 2761 2831 dominationem
2794 2781 3005 2831 nostra
3044 2775 3411 2831 auctoritatis
3441 2792 3602 2831 exer-

1962 2880 2090 2921 cere
2131 2880 2469 2936 possumus.

1996 2972 1999 2977 ί
2038 2954 2262 3008 Debent
2294 2951 2469 3007 etiam
2501 2956 2558 3006 et
2597 2967 2753 3006 nunc
2811 2951 3218 3023 praedicatores
3276 2951 3382 3007 hoc
3415 2969 3605 3025 agere,

258 5284 438 5366 (793)
462 5279 881 5366 Autog.etiam
896 5276 1335 5366 nobispotuerit,
1355 5293 1537 5366 quam
1556 5276 1888 5366 lectionem,
2252 5277 2418 5366 Eorte
2465 5278 2779 5366 legendum
2811 5281 3039 5366 integre.

186 5348 280 5409 uti
316 5348 564 5418 sensu,
598 5348 728 5421 meo
750 5350 997 5419 judicio,
1045 5348 1460 5421 carentem,’ex
1489 5348 1659 5421 Vulg.
1692 5366 1890 5405 emen-
2075 5348 2222 5421 (796)
2252 5350 2422 5421 Vulg.
2455 5348 2551 5406 nos
2583 5355 2767 5406 autem
2796 5355 2855 5405 ut
2890 5348 3103 5419 reprobi
3128 5350 3323 5402 simus.

181 5427 486 5481 dandam
517 5419 727 5492 censui
756 5438 769 5487 ;
795 5426 857 5474 ut
877 5437 1087 5492 sensus
1115 5436 1324 5492 nempe
1350 5420 1397 5474 is
1437 5420 1513 5475 sit
1540 5437 1552 5475 :
1580 5419 1690 5489 Q'ui
1722 5423 1777 5475 in
1802 5436 1891 5476 vo-
2077 5420 2223 5492 (797)
2253 5419 2423 5492 Vulg.
2456 5424 2736 5492 quoniam.

183 5427 486 5481 dandam
517 5425 727 5476 censui
756 5438 769 5487 ;
795 5426 857 5474 ut
877 5437 1087 5475 sensus
1115 5436 1324 5492 nempe
1350 5425 1397 5474 is
1437 5425 1513 5475 sit
1540 5437 1552 5475 :
1580 5425 1690 5489 Qui
1722 5425 1777 5475 in
1802 5436 1891 5476 vo-
2096 5425 2199 5474 797
2254 5425 2423 5492 Vulg.
2456 5425 2736 5492 quoniam.

183 5498 276 5553 bis
311 5514 445 5553 non
486 5490 851 5561 inﬁrmatur;
881 5491 975 5546 sed
999 5495 1189 5562 potens
1239 5496 1317 5547 est
1349 5492 1407 5546 in
1436 5492 1604 5559 vobis,
1633 5496 1683 5547 et
1711 5494 1771 5547 in
1794 5508 1892 5547 no-
2077 5425 2224 5567 27983
2258 5492 2315 5546 Id
2349 5497 2457 5557 est,
2491 5497 2751 5567 potentes,
2786 5489 2870 5545 vel
2904 5490 3135 5567 inﬁrmi,
3170 5495 3235 5545 ut
3267 5507 3444 5567 supra
3475 5510 3649 5567 expo-

185 5566 275 5625 bis
305 5560 747 5637 potens'erit._
823 5632 871 5637 __
920 5632 932 5637 _
1000 5560 1013 5562 ’
1182 5631 1196 5637 _
1279 5632 1290 5637 _
2010 5560 2150 5637 suit.
2173 5560 2341 5633 juxta
2382 5560 2899 5637 opportunitatem;
2954 5560 3043 5618 vel
3104 5560 3438 5637 legendu'm,
3470 5560 3653 5629 ut'vos

258 5631 444 5720 (794)
482 5635 704 5697 Nostra
732 5634 792 5691 in
823 5632 999 5711 Vulg.
1033 5648 1148 5690 non
1182 5631 1422 5717 legitur.
2006 5631 2183 5717 εσαίε(
2412 5631 2459 5637 ·-
3163 5631 3179 5645 -.

572 5761 832 5833 PATBOL.
877 5760 1199 5831 CXXXIV.
3261 5771 3334 5843 16
