4034 6166
485 339 620 430 491

1503 333 1839 394 AT'l‘ONlS
1883 333 2464 393 VERCELLENSIS
2511 333 2866 395 EPISCOPI

3778 345 3883 404 492

577 468 722 538 (799)
752 467 826 520 De
839 466 1056 535 caetero,
1084 465 1296 536 inquit,
1319 464 1426 518 hoc
1448 467 1554 533 est,
1581 464 1652 519 de
1674 463 1897 535 reliquo
1930 468 2145 530 autem,
2175 465 2231 530 Α
2262 463 2468 520 ctionis
2490 468 2545 519 et
2563 465 2980 521 satisfactionis
3021 472 3111 522 est
3133 466 3434 523 indicium.
3454 469 3804 542 Quapropter
3821 473 3884 528 ab

504 560 798 628 praeterea,
827 557 1056 627 fratres,
1087 553 1354 625 gaudete:
1388 554 1618 622 perfecti
1655 557 1860 614 estote;
1889 559 2147 609 exhorta-

502 645 670 712 mini,
697 643 806 699 hoc
837 648 945 710 est,
979 645 1038 698 in
1069 644 1412 698 alterutrum
1438 658 1539 697 vos
1565 648 1796 697 monete
1820 659 1834 708 ;
1862 641 1970 696 hac
1991 642 2147 696 enim

501 732 921 800 exhortatione,
952 749 1068 804 qua
1098 747 1202 804 spe
1242 732 1572 786 futurorum
1606 735 1960 802 superantur
1987 729 2145 795 vitia,

504 821 768 878 nascitur
797 821 1089 893 perfectio,
1130 837 1198 875 ex
1242 820 1593 892 perfectione
1636 825 1832 876 autem
1865 820 2147 891 gaudium

505 912 645 985 quia
666 928 834 968 nemo
850 911 1104 984 gaudere
1121 915 1312 983 potest
1328 916 1382 966 et
1395 911 1686 982 perfectus
1703 926 1829 966 esse
1843 926 1959 965 non
1973 908 2144 977 valet,

506 1001 620 1057 nisi
661 1001 799 1056 vitia
851 1004 1104 1072 superet.
1148 1000 1454 1071 Sequitur:
1506 1000 1666 1054 Idem
1713 999 1908 1068 sapite.
1941 998 2151 1070 Tangit

505 1089 661 1145 enim
687 1089 816 1156 hoc,
852 1090 993 1161 quia
1022 1093 1078 1144 et
1108 1089 1164 1143 in
1195 1089 1386 1160 prima
1434 1093 2011 1156 commemoraverat,
2047 1087 2148 1143 ubi

503 1177 620 1233 ait:
692 1178 943 1244 Obsecro,
1002 1180 1061 1232 ut
1118 1178 1296 1249 ips-um
1353 1177 1545 1232 dicatis
1602 1178 1648 1247 (I
1699 1177 1819 1232 Cor.
1866 1195 1904 1243 ι,
1940 1177 2046 1244 10).
2082 1177 2150 1230 Et

502 1266 610 1322 hoc
641 1271 730 1323 est
780 1268 935 1338 quod
966 1265 1061 1321 hic
1121 1267 1282 1332 dicit,
1342 1266 1485 1322 idem
1542 1268 1745 1334 sapite,
1805 1265 1862 1320 id
1894 1270 2002 1332 est,
2033 1281 2148 1320 non

500 1355 797 1411 diversum
831 1356 902 1411 de
932 1373 1046 1421 me,
1077 1355 1165 1410 vel
1199 1355 1258 1410 in
1290 1371 1404 1425 me,
1440 1355 1560 1410 sive
1611 1355 1668 1408 in
1704 1355 1836 1422 ﬁde,
1869 1360 1926 1410 et
1957 1370 2147 1426 opere,

473 1444 814 1518 Sequitur:
849 1450 1047 1501 Pacem
1105 1447 1317 1500 habete.
1365 1445 1746 1500 Commendat
1775 1442 1894 1499 illis
1923 1459 2147 1515 pacem,

501 1538 742 1605 propter
762 1549 861 1589 eos
881 1532 1168 1600 videlicet,
1195 1533 1289 1605 qui
1325 1533 1588 1588 fraudem
1635 1538 1692 1587 et
1723 1531 2000 1602 injuriam
2034 1532 2148 1586 fra-

502 1621 694 1678 tribus
724 1621 1084 1694 ingerebant,
1112 1625 1168 1678 et
1197 1622 1269 1676 ob
1301 1621 1410 1679 hoc
1438 1621 1508 1676 ad
1559 1619 1885 1676 infidelium
1920 1619 2149 1691 judicia

503 1711 938 1784 pertrahebant,
971 1715 1036 1765 ut
1063 1712 1142 1766 ait
1171 1710 1229 1779 in
1264 1711 1454 1782 prima
1482 1727 1493 1764 :
1530 1709 1632 1766 Sed
1660 1726 1749 1765 vos
1772 1711 2041 1782 injuriam
2058 1713 2146 1780 fa-

504 1801 648 1869 citis,
680 1807 731 1854 et
758 1799 1031 1870 fraudatis
1061 1800 1109 1870 (I
1138 1798 1257 1855 Cor.
1319 1816 1397 1869 v1,
1455 1799 1675 1897 8),.etc.
1736 1799 2048 1897 Sequitur:
2081 1801 2148 1854 Et
2179 1833 2226 1897 Β

500 1890 642 1944 Deus
669 1889 820 1959 pacis
863 1893 914 1944 et
961 1888 1265 1943 dilectionis
1310 1889 1416 1943 erit
1462 1887 1758 1942 vobiscum.
1810 1887 2150 1943 Terminata

498 1977 921 2044 exhortatione,
952 1977 1260 2047 subjunxit
1291 1977 1707 2032 narrationem.
1740 1977 1902 2041 Deus,
1931 1976 2145 2047 inquit,

492 2067 668 2138 pacis,
702 2070 813 2122 etc.
847 2064 1002 2120 Deus
1034 2065 1192 2136 pacis
1223 2064 1457 2128 dicitur,
1492 2065 1631 2136 quia
1675 2065 1799 2136 ipse
1829 2069 1918 2120 est
1945 2069 2149 2121 auctor

497 2155 682 2228 pacis,
699 2155 871 2224 juxta
891 2153 1034 2209 illud
1058 2155 1322 2224 ejusdem
1343 2153 1604 2226 Apostoli
1627 2171 1639 2208 :
1664 2153 1914 2209 Christus
1923 2171 2038 2225 pax
2057 2170 2148 2210 no-

496 2245 628 2309 itra,
662 2244 757 2315 qui
783 2245 912 2313 fecit
941 2252 1175 2313 utraque
1210 2259 1384 2297 unum
1425 2242 1642 2313 (Ephes.
1695 2259 1756 2311 11,
1788 2243 1897 2310 14).
1931 2243 1999 2297 Et
2028 2243 2144 2298 Do-

499 2331 699 2386 minus
724 2348 736 2385 :
769 2332 968 2386 Pacem
998 2329 1256 2401 relinquo
1285 2331 1454 2397 vobis,
1487 2347 1674 2401 pacem
1705 2346 1881 2385 meam
1909 2330 1974 2386 do
1998 2331 2147 2386 vobis

500 2420 685 2490 (Joan.
718 2436 833 2485 xxv,
863 2422 976 2488 27).
1010 2418 1350 2474 Dilectionis
1407 2423 1559 2474 Deus
1617 2423 1724 2485 est,
1752 2420 1917 2488 juxta
1949 2418 2093 2474 illud
2127 2436 2142 2474 :

495 2508 817 2565 Mandatum
865 2524 1068 2565 novum
1124 2507 1190 2563 do
1246 2509 1416 2575 vobis,
1486 2515 1546 2562 ut
1599 2507 1854 2580 diligatis
1911 2510 2147 2564 invicem

500 2599 684 2668 (Joan.
719 2614 838 2668 xm,
864 2598 978 2668 34),
1005 2601 1139 2663 etc.;
1163 2600 1220 2652 et
1241 2597 1380 2651 item
1407 2614 1420 2652 :
1470 2598 1530 2650 In
1577 2595 1674 2651 hoc
1698 2601 2011 2664 cognoscent
2030 2613 2144 2652 om-

500 2701 616 2752 nes,
644 2687 776 2757 quia
804 2702 911 2741 mei
940 2687 1074 2740 estis
1092 2685 1382 2756 discipuli,
1408 2686 1459 2739 si
1477 2683 1827 2740 dilectionem
1845 2685 2146 2742 kabueritis

502 2774 573 2829 ad
603 2775 835 2830 invicem
863 2774 1048 2846 (Ibid.,
1079 2775 1192 2846 35).
1241 2778 1308 2828 Et
1347 2778 1436 2829 est
1483 2790 1730 2829 sensus:
1764 2774 1821 2828 Si
1856 2790 2057 2846 pacem
2089 2779 2147 2830 et

501 2862 870 2919 dilectionem
916 2863 1262 2928 habueritis,
1314 2867 1610 2918 auctorem
1661 2862 1821 2934 pacis
1866 2869 2144 2935 perpetuo

496 2951 900 3024 possidebitis.
931 2953 1062 3009 Haec
1092 2952 1247 3008 enim
1278 2955 1367 3007 est
1396 2969 1507 3024 pax
1536 2959 1692 3007 certa
1714 2957 1889 3023 atque
1916 2969 2141 3022 secura,

499 3057 675 3112 quam
693 3041 859 3115 impii
883 3041 1096 3097 habere
1109 3058 1222 3096 non
1239 3044 1522 3113 possunt;
1545 3041 1700 3096 unde
1717 3045 1806 3096 est
1825 3039 1970 3096 illud
1999 3059 2010 3096 :
2026 3043 2144 3098 Non

495 3139 578 3186 est
589 3146 706 3203 pax
725 3132 942 3203 impiis,
965 3131 1099 3186 dicit
1123 3132 1396 3186 Dominus
1417 3130 1567 3201 (Isai.
1594 3147 1726 3200 Lvn,
1749 3131 1862 3200 2a).
1895 3130 2138 3186 Verum-

2258 552 2538 625 Apostolo
2570 554 2836 610 osculum
2868 556 3022 627 quod
3046 558 3493 613 commendatur
3522 575 3747 630 semper
3765 577 3884 618 cum

2259 641 2560 697 additione
2589 643 2849 716 ponitur.

2331 731 2644 800 Sequitur:
2679 732 2930 787 Salutant
2958 749 3049 789 vos
3080 735 3259 789 sancti
3297 750 3501 791 omnes.
3532 735 3616 792 Ac
3644 735 3691 791 si
3720 736 3884 793 dixis-

2259 822 2347 872 set
2371 835 2382 874 :
2406 819 2530 874 Non
2555 823 2838 892 potentes,
2867 838 2982 877 non
3005 822 3319 895 principes,
3361 823 3462 878 sed
3487 823 3675 878 sancti
3705 841 3884 882 omnes

2259 905 2378 962 Hoc
2399 913 2592 962 autem
2614 909 3194 966 animadvertendum
3217 916 3322 979 est,
3343 929 3525 984 quare
3547 910 3665 968 illis
3685 919 3885 969 sancto—

2260 1011 2389 1050 rum
2424 996 2636 1052 dixerit
2667 995 2937 1052 salutem.
2971 997 3274 1068 Videlicet,
3324 1003 3389 1054 ut
3417 998 3557 1056 illos
3588 1000 3660 1055 ad
3691 1001 3884 1057 bonum

2259 1083 2584 1140 sanctitatis
2616 1091 2974 1156 provocarat,
3003 1091 3294 1158 quatenus
3317 1087 3418 1159 qui
3439 1087 3883 1144 salutabantura

2259 1173 2478 1230 sanctis
2504 1199 2518 1240 ;
2548 1172 2636 1229 vel
2668 1179 2823 1230 certe
2857 1179 2920 1229 ut
2949 1191 3047 1231 eos
3080 1175 3349 1232 invitaret
3389 1178 3463 1232 ad
3495 1177 3744 1234 invicem
3771 1180 3884 1234 red-

2260 1263 2533 1332 dendam,
2566 1267 2857 1334 quatenus
2889 1265 2990 1335 qui
3023 1263 3432 1320 salutabantur
3454 1283 3488 1321 a
3510 1267 3734 1322 sanctis
3755 1267 3884 1323 salu-

2259 1357 2452 1407 tarent
2471 1357 2726 1407 sanctos.
2752 1353 2819 1406 Et
2864 1357 3000 1408 nota
3042 1353 3179 1424 quia
3201 1371 3315 1410 non
3340 1358 3577 1410 tantum
3611 1356 3694 1410 ait
3713 1359 3882 1422 sancti,

2260 1439 2360 1494 sed
2393 1439 2620 1494 addidit
2668 1457 2878 1511 omnes,
2941 1441 3220 1512 quoniam
3277 1449 3623 1499 sanctorum
3652 1449 3740 1500 est
3764 1445 3883 1501 velle

2260 1544 2464 1583 omnes
2494 1544 2622 1584 esse
2653 1526 2864 1584 salvos.
2899 1529 3048 1602 Ergo
3081 1531 3178 1602 qui
3213 1532 3477 1587 omnium
3509 1532 3758 1588 salutem
3787 1549 3882 1590 non

2259 1620 2440 1687 optat,
2474 1633 2534 1672 se
2565 1633 2797 1688 quoque
2823 1616 2882 1672 in
2914 1617 3024 1674 hac
3073 1617 3424 1676 salutatione
3473 1637 3596 1676 non
3647 1637 3882 1694 compre-

2258 1703 2438 1758 hendi
2469 1703 2779 1784 intelligat.

2329 1793 2642 1864 Sequitur:
2677 1796 2867 1850 Gratia
2899 1798 3124 1854 Domini
3148 1801 3325 1853 nostri
3375 1800 3504 1855 Jesu
3539 1799 3761 1868 Christi,
3786 1807 3876 1856 etc.

2264 1881 2449 1937 Finita
2479 1899 2711 1954 quoque
2761 1883 3135 1952 salutatione,
3196 1887 3505 1957 subjunxit
3561 1889 3877 1956 orationem,

2259 1970 2465 2037 Gratia,
2499 1971 2707 2042 inquit,
2739 1974 2976 2044 Domini,
3029 1978 3136 2029 etc.
3187 1974 3336 2030 Illud
3388 1993 3535 2032 sane
3586 1979 3876 2035 notandum

2257 2059 2396 2131 quia
2426 2060 2484 2114 in
2517 2060 2631 2115 ﬁne
2663 2061 2839 2131 hujus
2870 2062 3141 2134 Epistolaa
3173 2063 3420 2120 unitatis
3450 2066 3714 2123 charitas
3742 2083 3877 2122 com-

2258 2150 2588 2204 mendatur.
2625 2150 2692 2204 Et
2722 2149 2963 2221 pulchre
2995 2152 3235 2223 quidem
3267 2153 3327 2208 in
3349 2154 3487 2222 fide,
3513 2157 3659 2226 quia
3677 2173 3877 2212 summa

2257 2237 2532 2307 perfectio
2564 2237 2622 2292 in
2657 2237 2910 2294 Unitatis
2965 2239 3248 2297 Trinitate
3305 2244 3608 2300 consistit.
3643 2245 3876 2301 Charitas

2257 2342 2510 2397 namque
2548 2327 2736 2382 Patris
2793 2328 2961 2384 nobis
3019 2329 3377 2387 Salvatorem
3437 2333 3678 2403 direxit,
3708 2334 3760 2390 id
3787 2339 3875 2403 est,

2254 2413 2478 2486 Jesum,
2512 2417 2680 2487 cujus
2711 2418 2898 2488 gratia
2928 2435 3136 2474 sumus
3159 2421 3470 2494 redempti.
3494 2423 3638 2486 Qum
3658 2424 3878 2488 charitss

2257 2508 2429 2575 atque
2447 2507 2635 2577 gratia
2654 2507 2839 2562 sancti
2854 2523 3088 2580 quoque
3100 2509 3352 2582 Spiritus
3370 2513 3879 2570 communicatione

2256 2592 2426 2648 nobis
2447 2598 2729 2659 servatur,
2753 2595 2968 2668 quippe
2990 2597 3233 2654 dilectos
3250 2616 3286 2654 a
3305 2599 3549 2656 Patreac
3567 2602 3879 2674 redemptos

2256 2700 2290 2737 a
2312 2682 2453 2738 Filio
2476 2683 2729 2755 Spiritus
2751 2689 2990 2740 sanctus
3011 2692 3291 2759 perpetuo
3311 2692 3514 2746 tuetur
3532 2707 3606 2747 ac
3625 2691 3876 2746 defendit.

2253 2772 2413 2826 Facit
2441 2772 2616 2827 etiam
2664 2772 2759 2827 hic
2814 2772 2977 2830 locus
3029 2775 3310 2832 adversus
3367 2778 3603 2848 Arium,
3650 2779 3746 2851 qui
3773 2779 3877 2834 ideo

2253 2860 2428 2915 etiam
2451 2861 2679 2916 dicebat
2703 2861 2913 2918 Filium
2937 2863 3224 2920 minorem
3248 2866 3434 2934 Patre,
3472 2883 3542 2923 eo
3593 2869 3744 2941 quod
3773 2868 3877 2923 ubi-

2253 2966 2506 3021 cumque
2527 2951 2716 3006 Patris
2739 2955 2796 3007 et
2814 2951 2942 3006 Filii
2983 2953 3145 3008 fieret
3181 2956 3422 3023 mentio,
3473 2973 3713 3030 semper
3738 2961 3879 3012 Pater

2253 3045 2703 3110 praeponeretur.
2725 3044 2824 3094 Est
2843 3041 3019 3096 etiam
3039 3043 3364 3099 notandum
3388 3045 3532 3116 quia
3557 3063 3675 3102 non
3697 3047 3877 3101 sittan-

2253 3131 2380 3182 tum
2406 3128 2730 3199 vobiscum,
2754 3130 2855 3185 sed
2874 3147 2998 3185 cum
3017 3132 3292 3200 omnibus,
3315 3133 3599 3191 videlicet
3627 3142 3691 3192 ut
3715 3140 3876 3191 osten-

495 3200 692 3276 tamen
715 3200 825 3276 etsi
847 3221 1067 3276 habent
1088 3235 1288 3291 pacem
1313 3200 1473 3287 mali,
1496 3217 1667 3290 longe
1689 3219 1927 3290 quidem
1956 3218 2139 3275 distat
2169 3200 2212 3267 Ε
2251 3217 2411 3272 deret
2437 3232 2613 3287 quam
2647 3216 3017 3274 dilectionem
3068 3219 3326 3289 haberet,
3375 3239 3514 3278 cum
3570 3242 3686 3281 non
3717 3225 3875 3280 solum

495 3309 568 3365 ab
600 3309 714 3365 ista
738 3326 916 3381 quam
948 3309 1234 3365 Dominus
1277 3308 1576 3378 discernit,
1618 3308 1758 3362 dum
1793 3323 1908 3363 non
1939 3308 2137 3379 talem,
2251 3306 2546 3375 correctis,
2581 3307 2682 3362 sed
2741 3307 2916 3363 etiam
2972 3309 3315 3366 incorrectis
3370 3313 3637 3384 gratiam
3667 3317 3875 3386 optaret.

499 3397 736 3470 qualem
760 3398 1020 3453 mundus
1041 3399 1162 3463 dat,
1185 3397 1302 3452 ait:
1325 3397 1641 3452 Mandatum
1677 3413 1878 3452 novum
1899 3397 1963 3452 do
1985 3398 2139 3452 vobis
2248 3395 2422 3458 Quasi
2446 3394 2720 3451 dixisset:
2749 3396 2809 3451 In
2834 3397 2943 3453 hoc
2968 3414 3316 3470 cognoscere
3338 3403 3604 3472 potestis
3625 3407 3874 3476 quantum

492 3489 552 3540 ut
609 3486 857 3553 diligatis
915 3487 1149 3540 invicem
1200 3486 1377 3554 (Joan.
1434 3501 1550 3549 xxv,
1601 3486 1713 3555 27).
1751 3485 1812 3539 In
1844 3501 1910 3539 eo
1939 3486 2140 3550 etiam,
2252 3500 2353 3539 vos
2384 3483 2646 3556 diligam,
2679 3502 2812 3540 cum
2853 3503 2967 3542 non
3017 3486 3210 3544 solum
3259 3491 3570 3562 correctis,
3603 3493 3703 3549 sed
3733 3491 3875 3548 etiam

496 3574 652 3645 quod
685 3572 765 3629 ait
792 3590 804 3627 :
838 3575 981 3629 Deus
1006 3575 1186 3644 pacis,
1215 3577 1351 3641 etc.,
1382 3573 1565 3627 voluit
1596 3572 1913 3640 Apostolus
1942 3574 2142 3629 subin-
2253 3588 2357 3628 nec
2385 3573 2526 3628 dum
2559 3575 2832 3629 correctis
2862 3574 3113 3647 gratiam
3171 3581 3388 3650 optem.
3440 3579 3583 3635 Sive
3614 3581 3737 3636 ideo
3763 3577 3876 3634 dicit

497 3661 682 3736 telligi
711 3662 852 3734 quia
879 3662 929 3718 si
961 3663 1095 3718 odia
1123 3666 1181 3717 et
1211 3663 1362 3716 rixas
1387 3661 1684 3731 haberent,
1719 3667 1921 3717 auctor
1941 3663 2056 3717 odii
2085 3667 2142 3718 et
2249 3676 2376 3716 cum
2395 3661 2666 3732 omnibus,
2691 3666 2756 3717 ut
2776 3679 2892 3718 non
2914 3662 3277 3736 exciperetur
3298 3682 3499 3736 sexus,
3525 3674 3694 3738 astas,
3716 3665 3878 3725 condi-

492 3757 648 3824 rixae,
685 3755 792 3810 hoc
850 3758 940 3809 est
990 3750 1278 3817 diabolus,
1331 3756 1611 3824 perpetuo
1664 3767 1762 3806 eos
1792 3752 2135 3822 possideret.
2250 3750 2348 3821 tio,
2380 3751 2619 3822 lingua;
2652 3751 2753 3806 sed
2784 3751 2938 3808 sicut
2968 3754 3210 3826 sanguis
3246 3755 3462 3812 Christi
3499 3774 3712 3814 omnes
3740 3756 3873 3812 rede-

561 3845 880 3919 Sequitur:
914 3843 1174 3899 Salutate
1201 3842 1435 3896 invicem
1481 3841 1542 3895 in
1570 3841 1748 3896 osculo
1779 3848 1993 3896 sancto.
2027 3841 2135 3896 Sa-
2248 3841 2375 3905 mit,
2434 3839 2518 3895 sic
2575 3845 2633 3895 et
2688 3856 2891 3896 omnes
2947 3841 3163 3898 Christi
3220 3843 3475 3914 gratiam
3509 3847 3870 3917 possiderent.

485 3937 693 3994 lutatio
719 3950 930 4006 nempe
959 3931 1243 3988 indicium
1293 3936 1468 4002 atque
1517 3930 1736 4002 optatio
1783 3936 1874 3986 est
1903 3929 2129 3986 salutis.
2243 3931 2411 3986 Amen
2441 3945 2575 3985 vero
2606 3945 2798 3985 sermo
2829 3934 2919 3987 est
2947 3931 3434 4001 conﬁrmationis,
3465 3936 3573 4006 qui
3598 3935 3872 3993 conﬁrmat

485 4027 616 4083 Bezc
636 4023 913 4082 salutatio
935 4026 993 4079 et
1017 4021 1127 4078 hoc
1149 4019 1419 4076 osculum
1442 4020 1522 4075 ait
1543 4023 1813 4076 sanctum
1837 4023 2128 4088 osculum,
2242 4019 2460 4076 omnia.

481 4117 584 4173 sed
616 4113 854 4170 illorum
899 4110 1166 4168 osculum
1221 4109 1632 4182 corruptionis,
1685 4112 1742 4165 et
1789 4107 1957 4180 quasi
1988 4107 2128 4164 refe-
2772 4111 2946 4178 Finis,
2978 4112 3089 4167 Deo
3125 4112 3353 4182 gratias.

551 4277 699 4349 (796)
729 4275 832 4330 Hic
862 4273 922 4329 in
953 4279 1149 4345 autog.
1183 4287 1366 4344 marg.
1396 4269 1610 4342 legitur
1641 4286 1768 4342 cap.
1801 4268 1988 4325 XXIX.

1023 4896 1635 4986 EXPOSITIO
1694 4894 1806 4981 IN
1864 4891 2500 4982 EPISTOLAM
2561 4891 2701 4977 AD
2761 4890 3304 4980 GALATAS.

1014 5208 1543 5266 ARGUMENTUM.

524 5301 981 5360 Animadvertite
1011 5299 1164 5372 quod
1195 5299 1348 5355 sicut
1395 5299 1454 5352 in
1505 5297 1667 5352 novis
1713 5296 2097 5367 temporibus,

449 5408 584 5447 cum
615 5391 869 5447 Verbum
904 5389 1000 5446 Dei
1034 5405 1102 5444 ex
1132 5388 1319 5444 Mariae
1349 5385 1593 5457 virginis
1623 5402 1794 5440 carne
1826 5385 2098 5439 indutum
2211 5379 2445 5436 littera:
2471 5385 2529 5435 et
2550 5381 2702 5436 sicut
2733 5382 2843 5437 sub
2875 5381 3067 5437 carnis
3088 5380 3373 5437 velamine
3413 5382 3646 5441 latebat
3669 5383 3872 5440 divini-

445 5473 2097 5552 processitinmundum,aspectus,humanitatisomnibus
2209 5471 2363 5540 tatis,
2398 5470 2480 5525 sic
2511 5475 2567 5525 et
2597 5471 2707 5526 sub
2755 5469 3042 5526 velamine
3089 5469 3295 5525 littera:
3340 5469 3551 5528 lateret
3585 5471 3872 5552 spiritalis
3947 5463 3951 5567 Ii

431 5563 698 5644 patebat,
723 5567 1028 5640 perpaucis
1049 5573 1266 5635 autem,
1291 5564 1400 5620 hoc
1437 5568 1544 5632 est,
1587 5563 1955 5619 solummodo
1977 5560 2090 5616 ele-
2205 5557 2624 5632 intelligentia:
2651 5564 2707 5614 et
2728 5557 2882 5615 sicut
2904 5559 3054 5615 beati
3079 5558 3253 5630 oculi,
3277 5559 3376 5630 qui
3405 5559 3467 5616 in
3493 5578 3680 5619 carne
3702 5575 3872 5635 agno-

438 5657 550 5720 ctis
583 5655 902 5714 divinitatis
961 5654 1211 5714 dabatur
1263 5652 1538 5727 cognitio,
1583 5653 1663 5709 ita
1692 5667 1824 5710 cum
1856 5649 2004 5723 legis
2037 5652 2094 5708 et
2206 5647 2446 5706 scebant
2470 5647 2648 5714 latere
2678 5647 3061 5732 divinitatem,
3098 5648 3177 5732 ita
3224 5653 3280 5709 et
3315 5647 3403 5731 illi
3448 5649 3639 5731 beati,
3676 5652 3782 5728 qui
3810 5652 3868 5715 in

2132 5209 2178 5274 Ῑ)
2211 5203 2628 5276 prophetarum
2658 5203 2832 5260 verba
2862 5206 2935 5260 ad
2969 5204 3238 5261 homines
3269 5205 3688 5277 proferuntur,
3720 5207 3874 5265 vela-

2211 5293 2367 5348 mine
2391 5295 2688 5364 teguntur.
2725 5293 2808 5347 Ibi
2843 5309 3097 5365 namque
3122 5309 3256 5348 caro
3279 5292 3589 5351 valeamen
3614 5302 3766 5362 erat,
3789 5295 3873 5350 hic
