4034 6166
413 369 531 428 ‘95

1425 354 1763 414 ATTONIS
1815 355 1857 411 V
1875 348 2267 410 EHCELLEN
2281 348 2395 406 SlS
2443 345 2793 406 EPISCOPI

3709 347 3815 405 496

413 499 588 556 etiam
618 494 755 567 quia
784 497 874 550 est
901 490 1160 564 Apostoli
1193 488 1437 544 intentio
1470 487 1528 542 in
1562 486 1668 540 hac
1701 482 1976 555 Epistola,
1997 485 2054 536 et
2081 482 2136 546 Α
2165 478 2588 533 ecclesiasticos
2612 467 2853 548 adipisci
2877 478 3096 548 gradus
3122 495 3134 543 ;
3165 477 3302 532 item
3327 476 3606 567 sunt,qui
3632 491 3817 548 neque

413 589 473 646 in
507 587 604 642 illa
630 585 703 640 ad
734 584 1050 649 Romanos,
1103 579 1476 634 manifestare
1522 574 1790 630 videlicet
1820 580 1877 627 et
1907 572 2053 643 legis

413 674 789 732 abolitionem
819 675 876 728 et
919 669 1118 744 gratia:
1150 667 1518 738 dignitatem.
1569 664 1675 719 Sed
1709 664 1766 718 in
1799 663 1904 717 hoc
1936 661 2053 715 dif-

412 767 547 835 fert,
579 764 718 839 quia
745 764 803 819 in
836 761 936 818 illa
989 757 1396 816 subtilioribus
1454 755 1640 809 utitur
1669 751 2053 824 argumentis,

417 857 560 929 quia
585 855 698 927 ipsi
730 850 1047 924 prudentes
1069 852 1233 903 erant
1256 865 1268 914 ;
1303 846 1360 900 in
1385 845 1492 900 hac
1514 860 1646 898 vero
1670 841 2058 913 apertioribus

417 945 611 1002 verbis
641 940 918 1011 loquitur,
943 937 1079 1009 quia
1108 937 1272 991 stulti
1294 939 1493 990 erant:
1530 941 1583 988 et
1614 949 1727 986 non
1759 936 1877 985 tam
1911 931 2058 1001 (806)

422 1053 521 1094 eos
550 1031 866 1102 alloquitur
895 1027 1356 1096 docendo,quam
1394 1023 1586 1094 potius
1619 1019 2064 1091 increpando,ut

423 1140 569 1196 quos
601 1135 714 1177 non
745 1117 1032 1175 suadebat
1089 1115 1233 1169 ratio
1293 1117 1586 1167 revocaret
1624 1108 1961 1166 auctoritas.
1998 1108 2063 1161 Et

423 1225 764 1285 quanquam
796 1208 854 1262 in
886 1205 1160 1261 omnibus
1209 1203 1337 1273 ejus
1368 1199 1727 1273 Epistolis,et
1757 1198 1901 1268 legis
1933 1199 2066 1251 abo-

423 1301 571 1371 litio,
602 1303 658 1355 et
688 1297 886 1370 gratiae
918 1294 1174 1366 dignitas
1206 1290 1632 1354 manifestetur,
1664 1291 2065 1342 verumtamen

425 1389 680 1446 maxime
710 1387 770 1442 in
802 1385 895 1440 his
919 1383 1169 1439 duabus.
1196 1382 1264 1435 Et
1306 1380 1414 1434 hoc
1447 1377 1748 1433 sciendum
1782 1377 1920 1444 quia
1951 1391 2064 1430 non

423 1495 525 1536 eos
555 1473 875 1547 alloquitur
900 1468 1233 1542 Apostolus,
1258 1467 1358 1538 qui
1389 1483 1456 1521 ex
1483 1464 1930 1520 circumcisione
1948 1478 2068 1517 cre-

425 1567 716 1631 diderant,
749 1567 808 1618 et
837 1579 872 1616 a
896 1560 1160 1615 libertate
1207 1553 1404 1627 gratia:
1450 1554 1522 1608 ad
1553 1552 1697 1624 legis
1730 1551 2068 1607 servitutem

424 1654 779 1714 transierant
809 1648 1033 1720 decepti
1065 1665 1096 1702 a
1149 1645 1313 1700 falsis
1356 1642 1656 1715 apostolis,
1691 1641 1788 1711 qui
1823 1640 2068 1694 Paulum

425 1762 544 1804 non
573 1757 774 1800 verum
801 1736 1145 1810 Apostolum
1172 1750 1299 1789 esse
1330 1732 1622 1800 dicebant,
1652 1729 1902 1784 maxime
1934 1728 2073 1798 quia

2167 586 2199 622 a
2232 573 2362 632 Deo,
2399 585 2584 638 neque
2614 569 2685 621 ab
2743 567 3107 635 hominibus,
3167 583 3354 637 neque
3409 583 3514 638 per
3548 565 3817 624 homines

2167 658 2502 723 mittuntur,
2538 657 2638 711 sed
2671 673 2778 710 sua
2809 656 3052 712 veniunt
3098 655 3576 722 causa,videlicet
3609 658 3818 713 terreni

2166 746 2334 808 lucri,
2368 751 2423 799 et
2453 745 2796 808 ventris,aut
2821 743 3400 810 humanaelaudismt
3431 746 3684 800 fuerunt
3701 761 3818 800 om-

2169 852 2272 890 nes
2305 834 2432 889 falsi
2461 833 2726 906 apostoli.
2747 833 3058 905 Apostolus
3090 839 3308 902 autem,
3343 839 3406 889 ut
3435 851 3500 890 se
3534 835 3611 887 de
3644 835 3818 890 excel-

2169 924 2414 979 lentiore
2442 925 2626 995 gradu
2663 928 3035 989 monstraret,
3070 923 3185 978 ait:
3232 924 3349 978 Non
3379 924 3447 978 ab
3479 923 3819 990 hominibus,

2172 1014 2280 1068 hoc
2313 1019 2542 1077 est,non
2573 1014 2644 1068 ab
2677 1013 2957 1082 apostolis
2979 1012 3280 1068 ordinatus
3313 1012 3821 1085 Apostoluszapo-

2175 1102 2356 1157 stolos
2375 1104 2589 1173 quippe
2611 1101 2963 1156 ordinabant
3011 1101 3258 1172 apostoli
3283 1102 3353 1156 ad
3377 1104 3822 1158 conﬁrmandus

2176 1191 2483 1259 l'lcclesias,
2514 1191 2668 1245 sicut
2699 1195 2904 1246 contra
2923 1190 3293 1245 aemulatores
3315 1191 3460 1262 legis
3494 1191 3826 1264 dirigebant

2179 1297 2316 1333 suos
2348 1281 2416 1333 ad
2477 1280 2892 1335 destruendam
2953 1279 3126 1334 fidem
3160 1279 3442 1336 Ecclesiae.
3511 1280 3687 1336 Unde
3715 1281 3824 1354 ipse

2179 1368 2353 1422 dicit:
2387 1369 2570 1440 Neque
2595 1386 2695 1438 per
2743 1369 3036 1436 hominem,
3096 1369 3202 1424 hoc
3252 1375 3340 1425 est
3370 1386 3568 1442 neque
3602 1387 3711 1442 per
3737 1372 3824 1427 Ju-

2180 1459 2367 1512 dzeum
2399 1457 2485 1512 vel
2517 1457 2971 1525 Judzeos,malus
2999 1459 3302 1530 apostolus
3331 1459 3672 1516 ordinatus.
3693 1461 3826 1516 Sane

2182 1546 2485 1601 sciendum
2518 1547 2655 1617 quia
2685 1547 3040 1618 quibusdam
3080 1548 3353 1604 videntur
3381 1565 3515 1604 esse
3549 1550 3826 1621 superbia

2178 1636 2353 1690 verba
2379 1654 2391 1702 ;
2422 1641 2825 1692 verumtamen
2849 1653 2962 1693 non
2988 1642 3146 1704 sunt,
3173 1639 3274 1693 sed
3299 1637 3496 1710 potius
3518 1638 3827 1695 necessita-

2182 1725 2290 1780 tis:
2328 1726 2670 1781 necessitate
2703 1743 2956 1797 namque
2989 1733 3225 1783 coactus
3255 1729 3364 1783 hoc
3396 1729 3663 1794 dicebat,
3692 1729 3828 1784 vide-

426 1835 594 1894 aliter
621 1832 818 1902 ageret
860 1822 1261 1896 Jerosolymis,
1323 1826 1379 1876 et
1406 1819 1574 1875 aliter
1611 1819 1839 1915 doceret
1869 1821 2071 1915 gen-teis.
2106 1850 2154 1915 B
2184 1811 2413 1915 licet-ut
2443 1816 2951 1915 pseudoa‘pos‘tolis
3011 1815 3206 1915 locum
3265 1834 3378 1915 non
3433 1819 3629 1915 daret,
3663 1817 3825 1915 etsui

430 1936 600 1996 agere
630 1920 860 1982 debere,
921 1918 976 1970 et
1006 1913 1162 1984 quod
1216 1911 1404 1982 legem
1467 1907 1654 1963 caeteri
1685 1907 1791 1961 viri
1826 1904 2073 1977 apostoli

430 1995 748 2076 servarent,
782 2007 908 2078 ipse
964 2005 1308 2058 destrueret.
1367 2000 1618 2069 Egerant
1673 1995 1827 2051 enim
1860 1995 2074 2050 Galatea

429 2101 582 2158 sicut
603 2094 826 2169 ille,qui
849 2093 1130 2149 liberatus
1152 2090 1223 2143 de
1246 2103 1421 2142 manu
1445 2084 1784 2157 gladiatoris
1808 2100 1868 2138 se
1897 2084 2077 2137 tradit

428 2190 679 2248 lanistae.
714 2184 952 2240 Illorum
985 2194 1241 2250 namque
1270 2175 1642 2232 simulatione
1672 2174 1950 2242 deceptus
1990 2177 2079 2227 est

429 2279 606 2335 etiam
639 2277 844 2330 Petrus
874 2265 1356 2341 apostolus,quod
1383 2263 1440 2317 in
1465 2263 1572 2317 hac
1603 2261 1863 2333 Epistola
1895 2261 2078 2315 mani-

432 2368 608 2424 festat
638 2361 914 2436 praefatus
943 2355 1254 2429 Apostolus
1285 2352 1424 2423 (Gal.
1463 2369 1525 2419 ιι,
1561 2351 1668 2421 tl).

506 2454 662 2526 (CAP.
689 2453 758 2522 Ι.)
779 2448 984 2505 Paulus
1005 2444 1307 2517 Apostolus.
1333 2441 1553 2512 Magnae
1581 2438 1946 2495 auctoritatis
1968 2442 2076 2503 est,

433 2540 812 2618 quodPaulus
836 2539 897 2594 in
919 2530 1502 2604 fronteEpistolarum
1518 2546 1758 2584 suarum
1784 2545 1842 2582 se
1865 2527 2079 2618 Christi

434 2616 766 2706 apostolum
825 2629 1145 2696 nuncupat.
1207 2622 1375 2688 Nam,
1415 2620 1567 2674 sicut
1597 2618 1829 2689 judices
1863 2616 2077 2672 terreni

436 2721 772 2796 principum
825 2721 882 2772 et
910 2727 1135 2785 regum,
1167 2725 1420 2781 quorum
1452 2706 1847 2796 familiaritate
1867 2707 2080 2796 fruun-

436 2795 536 2868 tur
563 2807 804 2868 nomina
831 2805 1148 2862 assumunt
1177 2799 1237 2853 in
1269 2795 1553 2870 epistolis,
1583 2801 1646 2850 ut
1675 2795 1882 2864 majori
1912 2811 2080 2850 vene-

437 2899 662 2958 ratione
690 2895 1016 2952 habeantur
1036 2895 1092 2946 et
1120 2889 1312 2959 majus
1336 2885 1681 2956 obsequium
1706 2883 1822 2938 illis
1853 2883 2079 2955 impen-

435 2986 723 3053 datur,sic
751 2988 808 3041 et
837 2979 1054 3038 Paulus
1104 2976 1320 3034 Christi
1351 2992 1411 3031 se
1436 2973 1780 3046 Apostolum
1812 2973 2080 3028 nomina-

432 3080 536 3147 vit,
568 3082 635 3134 ut
662 3075 831 3147 cujus
879 3075 1035 3128 esset
1063 3064 1427 3124 auctoritatis
1471 3064 1992 3128 demonstraretur,
2025 3067 2083 3118 et

433 3165 646 3239 majori
673 3161 1042 3221 veneratione
1071 3157 1404 3221 haberetur,
1447 3159 1504 3207 et
1533 3167 1736 3207 omnes
1767 3151 2076 3206 Christiani

431 3217 1128 3325 argentei—Epistolarum
1153 3217 1397 3301 suarum
1421 3244 1796 3297 terrerentur.
1817 3240 1961 3295 Hinc
1993 3244 2081 3296 est
2111 3217 2154 3284 (ἶ

431 3345 680 3420 quodin
740 3338 1027 3415 principio
1088 3331 1355 3406 Epistola:
1412 3331 1484 3386 ad
1542 3329 2080 3420 Haebreosinonse

433 3417 766 3507 apostolum
822 3427 1107 3489 nominat,
1170 3438 1302 3477 cum
1363 3421 1422 3474 in
1479 3419 1756 3507 omnibus
1803 3417 2080 3489 Epistolis

435 3506 548 3579 hoc
605 3519 810 3585 faciat;
871 3513 1013 3586 quia
1069 3511 1128 3564 in
1187 3507 1567 3578 sequentibus
1625 3506 1923 3561 Christum
1956 3522 2079 3560 ma-

437 3625 624 3684 gnum
653 3622 780 3663 esse
809 3601 1143 3676 pontificem
1201 3601 1258 3652 et
1300 3593 1626 3666 apostolum
1676 3594 2080 3684 descripturus

437 3683 582 3756 erat.
606 3694 893 3768 Apostolus
914 3689 1070 3745 enim
1093 3688 1304 3753 Graece,
1333 3684 1533 3739 Latine
1554 3684 1778 3748 missus,
1803 3683 2082 3738 Hebraice

438 3787 652 3844 dicitur
680 3784 831 3852 sitas,
863 3779 957 3836 cui
988 3776 1163 3833 etiam
1211 3789 1418 3828 nomen
1451 3789 1486 3826 a
1516 3771 1794 3826 mittendo
1824 3772 2081 3844 imponi-

442 3874 882 3934 tur.Sciendum
899 3872 1094 3924 autem
1124 3863 1262 3935 quia
1290 3861 1505 3917 Hebraai
1537 3861 1830 3932 apostolos
1861 3865 1917 3916 et
1949 3879 2078 3934 pro-

441 3968 652 4041 phetas
682 3977 809 4019 esse
833 3959 1058 4024 dicunt,
1086 3954 1156 4008 ad
1180 3968 1327 4024 quos
1347 3951 1586 4006 verbum
1612 3949 1910 4006 missionis
1941 3951 2081 4006 diri-

439 4040 617 4131 gitur,
651 4053 803 4110 sicut
834 4048 944 4105 fuit
996 4046 1243 4116 Moyses,
1294 4041 1385 4096 cui
1417 4040 1640 4131 dictum
1691 4044 1812 4131 est:
1855 4042 2002 4131 Veni,
2033 4047 2083 4097 et

439 4128 657 4202 mittam
686 4152 738 4198 te
767 4137 956 4209 (Exod.
992 4152 1078 4199 III,
1113 4133 1222 4203 10),
1259 4134 1364 4186 etc.
1396 4147 1408 4184 :
1443 4133 1499 4183 et
1528 4130 1650 4199 ipse
1682 4128 1797 4184 ait:
1833 4130 2080 4196 Obsecro,

438 4233 688 4299 Domine,
729 4229 887 4283 mitte
939 4223 1130 4294 (Exod.
1167 4237 1241 4285 ιν,
1302 4219 1410 4287 13),
1469 4221 1619 4282 etc.;
1681 4220 1738 4270 et
1793 4217 1945 4272 sicut
1975 4218 2086 4272 fuit

440 4322 647 4386 Isaias,
679 4317 779 4389 qui
811 4315 930 4370 ait:
982 4317 1113 4367 Ecce
1135 4323 1258 4395 .ego
1306 4308 1463 4395 mitte
1493 4321 1579 4358 me
1635 4306 1760 4375 (Isa.
1795 4323 1870 4395 vi,
1903 4307 1956 4374 8)
1983 4325 1994 4371 ;
2029 4311 2086 4361 et

442 4408 632 4466 ueteri
661 4403 954 4478 prophetae
977 4417 990 4454 :
1017 4394 1170 4454 recte
1190 4394 1360 4450 etiam
1385 4394 1639 4448 Joannes
1663 4394 1923 4465 Baptista
1946 4412 2082 4467 apo-

441 4497 630 4556 stolus
658 4499 718 4551 et
746 4490 1028 4566 propheta
1081 4485 1313 4552 dicitur,
1374 4481 1514 4553 quia
1561 4482 1630 4536 de
1670 4481 1767 4537 illo
1798 4483 2079 4553 scriptum

442 4592 568 4645 est:
601 4586 724 4641 Fuit
752 4583 911 4637 homo
939 4579 1138 4632 missus
1167 4591 1202 4628 a
1229 4575 1336 4628 Deo
1366 4572 1541 4641 (Joan.
1575 4587 1613 4640 ι,
1645 4572 1746 4641 6.).

513 4675 791 4746 Sequitur
817 4686 830 4726 :
852 4670 968 4725 Non
989 4668 1055 4721 ab
1075 4662 1424 4721 homimibus.
1446 4659 1754 4715 Sciendum
1779 4666 1867 4715 est
1887 4665 2080 4716 autem

442 4766 583 4840 quia
611 4766 861 4835 quatuor
890 4760 1030 4814 sunt
1057 4769 1270 4826 genera
1298 4750 1718 4840 apostolorum.
1753 4754 1898 4840 Sunt
1923 4751 2080 4806 enim

439 4854 540 4928 qui
571 4867 759 4924 neque
788 4849 860 4904 ab
889 4843 1251 4906 hominibus,
1275 4855 1463 4911 neque
1494 4855 1594 4910 per
1622 4839 1919 4894 hominem
1954 4841 2082 4896 mit-

437 4927 773 5006 tiuntur,sed
807 4955 840 4993 a
871 4931 1161 5005 Deo’,sicut
1189 4929 1498 5001 Moyses,et
1529 4927 1820 5000 prophetae
1852 4945 2076 4996 omnes,

435 5039 494 5090 et
524 5028 807 5104 apostoli;
843 5027 982 5080 item
1040 5024 1197 5086 sunt,
1245 5018 1342 5090 qui
1401 5018 1716 5072 mittuntur
1745 5035 1778 5072 a
1812 5019 1942 5083 Deo,
1976 5020 2078 5074 sed

433 5138 538 5196 per
569 5118 858 5185 homines,
891 5118 956 5168 ut
983 5111 1198 5173 Josue;
1230 5106 1370 5161 item
1402 5109 1560 5170 sunt,
1593 5105 1693 5176 qui
1729 5123 1841 5160 non
1873 5123 1905 5160 a
1943 5108 2074 5196 Deo,

431 5193 533 5268 sed
567 5227 668 5283 per
696 5204 994 5263 hominem
1025 5199 1172 5271 (807)
1198 5197 1602 5265 mittuntur,ut
1629 5193 1889 5283 illi,quos
1919 5195 2074 5250 vide-

431 5282 655 5356 musiin
685 5293 963 5362 Ecclesia,
986 5289 1139 5346 datis
1163 5284 1504 5341 muneribus
1526 5284 1596 5338 ob
1620 5282 1773 5354 vulgi
1798 5285 2071 5356 favorem,

501 5531 1131 5604 (806)Autog.notan_z.
1213 5595 1220 5604 _
1403 5587 1412 5598 _
1498 5603 1551 5604 Ἡ
1616 5587 1681 5604 γ,
1763 5588 1772 5598 ,
1979 5589 1990 5600 ,

501 5597 647 5674 (807)
678 5597 884 5674 Verba,
912 5607 1040 5674 ut...
1073 5597 1366 5674 hominem,
1400 5597 1457 5674 in
1491 5597 1775 5671 superiori
1808 5597 2072 5674 margine

418 5660 665 5746 codicis,
696 5660 898 5729 eodem
939 5669 1295 5730 charactere,
1357 5660 1458 5716 sed
1493 5661 1690 5717 minus
1719 5661 1884 5734 nigro
1915 5660 2068 5720 atra.

2187 1902 2548 1972 apostolatus
2580 1906 2987 1960 auctoritatem
3022 1911 3392 1961 monstraret.
3437 1907 3675 1971 Quibus
3708 1907 3828 1961 facit

2188 1991 2464 2046 adversus
2496 1993 2720 2063 eos,qui
2751 2009 2885 2048 eum
2936 2011 3052 2050 non
3083 2012 3209 2050 esse
3256 2012 3456 2050 verum
3496 1994 3825 2067 Apostolum

2188 2079 2536 2145 dicebant,et
2559 2081 2606 2135 ei
2633 2086 2864 2136 caeteros
2891 2083 3184 2154 apostolos
3207 2084 3827 2156 praeferebant.Verum

2191 2186 2261 2224 ne
2293 2169 2625 2225 defensores
2657 2169 2800 2243 legis
2853 2171 3135 2228 haberent
3183 2173 3372 2228 locum
3410 2173 3672 2240 dicendi,
3708 2174 3830 2244 quia

2191 2275 2304 2313 non
2335 2263 2423 2313 est
2451 2277 2622 2314 verus
2652 2262 2987 2330 Apostolus,
3013 2263 3291 2332 quoniam
3323 2262 3710 2334 aliter,quam
3743 2263 3829 2318 Pe.

2190 2353 2336 2416 trus,
2368 2353 2424 2402 et
2455 2347 2660 2418 reliqui
2719 2349 2907 2414 docet,
2934 2349 3013 2404 ait
3043 2350 3204 2421 ipse:
3263 2351 3377 2406 Noa
3403 2351 3474 2406 ab
3503 2351 3832 2418 hominibus,

2189 2442 2336 2502 etc.;
2375 2453 2439 2491 ac
2471 2436 2520 2491 si
2552 2437 2828 2492 dixisset:
2889 2439 2962 2492 ab
3007 2437 3104 2494 illo
3162 2439 3338 2495 didici
3375 2439 3777 2512 Evangelium,
3808 2458 3837 2495 ι

2189 2542 2304 2596 quo
2335 2530 2392 2580 et
2450 2526 2674 2593 Petrus,
2707 2531 2764 2580 et
2822 2526 3070 2598 reliqui;
3116 2533 3174 2582 et
3231 2527 3361 2584 ideo
3414 2546 3525 2588 non
3557 2546 3695 2584 sum
3731 2529 3838 2584 illis

2189 2614 2444 2669 inferior.
2480 2615 2577 2669 Est
2605 2615 2779 2670 etiam
2838 2616 3160 2671 notandum
3217 2635 3400 2688 quare
3431 2618 3619 2674 dicat:
3655 2618 3839 2689 Neque

2185 2719 2288 2774 per
2317 2703 2611 2759 hominem.
2646 2704 2919 2776 Nunquid
2956 2710 3131 2777 negat
3159 2706 3456 2762 Christum
3490 2707 3842 2764 hominem?

2191 2793 2337 2864 Non,
2369 2793 2740 2864 inquam,sed
2773 2810 2988 2864 purum
3019 2795 3316 2851 hominem
3345 2802 3522 2868 negat
3549 2815 3562 2864 ;
3597 2798 3726 2853 sive
3750 2813 3836 2852 ne-

2189 2887 2288 2954 gat
2316 2882 2633 2951 hominem,
2669 2882 2809 2954 quia
2837 2883 2942 2938 etsi
2977 2883 3151 2939 homo
3181 2889 3326 2952 erat,
3363 2890 3425 2939 ut
3458 2885 3616 2940 Deus
3646 2891 3839 2942 tamen

2189 2977 2476 3045 praecepta
2503 2973 2696 3027 dabat.

2260 3061 2570 3133 Sequitur:
2621 3061 2722 3116 Sed
2750 3077 2853 3131 per
2904 3064 3090 3118 Iesum
3142 3063 3439 3135 Christum,
3493 3069 3608 3132 etc,
3643 3067 3839 3123 Scien-

2191 3151 2332 3204 dum
2365 3149 2503 3220 quia
2558 3149 2870 3221 Apostolus
2925 3150 2983 3205 in
3037 3151 3146 3207 hoc
3197 3151 3323 3207 loco
3355 3152 3502 3218 Arii,
3536 3154 3842 3210 Manichai

2191 3243 2365 3310 atque
2398 3237 2624 3292 Photini
2671 3239 2886 3310 pariter
2931 3239 3184 3294 destruit
3237 3257 3486 3297 errores.
3522 3241 3632 3298 Ubi
3670 3245 3844 3299 etiam

2189 3327 2532 3393 notandum,
2567 3327 2704 3398 quia
2735 3343 2766 3381 a
2798 3331 2963 3382 Patre
2994 3327 3207 3383 dicitur
3236 3331 3579 3386 resuscitari
3605 3335 3731 3388 Act.
3768 3347 3843 3395 ut,

2192 3416 2298 3486 15),
2334 3415 2486 3470 sicut
2531 3421 2587 3470 et
2644 3416 2701 3469 in
2753 3415 2994 3470 Actibus
3051 3417 3449 3488 apostolorum
3497 3419 3846 3492 legitur;et

2192 3509 2387 3559 tamen
2411 3523 2444 3560 a
2475 3521 2535 3560 se
2565 3505 2903 3560 resuscitari
2934 3511 3226 3561 narratur.
3261 3507 3446 3578 Cujus
3498 3510 3845 3582 quaestionis

2191 3598 2350 3665 patet
2385 3594 2690 3665 expositio.

2261 3682 2533 3753 Sequitur
2558 3700 2571 3740 :
2602 3684 2666 3738 Et
2696 3686 2793 3754 qui
2819 3701 3028 3739 meeum
3057 3695 3184 3740 sunt
3210 3688 3421 3756 fratres
3452 3703 3669 3744 omnes.
3705 3691 3848 3746 Sane

2193 3774 2537 3836 notandum,
2571 3771 2710 3842 quia
2738 3789 2872 3827 cum
2902 3772 2960 3826 in
2993 3773 3218 3829 caeteris
3246 3775 3512 3846 epistolis
3546 3794 3712 3834 nunc
3745 3780 3847 3834 So—

2192 3866 2415 3932 stenen,
2449 3878 2605 3916 nunc
2647 3861 2983 3933 Sylvanum,
3031 3879 3458 3935 nonnunquam
3487 3883 3624 3922 vero
3655 3869 3848 3923 Timo-

2191 3951 2395 4006 theum
2411 3950 2522 4006 sibi
2544 3951 2948 4022 conjungat,in
2972 3952 3080 4007 hac
3105 3969 3336 4024 quoque
3351 3955 3618 4025 Epistola
3641 3973 3849 4013 omnes

2194 4041 2402 4095 fratres
2432 4039 2542 4096 sibi
2573 4039 2776 4094 sociat.
2797 4041 2958 4105 Quod
2990 4041 3120 4096 ideo
3153 4042 3287 4114 egit,
3315 4043 3459 4114 quia
3487 4048 3688 4116 major
3717 4053 3854 4101 tunc

2195 4130 2510 4184 auctoritas
2542 4130 2869 4184 necessaria
2899 4136 3043 4195 erat,
3075 4137 3366 4202 quatenus
3399 4133 3544 4190 dum
3578 4137 3852 4190 omnium

2195 4218 2439 4271 fratrum
2472 4216 2878 4272 salutationem
2914 4219 3183 4274 audirent
3221 4236 3428 4276 omnes
3472 4223 3759 4278 adversus
3791 4237 3855 4276 se

2195 4305 2534 4359 sollicitatos
2582 4310 2640 4359 et
2684 4307 3444 4379 commotosintelligerent,
3480 4315 3540 4365 et
3587 4311 3856 4366 immane

2195 4394 2423 4449 facinus
2455 4411 2517 4449 se
2545 4395 2915 4451 commisisse
2944 4401 3344 4468 agnoscerent,
3376 4403 3436 4452 et
3465 4399 3538 4454 ad
3570 4399 3858 4456 emenda-

2194 4484 2412 4538 tionem
2445 4485 2856 4554 confugerent;
2912 4485 3190 4556 quoniam
3226 4485 3486 4542 multum
3518 4488 3680 4544 valet
3709 4505 3857 4544 con-

2117 4583 2164 4647 D
2195 4587 2405 4628 sensus
2438 4571 2824 4644 plurimorum
2858 4574 2929 4628 ad
2960 4574 3368 4646 corrigendum
3398 4577 3635 4632 facinus
3669 4578 3859 4633 malo-

2195 4677 2321 4714 rum
2351 4679 2362 4715 :
2399 4677 2533 4715 nam
2566 4677 2679 4730 quo
2711 4661 2962 4732 quisque
2995 4679 3028 4716 a
3072 4662 3340 4733 pluribus
3372 4665 3861 4735 reprehenditur,

2192 4765 2257 4803 eo
2289 4765 2349 4803 se
2380 4754 2434 4802 et
2467 4749 2700 4819 gravius
2759 4748 3075 4820 deliquisse
3135 4752 3454 4822 cognoscit,
3509 4758 3566 4808 et
3617 4753 3862 4810 facilius

2192 4838 2556 4892 emendatur.

2263 4926 2574 4998 Sequitur:
2612 4927 2863 4982 Ecclesiz's
2897 4926 3157 4983 Galatiae.
3186 4928 3522 4985 Notandum
3556 4931 3707 5002 quia
3741 4947 3860 4985 non

2190 5015 2330 5070 dicit
2362 5014 2755 5079 Ecclesiae,sed
2804 5016 3098 5086 Ecclesiis,
3156 5021 3221 5070 ut
3263 5018 3602 5074 ostenderet
3630 5036 3706 5075 se
3739 5036 3862 5074 non

2190 5104 2386 5158 minus
2415 5103 2578 5158 urbis
2594 5102 2870 5174 plebi,sed
2888 5104 3067 5158 totius
3087 5103 3392 5176 provinciae
3408 5105 3862 5162 habitatoribus

2187 5193 2512 5264 scripsisse.
2546 5192 2692 5247 Nota
2749 5193 2886 5263 quia
2917 5193 3045 5247 illas
3085 5192 3372 5248 Ecclesias
3403 5194 3568 5266 dicit,
3600 5212 3769 5267 quas
3803 5197 3864 5251 in

2185 5282 2566 5354 sequentibus
2599 5281 2775 5336 variis
2814 5282 3109 5336 erroribus
3139 5287 3301 5338 notat
3330 5283 3648 5357 deceptas:
3695 5285 3868 5341 unde

2185 5522 2378 5572 mento
2411 5514 3012 5588 scriptaleguntur,et
3053 5533 3121 5570 ex
3150 5515 3265 5571 divi
3296 5516 3636 5588 Hieronymi
3675 5517 3869 5576 Corn-

2183 5587 2598 5646 mentarioru’m
2631 5587 2730 5644 lib.
2766 5605 2783 5642 ι
2815 5589 2978 5646 initio
3010 5594 3276 5665 excerpta
3303 5587 3580 5670 videntur
