4060 6164
229 331 336 396 49³1

738 332 747 337 ’
819 334 1237 401 EXPOSITIO
1278 335 1359 401 IN
1405 336 1838 401 EPISTOLAS
1882 337 2145 403 PAULI.
2172 340 2349 403 -lN
2391 340 2642 406 EPIST.
2688 341 2795 405 AD
2841 339 3029 407 GAL;

3510 338 3631 402 498

230 467 586 525 monstratur
611 467 751 540 quia
779 473 870 525 est
898 471 1151 541 perfecta
1179 471 1436 528 Ecclesia
1490 488 1605 528 non
1639 472 1863 531 habens
1893 479 1945 548 Α
1985 474 2109 530 dies
2141 475 2439 547 angustias
2471 480 2527 531 et
2556 489 2861 548 pressuras
2892 470 3224 548 appellavit,
3255 471 3472 548 quibus
3503 473 3628 532 fne-

231 556 517 615 macnlam
547 575 738 630 neque
767 574 1012 632 rugam;
1070 566 1129 615 et
1183 564 1273 616 est
1325 561 1665 632 imperfecta
1715 580 1863 635 quae,

232 647 477 703 necdum
507 649 934 705 consummatis
960 649 1298 717 virtutibus,
1320 650 1383 707 in
1412 652 1648 707 nomine
1668 656 1864 708 tamen

227 741 359 792 Jesu
392 742 745 809 congregata
773 739 941 807 (808),
976 738 1169 811 aliquo
1201 741 1515 813 depravata
1534 756 1747 797 errore.
1783 743 1867 799 Si-

231 824 443 882 militer
469 828 527 880 et
557 826 792 896 sapiens
822 827 1028 883 bifarie
1056 828 1288 884 dicitur.
1337 831 1437 885 Est
1492 831 1742 903 perfecte
1773 848 1865 887 sa-

230 914 409 988 piens,
447 919 513 969 ut
539 914 644 983 illi,
703 917 775 972 de
830 917 1045 988 quibus
1108 919 1391 975 Dominus
1446 921 1561 976 ait:
1595 922 1723 976 Ecce
1769 936 1865 989 ego

226 1002 439 1058 mittam
473 1004 555 1058 ad
596 1019 685 1059 vos
726 1005 1003 1076 sapientes
1047 1006 1254 1077 (Matth.
1308 1023 1471 1073 χχιιι,
1527 1009 1656 1078 34);
1692 1013 1780 1063 est
1811 1012 1867 1063 et

228 1092 561 1164 imperfecte
590 1094 827 1164 sapiens
880 1095 1064 1165 (809);
1112 1096 1268 1150 unde
1324 1095 1641 1151 Salomon:
1692 1098 1867 1167 Argue

224 1183 539 1253 sapientem,
569 1186 623 1237 et
650 1183 857 1238 amabit
898 1192 950 1239 te
980 1186 1161 1253 (Prov.
1192 1201 1314 1253 νηί,
1345 1186 1424 1253 9).
1458 1185 1717 1240 Profecto
1748 1202 1863 1248 non

226 1271 448 1343 indiget
475 1272 886 1342 redargutione
916 1274 1082 1343 (810).
1118 1275 1183 1328 Et
1238 1275 1393 1345 quod
1453 1276 1524 1330 de
1553 1273 1859 1345 sapientia,

222 1361 324 1417 hoc
351 1361 429 1416 de
458 1360 747 1431 castitate,
780 1366 839 1417 et
868 1363 1225 1430 fortitudine,
1285 1370 1343 1419 et
1399 1364 1622 1420 caeteris
1673 1366 1866 1435 potest

219 1448 463 1522 intelligi
483 1448 838 1518 virtutibus;
871 1452 1011 1522 quia
1042 1453 1308 1508 nonnulli
1340 1454 1398 1508 in
1455 1471 1655 1508 earum
1712 1454 1866 1507 inve-

219 1538 464 1594 niuntur
486 1537 663 1608 cales,
696 1540 962 1595 nonnulli
993 1556 1130 1597 vero
1156 1542 1214 1596 in
1250 1546 1540 1613 provectu.

285 1626 600 1700 Sequitur:
633 1627 825 1684 Gratia
852 1630 1018 1699 vobis,
1051 1638 1102 1685 et
1126 1647 1257 1701 pas,
1304 1631 1745 1687 etc.Sciendum
1777 1637 1866 1687 est

221 1720 410 1771 autem
437 1717 954 1788 qutaprofundiori
974 1718 1301 1785 consilio,et
1314 1719 1605 1775 subtiliori
1629 1720 1862 1791 ingenio

218 1804 273 1860 in
294 1805 401 1861 hac
426 1803 703 1876 Epistula,
727 1821 906 1877 quam
930 1806 988 1861 in
1011 1805 1263 1873 aliis,his
1283 1809 1653 1863 sermonibus
1678 1809 1866 1863 utitur

225 1892 556 1966 Apostolus.
588 1893 848 1949 Gratiam
880 1896 1100 1967 quippe
1124 1894 1245 1951 illis
1302 1896 1754 1967 imprecabatur,
1801 1901 1864 1951 ut

222 1983 559 2039 ostenderet
579 1983 853 2054 quianon
877 1982 1021 2056 legis
1063 1984 1359 2056 operibus,
1408 1986 1509 2040 sed
1543 1985 1642 2041 Dei
1676 1985 1865 2057 gratia

209 2072 525 2143 justiﬂcari
549 2076 827 2144 possent:
860 2088 998 2127 nam
1024 2073 1073 2126 si
1104 2072 1252 2145 legis
1274 2074 1549 2144 operibus
1570 2074 1863 2144 justiﬁes-

218 2165 444 2232 rentur,
476 2161 666 2232 gratia
688 2162 815 2231 jam
844 2176 960 2217 non
990 2166 1145 2217 esset
1172 2163 1379 2233 gratia.
1405 2163 1654 2234 Optabat
1683 2167 1739 2218 et
1770 2180 1865 2234 pa-

214 2265 361 2317 cem,
392 2255 463 2305 ut
482 2254 746 2305 moneret
774 2266 874 2305 eos
903 2250 963 2305 in
990 2257 1178 2320 empta
1206 2251 1476 2307 libertate
1500 2253 1709 2308 debere
1740 2270 1864 2308 ma-

214 2354 373 2405 nere,
408 2338 552 2409 quia
580 2339 680 2393 ubi
712 2355 828 2394 non
849 2344 940 2395 est
960 2357 1092 2412 pax,
1118 2356 1223 2396 nec
1243 2340 1482 2397 libertas
1506 2341 1643 2396 ulla.
1669 2342 1864 2397 Gratia

209 2442 345 2482 vero
378 2431 491 2495 est,
524 2444 642 2498 qua
673 2426 1009 2483 relaxantur
1039 2433 1290 2498 peccata,
1323 2434 1432 2485 etc.

283 2515 607 2585 Sequitur:
642 2516 751 2583 Qui
776 2514 922 2571 dedit
977 2518 1328 2589 semetipsum
1377 2534 1476 2589 pro
1502 2522 1735 2590 peccatis
1762 2537 1859 2575 no-

214 2606 313 2660 tris
344 2602 603 2659 Multum
636 2606 853 2677 quippe
875 2606 1025 2661 valet
1044 2606 1115 2660 ad
1140 2607 1268 2676 ejus
1290 2607 1860 2680 intentionem,quod

212 2692 325 2749 ait:
361 2695 474 2762 Qui
501 2693 671 2760 dedit,
702 2699 851 2750 etc.:
886 2711 1022 2750 nam
1056 2695 1270 2751 idcirco
1300 2696 1410 2752 hoc
1455 2697 1555 2766 ait,
1612 2703 1678 2753 ut
1718 2699 1858 2753 dum

211 2782 294 2837 illi
313 2783 592 2838 audirent
611 2782 907 2839 Christum
934 2798 1037 2855 pro
1060 2785 1312 2856 peccatis
1337 2786 1860 2854 traditum,intelli-

211 2875 419 2943 gerent
444 2887 511 2926 se
539 2871 811 2942 operibus
831 2871 976 2944 legis
990 2872 1300 2941 justiﬁcari
1327 2891 1440 2929 non
1464 2892 1636 2947 posse
1660 2894 1674 2942 ;
1700 2877 1861 2948 quia,

211 2960 259 3015 si
288 2960 443 3033 legis
466 2960 741 3031 operibus
755 2962 1245 3030 justiﬁcarentur,
1272 2962 1490 3019 frustra
1512 2982 1574 3019 se
1596 2966 1862 3019 Christus

210 3065 313 3120 pro
344 3051 607 3120 peccatis
628 3049 986 3105 tradidisset.
1010 3050 1280 3106 Ofﬁcium
1303 3068 1559 3123 namque
1586 3053 1730 3124 legis
1755 3054 1867 3108 fuit

206 3142 454 3210 peccata
478 3139 993 3209 manifestare,non
1009 3143 1206 3194 tamen
1225 3139 1454 3195 abolere
1472 3159 1485 3208 ;
1500 3140 1579 3195 Cb
1589 3142 1715 3195 risti
1729 3159 1865 3197 vero

1977 570 2067 621 rat
2094 569 2354 620 vexatus.

2046 653 2359 727 Apostolus
2413 668 2568 719 vero,
2628 658 2691 709 ut
2748 652 3118 709 traditionem
3178 652 3306 709 Filii
3337 659 3527 711 ratam
3558 658 3616 711 et

1976 743 2214 815 dignam
2251 742 2601 809 ostenderet,
2634 749 2692 798 et
2722 743 2987 799 eamdem
3047 740 3439 811 confirmaret,
3489 744 3620 801 ideo

1975 832 2299 888 secundum
2334 830 2523 886 Patris
2551 830 2912 887 voluntatem
2937 832 3146 888 factam
3170 847 3300 887 esse
3320 831 3465 887 dixit
3489 848 3501 887 :
3526 832 3620 889 Se-

1973 922 2219 977 cundum
2240 923 2593 985 voluntatem,
2643 919 2852 991 inquit,
2887 923 2994 977 Dei
3010 939 3030 983 ;
3053 921 3153 977 ubi
3199 920 3454 977 ostendit
3482 921 3622 992 quia
3726 954 3741 962 -

1975 1028 2081 1066 nec
2108 1010 2292 1065 Filius
2314 1008 2440 1065 sine
2463 1009 2761 1065 voluntate
2784 1010 2994 1075 Patris,
3018 1026 3122 1066 nec
3142 1009 3313 1065 Pater
3332 1025 3465 1065 cum
3495 1014 3617 1065 tra-

1974 1100 2124 1155 didit
2156 1098 2523 1169 sineipsius;
2557 1096 2835 1167 quoniam
2866 1097 3017 1153 sicut
3048 1116 3165 1155 una
3186 1103 3497 1155 esteorum
3522 1114 3623 1153 na-

1974 1195 2125 1255 tura,
2153 1189 2235 1243 sic
2259 1194 2317 1241 et
2339 1203 2456 1241 una
2486 1185 2753 1242 voluntas
2772 1190 2829 1241 et
2844 1187 3124 1257 operatio.
3149 1187 3419 1243 Ostendit
3440 1186 3617 1242 etiam

1975 1279 2112 1349 quia
2138 1277 2295 1331 idem
2329 1276 2517 1330 Patris
2545 1272 2905 1329 voluntatem
2925 1273 2982 1328 in
3006 1273 3280 1330 omnibus
3310 1274 3613 1347 implevit:

1973 1368 2127 1438 quod
2160 1366 2285 1437 ipse
2308 1365 2568 1437 apertius
2601 1363 2934 1419 manifestat
2963 1379 3096 1418 cum
3128 1363 3305 1419 dicit:
3334 1366 3451 1420 Non
3493 1366 3622 1421 veni

1971 1461 2153 1529 facere
2180 1455 2516 1510 voluntatem
2542 1469 2726 1508 meam
2757 1453 2940 1524 (Joan.
2992 1468 3067 1522 VI,
3100 1452 3215 1523 38),
3240 1456 3346 1507 etc.
3381 1453 3527 1509 Nam
3560 1458 3621 1511 et

1973 1547 2082 1601 hoc
2115 1561 2231 1599 non
2260 1543 2450 1598 solum
2485 1541 2687 1612 Filius,
2720 1542 2821 1596 sed
2850 1540 3165 1613 Apostolus
3194 1540 3346 1613 egit:
3382 1549 3444 1596 ut
3482 1559 3615 1610 non,

1974 1636 2099 1707 ipse
2121 1634 2219 1700 ait,
2250 1649 2309 1688 se
2337 1632 2651 1688 hominibus
2679 1631 2899 1702 placere
2930 1630 3065 1699 (Gal.
3100 1646 3139 1697 ι,
3166 1628 3275 1701 10),
3323 1633 3431 1685 etc.
3464 1630 3617 1694 Qua-

1974 1727 2209 1796 propter
2238 1737 2408 1776 nemo
2440 1735 2608 1776 suam
2639 1719 3020 1784 voluntatem,
3053 1717 3153 1773 sed
3175 1717 3614 1791 illiusimplere,

1972 1818 2029 1869 et
2053 1829 2222 1867 nemo
2247 1827 2437 1877 suam,
2472 1810 2571 1864 sed
2604 1807 2764 1863 illius
2794 1807 3040 1880 gloriam
3073 1823 3328 1879 quaerere
3358 1806 3611 1864 studeat.

2043 1901 2357 1972 Sequitur:
2393 1898 2497 1953 Cui
2522 1905 2601 1953 est
2628 1897 2825 1968 gloria;
2857 1900 2963 1952 etc.
3025 1895 3275 1951 Infinitis
3317 1894 3616 1952 beneficiis

1972 1990 2213 2044 inﬁnitae
2246 1988 2447 2043 laudes
2477 1987 2787 2042 debentur.
2820 1984 3123 2040 Inﬁnitum
3156 1984 3374 2057 quippe
3405 1984 3619 2040 beneﬁ-

1975 2079 2129 2134 cium
2163 2079 2291 2143 fuit,
2323 2078 2481 2149 quod
2510 2076 2676 2131 Pater
2704 2091 2820 2130 non
2844 2073 3142 2147 angelum,
3167 2090 3283 2128 non
3305 2072 3620 2146 archange-

1975 2168 2119 2237 lum,
2152 2168 2251 2222 sed
2285 2164 2589 2238 proprium
2623 2163 2831 2218 Filium
2863 2178 2966 2234 pro
2998 2160 3253 2233 peccatis
3309 2160 3618 2216 hominum

1973 2257 2253 2323 tradidit;
2286 2260 2343 2311 et
2363 2252 2773 2310 ideoinfinitas
2799 2251 3004 2306 laudes
3030 2251 3280 2305 reddens
3311 2249 3492 2304 dicit:
3518 2247 3623 2305 Cui

1972 2355 2050 2403 est
2076 2347 2251 2417 gloria
2288 2345 2347 2398 in
2374 2343 2579 2397 saecula
2609 2340 2956 2398 saeculorum.
3017 2336 3239 2394 Saecula
3268 2336 3618 2393 saeculorum

1973 2434 2268 2497 dicuntur,
2302 2431 2456 2487 sicut
2484 2429 2718 2486 Cantica
2746 2428 3130 2494 canticorum,
3162 2431 3221 2482 et
3250 2427 3368 2482 Rex
3390 2442 3616 2499 regum.

1971 2525 2119 2579 Sunt
2142 2536 2399 2593 namque
2412 2518 2781 2590 saecula,quze
2798 2516 3117 2572 multorum
3135 2514 3481 2571 saeculorum
3500 2514 3618 2570 col-

1969 2613 2213 2668 lectione
2244 2612 2523 2665 dicuntur
2552 2609 2762 2664 smeula
2791 2605 3157 2664 saeculorum.
3190 2605 3261 2660 Et
3288 2605 3463 2676 {quod
3495 2604 3613 2660 ait:

1968 2704 2029 2757 In
2050 2703 2249 2757 saecula
2299 2700 2650 2764 swculorum,
2685 2713 2787 2770 pro
2817 2696 3048 2751 inﬁnito
3107 2694 3323 2769 posuit.
3374 2692 3619 2749 Ponitur

1969 2791 2143 2847 etiam
2178 2806 2278 2861 pro
2308 2789 2492 2856 ﬁnito,
2528 2791 2592 2842 ut
2633 2787 2812 2841 illud:
2864 2786 2983 2841 Erit
3011 2785 3119 2840 tibi
3139 2797 3329 2839 servus
3358 2782 3419 2837 in
3445 2796 3595 2839 δέεαι

1971 2882 2086 2935 lum
2116 2878 2325 2950 (Exod.
2358 2892 2473 2940 xxx,
2518 2877 2614 2943 6):
2668 2874 2726 2929 in
2774 2872 3130 2945 quibusdam
3181 2870 3615 2943 exemplaribus

1971 2967 2287 3028 invenitur,
2319 2965 2379 3018 in
2400 2964 2813 3034 sempiternum,
2849 2961 2948 3015 ubi
2980 2959 3278 3027 saeculum,
3303 2957 3611 3028 jubilaaum

1973 3070 2194 3111 annum
2229 3049 2519 3124 appellat:
2550 3066 2707 3117 nam,
2741 3048 2894 3103 sicut
2926 3048 3074 3119 (812)
3099 3046 3235 3101 ﬁnis
3266 3044 3464 3101 saeculi
3507 3050 3625 3100 ter-

1978 3142 2176 3198 minus
2189 3142 2297 3195 erit
2310 3154 2619 3194 causarum
2634 3140 2689 3192 et
2699 3152 2893 3191 rerum
2908 3133 3173 3190 omnium
3186 3130 3624 3205 temporalium,

205 3226 639 3298 miserationis,
663 3227 990 3299 dignitatis,
1013 3232 1188 3298 atque
1209 3229 1514 3299 potestatis
1537 3230 1665 3296 fuit,
1686 3231 1871 3285 mani-
1900 3210 1943 3276 Ο
1980 3234 2064 3289 sic
2096 3236 2153 3286 et
2166 3227 2446 3301 jubilzeus
2467 3225 2651 3281 totius
2672 3229 2796 3281 erat
2827 3223 2961 3279 ﬁnis
2990 3221 3325 3294 emptionis,
3347 3220 3629 3277 venditio-

200 3316 426 3372 festare
458 3316 704 3387 pariter,
730 3321 789 3371 et
819 3315 1050 3371 abolere
1069 3321 1325 3387 peccata.
1351 3317 1600 3386 Ideoque
1630 3318 1870 3372 tradidit

195 3422 259 3460 se
292 3405 499 3477 pietas
536 3408 602 3458 ut
633 3420 737 3458 nos
768 3403 841 3457 ab
862 3404 1181 3474 impietate,
1210 3404 1515 3474 etjustitia
1541 3405 1613 3460 ab
1640 3406 1870 3477 injusti-

190 3493 296 3563 tia,
332 3497 397 3548 et
430 3492 692 3561 aequitas
722 3492 796 3546 ab
825 3491 1136 3562 iniquitate
1183 3491 1472 3548 liberaret.
1536 3494 1696 3549 Unde
1735 3512 1869 3551 mox

193 3581 593 3651 subjungeus
622 3580 738 3633 ait:
778 3582 842 3637 Ut
869 3583 1102 3651 eriperet
1130 3597 1228 3636 nos
1277 3582 1341 3636 de
1388 3586 1644 3653 praesenti
1670 3588 1868 3640 δικαιιο

202 3685 475 3741 nequam.
492 3668 684 3732 Quaeri
700 3673 893 3722 autem
910 3672 1292 3739 potestquare
1309 3670 1586 3726 sarculum
1612 3689 1864 3744 nequam

204 3759 386 3814 dicat.
423 3756 725 3813 Saeculum
761 3756 998 3828 quidem
1030 3772 1241 3813 cursus
1271 3762 1360 3813 est
1389 3758 1868 3830 solis,etlunaz,et

205 3846 562 3903 volubilitas
583 3860 894 3900 annorum.
925 3844 1055 3899 Haec
1076 3845 1232 3899 enim
1254 3847 1454 3901 omnia
1470 3864 1516 3901 -a
1541 3848 1657 3902 Deo
1677 3854 1869 3904 creata

208 3941 371 4005 sunt,
403 3941 469 3993 et
497 3935 658 3990 bona
687 3938 845 3989 sunt.
878 3935 1025 4006 Ergo
1055 3935 1141 3988 sic
1170 3935 1388 3989 dicitur
1414 3952 1664 4007 nequam
1687 3955 1867 3992 sarcu-

211 4025 357 4097 lum,
392 4026 562 4082 sicut
589 4023 747 4078 mala
800 4022 1069 4088 bonitas;
1102 4025 1161 4076 et
1189 4022 1415 4090 civitas,
1466 4030 1522 4078 et
1546 4024 1868 4079 infamatus

209 4117 421 4183 saltus,
445 4132 520 4173 eo
554 4113 711 4185 quod
733 4113 980 4183 sanguis
1008 4111 1089 4166 ibi
1118 4112 1470 4179 effundatur,
1495 4118 1552 4167 et
1572 4112 1725 4169 sicut
1746 4113 1870 4169 dies

210 4207 377 4276 mali;
401 4205 571 4262 unde
588 4200 904 4273 Apostolus
928 4216 941 4254 :
968 4200 1299 4256 Redimentes
1338 4204 1549 4271 tempus
1598 4202 1794 4272 (Ephes
1813 4220 1868 4270 v,

209 4298 315 4365 16),
349 4301 466 4352 etc.
496 4311 512 4362 ;
549 4297 613 4348 et
642 4290 823 4346 Jacob
852 4289 1139 4345 Pharaoni
1167 4304 1181 4342 :
1206 4289 1328 4345 Dies
1350 4291 1483 4346 vitae
1500 4306 1640 4347 mea?
1658 4294 1873 4346 centum

206 4387 406 4458 viginti
436 4382 600 4456 (811)
632 4395 911 4435 annorum
939 4386 1066 4433 sunt
1116 4380 1282 4446 parvi
1308 4382 1361 4433 et
1388 4379 1547 4444 mali,
1587 4385 1695 4434 etc.
1726 4406 1739 4447 ;
1772 4381 1872 4436 ubi

274 4492 701 4568 (808)_Autog._
720 4486 1061 4568 congregati.
1095 4484 1342 4568 Videtur
1373 4485 1515 4539 mihi
1551 4486 1871 4543 desiderari

208 4555 297 4619 hic
328 4555 588 4618 verbum
625 4555 829 4623 est,vel
861 4555 1020 4612 aliud
1053 4556 1451 4627 acquipollens.

276 4635 429 4706 (809)
466 4635 535 4706 In
573 4633 779 4699 autog.
813 4632 893 4706 est
945 4629 1095 4706 enim
1146 4631 1381 4706 per/cete
1435 4631 1678 4698 sapiens,
1720 4630 1875 4701 quod

210 4699 661 4763 emendandum
696 4700 896 4754 censui
927 4703 1099 4771 :tum
1131 4715 1200 4754 ex
1229 4699 1323 4754 his
1348 4717 1479 4771 quis
1522 4699 1872 4771 sequuntur,

214 4779 309 4834 ubi
332 4779 406 4834 de
429 4772 857 4845 redargutione
879 4770 1215 4845 agitur,qua
1235 4769 1468 4845 sapiens
1494 4769 1875 4845 non—indiget,

216 4850 262 4905 si
296 4851 559 4923 perfecte
593 4841 831 4923 sapiens
853 4843 1084 4923 simum
1112 4858 1182 4923 ex
1202 4842 1375 4923 citato
1399 4848 1553 4923 textu
1573 4844 1720 4899 hanc
1743 4841 1875 4917 par-

216 4913 327 4976 tem
359 4913 1243 4987 distinctidnispomprobante.
1282 4915 1467 4987 Divus
1488 4913 1878 4987 Hieronymus

216 4993 390 5065 enim,
420 4986 748 5065 qui__ini_t_io_
764 4983 1337 5065 Commentariorum
1372 4985 1550 5065 hujus
1609 4983 1877 5065 Epistula:

216 5054 604 5137 hanc'pi-qdit
636 5055 1098 5137 distinctionem,
1129 5054 1213 5137 ita
1233 5055 1422 5137 'habet
1444 5054 1463 5109 ξ
1625 5054 1881 5137 perfectis

215 5127 420 5191 dicitur
442 5154 462 5190 :
481 5134 713 5189 Mittam
736 5129 793 5182 in
814 5143 899 5182 vos
926 5127 1198 5196 sapientes
1233 5127 1349 5191 Luc
1381 5143 1459 5188 xr,
1483 5128 1584 5192 fit);
1628 5127 1708 5182 de
1726 5127 1881 5183 insi-

258 5207 554 5263 ientibus:
614 5203 799 5269 Argue
824 5200 1149 5268 sapientem,
1180 5206 1231 5253 et
1272 5197 1463 5269 diliget
1506 5207 1556 5254 te
1603 5199 1764 5254 Prov.
1804 5217 1878 5267 ιχ,

258 5225 554 5263 ιθῐηωυεξ
614 5225 798 5269 Argue
824 5225 1149 5268 supremum,
1180 5225 1231 5253 σι
1272 5225 1463 5268 uulgus
1506 5225 1556 5254 ιε
1603 5225 1764 5254 ιἰὐν.
1804 5225 1878 5267 1x,

217 5225 268 5333 ἕ.
320 5279 429 5345 Qui
464 5277 663 5350 plena:
691 5274 1231 5350 consummatmque
1261 5268 1491 5324 virtutis
1544 5276 1655 5335 est,
1686 5288 1879 5326 corre-

220 5342 409 5423 ptione
441 5342 850 5423 nonindiget.

288 5423 437 5495 (810)
470 5417 721 5495 Scilicet
744 5412 1440 5495 perfectussapien‘smujus
1462 5412 1881 5495 redargutioni,

224 5483 435 5566 de‘qua
465 5490 758 5566 galomon
786 5484 959 5566 citato
982 5489 1171 5566 textu,
1203 5483 1365 5566 locus
1398 5500 1510 5538 non
1542 5483 1650 5566 est;

292 5556 443 5638 (811)
467 5563 620 5638 (tent
652 5556 907 5638 xtvu,9,
939 5556 1039 5610 ubi
1070 5572 1184 5610 non
1243 5559 1460 5611 centum
1514 5558 1733 5624 viginti,
1783 5556 1883 5610 sed

225 5627 445 5694 centum
475 5634 720 5700 triginta
747 5627 979 5700 legitur.

293 5710 445 5783 (812)
475 5697 777 5765 Jubilasus
796 5697 932 5756 vero
970 5712 1161 5755 annus
1191 5701 1314 5755 erat
1344 5697 1886 5772 quinquagesimvs,

985 5834 1017 5868 ο

1906 4575 2022 4639 DP.

1980 3321 2070 3376 nis
2102 3325 2158 3374 et
2188 3314 2688 3373 commutationis.
2721 3313 2868 3368 Hinc
2898 3316 2956 3367 et
2986 3310 3337 3367 Psalmista:
3372 3310 3435 3364 In
3458 3326 3625 3365 saecu-

1980 3411 2095 3463 lum
2126 3405 2507 3461 misericordia
2537 3405 2654 3475 ejus
2698 3401 2867 3473 (Psal.
2922 3417 3010 3468 cv,
3060 3401 3127 3468 1;
3179 3415 3287 3466 ενι,
3345 3402 3423 3467 2).
3453 3398 3624 3454 Amen

1978 3515 2110 3553 vero
2142 3495 2416 3549 Hebraeus
2438 3509 2630 3547 sermo
2648 3495 2736 3546 est
2757 3508 2771 3556 ;
2805 3490 3448 3561 interpretaturautem,
3473 3503 3618 3555 vere,

1977 3586 2232 3655 fideliter,
2258 3583 2377 3638 sive
2405 3584 2522 3653 ﬁat.
2584 3581 2698 3636 Hoc
2749 3577 2905 3635 enim
2938 3593 3208 3633 sermone
3255 3576 3623 3633 confirmavit

1978 3673 2296 3746 Apostolus
2327 3688 2492 3726 suam
2517 3669 2939 3742 praefationem,
2963 3684 3077 3739 quo
3100 3670 3155 3722 et
3176 3665 3464 3722 Duminus
3489 3664 3623 3721 illas

1978 3760 2344 3819 conﬁrmavit
2361 3758 2697 3824 sententias,
2727 3773 2875 3829 quas
2896 3756 3115 3811 arctius
3137 3754 3627 3812 voluitinculcars

1978 3852 2037 3905 in
2069 3865 2312 3906 suorum
2347 3846 2623 3902 cordibus
2654 3846 3011 3900 auditorum.

2052 3938 2199 4007 (813)
2222 3937 2393 3990 Miror
2414 3933 2554 4005 quod
2584 3942 2698 3988 tam
2729 3934 2856 4003 cito,
2905 3937 3014 3988 etc.
3050 3931 3238 3987 Finita
3266 3928 3623 4002 praefatione,

1979 4023 2316 4098 aggreditur
2335 4027 2557 4077 textum
2584 4018 2851 4091 Epistulae
2877 4044 2891 4085 ;
2915 4019 3015 4091 qui
3037 4023 3231 4074 textus
3261 4019 3334 4073 ab
3354 4017 3625 4089 increpa-

1978 4114 2135 4169 tione
2165 4111 2421 4178 inchoat,
2452 4108 2731 4164 dicendo:
2766 4109 2954 4172 Miror,
3004 4110 3112 4161 etc.
3170 4105 3505 4160 Notandum
3537 4107 3627 4161 est

1982 4202 2122 4275 quia
2150 4201 2391 4255 verbum
2423 4195 2823 4253 translationis
2854 4194 2913 4249 in
2946 4195 3097 4250 bono
3128 4197 3185 4249 et
3205 4191 3265 4248 in
3289 4190 3441 4249 malo
3458 4191 3626 4267 poni-

1981 4295 2077 4346 tur
2134 4289 2193 4343 in
2249 4289 2403 4343 bono
2454 4285 2626 4359 (814),
2686 4290 2752 4340 ut
2806 4283 3000 4339 Enoch
3056 4280 3376 4338 translatus
3436 4298 3470 4337 a
3510 4281 3628 4338 Deo

1982 4380 2172 4451 (Eccli.
2196 4394 2348 4443 κων,
2373 4376 2493 4447 16);
2516 4374 2574 4429 in
2593 4372 2767 4443 malo,
2786 4378 2853 4428 ut
2873 4372 3071 4428 Achab
3099 4389 3134 4427 a
3160 4369 3426 4427 Jezabele
3455 4370 3627 4441 (815).

1982 4485 2163 4564 Levii.
2200 4483 2416 4564 xxv,1_0
2448 4486 2503 4536 et
2534 4482 2619 4535 11.
2670 4480 2992 4564 Sedsuper
3020 4478 3128 4564 hoc
3157 4475 3396 4564 consule
3426 4475 3625 4564 Hiero:

1988 4576 2019 4612 n
2050 4557 2146 4610 'mi
2178 4553 2461 4608 vindicias
2510 4570 2541 4607 a
2598 4550 2989 4623 questionum
3046 4550 3628 4631 Hieronymianarum

1988 4575 2113 4694 lib,
2147 4644 2179 4681 a
2209 4624 2487 4680 Vallartio
2519 4625 2578 4680 in
2614 4629 2749 4678 nota
2777 4623 2998 4694 positas
3026 4620 3305 4687 inferiori,
3338 4634 3471 4692 pag.
3521 4618 3628 4672 378

1982 4699 2124 4755 tomi
2155 4697 2253 4772 VI!
2289 4695 2475 4751 sancti
2508 4693 2836 4772 Hieronymi
2870 4706 3133 4772 operum.

2055 4771 2202 4840 (813)
2236 4770 2297 4824 In
2330 4773 2523 4839 autog.
2556 4759 2745 4840 marg:
2780 4759 3118 4840 hic_legitur
3144 4777 3250 4840 cap
3281 4759 3351 4840 Il,

2060 4832 2207 4913 (814)
2235 4839 2425 4913 Verba
2460 4832 2719 4913 intona,"
2736 4850 2862 4906 qua:
2885 4833 2943 4889 in
2968 4832 3163 4906 autog.
3198 4832 3630 4901 desiderantur,

1988 4908 2257 4969 addenda
2277 4908 2556 4980 judicavi.

2060 4985 2207 5051 (815)
2241 4975 2299 5035 In
2332 4986 2527 5105 autog.
2561 4977 2742 5049 Acaph
2770 4994 2804 5032 a
2832 4977 3105 5059 Zezabele,
3138 4975 3315 5057 quod,
3346 4977 3629 5056 tanquam

2060 5054 2463 5105 endam.emen
2512 5051 2730 5105 andum
2754 5065 2953 5105 censui
2972 5073 2985 5105 :
3004 5064 3137 5102 cum
3162 5045 3370 5103 nullibi
3390 5060 3449 5098 in
3463 5054 3627 5097 sacro

1990 5072 2043 5110 m
2057 5045 2730 5118 endam,emendandum
2754 5048 2953 5105 censui
2972 5073 2985 5116 ;
3004 5064 3137 5102 cum
3155 5045 3370 5103 nullibi
3390 5045 3449 5098 in
3463 5054 3627 5097 sacro

1988 5131 2143 5181 textu
2169 5125 2379 5179 horum
2406 5122 2713 5178 nominum
2736 5120 2982 5178 mentio:
3004 5120 3075 5175 de
3092 5118 3281 5174 Achab
3295 5118 3488 5171 autem
3514 5125 3630 5165 non

1991 5196 2272 5253 translato
2304 5195 2403 5249 scd
2438 5193 2658 5265 perlato
2701 5193 2786 5265 in“
2812 5190 3159 5265 Samariam__
3184 5185 3627 5265 post-mortem,

1992 5271 2166 5339 cujus
2188 5254 2533 5337 sanguinem
2558 5281 2730 5320 canes
2748 5262 3064 5318 linxerunt.
3092 5254 3223 5314 Vid.
3244 5258 3319 5312 Ill
3338 5254 3475 5326 Reg.
3489 5269 3632 5321 xxxi,

1994 5343 2079 5395 38.
2106 5339 2255 5393 Num
2287 5343 2479 5393 autem
2514 5354 2546 5391 a
2572 5336 2837 5393 Jezabele
2894 5349 3068 5389 uxore
3123 5332 3252 5400 ejus
3279 5324 3634 5400 translatum

1994 5411 2169 5466 fuerit
2196 5414 2322 5479 ejus
2351 5425 2583 5481 corpus,
2618 5407 2771 5481 silet_
2808 5421 2971 5481 sacer
3028 5397 3235 5481 tentus.
3299 5397 3643 5481 Divus_vero'

1994 5470 2381 5553 llieronvmus
2414 5470 3032 5553 hanctrunslationem
3064 5472 3135 5526 de
3163 5470 3635 5553 praevaricatione

1993 5555 2188 5609 Achab
2211 5542 2255 5609 va
2274 5552 2535 5608 Jezabele
2564 5550 2675 5622 ipsi
2706 5563 2930 5622 suasa,
2953 5559 3122 5622 __c_u_m
3166 5542 3409 5622 scilicet
3438 5556 3473 5621 ᾳ
3498 5552 3633 5622 vero

2000 5625 2158 5681 cultu
2181 5626 2249 5680 ad
2276 5610 2665 5680 idololatriam
2688 5616 2929 5676 descivit
2953 5614 3031 5671 III
3050 5614 3192 5688 Reg.
3213 5610 3435 5682 xxi,26,
3453 5610 3631 5668 inter-

1998 5701 2224 5770 pretatu
2235 5714 2280 5752 r.
