4026 6168
220 325 321 389 501

800 326 1218 392 EXPOSITIO
1259 325 1339 387 IN
1387 316 1818 389 EPISTOLAS
1862 322 2120 389 PAULI.
2163 359 2242 370 —
2286 325 2368 387 IN
2412 325 2667 388 EPIST.‘
2708 325 2814 386 AD
2859 319 3036 385 GAL.‘

3505 317 3623 381 502

282 459 427 534 (826)
458 440 606 517 Modo
636 461 788 516 enim
820 461 1155 529 hominibus,
1185 464 1293 517 etc.
1328 461 1663 516 Notandum
1704 460 1859 515 enim
1890 461 1939 525 Α
1974 459 2220 514 Multum
2239 460 2473 530 quidem
2490 458 2902 532 potuitGalatis
2918 458 3039 513 haec
3055 452 3622 529 prodessenarratio'

220 550 347 625 quia
375 555 490 605 Deo
522 549 723 606 nullus
762 552 1007 606 suadere
1039 554 1245 621 potest,
1282 550 1559 621 quoniam
1591 550 1855 605 omnium

218 640 436 700 occulta
456 640 721 694 cordium
741 638 980 694 illisunt
1002 638 1339 703 manifesta;
1363 638 1703 693 hominibus
1726 654 1856 693 vero

218 730 457 787 suadere
490 732 702 799 potest.
740 727 841 783 Hic
866 734 1059 783 tamen
1094 732 1245 783 recte
1264 728 1604 783 hominibus
1628 728 1853 797 suadet,

218 819 343 891 quia
376 815 526 888 (827)
558 817 642 873 ita
668 816 1006 872 hominibus
1039 816 1248 888 placet,
1283 821 1346 871 ut
1379 833 1476 873 eos
1498 818 1567 871 ad
1611 816 1711 872 Dei
1737 832 1861 886 per-

214 907 403 964 trahat
430 905 773 961 servitutem
805 924 818 969 ;
850 904 949 961 ille
976 922 1106 961 vero
1138 923 1252 961 non
1284 911 1437 961 recte
1471 906 1698 971 suadet,
1759 905 1857 976 qui

216 997 287 1052 ita
316 993 665 1050 hominibus
696 993 904 1065 placet,
940 999 1005 1049 ut
1054 995 1231 1050 finem
1281 994 1551 1066 placendi
1601 995 1657 1049 in
1715 995 1858 1065 ipsis

215 1085 546 1141 constituat.
584 1082 838 1154 Denique
870 1099 984 1138 non
1018 1088 1296 1155 putemus
1320 1083 1665 1155 Apostolum
1690 1082 1857 1137 inhis

213 1176 412 1230 docere
440 1173 703 1227 humana
725 1172 951 1243 judicia
981 1190 1109 1228 esse
1139 1174 1597 1228 contemnenda:
1625 1172 1779 1243 quod
1808 1171 1856 1227 si

211 1267 425 1335 ageret,
457 1262 569 1317 sibi
602 1260 931 1317 contrarius
963 1265 1136 1328 esset,
1199 1261 1478 1332 quoniam
1536 1260 1672 1315 alibi
1734 1260 1813 1315 ait
1842 1277 1854 1315 :

210 1352 443 1408 Scientes
491 1360 673 1406 autem
732 1352 988 1406 timorem
1040 1351 1141 1406 Dei
1190 1351 1501 1405 hominibus
1559 1349 1857 1405 suademus

209 1443 275 1513 (II
310 1439 434 1496 Cor.
466 1456 521 1502 ν,
556 1440 681 1511 11);
714 1444 771 1494 et
799 1439 1014 1495 iterum
1042 1455 1053 1493 :
1088 1440 1219 1495 Sine
1246 1440 1545 1511 oﬂensione
1575 1442 1738 1494 estote
1765 1440 1857 1494 Ju-

206 1529 330 1587 dxi:
361 1533 418 1584 et
444 1529 701 1600 gentibus
732 1530 779 1600 (I
808 1530 927 1585 Cor.
976 1547 1029 1596 x,
1081 1529 1193 1596 32),
1250 1533 1357 1584 etc.
1411 1528 1605 1583 Monet
1653 1533 1718 1582 ut
1772 1528 1856 1583 sic

207 1618 456 1692 quisque
487 1617 830 1673 hominibus
862 1617 1106 1689 placeat,
1144 1622 1209 1672 ut
1238 1618 1352 1673 Deo
1385 1634 1497 1671 non
1525 1616 1852 1688 displiceat,

204 1707 461 1779 alioquin
494 1706 602 1763 soli
624 1707 740 1762 Deo
763 1706 991 1778 placere
1012 1706 1287 1762 studeant
1309 1732 1322 1773 ;
1343 1706 1479 1777 quia
1496 1705 1668 1777 longe
1691 1705 1851 1760 aliud

207 1802 289 1891 est
315 1796 661 1851 hominibus
705 1800 761 1851 et
816 1800 951 1864 Deo,
998 1800 1054 1850 ct
1102 1795 1283 1863 aliud,
1328 1795 1470 1850 solis
1511 1795 1852 1891 hominibus
1882 1827 1930 1891 Β

205 1884 455 1957 placere.
490 1885 652 1940 Modo
680 1901 815 1939 vero
847 1884 1005 1950 dicit,
1040 1884 1180 1956 quia
1200 1885 1496 1956 quondam
1534 1883 1853 1955 placuerat.

213 1973 374 2029 Unde
403 1973 715 2045 subjungit
748 1990 760 2028 :
789 1972 849 2027 Si
876 1973 1184 2028 hominibus
1209 1974 1505 2043 placerem,
1528 1972 1586 2026 id
1610 1978 1718 2037 est,
1750 1972 1853 2027 Ju-

209 2064 367 2131 daeis,
402 2063 610 2118 Christi
637 2077 824 2117 servus
852 2077 964 2116 non
991 2077 1196 2129 essem;
1228 2062 1366 2132 quia
1388 2060 1487 2131 qui
1508 2060 1627 2116 illis
1643 2061 1855 2133 placet,

207 2151 436 2208 Christo
458 2150 747 2222 displicet.
777 2154 909 2205 Haec
930 2154 1019 2205 est
1040 2150 1307 2205 intentio.
1330 2152 1600 2205 Attamen
1614 2166 1855 2221 genera-

204 2239 338 2297 liter
367 2245 565 2312 potest
596 2240 795 2295 referri
829 2240 901 2294 ad
931 2256 1155 2307 omnes,
1190 2239 1469 2311 quoniam
1504 2239 1605 2310 qui
1637 2255 1739 2309 pro
1758 2237 1857 2292 ali-

204 2347 321 2402 qua
352 2346 417 2384 re
446 2329 670 2401 injusta
698 2328 1037 2384 hominibus
1068 2328 1275 2400 placet,
1308 2328 1425 2383 Deo
1458 2327 1746 2399 displicet.

271 2419 428 2490 (828)
461 2418 754 2488 Sequitur.
788 2417 986 2473 Notum
1007 2419 1156 2473 vobis
1183 2420 1347 2489 facio,
1376 2419 1607 2487 fratres,
1670 2418 1855 2471 Evan-

203 2508 435 2577 gelium,
462 2509 570 2561 etc.
592 2505 968 2577 Jamjamque
985 2505 1242 2561 ostendit
1263 2521 1441 2577 quare
1464 2522 1525 2561 se
1544 2504 1857 2576 Apostolus

202 2596 424 2652 factum
459 2610 573 2650 non
608 2595 680 2649 ab
714 2594 1075 2660 hominibus,
1109 2610 1299 2666 neque
1322 2611 1424 2666 per
1444 2594 1743 2649 hominem
1770 2594 1857 2649 di-

201 2685 370 2754 xerit,
406 2685 507 2740 sed
542 2700 647 2755 per
673 2684 878 2739 Jesum
911 2682 1235 2750 Christum,
1298 2700 1431 2738 cum
1480 2684 1598 2738 ait:
1658 2685 1859 2738 Notum

202 2774 353 2831 vobis
408 2775 575 2844 facio,
608 2778 762 2840 etc.;
798 2789 863 2827 ac
897 2772 944 2828 si
979 2772 1231 2827 diceret:
1292 2773 1348 2827 Si
1411 2772 1696 2845 ignoratis
1744 2789 1858 2843 quo

205 2861 354 2933 (829)
389 2860 696 2916 didicerim
731 2859 1133 2932 Evangelium,
1167 2876 1272 2932 ego
1300 2861 1465 2915 vobis
1498 2866 1701 2916 notum
1733 2877 1861 2915 esse

201 2949 353 3017 volo,
389 2951 521 3019 quia
548 2964 660 3003 non
689 2956 766 3004 est
792 2950 1095 3004 secundum
1126 2950 1422 3015 hominem,
1466 2954 1575 3003 etc.
1638 2951 1860 3013 Quibus

202 3038 401 3093 verbis
432 3054 548 3092 non
572 3042 747 3109 negat
765 3036 1081 3107 Apostolus
1102 3035 1396 3092 Christum
1424 3037 1744 3106 hominem,
1760 3037 1861 3092 sed

202 3130 383 3199 negat
415 3143 552 3181 eum
586 3141 802 3198 purum
834 3124 1132 3180 hominem
1169 3143 1181 3180 :
1214 3126 1353 3196 quia
1374 3124 1507 3196 plus
1529 3130 1650 3179 erat
1685 3142 1861 3196 quam

1971 549 2341 620 multumque
2373 549 2432 602 in
2460 566 2526 604 ea
2555 549 2665 620 ipsi
2699 550 3012 620 potuerunt
3037 548 3334 617 proficere,
3360 548 3499 602 dum
3522 563 3620 601 au-

1967 638 2204 693 dierunt
2225 639 2363 710 quia
2384 637 2483 709 qui
2498 640 2792 709 quondam
2814 639 3004 693 fuerat
3017 636 3163 709 legis
3176 636 3427 692 carnalis
3442 653 3617 693 aemu-

1966 728 2133 794 lator,
2169 734 2224 783 et
2251 746 2365 783 non
2397 728 2661 799 quilibet,
2687 730 2787 783 sed
2813 744 2999 783 saevus
3022 727 3171 797 (832)
3198 725 3459 780 ﬁdelium
3484 743 3617 798 per-

1968 824 2219 883 secutor,
2236 819 2361 889 jam
2384 833 2698 871 conversus
2716 815 3307 888 Evangeliiexistebat
3346 816 3621 884 praedica-

1967 912 2143 974 cator,
2177 907 2235 961 in
2256 924 2369 977 quo
2398 910 2454 960 et
2480 905 2561 959 illi
2592 906 2781 977 magis
2803 906 3080 960 admirari
3106 908 3390 977 poterant.
3417 904 3479 959 In
3503 904 3609 959 hac

1966 1011 2101 1051 vero
2133 995 2462 1051 narratione
2492 995 2726 1066 pondus
2752 996 3082 1061 verborum,
3117 999 3174 1050 et
3195 994 3451 1068 gravitas
3474 1010 3611 1050 con-

1969 1084 2281 1140 sideranda
2311 1089 2417 1139 est.
2451 1082 2713 1148 Audistis,
2737 1082 2928 1153 inquit
2958 1084 3127 1154 (833),
3150 1085 3613 1140 conversationem
3642 1132 3645 1135 γ

1965 1189 2163 1236 meam,
2194 1189 2310 1227 non
2341 1173 2611 1244 gratiam,
2645 1170 2971 1242 aliquando,
3024 1188 3135 1225 non
3188 1189 3368 1238 nunc,
3418 1173 3475 1226 in
3522 1174 3616 1227 Ju-

1966 1263 2195 1327 daismo,
2222 1278 2335 1316 non
2365 1261 2423 1314 in
2456 1260 2580 1332 lege
2608 1260 2736 1327 Dei;
2760 1261 3019 1331 quoniam
3036 1276 3202 1330 supra
3222 1262 3463 1330 modum,
3497 1278 3612 1317 non

1967 1354 2286 1422 utcunque,
2318 1350 2617 1405 Ecclesium
2658 1349 2759 1403 Dei
2789 1348 2952 1415 dicit,
2989 1352 3052 1402 ut
3090 1364 3207 1403 non
3266 1349 3613 1407 credebatur

1966 1439 2136 1511 (834),
2172 1455 2286 1493 non
2319 1438 2555 1505 Christi,
2591 1443 2655 1492 ut
2678 1438 2797 1507 jam
2831 1436 3170 1509 putabatur,
3191 1436 3328 1509 quia
3348 1437 3449 1510 qui
3472 1443 3613 1495 tunc

1966 1527 2580 1599 deSpiciebatur,nunc
2601 1531 2750 1581 Deus
2768 1525 3611 1597 ereditur(835),ea:pugnabam,

1963 1617 2073 1672 hoc
2105 1622 2213 1683 est,
2258 1621 2321 1671 ut
2348 1633 2533 1671 saevus
2563 1620 2862 1687 grassator
2893 1615 3289 1670 devastabam.

2033 1709 2097 1761 Et
2122 1707 2483 1776 proficiebam
2509 1707 2568 1759 in
2598 1705 2898 1761 Judaismo.
2932 1705 3079 1760 Nota
3108 1704 3245 1775 quia
3284 1704 3611 1776 profectum

1966 1813 2080 1851 non
2105 1795 2218 1867 legi
2240 1795 2444 1851 divinae
2466 1793 2722 1852 ascribit.
2746 1794 2844 1848 sed
2868 1792 3195 1848 Judaismo.
3216 1793 3393 1864 Supra
3412 1794 3613 1849 multos

1964 1884 2128 1955 dixit,
2162 1902 2277 1939 non
2309 1901 2535 1950 omnes,
2567 1888 2617 1939 et
2642 1892 2961 1949 cotetaneos,
2997 1898 3111 1938 non
3142 1899 3331 1948 senes,
3356 1887 3419 1937 ut
3444 1886 3500 1937 et
3520 1899 3611 1938 ze-

1963 1974 2110 2038 lum,
2144 1990 2316 2044 quem
2348 1973 2601 2028 habebat
2634 1972 2691 2026 in
2727 1972 2872 2043 lege,
2906 1974 3276 2037 monstraret,
3312 1975 3367 2026 et
3379 1972 3611 2041 jactan-

1966 2063 2107 2118 tiam
2141 2061 2475 2118 declinaret.
2511 2061 2787 2131 Sequitur
2818 2077 2831 2114 :
2888 2059 3270 2115 Abundantius
3323 2061 3613 2116 aemulator

1964 2154 2251 2217 exsistens,
2283 2155 2392 2207 etc.
2427 2152 2488 2205 In
2520 2150 2629 2205 hoc
2675 2150 2831 2205 enim
2860 2150 3048 2220 major
3077 2166 3205 2204 esse
3236 2153 3459 2220 poterat
3510 2150 3609 2205 ad-

1967 2242 2236 2307 miratio;
2273 2240 2412 2311 quia
2442 2240 2542 2310 qui
2567 2238 2966 2293 abundantius
2980 2237 3231 2292 carnalis
3254 2237 3420 2310 legis,
3445 2247 3607 2311 etpa-

1964 2335 2248 2386 ternarum
2267 2330 2638 2384 traditionum
2655 2326 2977 2397 aemulator,
2997 2330 3053 2382 et
3076 2344 3260 2383 saavus
3277 2334 3616 2398 persecutor

1969 2421 2176 2485 fuerat,
2209 2434 2525 2473 conversus
2558 2417 2745 2471 factus
2777 2422 2865 2471 est
2914 2415 3209 2486 Evangelii
3248 2416 3613 2487 praedicator.

1969 2515 2076 2564 Per
2106 2508 2261 2580 quod
2294 2506 2475 2563 voluit
2506 2505 2810 2561 ostendere
2833 2504 3053 2560 Galatis
3073 2521 3246 2560 suum
3269 2521 3469 2560 verum
3487 2522 3617 2562 esse

1970 2596 2365 2668 Evangelium,
2400 2598 2691 2666 quatenus
2723 2592 3114 2665 intelligerent
3143 2593 3296 2664 quod
3330 2594 3401 2648 de
3456 2597 3618 2650 tanto

1967 2687 2297 2753 Judaismo,
2327 2690 2383 2740 et
2415 2683 2559 2755 legis
2581 2682 2721 2753 zelo,
2740 2700 2855 2738 non
2879 2682 3002 2737 suis
3026 2682 3275 2753 meritis,
3300 2681 3413 2737 nisi
3434 2683 3624 2755 gratia

1971 2777 2167 2831 divina
2196 2774 2409 2830 mutari
2444 2773 2751 2844 potuisset.

2043 2864 2324 2936 Sequitur
2356 2881 2368 2917 :
2405 2863 2537 2916 Cum
2568 2869 2745 2917 autem
2774 2861 2985 2930 placuit
3038 2862 3090 2915 ei
3119 2861 3214 2931 qui
3240 2876 3326 2915 me
3372 2876 3621 2932 segrega-

1969 2956 2067 3023 vit,
2103 2958 2211 3007 etc.
2229 2953 2580 3021 Segregatus
2598 2948 2814 3020 legitur
2827 2965 2941 3002 non
2966 2947 3157 3004 solum
3179 2948 3295 3013 hic,
3323 2949 3423 3003 sed
3443 2949 3620 3004 etiam

1976 3044 2035 3097 in
2070 3039 2327 3113 Epistola
2356 3039 2427 3093 ad
2461 3039 2757 3093 Romanos
2790 3038 2962 3107 (Rom.
2998 3054 3035 3102 1,
3085 3036 3156 3106 1).
3218 3035 3287 3090 Et
3331 3036 3620 3093 Jeremias

1974 3130 2210 3203 agnitus
2238 3134 2326 3183 est
2356 3127 2416 3182 in
2469 3132 2631 3181 utero
2664 3126 2791 3195 (Jer.
2854 3143 2893 3190 1,
2945 3126 3021 3191 5).
3057 3125 3127 3179 Et
3156 3123 3227 3179 de
3259 3124 3524 3196 Domino,
3556 3130 3623 3182 ut

204 3192 416 3281 hovmo,
452 3213 561 3269 hoe
582 3192 670 3269 est
692 3212 846 3268 Deus
868 3217 924 3268 et
944 3213 1139 3268 homo.
1168 3192 1415 3269 Intentio
1443 3192 1863 3285 namque-Apo-
1894 3192 1936 3258 CI
1975 3192 2216 3291 quidam
2248 3217 2473 3285 dicunt,
2506 3192 2793 3284 scriptum
2825 3217 2913 3266 est
2944 3213 3052 3268 :De
3072 3214 3467 3268 ventrematris
3482 3192 3621 3271 mea

197 3302 339 3359 stoli
375 3302 500 3357 haec
532 3306 621 3357 est
653 3319 666 3356 :
697 3302 1001 3357 ostendere
1030 3300 1303 3356 videlicet
1330 3301 1549 3357 Galatis
1572 3304 1725 3373 quod
1747 3319 1863 3357 non

192 3392 270 3447 ab
292 3388 585 3463 apostolis
602 3389 870 3444 didicerit
890 3389 1293 3461 Evangelium,
1320 3391 1425 3446 sed
1447 3390 1635 3445 abillo
1659 3391 1867 3447 didice-

191 3481 291 3547 rit,
327 3496 363 3533 a
393 3495 511 3550 quo
537 3483 593 3535 et
620 3482 848 3549 Petrus,
886 3483 997 3533 etc.
1032 3479 1145 3534 Iste
1162 3494 1297 3549 ergo
1321 3479 1369 3534 si
1394 3480 1464 3534 ab
1489 3478 1725 3535 homine
1749 3497 1873 3551 non,

194 3567 456 3640 accepit,
493 3584 525 3623 a
556 3583 671 3639 quo
704 3566 920 3623 Galatas
946 3572 1328 3638 acceperunt:
1355 3568 1621 3640 nunquid
1650 3586 1765 3623 non
1791 3568 1862 3624 ab

194 3658 469 3723 homine,
497 3657 728 3728 quando
761 3656 909 3727 (830)
942 3673 975 3711 a
1004 3656 1184 3711 Paulo
1206 3656 1233 3709 ‘?
1280 3657 1555 3727 Nunquid
1608 3675 1722 3713 non
1767 3661 1864 3711 Ec-

198 3747 381 3802 clesia
414 3746 489 3800 ab
517 3744 878 3809 hominibus,
904 3761 1035 3799 cum
1054 3745 1124 3799 ab
1144 3745 1421 3816 apostolis
1443 3746 1664 3818 accepit
1684 3747 1863 3801 Evan-

200 3834 423 3908 gelium
450 3833 479 3887 ?
505 3833 652 3901 Non,
683 3832 947 3905 inquam,
981 3833 1120 3903 quia
1151 3834 1230 3887 dii
1274 3838 1469 3902 erant;
1516 3836 1670 3889 unde
1718 3834 1861 3889 scri-

202 3930 370 3996 ptum
406 3926 499 3978 est
531 3940 544 3977 :
578 3923 689 3991 Ego
720 3922 872 3989 Dixi,
898 3921 980 3975 dii
1010 3924 1136 3976 estis
1169 3922 1345 3993 (Psal.
1382 3939 1566 3991 LXXXI,
1626 3924 1703 3993 6),
1751 3928 1859 3978 etc.

205 4013 559 4083 Quicunque
588 4010 843 4083 Spiritus
870 4010 969 4064 Dei
1002 4009 1198 4079 habet,
1227 4010 1444 4065 dicitur
1472 4011 1647 4065 Deus.
1696 4013 1860 4066 Reve—

209 4103 628 4159 lationemvero
651 4100 832 4165 illam,
859 4114 985 4171 quae
1008 4099 1161 4153 facta
1178 4099 1342 4153 estin
1366 4098 1478 4167 via,
1504 4116 1635 4154 cum
1661 4116 1861 4171 perge-

207 4195 291 4245 ret
320 4190 688 4245 Damascum
722 4187 861 4258 (Act.
893 4203 969 4252 IX,
999 4186 1073 4255 2).

273 4279 426 4351 (831)
454 4278 740 4348 Sequitur
762 4292 775 4330 :
801 4275 1046 4331 Audistis
1063 4277 1526 4331 conversationom
1546 4280 1860 4345 meam,etc.

208 4436 477 4509 nihilque
514 4452 723 4492 sonare
754 4435 915 4490 aliud
942 4451 1118 4505 quam
1149 4434 1487 4490 Galatarum
1545 4438 1862 4508 regionem,

208 4534 392 4590 quoru
402 4514 618 4590 mare
635 4517 732 4568 τοῦ
749 4511 1018 4589 γάλακτος
1041 4531 1074 4569 a
1095 4516 1232 4590 lacte
1245 4515 1859 4590 ducituretymologia.

276 4590 429 4659 (8'26)
461 4587 573 4644 Hic
604 4587 662 4641 in
694 4585 890 4656 autog.
927 4602 1113 4658 marg.
1145 4585 1504 4659 legiturcap.
1553 4587 1647 4659 III.

297 4658 429 4730 827)
462 4660 739 4715 Fortasse
764 4660 881 4730 qui,
915 4662 980 4713 ut
1010 4674 1078 4730 ex
1108 4658 1481 4730 sequentium
1525 4658 1823 4716 relatione.

298 4728 427 4801 828)
462 4731 529 4803 In
561 4728 979 4801 autogﬁmarg,
1013 4728 1107 4784 hic
1135 4728 1349 4803 legitur
1378 4746 1504 4803 cap.
1540 4730 1629 4785 IV.

278 4804 428 4881 (8??)
464 4802 740 4881 Fortasse
770 4817 803 4855 ει
832 4816 957 4881 φας),
990 4803 1076 4881 vel
1110 4802 1397 4881 ςαφηοιιο-

278 4871 428 4944 (830)
464 4875 532 4929 In
567 4876 762 4942 autog.
797 4871 881 4926 sic
912 4871 1129 4944 legitur
1158 4873 1319 4942 qfeda.

276 4942 429 5012 (831)
464 4950 531 4999 In
567 4947 765 5015 autog.
804 4942 997 5013 marg:
1022 4942 1235 5015 legitur
1264 4960 1389 5010 cap.
1421 4943 1488 4998 V.

278 5016 428 5087 (832)
477 5019 694 5087 Autog.
754 5028 949 5087 servos,
1002 5014 1178 5085 quod,
1233 5019 1514 5084 tanquam
1568 5015 1860 5083 mendam,

216 5085 663 5143 emendandum
688 5085 910 5139 censui.

278 5160 429 5227 (833)
465 5159 532 5215 In
566 5155 783 5224 codice,
817 5153 1031 5227 inquid.

279 5160 405 5223 (833
465 5160 532 5215 In
566 5160 783 5224 codice,
817 5160 1031 5227 inquid.

279 5160 429 5301 (834)
468 5228 534 5285 In
564 5227 765 5301 codice
788 5227 1065 5301 credatur.
1089 5228 1197 5282 Sed
1212 5228 1643 5301 emendandum
1666 5228 1865 5283 censui

216 5298 476 5357 exitextu
512 5300 632 5355 divi
663 5299 1021 5371 Hieronymi,
1054 5316 1086 5353 a
1114 5315 1228 5371 quo
1261 5298 1353 5355 hic
1377 5299 1725 5371 desumptus
1748 5304 1861 5355 est:

214 5386 310 5426 nec
339 5375 447 5442 ait,
484 5373 789 5427 Ecclesium
833 5371 1055 5436 Christi,
1088 5379 1149 5426 ut
1205 5375 1335 5425 tunc
1388 5372 1648 5441 putabat:
1710 5388 1863 5442 quem

217 5442 445 5500 ducebat
470 5445 830 5514 contemptui,
860 5458 1015 5514 quem
1028 5444 1461 5514 persequebatur
1484 5462 1496 5498 :
1532 5443 1621 5497 sed
1638 5447 1699 5497 ut
1721 5444 1869 5498 hunc

219 5516 408 5585 credit,
440 5513 746 5572 Ecclesium
779 5513 893 5569 Dei.
928 5513 1158 5569 Scilicet
1215 5518 1417 5570 auctor
1466 5521 1681 5585 noster,
1735 5515 1866 5569 divo

220 5583 604 5660 Hieronymo,
632 5585 799 5656 cujus
822 5588 934 5660 est
964 5585 1197 5660 Acitatus
1247 5590 1475 5660 textus,
1509 5583 1864 5660 inhairendo,

222 5656 298 5716 ait
332 5677 345 5717 :
383 5654 718 5717 Eéclesiani
744 5654 840 5714 Dei
869 5654 1027 5727 dicit,
1059 5660 1123 5714 ut
1154 5674 1269 5715 non
1291 5657 1654 5727 credebatur,
1675 5657 1867 5730 qualis

1894 4560 1941 4623 D

1974 3308 2143 3379 (836),
2178 3311 2289 3360 etc.
2322 3306 2423 3359 Est
2451 3309 2507 3358 et
2540 3307 2737 3355 uterus
2760 3305 2816 3355 et
2830 3304 3027 3355 venter
3045 3299 3237 3355 malus
3261 3317 3273 3354 :
3301 3302 3455 3356 unde
3477 3302 3619 3357 scri-

1975 3403 2141 3468 ptum
2175 3399 2263 3450 est
2295 3410 2307 3447 :
2339 3395 2401 3448 In
2450 3389 2839 3462 iniquitatibus
2867 3394 3155 3460 conceptus
3174 3405 3298 3443 sum
3349 3390 3519 3461 (Psal.
3553 3408 3618 3458 1.,

1973 3486 2050 3555 7),
2084 3488 2192 3539 etc.
2227 3484 2293 3537 Et
2321 3481 2533 3536 iterum
2568 3496 2579 3532 :
2613 3479 2859 3533 Alienati
2887 3486 3015 3533 sunt
3047 3484 3355 3547 peccatores
3376 3479 3442 3533 ab
3471 3488 3623 3536 utero

1973 3575 2141 3645 (857).
2178 3570 2512 3643 Segregatio
2543 3585 2679 3640 ergo
2712 3573 2769 3623 et
2798 3567 2857 3621 in
2890 3566 3041 3623 bono
3069 3570 3125 3622 et
3156 3567 3213 3621 in
3249 3566 3402 3622 malo
3448 3568 3620 3640 poni-

1973 3668 2087 3718 tur.
2123 3663 2489 3733 Quapropter
2520 3658 2589 3712 de
2612 3660 2774 3712 utero
2793 3656 2999 3711 matris
3023 3661 3409 3729 segregantur
3430 3672 3463 3710 a
3482 3661 3617 3723 Deo,

1972 3753 2069 3825 qui
2106 3770 2137 3807 a
2163 3748 2488 3806 carnalium
2521 3753 2831 3818 parentum
2894 3745 3378 3801 consuetudinem
3424 3745 3624 3801 divina

1972 3841 2158 3914 gratia
2191 3837 2646 3902 subtrahuntur,
2682 3840 2749 3889 ut
2778 3833 2875 3889 hic
2902 3834 3237 3905 Apostolus.
3270 3835 3397 3889 Sive
3419 3850 3620 3906 segre-

1971 3934 2171 3998 gatum
2205 3943 2266 3982 se
2297 3925 2438 3980 dicit
2470 3922 2836 3995 praescientia
2865 3922 2988 3988 Dei,
3021 3923 3160 3994 quia
3186 3939 3302 3978 non
3324 3921 3515 3977 solum
3549 3923 3619 3978 de

1974 4016 2265 4083 utero,sed
2285 4019 2418 4068 ante
2434 4011 2638 4066 mundi
2653 4010 3132 4066 constitutionem
3150 4015 3489 4083 segregatus
3507 4016 3616 4066 est.

1973 4107 2118 4176 Ergo
2151 4103 2304 4175 quod
2339 4099 2625 4172 praescivit
2655 4099 2807 4154 Deus
2841 4100 3127 4169 futurum,
3162 4104 3302 4153 tunc
3333 4099 3617 4171 implevit,

1973 4210 2105 4249 cum
2140 4193 2189 4247 ei
2223 4190 2483 4263 pergenti
2524 4190 2873 4242 Damascum
2922 4188 2981 4240 in
3023 4187 3115 4242 via
3145 4187 3417 4259 apparuit
3446 4188 3617 4259 (838).

1973 4287 2118 4339 Item
2153 4285 2344 4353 potest
2375 4284 2433 4334 et
2462 4280 2645 4333 mater
2675 4292 2973 4348 synagoga
3002 4274 3271 4348 intelligi,
3303 4293 3427 4346 quae
3484 4291 3620 4331 eum

1974 4457 2182 4514 nempe
2197 4441 2267 4496 ab
2283 4440 2296 4493 i
2306 4438 2755 4514 p_sol_3aulo,cu‘m
2771 4453 2895 4514 eam
2909 4435 3625 4514 persequeb_atur,non_cre

1973 4506 2497 4577 debaturEcélesia,
2524 4526 2649 4580 quas
2672 4508 2884 4563 Christi
2902 4506 3132 4562 tantum
3146 4506 3218 4561 ab
3232 4506 3360 4577 ipso
3376 4506 3620 4577 putaba-

1972 4592 2082 4641 tur.

2046 4657 2196 4729 (835)
2230 4652 2685 4726 Expungendam
2714 4649 2913 4729 censui
2947 4648 3152 4721 partio.
3177 4720 3187 4729 _
3208 4663 3339 4714 non,
3373 4663 3501 4718 qua
3527 4646 3620 4729 _i_n

1974 4719 2075 4785 cod
2091 4772 2100 4781 .
2119 4719 2638 4795 nostro-perperam
2659 4719 3293 4795 verbumefrpugnabam
3324 4719 3615 4795 praecedit.

2044 4743 2319 4783 CLDOSII‘O
2373 4743 2638 4795 erperam
2659 4743 3293 4792 vernumexpugnauum
3324 4743 3615 4792 priBCBUIL.

2043 4801 2195 4870 (836)
2225 4743 2375 4851 Psal.
2408 4813 2542 4850 xxx..
2575 4796 2656 4870 tl.
2695 4793 2867 4847 Divus
2899 4792 3289 4870 Hieronymus
3324 4793 3444 4870 :_De
3460 4800 3615 4870 utero

1974 4862 2368 4935 matris'meaz;
2403 4883 2553 4937 saepe
2585 4866 2644 4920 in
2676 4869 2869 4920 textus
2902 4864 3144 4920 lectione
3176 4864 3325 4919 abeo
3342 4862 3617 4920 innostro

1974 4944 2099 4998 cod.
2134 4940 2441 4996 diversitas
2473 4938 2688 5008 aliquo.

2047 5015 2195 5085 (837)
2226 5011 2381 5085 Psal.
2418 5001 2640 5085 ινξι,’4,
2673 5008 2851 5085 Divus
2897 5006 3317 5085 _Hieronymus,
3347 5003 3501 5085 nloco
3549 5001 3619 5056 ab

1976 5075 2147 5154 utero,
2181 5075 2321 5154 legit
2350 5100 2383 5136 a
2414 5082 2596 5154 vulva,
2621 5085 2685 5154 ut
2716 5080 2773 5132 in
2805 5077 2975 5154 Vulg.
3011 5075 3211 5154 nostra
3242 5077 3312 5154 ab
3344 5075 3471 5154 ipso
3492 5087 3619 5154 cor-

1976 5100 2147 5154 utero,
2183 5100 2233 5138 1e
2277 5100 2321 5137 1t
2350 5100 2383 5136 a
2414 5100 2596 5146 vulva,
2621 5100 2685 5133 ιη
2716 5100 2773 5132 ιῐι
2817 5100 2975 5150 vnlg.
3011 5100 3211 5132 nosu‘u
3242 5100 3312 5131 au
3345 5100 3471 5145 ipsu
3492 5100 3619 5126 cur-

1975 5161 2131 5282 retcrta
2160 5100 2771 5279 hstgeturSzepissime
2800 5148 3180 5205 animadverti
3205 5148 3479 5218 poterunt
3498 5141 3620 5197 haec

1974 5230 2029 5283 ἀι
2079 5243 2212 5281 eren
2248 5243 2330 5279 ne.
3526 5281 3534 5283 Α
3568 5282 3573 5283 γ

2017 5227 2330 5281 “Terentiae.

2045 5281 2190 5369 (838)
2224 5298 2513 5369 Adnotare
2538 5293 2633 5348 hic
2656 5292 3101 5369 1ubetA_t_to_nem
3126 5290 3412 5369 nostrum,
3438 5281 3541 5355 qui
3561 5282 3620 5369 in

1974 5354 2083 5424 ha‘c
2115 5354 2373 5439 Epistola
2404 5382 2591 5437 usque
2625 5381 2777 5439 nunc
2805 5362 3079 5439 religiose
3104 5357 3232 5439 _divi
3287 5354 3623 5439 Hieronymi

1977 5426 2220 5511 vestigia
2254 5426 2627 5511 secutus-est,
2662 5426 3475 5511 noluisseuhicejusopinioni
3499 5426 3621 5511 suf:

1978 5500 2211 5584 fragaii,
2243 5511 2345 5584 ubi
2377 5510 2479 5575 ait,
2528 5500 2633 5584 hoc
2665 5524 2731 5561 ex
2768 5505 2861 5558 Dei
2885 5500 3247 5584 prmscientia
3278 5500 3627 5580 evenirehut

1977 5571 2150 5654 quam
2173 5571 2525 5653 s'citjustu'm
2552 5580 2835 5641 futurum,
2862 5571 3026 5654 prius
3048 5571 3457 5654 diligat,qua_m
3471 5571 3623 5625 oria-

1978 5643 2074 5712 fur
2099 5672 2167 5712 ex
2189 5643 2349 5712 ulefo
2376 5671 2388 5709 :
2413 5657 2469 5709 et
2492 5666 2666 5722 quem
2690 5643 3072 5720 peccatorem,
3098 5643 3284 5701 oderit
3303 5647 3619 5713 antequam
