4014 6172
334 251 459 317 503

1358 253 1698 344 ATTONJS
1741 255 2330 330 VERCELLENSIS
2375 253 2732 334 EPISGOPI

3640 251 3780 326 ωδ

337 385 744 467 imperfectum
776 384 997 472 genuit.
1030 385 1138 456 Qui
1169 391 1307 443 tunc
1335 387 1408 441 de
1437 391 1599 442 utero
1631 387 1839 444 matris
1891 391 1980 444 est
2007 392 2064 458 Α
2091 392 2209 444 tres
2235 405 2421 448 annos
2449 391 2634 460 vocat,
2667 386 2934 458 ascendit
2960 384 3391 460 Jerosolymam
3423 383 3636 458 videre
3661 385 3766 442 Pe-

342 484 702 554 segregatus,
728 493 862 532 cum
893 475 1446 546 aJudaismo,cujus
1467 473 1994 545 fuerataamulator,

340 572 432 624 est
457 571 762 638 separatus
794 566 968 638 (839).

413 655 690 728 Sequitur
723 674 736 712 :
774 658 836 714 Ut
870 656 1136 711 reuelaret
1168 654 1374 709 Filium
1402 671 1566 710 suum
1595 657 1656 710 in
1683 671 1788 711 me.
1832 655 1995 720 Quod

345 749 540 801 autem
573 744 732 812 dicit,
756 747 819 801 in
847 760 953 810 me,
990 747 1053 798 ut
1072 742 1339 798 nonnulli
1357 742 1560 798 volunt
1582 744 1691 798 hoc
1713 751 1797 799 est
1817 744 1997 806 mihi;

345 835 413 888 ut
443 833 563 902 alii,
593 850 690 905 per
717 849 821 887 me.
856 833 986 887 Sive
1016 831 1155 903 quia
1186 832 1360 887 homo
1392 832 1622 904 sapacis
1651 837 1740 887 est
1774 837 1997 887 natura

348 922 424 977 ad
446 922 596 978 hanc
621 920 996 977 traditionem
1022 920 1748 994 intelligendam,attamen
1779 920 1918 975 latet
1941 919 1997 974 in

349 1027 418 1066 eo
449 1011 604 1082 quod
633 1009 808 1064 habet
851 1027 865 1075 ;
895 1010 941 1065 si
975 1027 1109 1064 vero
1142 1009 1342 1064 divina
1372 1009 1748 1065 miseratione
1765 1009 1814 1063 ei
1840 1008 1995 1081 quod

336 1097 646 1156 'occultum
680 1103 768 1151 est
799 1095 1224 1167 manifestetur,
1260 1103 1326 1152 ut
1349 1115 1476 1168 quae
1509 1103 1649 1154 sunt
1667 1095 1997 1152 Deiintelli-

356 1191 476 1260 gat,
507 1185 686 1242 Filius
718 1185 820 1242 Dei
851 1186 902 1241 ei
925 1185 1230 1243 revelatur.
1255 1187 1417 1251 Quod
1441 1191 1498 1242 et
1525 1186 1696 1243 Paulo
1722 1185 2006 1242 accidisse

358 1263 738 1331 monstratur.

428 1363 707 1440 Sequitur
739 1379 750 1417 :
787 1363 1052 1419 Continuo
1075 1380 1182 1418 non
1203 1365 1455 1435 acquievi
1472 1365 1632 1418 carni
1651 1372 1702 1420 et
1719 1365 2001 1436 sanguini.

359 1453 468 1508 Per
496 1449 730 1528 carnem
762 1455 818 1506 et
847 1453 1194 1525 sanguinem
1224 1451 1489 1507 nonnulli
1515 1452 1809 1525 apostolos
1841 1453 2011 1508 intel-

363 1541 576 1613 ligunt.
611 1540 773 1596 Unde
817 1540 1208 1613 Porphyrius:
1272 1540 1645 1597 Illuminatus
1697 1541 2010 1613 Apostolus

366 1632 515 1705 (840)
547 1630 897 1704 dedignatus
927 1635 1017 1685 est
1047 1629 1294 1685 transire
1327 1629 1397 1684 ad
1421 1629 1712 1699 homines,
1736 1634 1802 1686 ut
1822 1630 1894 1685 ab
1925 1629 2010 1686 eis

360 1717 585 1789 aliquid
616 1717 882 1788 disceret.
916 1719 1025 1774 Sed
1080 1717 1222 1774 dicit
1253 1717 1638 1792 Hieronymus
1673 1737 1685 1774 :
1745 1719 1900 1775 absit
1943 1723 2010 1774 ut

358 1793 619 1872 Petrum,
651 1811 718 1861 ut
747 1807 1062 1874 Andream,
1123 1811 1227 1861 aut
1275 1811 1536 1875 caeteros,
1596 1807 1864 1863 homines
1914 1807 2006 1862 di-

361 1897 512 1966 cam,
545 1894 683 1966 quia
713 1894 791 1950 dii
824 1899 1008 1950 erant.
1040 1896 1150 1950 Sed
1183 1895 1253 1950 de
1286 1895 1402 1951 illis
1425 1896 1646 1952 dictum
1669 1897 1844 1952 estde
1878 1896 2007 1968 qui-

360 1985 474 2040 bus
508 1983 792 2056 scriptum
828 1988 923 2044 est,
949 2001 960 2037 :
995 1984 1116 2038 Non
1142 1985 1485 2056 permanebit
1511 1987 1738 2056 spiritus
1766 2003 1919 2040 meus
1949 1988 2010 2041 in

361 2063 601 2141 homine,
635 2076 743 2128 etc.
779 2071 927 2144 (Gen.
961 2091 1040 2139 v1,
1071 2074 1148 2146 3),
1183 2079 1238 2128 et
1263 2073 1441 2129 item:
1503 2076 1568 2130 Et
1618 2091 1744 2130 caro
1787 2080 1840 2130 et
1885 2092 2008 2130 san-

360 2164 485 2234 guis
512 2177 623 2216 non
649 2162 911 2217 reuelauit
938 2163 1044 2216 tibi
1095 2162 1300 2234 (Matth.
1335 2181 1448 2233 xvx,
1485 2164 1595 2232 17).
1630 2164 1699 2218 Et
1750 2172 1838 2219 est
1884 2180 2014 2219 sen-

366 2267 510 2306 sus:
545 2253 663 2306 Non
692 2252 944 2320 acquievi
972 2252 1132 2306 carni
1163 2257 1212 2305 et
1239 2253 1530 2320 sanguini,
1582 2252 1689 2308 hoc
1733 2256 1841 2319 est,
1893 2268 2009 2307 non

365 2337 628 2393 consenti
661 2336 1018 2405 carnalibus,
1041 2354 1145 2393 nec
1165 2338 1298 2393 misi
1326 2339 1674 2411 margaritas
1693 2356 1853 2394 meas
1879 2344 2014 2396 ante

364 2442 591 2499 porcos,
625 2429 733 2482 etc.
767 2427 977 2498 (Matth.
1006 2443 1102 2493 vn,
1133 2427 1209 2498 6).
1245 2425 1407 2482 Unde
1440 2427 1650 2483 melius
1675 2428 1925 2498 habetur
1953 2428 2012 2485 in

367 2513 584 2586 Graeco,
617 2511 674 2568 id
705 2519 794 2570 est
821 2513 1054 2570 contuli.
1082 2515 1150 2570 Et
1179 2519 1268 2570 est
1315 2532 1563 2571 sensus:
1596 2518 1714 2571 Non
1762 2518 2017 2589 acquievi

363 2605 524 2659 carni
554 2607 609 2660 et
637 2605 923 2675 sanguini,
956 2603 1065 2658 hoc
1095 2608 1204 2671 est,
1242 2621 1358 2660 non
1415 2604 1751 2661 carnalibus
1791 2604 2016 2678 aliquid

366 2691 606 2758 contuli,
643 2692 782 2762 quia
813 2707 928 2746 non
945 2708 1037 2746 me
1060 2692 1293 2759 sociavi,
1323 2693 1421 2747 sed
1438 2692 1567 2764 ipsa
1588 2710 1718 2750 mea
1738 2693 2014 2766 praedica-

366 2781 522 2835 tione
552 2779 624 2834 ad
659 2779 834 2834 fidem
864 2779 1096 2834 trahere
1127 2781 1344 2835 curavi.
1378 2781 1446 2836 Et
1473 2781 1613 2852 quia
1641 2786 1866 2854 poterat
1883 2782 2015 2853 quis

368 2866 558 2924 dicere
584 2884 596 2922 :
640 2871 698 2922 Si
728 2870 871 2923 tunc
903 2883 1040 2939 non,
1073 2869 1416 2940 acquievisti
1448 2874 1669 2942 postea,
1698 2870 1826 2944 ideo
1841 2874 2014 2927 conti-

367 2972 476 3012 nuo
498 2957 866 3028 jungendqm
900 2961 990 3012 est
1019 2957 1442 3029 superioribus.
1477 2958 1624 3014 Nam
1656 2958 1705 3014 si
1734 2977 1836 3031 per
1887 2977 2015 3016 car-

369 3061 503 3101 nem
535 3050 593 3100 et
624 3045 971 3118 sanguinem
1004 3045 1253 3119 apostoli
1286 3051 1482 3104 essent
1509 3047 1871 3120 intelligendi
1896 3049 2015 3104 fru-

2107 481 2286 533 trum.

2180 566 2290 622 Sed
2325 566 2470 622 forte
2501 566 2642 622 dicit
2673 565 2927 637 aliquis:
2963 565 3112 631 Quid
3143 564 3290 620 mihi
3349 563 3601 636 prodest
3648 563 3768 622 hac

2109 653 2428 726 apostolica
2458 654 2736 724 narratio,
2761 671 2886 726 qua
2900 653 3019 710 isse
3042 657 3098 708 et
3119 653 3340 720 redisse
3361 669 3425 710 se
3442 652 3638 708 dicit?
3660 655 3772 710 Sed

2111 760 2182 800 ne
2211 758 2414 798 vacare
2443 743 2730 807 videatur,
2763 742 2820 796 id
2853 742 3010 812 cogit
3058 758 3166 797 nos
3198 741 3553 813 mysterium
3609 757 3773 812 quie-

2112 849 2256 891 rere.
2281 833 2425 887 Cum
2444 832 2502 888 in
2529 825 2912 903 sequentibus
2935 829 3142 901 (,Galat.
3179 847 3252 898 iv,
3273 831 3475 898 24-26)
3499 845 3609 901 per
3637 833 3774 887 Ara-

2111 921 2292 990 biam,
2325 926 2382 977 et
2413 925 2669 978 montem
2693 920 2854 988 Sina,
2887 924 2946 976 et
2974 918 3323 986 Jerusalem,
3355 919 3554 978 Vetus
3576 921 3778 977 Testa-

2114 1015 2379 1082 mentum
2403 1009 2846 1080 interpretetur;
2871 1024 3008 1080 ergo
3029 1006 3400 1064 illuminatus
3419 1008 3772 1080 Apostolus,

2115 1113 2435 1170 agnoscens
2467 1097 2764 1166 Christum
2794 1113 2898 1169 per
2919 1095 3352 1167 revelationem,
3374 1096 3535 1154 abiit
3553 1097 3622 1153 in
3641 1099 3779 1154 Ara-

2115 1185 2272 1249 biam
2305 1186 2457 1258 (quae
2487 1185 2911 1258 interpretatur
2938 1184 3190 1253 humilis,
3222 1185 3346 1242 sive
3365 1187 3652 1256 occidua),
3673 1185 3782 1244 hoc

2117 1268 2224 1347 est,
2259 1290 2525 1330 reversus
2555 1279 2644 1334 est
2673 1275 2745 1332 ad
2779 1275 2987 1352 Legem
3021 1278 3081 1331 et
3109 1274 3462 1348 Prophetas,
3474 1274 3582 1347 qui
3603 1275 3666 1330 in
3683 1275 3782 1331 de-

2121 1365 2268 1439 fectu
2294 1367 2478 1430 erant,
2509 1367 2800 1434 quatenus
2822 1362 3198 1438 investigarent
3217 1363 3269 1422 si
3288 1365 3346 1418 at
3367 1363 3452 1420 ibi
3476 1362 3779 1422 Christum

2121 1451 2460 1524 praedictum
2476 1455 2835 1524 agnosceret.
2869 1439 3202 1524 Agnitoibi,
3222 1450 3486 1520 Christo,
3511 1467 3783 1520 reversus

2121 1545 2209 1596 est
2241 1540 2589 1595 Damascum
2638 1539 2789 1612 (quae
2847 1527 3263 1610 interpretatur
3305 1541 3540 1610 sanguis
3589 1541 3782 1612 populi

2119 1626 2208 1684 vel
2238 1628 2434 1698 osculi)
2462 1625 2644 1702 (341);
2676 1626 2785 1682 hoc
2816 1628 2924 1694 est,
2959 1643 3222 1687 reversus
3255 1630 3346 1684 est
3374 1629 3454 1684 ad
3483 1627 3780 1700 passionis

2124 1714 2488 1788 mysterium.
2513 1715 2932 1772 Corroboratus
2966 1720 3184 1788 autem,
3207 1715 3600 1787 petiitlocum
3622 1716 3785 1789 pacis

2121 1809 2178 1860 et
2208 1803 2473 1860 visionis.
2719 1797 2724 1800 ’

2195 1893 2341 1965 (842)
2375 1892 2652 1964 Sequitur
2685 1908 2696 1946 :
2730 1893 2937 1954 Deinde
2962 1902 3084 1964 post
3112 1909 3284 1954 annos
3313 1898 3450 1971 tres,
3501 1898 3614 1956 etc.
3669 1894 3778 1952 No-

2122 1981 2368 2037 tandum
2401 1981 2537 2052 quia
2566 1980 2708 2036 dicit
2737 1997 2800 2056 s_e
2829 1980 3251 2056 Jerosolymam
3281 1982 3674 2061 venissemon
3718 1991 3782 2041 ut

2122 2071 2368 2126 disceret
2398 2069 2794 2142 Evangelium,
2829 2072 2982 2142 quod
3017 2089 3120 2143 per
3150 2077 3267 2130 tres
3326 2089 3523 2130 annos
3571 2074 3776 2146 praedi-

2123 2159 2292 2228 cavit,
2314 2160 2414 2216 sed
2448 2163 2513 2214 ut
2542 2157 2759 2216 videret
2792 2159 3045 2218 Petrum.
3081 2160 3316 2222 Retrum
3347 2164 3558 2218 autem
3587 2162 3776 2238 videre

2123 2265 2241 2303 non
2271 2247 2542 2304 vanitatis
2571 2264 2750 2310 causa
2779 2249 2956 2315 venit,
3009 2247 3134 2306 hoc.
3173 2254 3262 2306 est
3318 2250 3474 2321 (843)
3526 2251 3578 2308 si
3626 2254 3774 2310 esset

2123 2335 2341 2404 calvus,
2376 2353 2448 2392 an
2481 2336 2746 2406 crinitus,
2781 2351 2996 2402 macer,
3029 2354 3104 2394 an
3126 2336 3500 2410 pinguis,sed
3524 2338 3771 2407 spiritali

2123 2425 2464 2492 intentione,
2483 2423 2772 2492 videlicet,
2796 2429 2862 2480 ut
2881 2424 3133 2498 principi
3149 2413 3556 2500 apostolorum
3591 2429 3776 2486 defer-

2124 2518 2213 2592 ret
2240 2513 2544 2568 honorem.

2196 2601 2510 2673 Sequitur:
2545 2601 2610 2656 Et
2638 2602 2818 2670 mansi
2862 2599 3008 2672 apud
3035 2617 3161 2666 eum
3199 2602 3404 2668 diebus
3426 2603 3777 2675 quindecim.

2124 2689 2373 2745 Multum
2406 2688 2555 2743 valet
2585 2690 2654 2744 ad
2689 2690 2816 2760 eius
2841 2688 3246 2760 intentiouem.
3282 2692 3783 2762 Studiosilnume-

2125 2795 2323 2852 rerum
2339 2777 2542 2843 dicunt
2561 2777 2718 2832 hunc
2741 2795 3053 2844 numerum
3079 2784 3378 2846 sacratum
3401 2771 3561 2848 esse,
3585 2787 3646 2838 et
3667 2781 3782 2854 ple-

2126 2883 2263 2922 nam
2304 2865 2608 2922 scientiam
2641 2883 2706 2921 ac
2737 2867 3056 2938 perfectam
3089 2867 3396 2938 designare
3427 2856 3781 2928 doctrinam.

2127 2955 2468 3026 Quindecim
2489 2960 2628 3011 sunt
2649 2955 3012 3028 psalmorum
3036 2956 3206 3028 (844),
3230 2957 3334 3027 qui
3356 2945 3785 3024 atribulatione

2127 3043 2424 3110 inchoent,
2460 3044 2856 3116 pertingentes
2876 3043 2945 3099 ad
2972 3043 3120 3108 atria
3140 3045 3352 3100 domus
3374 3043 3643 3122 Domini,
3665 3063 3785 3120 quas

369 3138 490 3191 stra
519 3133 832 3190 subderet:
863 3136 1046 3206 Neque
1072 3137 1203 3190 veni
1228 3136 1647 3208 Jerosolymam,
1680 3141 1789 3192 etc.
1813 3140 2014 3194 Atten-
2128 3131 2305 3188 etiam
2337 3123 2688 3203 quindecim.
2727 3130 2903 3187 habet
2931 3131 3172 3204 gradus.
3200 3123 3573 3214 Solemnitas
3610 3135 3786 3204 etiam

370 3223 626 3279 dendum
661 3229 749 3279 est
781 3227 978 3280 autem
1011 3223 1150 3298 quia
1179 3231 1299 3280 haec
1332 3224 1587 3280 narratio
1610 3227 1904 3282 contraria
1933 3226 2016 3282 vi-

370 3312 543 3367 detur
573 3311 739 3367 Lucae
772 3307 1118 3368 narrationi.
1153 3313 1349 3368 Refert
1379 3313 1535 3368 enim
1566 3314 1699 3383 (Act.
1736 3332 1810 3378 1x,
1840 3316 1896 3382 5,
1948 3317 2020 3369 26

368 3402 504 3471 seq.)
537 3401 678 3472 quia
708 3406 1025 3472 postquam
1056 3400 1426 3456 illuminatus
1449 3401 1801 3459 ﬁducialiter
1821 3402 2018 3476 egitin

371 3487 682 3554 Damasco,
720 3503 990 3543 reversus
1022 3492 1110 3542 est
1138 3487 1194 3542 in
1227 3489 1575 3557 Jerusalem,
1602 3494 1658 3544 et
1677 3492 1943 3548 tentabat
1959 3508 2021 3547 se

373 3574 679 3645 discipulis
703 3576 972 3647 jungere,
1009 3579 1065 3631 et
1095 3563 1301 3630 cetera
1330 3593 1455 3648 quae
1487 3577 1558 3632 de
1591 3594 1656 3632 eo
1687 3578 1767 3633 ibi
1816 3578 2022 3652 legun-

371 3666 489 3717 tur.
522 3661 740 3718 Verum
773 3661 853 3717 ne
877 3663 1237 3718 contrarium
1269 3665 1551 3737 videatur,
1584 3665 1707 3722 fieri
1726 3669 1916 3738 potuit
1937 3673 2022 3736 ut,

375 3766 510 3805 cum
535 3749 903 3808 illuminatus
918 3752 1016 3806 ina
1034 3751 1645 3824 Dmascoﬁducialiter
1665 3755 2028 3825 egisset,orta

376 3839 656 3894 adversus
680 3855 814 3894 eum
833 3839 1254 3910 persecutione,
1280 3859 1545 3897 reversus
1567 3843 1776 3899 fuisset
1795 3845 2028 3900 Jerusa-

373 3926 510 3998 lem,
544 3945 659 3984 non
689 3933 752 3982 ut
780 3928 998 3984 videret
1030 3929 1346 4001 apostolos,
1382 3931 1483 3986 sed
1515 3936 1579 3987 ut
1603 3925 1811 3988 vitaret
1835 3933 2028 3990 inimi-

374 4034 575 4074 corum
610 4018 919 4089 impetum,
954 4018 1125 4090 quasi
1157 4020 1227 4074 ad
1262 4020 1436 4075 aliam
1468 4022 1812 4094 confugiens
1835 4024 2028 4079 civita-

375 4112 514 4162 tem.
537 4107 821 4177 Sive,orta
842 4107 1267 4179 persecutione,
1293 4108 1630 4180 relinquens
1650 4111 2026 4180 Damascum,

375 4195 518 4252 abiit
543 4196 604 4250 in
638 4197 956 4262 Arabiam;
991 4198 1091 4252 sed
1125 4214 1259 4251 cum
1314 4197 1393 4274 ibi
1447 4199 1592 4252 nihil
1641 4200 1886 4271 dignum
1935 4202 2027 4256 sui

375 4283 740 4355 apostolatus
772 4284 990 4354 egisset
1019 4285 1280 4356 (propter
1311 4287 1462 4356 quod
1496 4292 1553 4341 et
1582 4287 1766 4344 Lucas
1790 4306 2030 4345 narrare

376 4371 621 4439 omisit),
655 4387 919 4428 reversus
953 4371 1028 4427 sit
1049 4372 1428 4429 Damascum.
1463 4374 1624 4438 Quod
1658 4382 1854 4438 autem
1879 4378 2027 4434 nihil

2129 3221 2360 3290 Domini
2380 3238 2418 3290 a,
2446 3221 2650 3294 quinto
2681 3220 2906 3276 decimo
2937 3221 3031 3278 die
3063 3209 3528 3299 inchoat'wxod.
3553 3225 3783 3294 1:11.14).

2129 3309 2198 3365 Et
2229 3310 2349 3382 regi
2382 3307 2635 3366 Ezechiae
2670 3305 3005 3380 quindecim
3037 3307 3190 3373 aucti
3241 3301 3394 3376 sunt.
3435 3310 3586 3366 anni
3637 3312 3780 3382 (lsai.

2128 3415 2364 3466 xxxvm,
2398 3397 2474 3457 5).
2509 3395 2732 3460 Quibus
2762 3397 3045 3471 exemplis
3075 3401 3342 3465 sacratus
3391 3404 3781 3472 monstratur.

2129 3486 2279 3559 Ergo
2310 3485 2419 3541 hoc
2431 3503 2675 3541 numero
2689 3485 2940 3554 dierum,
2965 3485 3184 3558 quibus
3205 3487 3427 3556 mansit
3445 3489 3613 3560 apud
3633 3488 3784 3561 prin-

2132 3575 2319 3647 cipem
2349 3574 2687 3647 Apostolus,
2719 3575 2976 3652 perlecta
3023 3574 3212 3648 ipsius
3257 3565 3650 3650 monstratur.
3686 3579 3785 3634 do-

2133 3662 2339 3718 ctrina.
2796 3661 2798 3663 ’

2205 3755 2422 3807 Verum
2455 3767 2528 3806 ne
2554 3751 2772 3826 diceret
2803 3750 3018 3823 aliquis
3070 3751 3224 3824 quia,
3257 3751 3306 3808 si
3342 3769 3465 3816 non
3512 3753 3806 3822 didicit-a.

2137 3839 2324 3910 Petro,
2357 3840 2562 3895 didicit
2592 3845 2792 3896 tamen
2823 3840 2894 3894 ab
2927 3839 3082 3909 aliis,
3110 3831 3242 3906 ideo.
3289 3856 3431 3898 mox
3480 3831 3784 3916 adiunxit:

2134 3929 2321 4002 Alium
2349 3929 2718 4000 apostolorum
2747 3928 2862 4006 vidi
2889 3931 3187 3998 neminem.
3219 3930 3292 3984 At
3318 3923 3460 3986 vero
3495 3917 3620 3998 non
3663 3921 3804 4003 Quis.

2136 4016 2496 4090 contemptui
2528 4034 2626 4072 eos
2656 4016 2885 4082 habuit,
2910 4016 3154 4088 minime
3174 4016 3339 4083 vidit,
3364 4019 3468 4088 sed
3495 4020 3789 4092 quiacau-

2137 4125 2203 4162 sa
2231 4107 2665 4178 evangelizandi
2689 4107 2817 4178 jam
2851 4106 3100 4178 dispersi
3131 4110 3316 4162 erant.
3354 4095 3568 4180 Causa:
3597 4112 3805 4184 autem,

2136 4195 2369 4268 videndi
2400 4194 2686 4250 Jacobum
2708 4194 2826 4262 haec
2841 4193 2971 4264 fuit,
2996 4192 3134 4268 quia
3155 4193 3225 4268 ab
3251 4189 3542 4274 Apostolo
3561 4187 3792 4274 ordina-

2137 4288 2233 4338 tus
2264 4288 2387 4338 erat
2417 4282 2732 4354 episcopus
2783 4281 3186 4357 Jerosolymis.
3212 4269 3499 4340 "Fratrem
3553 4272 3788 4354 Domini,

2139 4389 2254 4428 non
2285 4373 2612 4428 secundum
2644 4371 3160 4441 baereticostilium
3179 4373 3400 4446 Joseph
3427 4379 3569 4445 post
3589 4380 3806 4452 natum,

376 4461 621 4534 dignum
653 4459 713 4518 in
735 4452 963 4516 Arabia
985 4461 1124 4533 egit,
1160 4478 1274 4516 non
1307 4462 1556 4534 pigritiae
1581 4465 1711 4532 fuit,
1737 4468 1837 4522 sed
1880 4468 2027 4522 divin
2060 4495 2104 4559 Ι)
2139 4462 2449 4532 Dominum
2481 4461 2784 4525 exMaria,
2815 4459 3022 4529 xelex,
3054 4460 3258 4540 altera}
3289 4478 3480 4519 uxore.
3519 4453 3810 4537 genitum.

377 4567 462 4605 nae
477 4549 959 4621 dispensationis,
986 4551 1140 4621 quod
1165 4550 1501 4622 prohibitus
1525 4557 2028 4625 est,quemadmo-

379 4639 686 4724 dumgcum
738 4637 912 4693 vellet
967 4654 1204 4712 pergere
1263 4640 1462 4695 Asiam
1513 4643 1648 4709 (Act.
1707 4659 1820 4710 xvr,
1861 4645 1915 4710 6,
1947 4646 2024 4716 7).

379 4725 597 4781 Deinde
620 4725 826 4782 multis
848 4726 1056 4782 diebus
1079 4727 1329 4799 peractis
1352 4728 1412 4784 in
1435 4729 1740 4797 Damasco,
1766 4748 1912 4803 quos
1933 4731 2028 4789 hic

380 4869 579 4945 peccet
606 4867 784 4945 (quod
806 4872 1002 4922 tamen
1033 4867 1285 4945 theologi
1316 4872 1756 4945 Augustiniance
1790 4878 2029 4930 senten-

378 4940 470 4993 tia
503 4944 959 5011 consentaneum
993 4940 1283 5011 probant),
1317 4959 1387 4997 ne
1413 4940 1668 5000 'scilicet
1714 4945 1803 5002 vel
1845 4947 2021 5001 mini-

380 5026 546 5083 mum
575 5023 622 5065 a‘
638 5009 754 5083 divi
785 5009 1119 5083 Augustini,
1140 5009 1315 5083 quam
1334 5012 1391 5067 in
1413 5016 1872 5083 praecedentibus
1895 5019 2026 5083 Epi-

379 5080 548 5137 stolis
579 5081 818 5138 omnino
849 5080 1290 5154 amplexus'est,
1314 5080 1603 5142 sententia
1627 5087 1848 5144 descire
1868 5080 2025 5146 vide-

380 5158 563 5208 retur.

451 5225 598 5299 (839)
617 5227 1199 5299 Autogfonfugerat
1223 5226 1522 5299 Saemulator
1547 5234 1597 5299 et
1614 5237 1915 5299 separatus.

452 5297 598 5364 (8-10)
615 5294 1204 5369 Divusllieronymus
1224 5294 1330 5350 hoc
1354 5294 1684 5369 exemplum
1703 5301 2022 5364 adducens,

379 5365 458 5441 ait
494 5381 505 5418 :
544 5371 665 5441 [nisi
687 5365 1075 5441 reuelationem
1098 5367 1313 5422 Christi
1339 5383 1351 5441 ς
1389 5365 1634 5441 fortasse
1666 5369 1978 5441 legendum
2008 5390 2020 5427 :

378 5437 729 5509 illuminatus
757 5439 1060 5509 Apostolus,
1100 5441 1170 5509 ob
1205 5438 1611 5494 revelationem
1672 5437 1904 5498 Christi.
1960 5442 2022 5499 In

379 5507 589 5582 codice
608 5507 1014 5582 cgmpendiose
1046 5508 1259 5582 legitur
1284 5511 1430 5579 Apls.
1454 5509 1685 5567 Videsis
1715 5512 1912 5570 lector.

443 5576 596 5651 (841)
628 5576 803 5636 Divus
835 5576 1254 5654 Hieronymus:
1290 5576 1536 5638 reversus
1565 5586 1639 5640 est
1666 5584 2016 5659 Damascum,

2139 4549 2462 4624 intelligere
2491 4550 2794 4615 debemus,
2828 4550 2929 4604 sed
2963 4566 3122 4605 more
3160 4550 3612 4634 Scripturarum
3667 4569 3794 4607 con-

2138 4638 2486 4711 sanguinem
2518 4637 2706 4710 ipsius
2745 4636 3000 4694 Domini.
3035 4637 3102 4692 Et
3135 4639 3323 4708 caeteri
3344 4635 3658 4713 discipuli,
3681 4642 3791 4696 fra-

2135 4732 2255 4784 tres
2286 4726 2510 4782 Domini
2544 4727 2713 4799 (845).
2749 4726 2911 4788 Unde
2941 4725 3105 4800 ipse;
3143 4729 3244 4796 Ite,
3296 4725 3468 4784 dicite
3513 4731 3790 4806 fratribus

2137 4870 2235 4941 hoc
2262 4878 2357 4934 est,
2385 4869 2453 4924 ad
2471 4871 2807 4941 sanguinem
2828 4873 2884 4941 et
2901 4870 3221 4941 passionem
3272 4869 3511 4928 Christi.
3535 4871 3796 4936 Credunt

2137 4886 2235 4925 noc
2262 4886 2357 4934 est,
2385 4886 2453 4924 aa
2471 4886 2572 4924 san
2620 4886 2807 4930 amem
2828 4886 2884 4924 ει
2901 4886 3221 4941 passionem
3272 4886 3511 4928 unum.
3535 4886 3787 4936 Ureaunl

2137 4940 2321 5014 aliqui
2345 4943 2518 5013 juxta
2575 4886 2724 5003 hanc
2772 4940 2984 5014 urbem
3040 4940 3178 4998 Abel
3209 4941 3453 5014 atratre
3490 4945 3787 5010 occisum,

2136 5010 2317 5084 quare
2348 5010 2414 5068 ex
2447 5013 2734 5085 sanguine
2754 5010 2891 5085 Abel
2915 5012 3042 5068 loco
3066 5029 3279 5068 nomen
3303 5012 3668 5085 impositum
3687 5015 3792 5072 Da.

2137 5082 2401 5141 muscum
2439 5101 2450 5138 :
2480 5082 2635 5156 quod
2669 5085 2727 5138 in
2758 5082 2996 5139 Hebraeo
3025 5085 3346 5156 Dam-sacb
3380 5082 3633 5156 saccum
3653 5105 3794 5154 san-

2136 5156 2348 5229 guinis
2365 5155 2737 5229 referat.Quae
2766 5157 2963 5229 tamen
2979 5156 3070 5229 rei
3089 5155 3256 5229 ﬁdes,
3280 5155 3779 5229 caeterigviderint.

2205 5227 2446 5300 (8112)»19
2479 5232 2676 5298 autog.
2711 5242 2896 5300 marg.
2930 5225 3024 5300 hic
3056 5225 3572 5300 legilu’r_cap.‘_YI.

2206 5295 2386 5368 (8423)
2421 5295 2972 5374 interpretationem
2993 5295 3145 5364 hanc
3174 5315 3208 5354 a
3237 5295 3396 5362 divOf
3423 5295 3788 5374 Hieronymo

2134 5368 2464 5440 desumpsit
2494 5368 2696 5427 auctor
2727 5373 2942 5428 noster.
3256 5439 3265 5440 ί
3537 5369 3540 5372 ’
3589 5372 3592 5376 ’

2206 5439 2756 5510 (844)0esideratur
2793 5440 3064 5507 carmina,
3116 5439 3292 5509 quod,
3320 5441 3682 5508 vocabulum
3725 5442 3784 5500 in

2133 5508 2259 5594 divi
2275 5508 2615 5594 _llier_onymi
2631 5508 3146 5594 interpretatione
3169 5514 3412 5590 prostat.
3633 5513 3636 5516 ’

2207 5583 2353 5656 )8-l5)
2385 5582 2765 5656 Subintellige
2793 5582 3188 5657 appellantur.’
3381 5588 3384 5590 ‘
