  <div class='ocr_page' id='page_1' title='image "/cluster/home/n/w/nwhite01/storage/ocr_20150623/134/hvd.32044023361702/258.png"; bbox 0 0 4060 6164; ppageno 0'>
   <div class='ocr_carea' id='block_1_1' title="bbox 233 300 338 377">
    <p class='ocr_par' dir='ltr' id='par_1_1' title="bbox 233 300 338 377">
     <span class='ocr_line' id='line_1_1' title="bbox 233 300 338 377; baseline 0 0"><span class='ocrx_word' id='word_1_1' title='bbox 233 300 338 377; x_wconf 76' lang='lat'><strong>505</strong></span> 
     </span>
    </p>
   </div>
   <div class='ocr_carea' id='block_1_2' title="bbox 805 299 3029 379">
    <p class='ocr_par' dir='ltr' id='par_1_2' title="bbox 805 299 3029 379">
     <span class='ocr_line' id='line_1_2' title="bbox 805 299 3029 379; baseline 0 -15"><span class='ocrx_word' id='word_1_2' title='bbox 805 299 1225 366; x_wconf 82' lang='lat' dir='ltr'><strong>EXPOSITIO</strong></span> <span class='ocrx_word' id='word_1_3' title='bbox 1267 304 1351 366; x_wconf 76' lang='lat' dir='ltr'><strong>IN</strong></span> <span class='ocrx_word' id='word_1_4' title='bbox 1391 304 1823 369; x_wconf 69' lang='lat' dir='ltr'><strong>EPISTOLAS</strong></span> <span class='ocrx_word' id='word_1_5' title='bbox 1868 303 2123 368; x_wconf 81' lang='lat' dir='ltr'><strong>PAULI.</strong></span> <span class='ocrx_word' id='word_1_6' title='bbox 2167 337 2243 349; x_wconf 91' lang='lat'><strong>-—</strong></span> <span class='ocrx_word' id='word_1_7' title='bbox 2284 304 2363 366; x_wconf 84' lang='lat' dir='ltr'><strong>IN</strong></span> <span class='ocrx_word' id='word_1_8' title='bbox 2410 305 2809 379; x_wconf 46' lang='lat' dir='ltr'><strong>EPISTUAD</strong></span> <span class='ocrx_word' id='word_1_9' title='bbox 2856 305 3029 369; x_wconf 79' lang='lat' dir='ltr'><strong>GAL.</strong></span> 
     </span>
    </p>
   </div>
   <div class='ocr_carea' id='block_1_3' title="bbox 235 432 3633 511">
    <p class='ocr_par' dir='ltr' id='par_1_3' title="bbox 235 432 3633 511">
     <span class='ocr_line' id='line_1_3' title="bbox 235 432 3633 511; baseline 0 -16"><span class='ocrx_word' id='word_1_10' title='bbox 235 436 355 495; x_wconf 78' lang='lat' dir='ltr'><strong>meis</strong></span> <span class='ocrx_word' id='word_1_11' title='bbox 382 432 571 507; x_wconf 66' lang='lat'>(846);</span> <span class='ocrx_word' id='word_1_12' title='bbox 603 438 661 491; x_wconf 91' lang='lat' dir='ltr'><strong>et</strong></span> <span class='ocrx_word' id='word_1_13' title='bbox 685 450 700 490; x_wconf 89' lang='lat'><strong>:</strong></span> <span class='ocrx_word' id='word_1_14' title='bbox 731 437 978 503; x_wconf 74' lang='lat' dir='ltr'><strong>Narrabo</strong></span> <span class='ocrx_word' id='word_1_15' title='bbox 1002 454 1197 495; x_wconf 81' lang='lat' dir='ltr'><strong>nomen</strong></span> <span class='ocrx_word' id='word_1_16' title='bbox 1216 440 1491 509; x_wconf 77' lang='lat' dir='ltr'><strong>fratribus</strong></span> <span class='ocrx_word' id='word_1_17' title='bbox 1508 441 1646 495; x_wconf 85' lang='lat' dir='ltr'><strong>meis</strong></span> <span class='ocrx_word' id='word_1_18' title='bbox 1676 439 1857 509; x_wconf 81' lang='lat' dir='ltr'><strong>(Psat.</strong></span> <span class='ocrx_word' id='word_1_19' title='bbox 1893 445 1945 508; x_wconf 82' lang='grc' dir='ltr'><strong>Α</strong></span> <span class='ocrx_word' id='word_1_20' title='bbox 1973 437 2131 494; x_wconf 87' lang='lat' dir='ltr'><strong>nisse</strong></span> <span class='ocrx_word' id='word_1_21' title='bbox 2146 437 2587 511; x_wconf 84' lang='lat' dir='ltr'><strong>Jerosolymam,</strong></span> <span class='ocrx_word' id='word_1_22' title='bbox 2610 440 2805 496; x_wconf 89' lang='lat' dir='ltr'><strong>studio</strong></span> <span class='ocrx_word' id='word_1_23' title='bbox 2825 439 3057 495; x_wconf 83' lang='lat' dir='ltr'><strong>videndi</strong></span> <span class='ocrx_word' id='word_1_24' title='bbox 3080 440 3341 496; x_wconf 89' lang='lat' dir='ltr'><strong>Petrum.</strong></span> <span class='ocrx_word' id='word_1_25' title='bbox 3361 439 3475 495; x_wconf 84' lang='lat' dir='ltr'><strong>Hic</strong></span> <span class='ocrx_word' id='word_1_26' title='bbox 3495 455 3633 497; x_wconf 89' lang='lat' dir='ltr'><strong>vero</strong></span> 
     </span>
    </p>
   </div>
   <div class='ocr_carea' id='block_1_4' title="bbox 233 525 1866 597">
    <p class='ocr_par' dir='ltr' id='par_1_4' title="bbox 233 525 1866 597">
     <span class='ocr_line' id='line_1_4' title="bbox 233 525 1866 597; baseline -0.001 -12"><span class='ocrx_word' id='word_1_27' title='bbox 233 542 333 593; x_wconf 65' lang='grc' dir='ltr'><strong>ιιι,</strong></span> <span class='ocrx_word' id='word_1_28' title='bbox 362 525 434 579; x_wconf 83' lang='grc'><strong>23</strong></span> <span class='ocrx_word' id='word_1_29' title='bbox 462 526 672 591; x_wconf 83' lang='lat' dir='ltr'><strong>;Hebr.</strong></span> <span class='ocrx_word' id='word_1_30' title='bbox 696 544 760 593; x_wconf 86' lang='lat'><strong>11,</strong></span> <span class='ocrx_word' id='word_1_31' title='bbox 794 527 900 597; x_wconf 76' lang='lat'><strong>1‘2).</strong></span> <span class='ocrx_word' id='word_1_32' title='bbox 931 528 1043 584; x_wconf 85' lang='lat' dir='ltr'><strong>Sed</strong></span> <span class='ocrx_word' id='word_1_33' title='bbox 1073 528 1218 584; x_wconf 91' lang='lat' dir='ltr'><strong>forte</strong></span> <span class='ocrx_word' id='word_1_34' title='bbox 1252 529 1378 585; x_wconf 91' lang='lat' dir='ltr'><strong>ideo</strong></span> <span class='ocrx_word' id='word_1_35' title='bbox 1409 529 1518 583; x_wconf 86' lang='lat' dir='ltr'><strong>iste</strong></span> <span class='ocrx_word' id='word_1_36' title='bbox 1550 529 1726 584; x_wconf 82' lang='lat' dir='ltr'><strong>frater</strong></span> <span class='ocrx_word' id='word_1_37' title='bbox 1758 535 1866 584; x_wconf 88' lang='lat' dir='ltr'><strong>Do-</strong></span> 
     </span>
    </p>
   </div>
   <div class='ocr_carea' id='block_1_5' title="bbox 236 613 1869 688">
    <p class='ocr_par' dir='ltr' id='par_1_5' title="bbox 236 613 1869 688">
     <span class='ocr_line' id='line_1_5' title="bbox 236 613 1869 688; baseline 0.001 -16"><span class='ocrx_word' id='word_1_38' title='bbox 236 613 365 672; x_wconf 87' lang='lat' dir='ltr'>mini</span> <span class='ocrx_word' id='word_1_39' title='bbox 427 614 757 686; x_wconf 77' lang='lat' dir='ltr'><strong>specialiter</strong></span> <span class='ocrx_word' id='word_1_40' title='bbox 810 616 1044 683; x_wconf 85' lang='lat' dir='ltr'><strong>dicitur,</strong></span> <span class='ocrx_word' id='word_1_41' title='bbox 1105 618 1243 688; x_wconf 84' lang='lat' dir='ltr'><strong>quia</strong></span> <span class='ocrx_word' id='word_1_42' title='bbox 1300 624 1422 674; x_wconf 88' lang='lat' dir='ltr'><strong>tam</strong></span> <span class='ocrx_word' id='word_1_43' title='bbox 1483 619 1595 674; x_wconf 90' lang='lat' dir='ltr'><strong>fuit</strong></span> <span class='ocrx_word' id='word_1_44' title='bbox 1652 620 1869 675; x_wconf 88' lang='lat' dir='ltr'><strong>sancti-</strong></span> 
     </span>
    </p>
   </div>
   <div class='ocr_carea' id='block_1_6' title="bbox 238 703 1872 780">
    <p class='ocr_par' dir='ltr' id='par_1_6' title="bbox 238 703 1872 780">
     <span class='ocr_line' id='line_1_6' title="bbox 238 703 1872 780; baseline 0.002 -19"><span class='ocrx_word' id='word_1_45' title='bbox 238 703 384 771; x_wconf 89' lang='lat' dir='ltr'><strong>tatis,</strong></span> <span class='ocrx_word' id='word_1_46' title='bbox 419 704 691 775; x_wconf 86' lang='lat' dir='ltr'><strong>tantique</strong></span> <span class='ocrx_word' id='word_1_47' title='bbox 719 707 897 761; x_wconf 90' lang='lat' dir='ltr'><strong>etiam</strong></span> <span class='ocrx_word' id='word_1_48' title='bbox 931 708 1205 775; x_wconf 90' lang='lat' dir='ltr'><strong>rumoris,</strong></span> <span class='ocrx_word' id='word_1_49' title='bbox 1241 712 1305 765; x_wconf 90' lang='lat' dir='ltr'><strong>ut</strong></span> <span class='ocrx_word' id='word_1_50' title='bbox 1351 710 1617 763; x_wconf 82' lang='lat' dir='ltr'><strong>certatim</strong></span> <span class='ocrx_word' id='word_1_51' title='bbox 1653 709 1872 780; x_wconf 87' lang='lat' dir='ltr'><strong>quique</strong></span> 
     </span>
    </p>
   </div>
   <div class='ocr_carea' id='block_1_7' title="bbox 237 792 1869 869">
    <p class='ocr_par' dir='ltr' id='par_1_7' title="bbox 237 792 1869 869">
     <span class='ocr_line' id='line_1_7' title="bbox 237 792 1869 869; baseline 0.001 -20"><span class='ocrx_word' id='word_1_52' title='bbox 237 792 518 849; x_wconf 84' lang='lat' dir='ltr'><strong>ﬁmbriam</strong></span> <span class='ocrx_word' id='word_1_53' title='bbox 550 793 882 853; x_wconf 86' lang='lat' dir='ltr'><strong>vestimenti</strong></span> <span class='ocrx_word' id='word_1_54' title='bbox 913 798 1040 865; x_wconf 88' lang='lat' dir='ltr'><strong>ejus</strong></span> <span class='ocrx_word' id='word_1_55' title='bbox 1098 802 1335 869; x_wconf 83' lang='lat' dir='ltr'><strong>tangere</strong></span> <span class='ocrx_word' id='word_1_56' title='bbox 1393 804 1667 854; x_wconf 84' lang='lat' dir='ltr'><strong>curarent</strong></span> <span class='ocrx_word' id='word_1_57' title='bbox 1698 800 1869 869; x_wconf 78' lang='grc'>(847).</span> 
     </span>
    </p>
   </div>
   <div class='ocr_carea' id='block_1_8' title="bbox 235 883 1869 958">
    <p class='ocr_par' dir='ltr' id='par_1_8' title="bbox 235 883 1869 958">
     <span class='ocr_line' id='line_1_8' title="bbox 235 883 1869 958; baseline 0.002 -19"><span class='ocrx_word' id='word_1_58' title='bbox 235 884 335 939; x_wconf 88' lang='lat' dir='ltr'><strong>Iste</strong></span> <span class='ocrx_word' id='word_1_59' title='bbox 355 883 651 953; x_wconf 81' lang='lat' dir='ltr'><strong>projectus</strong></span> <span class='ocrx_word' id='word_1_60' title='bbox 682 884 752 938; x_wconf 90' lang='lat' dir='ltr'><strong>de</strong></span> <span class='ocrx_word' id='word_1_61' title='bbox 773 885 954 955; x_wconf 90' lang='lat' dir='ltr'><strong>pinna</strong></span> <span class='ocrx_word' id='word_1_62' title='bbox 974 886 1177 958; x_wconf 84' lang='lat' dir='ltr'><strong>templi</strong></span> <span class='ocrx_word' id='word_1_63' title='bbox 1204 887 1433 943; x_wconf 85' lang='lat' dir='ltr'><strong>occisus</strong></span> <span class='ocrx_word' id='word_1_64' title='bbox 1460 892 1549 942; x_wconf 89' lang='lat' dir='ltr'><strong>est</strong></span> <span class='ocrx_word' id='word_1_65' title='bbox 1570 905 1603 943; x_wconf 93' lang='lat' dir='ltr'><strong>a</strong></span> <span class='ocrx_word' id='word_1_66' title='bbox 1620 888 1869 944; x_wconf 65' lang='lat' dir='ltr'><strong>Judaeis:</strong></span> 
     </span>
    </p>
   </div>
   <div class='ocr_carea' id='block_1_9' title="bbox 233 970 1874 1048">
    <p class='ocr_par' dir='ltr' id='par_1_9' title="bbox 233 970 1874 1048">
     <span class='ocr_line' id='line_1_9' title="bbox 233 970 1874 1048; baseline 0.002 -20"><span class='ocrx_word' id='word_1_67' title='bbox 233 971 313 1047; x_wconf 84' lang='lat' dir='ltr'><strong>cui</strong></span> <span class='ocrx_word' id='word_1_68' title='bbox 342 970 632 1027; x_wconf 86' lang='lat' dir='ltr'><strong>successit</strong></span> <span class='ocrx_word' id='word_1_69' title='bbox 664 972 920 1045; x_wconf 88' lang='lat' dir='ltr'><strong>Simeon,</strong></span> <span class='ocrx_word' id='word_1_70' title='bbox 956 976 1057 1046; x_wconf 89' lang='lat' dir='ltr'><strong>qui</strong></span> <span class='ocrx_word' id='word_1_71' title='bbox 1089 976 1264 1032; x_wconf 87' lang='lat' dir='ltr'><strong>etiam</strong></span> <span class='ocrx_word' id='word_1_72' title='bbox 1321 994 1424 1048; x_wconf 89' lang='lat' dir='ltr'><strong>pro</strong></span> <span class='ocrx_word' id='word_1_73' title='bbox 1481 977 1728 1034; x_wconf 91' lang='lat' dir='ltr'><strong>Domino</strong></span> <span class='ocrx_word' id='word_1_74' title='bbox 1760 978 1874 1032; x_wconf 88' lang='lat' dir='ltr'><strong>fuit</strong></span> 
     </span>
    </p>
   </div>
   <div class='ocr_carea' id='block_1_10' title="bbox 229 1058 963 1132">
    <p class='ocr_par' dir='ltr' id='par_1_10' title="bbox 229 1058 963 1132">
     <span class='ocr_line' id='line_1_10' title="bbox 229 1058 963 1132; baseline 0.003 -17"><span class='ocrx_word' id='word_1_75' title='bbox 229 1058 533 1119; x_wconf 80' lang='lat' dir='ltr'><strong>cruciﬁxus</strong></span> <span class='ocrx_word' id='word_1_76' title='bbox 565 1060 636 1113; x_wconf 89' lang='lat' dir='ltr'><strong>ab</strong></span> <span class='ocrx_word' id='word_1_77' title='bbox 668 1058 751 1115; x_wconf 89' lang='lat' dir='ltr'><strong>eis</strong></span> <span class='ocrx_word' id='word_1_78' title='bbox 784 1060 963 1132; x_wconf 69' lang='lat'>(848).</span> 
     </span>
    </p>
   </div>
   <div class='ocr_carea' id='block_1_11' title="bbox 294 1148 1875 1224">
    <p class='ocr_par' dir='ltr' id='par_1_11' title="bbox 294 1148 1875 1224">
     <span class='ocr_line' id='line_1_11' title="bbox 294 1148 1875 1224; baseline 0.003 -22"><span class='ocrx_word' id='word_1_79' title='bbox 294 1148 423 1216; x_wconf 71' lang='lat' dir='ltr'><strong>Quae</strong></span> <span class='ocrx_word' id='word_1_80' title='bbox 453 1152 640 1215; x_wconf 82' lang='lat' dir='ltr'><strong>autem</strong></span> <span class='ocrx_word' id='word_1_81' title='bbox 666 1149 841 1205; x_wconf 70' lang='lat' dir='ltr'><strong>scribo</strong></span> <span class='ocrx_word' id='word_1_82' title='bbox 870 1151 1040 1218; x_wconf 76' lang='lat' dir='ltr'><strong>vobis,</strong></span> <span class='ocrx_word' id='word_1_83' title='bbox 1075 1157 1180 1207; x_wconf 76' lang='lat' dir='ltr'><strong>etc.</strong></span> <span class='ocrx_word' id='word_1_84' title='bbox 1214 1153 1333 1209; x_wconf 86' lang='lat' dir='ltr'><strong>Hoc</strong></span> <span class='ocrx_word' id='word_1_85' title='bbox 1357 1154 1514 1207; x_wconf 86' lang='lat' dir='ltr'><strong>enim</strong></span> <span class='ocrx_word' id='word_1_86' title='bbox 1547 1154 1702 1224; x_wconf 91' lang='lat' dir='ltr'><strong>quod</strong></span> <span class='ocrx_word' id='word_1_87' title='bbox 1735 1152 1875 1208; x_wconf 89' lang='lat' dir='ltr'><strong>dicit</strong></span> 
     </span>
    </p>
   </div>
   <div class='ocr_carea' id='block_1_12' title="bbox 228 1236 1871 1312">
    <p class='ocr_par' dir='ltr' id='par_1_12' title="bbox 228 1236 1871 1312">
     <span class='ocr_line' id='line_1_12' title="bbox 228 1236 1871 1312; baseline 0.002 -18"><span class='ocrx_word' id='word_1_88' title='bbox 228 1241 337 1294; x_wconf 82' lang='lat' dir='ltr'><strong>tam</strong></span> <span class='ocrx_word' id='word_1_89' title='bbox 367 1236 785 1311; x_wconf 28' lang='lat' dir='ltr'><strong>ad‘superiora</strong></span> <span class='ocrx_word' id='word_1_90' title='bbox 814 1256 993 1310; x_wconf 89' lang='lat' dir='ltr'><strong>quam</strong></span> <span class='ocrx_word' id='word_1_91' title='bbox 1025 1241 1097 1296; x_wconf 92' lang='lat' dir='ltr'><strong>ad</strong></span> <span class='ocrx_word' id='word_1_92' title='bbox 1128 1241 1403 1297; x_wconf 86' lang='lat' dir='ltr'><strong>inferiora</strong></span> <span class='ocrx_word' id='word_1_93' title='bbox 1434 1247 1489 1296; x_wconf 91' lang='lat' dir='ltr'><strong>et</strong></span> <span class='ocrx_word' id='word_1_94' title='bbox 1520 1242 1717 1297; x_wconf 85' lang='lat' dir='ltr'><strong>omnia</strong></span> <span class='ocrx_word' id='word_1_95' title='bbox 1744 1259 1871 1312; x_wconf 71' lang='lat' dir='ltr'><strong>qua:</strong></span> 
     </span>
    </p>
   </div>
   <div class='ocr_carea' id='block_1_13' title="bbox 229 1323 1871 1402">
    <p class='ocr_par' dir='ltr' id='par_1_13' title="bbox 229 1323 1871 1402">
     <span class='ocr_line' id='line_1_13' title="bbox 229 1323 1871 1402; baseline 0.003 -21"><span class='ocrx_word' id='word_1_96' title='bbox 229 1323 429 1381; x_wconf 81' lang='lat' dir='ltr'><strong>scribit</strong></span> <span class='ocrx_word' id='word_1_97' title='bbox 457 1326 659 1382; x_wconf 89' lang='lat' dir='ltr'><strong>referri</strong></span> <span class='ocrx_word' id='word_1_98' title='bbox 690 1331 902 1398; x_wconf 78' lang='lat' dir='ltr'><strong>potest.</strong></span> <span class='ocrx_word' id='word_1_99' title='bbox 929 1329 989 1384; x_wconf 87' lang='lat' dir='ltr'><strong>Si</strong></span> <span class='ocrx_word' id='word_1_100' title='bbox 1004 1329 1159 1384; x_wconf 88' lang='lat' dir='ltr'><strong>enim</strong></span> <span class='ocrx_word' id='word_1_101' title='bbox 1205 1329 1553 1402; x_wconf 88' lang='lat' dir='ltr'><strong>simpliciter</strong></span> <span class='ocrx_word' id='word_1_102' title='bbox 1583 1331 1871 1397; x_wconf 87' lang='lat' dir='ltr'><strong>attendas,</strong></span> 
     </span>
    </p>
   </div>
   <div class='ocr_carea' id='block_1_14' title="bbox 232 1414 1875 1487">
    <p class='ocr_par' dir='ltr' id='par_1_14' title="bbox 232 1414 1875 1487">
     <span class='ocr_line' id='line_1_14' title="bbox 232 1414 1875 1487; baseline 0.004 -19"><span class='ocrx_word' id='word_1_103' title='bbox 232 1414 344 1481; x_wconf 74' lang='lat' dir='ltr'><strong>haec</strong></span> <span class='ocrx_word' id='word_1_104' title='bbox 369 1414 809 1485; x_wconf 82' lang='lat' dir='ltr'><strong>verbajurandi</strong></span> <span class='ocrx_word' id='word_1_105' title='bbox 840 1418 990 1487; x_wconf 84' lang='grc'>(849)</span> <span class='ocrx_word' id='word_1_106' title='bbox 1021 1423 1181 1485; x_wconf 88' lang='lat' dir='ltr'><strong>sunt,</strong></span> <span class='ocrx_word' id='word_1_107' title='bbox 1240 1424 1304 1474; x_wconf 91' lang='lat' dir='ltr'><strong>ut</strong></span> <span class='ocrx_word' id='word_1_108' title='bbox 1360 1420 1558 1475; x_wconf 88' lang='lat' dir='ltr'><strong>omnia</strong></span> <span class='ocrx_word' id='word_1_109' title='bbox 1587 1436 1721 1474; x_wconf 91' lang='lat' dir='ltr'><strong>vera</strong></span> <span class='ocrx_word' id='word_1_110' title='bbox 1748 1436 1875 1475; x_wconf 90' lang='lat' dir='ltr'><strong>esse</strong></span> 
     </span>
    </p>
   </div>
   <div class='ocr_carea' id='block_1_15' title="bbox 233 1502 1877 1580">
    <p class='ocr_par' dir='ltr' id='par_1_15' title="bbox 233 1502 1877 1580">
     <span class='ocr_line' id='line_1_15' title="bbox 233 1502 1877 1580; baseline 0.005 -23"><span class='ocrx_word' id='word_1_111' title='bbox 233 1502 497 1558; x_wconf 80' lang='lat' dir='ltr'><strong>ostendat</strong></span> <span class='ocrx_word' id='word_1_112' title='bbox 523 1519 648 1575; x_wconf 72' lang='lat' dir='ltr'><strong>quae</strong></span> <span class='ocrx_word' id='word_1_113' title='bbox 681 1505 925 1563; x_wconf 79' lang='lat' dir='ltr'><strong>dixerat.</strong></span> <span class='ocrx_word' id='word_1_114' title='bbox 949 1507 1074 1565; x_wconf 87' lang='lat' dir='ltr'><strong>Non</strong></span> <span class='ocrx_word' id='word_1_115' title='bbox 1108 1508 1265 1563; x_wconf 89' lang='lat' dir='ltr'><strong>enim</strong></span> <span class='ocrx_word' id='word_1_116' title='bbox 1300 1508 1711 1574; x_wconf 85' lang='lat' dir='ltr'><strong>mentiebatur,</strong></span> <span class='ocrx_word' id='word_1_117' title='bbox 1735 1508 1877 1580; x_wconf 87' lang='lat' dir='ltr'><strong>quia</strong></span> 
     </span>
    </p>
   </div>
   <div class='ocr_carea' id='block_1_16' title="bbox 233 1592 1873 1663">
    <p class='ocr_par' dir='ltr' id='par_1_16' title="bbox 233 1592 1873 1663">
     <span class='ocr_line' id='line_1_16' title="bbox 233 1592 1873 1663; baseline 0.005 -18"><span class='ocrx_word' id='word_1_118' title='bbox 233 1607 343 1648; x_wconf 89' lang='lat' dir='ltr'><strong>non</strong></span> <span class='ocrx_word' id='word_1_119' title='bbox 371 1596 502 1663; x_wconf 84' lang='lat' dir='ltr'><strong>erat</strong></span> <span class='ocrx_word' id='word_1_120' title='bbox 528 1592 790 1650; x_wconf 84' lang='lat' dir='ltr'><strong>officium</strong></span> <span class='ocrx_word' id='word_1_121' title='bbox 819 1594 980 1651; x_wconf 90' lang='lat' dir='ltr'><strong>illius</strong></span> <span class='ocrx_word' id='word_1_122' title='bbox 1032 1598 1374 1653; x_wconf 86' lang='lat' dir='ltr'><strong>mentiendi.</strong></span> <span class='ocrx_word' id='word_1_123' title='bbox 1425 1599 1535 1654; x_wconf 88' lang='lat' dir='ltr'><strong>Sed</strong></span> <span class='ocrx_word' id='word_1_124' title='bbox 1566 1599 1873 1654; x_wconf 88' lang='lat' dir='ltr'><strong>sciendum</strong></span> 
     </span>
    </p>
   </div>
   <div class='ocr_carea' id='block_1_17' title="bbox 232 1679 1877 1757">
    <p class='ocr_par' dir='ltr' id='par_1_17' title="bbox 232 1679 1877 1757">
     <span class='ocr_line' id='line_1_17' title="bbox 232 1679 1877 1757; baseline 0.004 -21"><span class='ocrx_word' id='word_1_125' title='bbox 232 1679 364 1751; x_wconf 86' lang='lat' dir='ltr'><strong>quia</strong></span> <span class='ocrx_word' id='word_1_126' title='bbox 384 1697 504 1737; x_wconf 90' lang='lat' dir='ltr'><strong>non</strong></span> <span class='ocrx_word' id='word_1_127' title='bbox 529 1682 750 1754; x_wconf 85' lang='lat' dir='ltr'><strong>appetit</strong></span> <span class='ocrx_word' id='word_1_128' title='bbox 773 1685 1502 1757; x_wconf 87' lang='lat' dir='ltr'><strong>Apostolusjuramentum</strong></span> <span class='ocrx_word' id='word_1_129' title='bbox 1527 1688 1695 1757; x_wconf 88' lang='lat' dir='ltr'><strong>quasi</strong></span> <span class='ocrx_word' id='word_1_130' title='bbox 1718 1704 1877 1742; x_wconf 89' lang='lat' dir='ltr'><strong>sum-</strong></span> 
     </span>
    </p>
   </div>
   <div class='ocr_carea' id='block_1_18' title="bbox 231 1770 1955 1877">
    <p class='ocr_par' dir='ltr' id='par_1_18' title="bbox 231 1770 1955 1877">
     <span class='ocr_line' id='line_1_18' title="bbox 231 1770 1955 1877; baseline 0.003 -53"><span class='ocrx_word' id='word_1_131' title='bbox 231 1784 387 1825; x_wconf 88' lang='lat' dir='ltr'><strong>mum</strong></span> <span class='ocrx_word' id='word_1_132' title='bbox 428 1770 688 1840; x_wconf 85' lang='lat' dir='ltr'><strong>bonum;</strong></span> <span class='ocrx_word' id='word_1_133' title='bbox 722 1789 827 1828; x_wconf 90' lang='lat' dir='ltr'><strong>nec</strong></span> <span class='ocrx_word' id='word_1_134' title='bbox 856 1775 1034 1830; x_wconf 88' lang='lat' dir='ltr'><strong>etiam</strong></span> <span class='ocrx_word' id='word_1_135' title='bbox 1066 1776 1204 1833; x_wconf 83' lang='lat' dir='ltr'><strong>facit</strong></span> <span class='ocrx_word' id='word_1_136' title='bbox 1231 1780 1435 1832; x_wconf 85' lang='lat' dir='ltr'><strong>contra</strong></span> <span class='ocrx_word' id='word_1_137' title='bbox 1472 1775 1618 1831; x_wconf 90' lang='lat' dir='ltr'><strong>illud</strong></span> <span class='ocrx_word' id='word_1_138' title='bbox 1650 1775 1877 1832; x_wconf 90' lang='lat' dir='ltr'><strong>Domini</strong></span> <span class='ocrx_word' id='word_1_139' title='bbox 1912 1815 1955 1877; x_wconf 76' lang='grc' dir='ltr'>Β</span> 
     </span>
    </p>
   </div>
   <div class='ocr_carea' id='block_1_19' title="bbox 227 1861 1877 1930">
    <p class='ocr_par' dir='ltr' id='par_1_19' title="bbox 227 1861 1877 1930">
     <span class='ocr_line' id='line_1_19' title="bbox 227 1861 1877 1930; baseline 0.006 -18"><span class='ocrx_word' id='word_1_140' title='bbox 227 1863 582 1930; x_wconf 69' lang='lat' dir='ltr'><strong>praeceptum</strong></span> <span class='ocrx_word' id='word_1_141' title='bbox 615 1861 902 1919; x_wconf 87' lang='lat' dir='ltr'><strong>dicentis:</strong></span> <span class='ocrx_word' id='word_1_142' title='bbox 942 1864 1025 1919; x_wconf 92' lang='lat' dir='ltr'><strong>Sit</strong></span> <span class='ocrx_word' id='word_1_143' title='bbox 1075 1869 1258 1920; x_wconf 86' lang='lat' dir='ltr'><strong>autem</strong></span> <span class='ocrx_word' id='word_1_144' title='bbox 1315 1882 1491 1920; x_wconf 84' lang='lat' dir='ltr'><strong>sermo</strong></span> <span class='ocrx_word' id='word_1_145' title='bbox 1522 1875 1731 1921; x_wconf 80' lang='lat' dir='ltr'><strong>vester:</strong></span> <span class='ocrx_word' id='word_1_146' title='bbox 1784 1870 1877 1922; x_wconf 83' lang='lat' dir='ltr'><strong>Est</strong></span> 
     </span>
    </p>
   </div>
   <div class='ocr_carea' id='block_1_20' title="bbox 226 1950 1877 2025">
    <p class='ocr_par' dir='ltr' id='par_1_20' title="bbox 226 1950 1877 2025">
     <span class='ocr_line' id='line_1_20' title="bbox 226 1950 1877 2025; baseline 0.006 -25"><span class='ocrx_word' id='word_1_147' title='bbox 226 1954 319 2018; x_wconf 81' lang='lat' dir='ltr'><strong>est,</strong></span> <span class='ocrx_word' id='word_1_148' title='bbox 350 1963 466 2002; x_wconf 85' lang='lat' dir='ltr'><strong>non</strong></span> <span class='ocrx_word' id='word_1_149' title='bbox 492 1965 605 2005; x_wconf 84' lang='lat' dir='ltr'><strong>non.</strong></span> <span class='ocrx_word' id='word_1_150' title='bbox 634 1950 844 2021; x_wconf 73' lang='lat' dir='ltr'><strong>(Matth.</strong></span> <span class='ocrx_word' id='word_1_151' title='bbox 904 1969 959 2021; x_wconf 84' lang='grc' dir='ltr'><strong>ν,</strong></span> <span class='ocrx_word' id='word_1_152' title='bbox 989 1953 1080 2023; x_wconf 90' lang='grc'><strong>37)</strong></span> <span class='ocrx_word' id='word_1_153' title='bbox 1107 1972 1119 2008; x_wconf 90' lang='lat'><strong>:</strong></span> <span class='ocrx_word' id='word_1_154' title='bbox 1156 1954 1298 2025; x_wconf 85' lang='lat' dir='ltr'><strong>quia</strong></span> <span class='ocrx_word' id='word_1_155' title='bbox 1353 1970 1532 2009; x_wconf 89' lang='lat' dir='ltr'><strong>causa</strong></span> <span class='ocrx_word' id='word_1_156' title='bbox 1585 1954 1877 2010; x_wconf 84' lang='lat' dir='ltr'><strong>tarditatis</strong></span> 
     </span>
    </p>
   </div>
   <div class='ocr_carea' id='block_1_21' title="bbox 225 2039 1879 2114">
    <p class='ocr_par' dir='ltr' id='par_1_21' title="bbox 225 2039 1879 2114">
     <span class='ocr_line' id='line_1_21' title="bbox 225 2039 1879 2114; baseline 0.004 -25"><span class='ocrx_word' id='word_1_157' title='bbox 225 2051 471 2091; x_wconf 90' lang='lat' dir='ltr'><strong>suorum</strong></span> <span class='ocrx_word' id='word_1_158' title='bbox 504 2039 844 2094; x_wconf 81' lang='lat' dir='ltr'><strong>auditorum</strong></span> <span class='ocrx_word' id='word_1_159' title='bbox 877 2041 985 2097; x_wconf 90' lang='lat' dir='ltr'><strong>hoc</strong></span> <span class='ocrx_word' id='word_1_160' title='bbox 1005 2042 1217 2113; x_wconf 89' lang='lat' dir='ltr'><strong>agitur.</strong></span> <span class='ocrx_word' id='word_1_161' title='bbox 1243 2043 1297 2097; x_wconf 90' lang='lat' dir='ltr'><strong>Si</strong></span> <span class='ocrx_word' id='word_1_162' title='bbox 1321 2059 1456 2098; x_wconf 90' lang='lat' dir='ltr'><strong>vero</strong></span> <span class='ocrx_word' id='word_1_163' title='bbox 1481 2042 1661 2098; x_wconf 86' lang='lat' dir='ltr'><strong>altius</strong></span> <span class='ocrx_word' id='word_1_164' title='bbox 1692 2042 1879 2114; x_wconf 88' lang='lat' dir='ltr'><strong>inspi-</strong></span> 
     </span>
    </p>
   </div>
   <div class='ocr_carea' id='block_1_22' title="bbox 225 2124 1881 2202">
    <p class='ocr_par' dir='ltr' id='par_1_22' title="bbox 225 2124 1881 2202">
     <span class='ocr_line' id='line_1_22' title="bbox 225 2124 1881 2202; baseline 0.004 -23"><span class='ocrx_word' id='word_1_165' title='bbox 225 2124 366 2191; x_wconf 90' lang='lat' dir='ltr'><strong>cias,</strong></span> <span class='ocrx_word' id='word_1_166' title='bbox 404 2125 667 2187; x_wconf 4' lang='lat' dir='ltr'><strong>talispest</strong></span> <span class='ocrx_word' id='word_1_167' title='bbox 694 2144 925 2197; x_wconf 84' lang='lat' dir='ltr'><strong>sensus,</strong></span> <span class='ocrx_word' id='word_1_168' title='bbox 959 2131 1131 2201; x_wconf 91' lang='lat' dir='ltr'><strong>quasi</strong></span> <span class='ocrx_word' id='word_1_169' title='bbox 1192 2131 1450 2187; x_wconf 86' lang='lat' dir='ltr'><strong>diceret:</strong></span> <span class='ocrx_word' id='word_1_170' title='bbox 1514 2132 1724 2188; x_wconf 82' lang='lat' dir='ltr'><strong>Omnia</strong></span> <span class='ocrx_word' id='word_1_171' title='bbox 1754 2147 1881 2202; x_wconf 70' lang='lat' dir='ltr'><strong>quae</strong></span> 
     </span>
    </p>
   </div>
   <div class='ocr_carea' id='block_1_23' title="bbox 223 2213 1885 2291">
    <p class='ocr_par' dir='ltr' id='par_1_23' title="bbox 223 2213 1885 2291">
     <span class='ocr_line' id='line_1_23' title="bbox 223 2213 1885 2291; baseline 0.004 -24"><span class='ocrx_word' id='word_1_172' title='bbox 223 2213 420 2268; x_wconf 83' lang='lat' dir='ltr'><strong>scribo</strong></span> <span class='ocrx_word' id='word_1_173' title='bbox 444 2213 639 2271; x_wconf 89' lang='lat' dir='ltr'><strong>divino</strong></span> <span class='ocrx_word' id='word_1_174' title='bbox 663 2223 975 2289; x_wconf 84' lang='lat' dir='ltr'><strong>conspectu</strong></span> <span class='ocrx_word' id='word_1_175' title='bbox 991 2218 1485 2291; x_wconf 85' lang='lat' dir='ltr'><strong>dignasunt,quia</strong></span> <span class='ocrx_word' id='word_1_176' title='bbox 1506 2220 1885 2290; x_wconf 82' lang='lat' dir='ltr'><strong>omniajusta</strong></span> 
     </span>
    </p>
   </div>
   <div class='ocr_carea' id='block_1_24' title="bbox 224 2306 1885 2379">
    <p class='ocr_par' dir='ltr' id='par_1_24' title="bbox 224 2306 1885 2379">
     <span class='ocr_line' id='line_1_24' title="bbox 224 2306 1885 2379; baseline 0.003 -20"><span class='ocrx_word' id='word_1_177' title='bbox 224 2306 282 2359; x_wconf 89' lang='lat' dir='ltr'><strong>et</strong></span> <span class='ocrx_word' id='word_1_178' title='bbox 313 2318 456 2357; x_wconf 91' lang='lat' dir='ltr'><strong>vera</strong></span> <span class='ocrx_word' id='word_1_179' title='bbox 487 2309 645 2361; x_wconf 89' lang='lat' dir='ltr'><strong>sunt.</strong></span> <span class='ocrx_word' id='word_1_180' title='bbox 687 2307 849 2370; x_wconf 84' lang='lat' dir='ltr'><strong>Quod</strong></span> <span class='ocrx_word' id='word_1_181' title='bbox 880 2306 1006 2377; x_wconf 89' lang='lat' dir='ltr'><strong>ipse</strong></span> <span class='ocrx_word' id='word_1_182' title='bbox 1065 2309 1400 2365; x_wconf 84' lang='lat' dir='ltr'><strong>manifestat</strong></span> <span class='ocrx_word' id='word_1_183' title='bbox 1453 2309 1719 2375; x_wconf 90' lang='lat' dir='ltr'><strong>dicendo,</strong></span> <span class='ocrx_word' id='word_1_184' title='bbox 1752 2310 1885 2379; x_wconf 86' lang='lat' dir='ltr'><strong>quia</strong></span> 
     </span>
    </p>
   </div>
   <div class='ocr_carea' id='block_1_25' title="bbox 224 2394 1885 2469">
    <p class='ocr_par' dir='ltr' id='par_1_25' title="bbox 224 2394 1885 2469">
     <span class='ocr_line' id='line_1_25' title="bbox 224 2394 1885 2469; baseline 0 -18"><span class='ocrx_word' id='word_1_185' title='bbox 224 2406 339 2451; x_wconf 71' lang='lat' dir='ltr'><strong>non</strong></span> <span class='ocrx_word' id='word_1_186' title='bbox 369 2394 635 2463; x_wconf 79' lang='lat' dir='ltr'><strong>mentior,</strong></span> <span class='ocrx_word' id='word_1_187' title='bbox 669 2396 945 2466; x_wconf 90' lang='lat' dir='ltr'><strong>quoniam</strong></span> <span class='ocrx_word' id='word_1_188' title='bbox 978 2397 1258 2469; x_wconf 85' lang='lat' dir='ltr'><strong>scriptum</strong></span> <span class='ocrx_word' id='word_1_189' title='bbox 1290 2403 1413 2454; x_wconf 89' lang='lat' dir='ltr'><strong>est:</strong></span> <span class='ocrx_word' id='word_1_190' title='bbox 1470 2400 1637 2455; x_wconf 83' lang='lat' dir='ltr'><strong>Oculi</strong></span> <span class='ocrx_word' id='word_1_191' title='bbox 1664 2399 1885 2453; x_wconf 87' lang='lat' dir='ltr'><strong>Domini</strong></span> 
     </span>
    </p>
   </div>
   <div class='ocr_carea' id='block_1_26' title="bbox 221 2481 1882 2558">
    <p class='ocr_par' dir='ltr' id='par_1_26' title="bbox 221 2481 1882 2558">
     <span class='ocr_line' id='line_1_26' title="bbox 221 2481 1882 2558; baseline 0.004 -25"><span class='ocrx_word' id='word_1_192' title='bbox 221 2481 585 2551; x_wconf 85' lang='lat' dir='ltr'><strong>snperjustos</strong></span> <span class='ocrx_word' id='word_1_193' title='bbox 607 2485 778 2551; x_wconf 83' lang='lat' dir='ltr'><strong>(Psat.</strong></span> <span class='ocrx_word' id='word_1_194' title='bbox 812 2502 1011 2552; x_wconf 70' lang='grc' dir='ltr'><strong>χχχιιι,</strong></span> <span class='ocrx_word' id='word_1_195' title='bbox 1046 2487 1150 2554; x_wconf 86' lang='grc'>16;</span> <span class='ocrx_word' id='word_1_196' title='bbox 1185 2487 1426 2542; x_wconf 87' lang='lat' dir='ltr'><strong>obtutus</strong></span> <span class='ocrx_word' id='word_1_197' title='bbox 1455 2488 1584 2558; x_wconf 84' lang='lat' dir='ltr'><strong>ejus</strong></span> <span class='ocrx_word' id='word_1_198' title='bbox 1626 2486 1882 2547; x_wconf 82' lang='lat' dir='ltr'><strong>excludi-</strong></span> 
     </span>
    </p>
   </div>
   <div class='ocr_carea' id='block_1_27' title="bbox 221 2571 844 2641">
    <p class='ocr_par' dir='ltr' id='par_1_27' title="bbox 221 2571 844 2641">
     <span class='ocr_line' id='line_1_27' title="bbox 221 2571 844 2641; baseline 0.008 -18"><span class='ocrx_word' id='word_1_199' title='bbox 221 2571 320 2625; x_wconf 86' lang='lat' dir='ltr'><strong>tur</strong></span> <span class='ocrx_word' id='word_1_200' title='bbox 350 2586 386 2624; x_wconf 88' lang='lat' dir='ltr'><strong>a</strong></span> <span class='ocrx_word' id='word_1_201' title='bbox 419 2572 844 2641; x_wconf 87' lang='lat' dir='ltr'><strong>peccatoribus.</strong></span> 
     </span>
    </p>
   </div>
   <div class='ocr_carea' id='block_1_28' title="bbox 289 2658 1884 2737">
    <p class='ocr_par' dir='ltr' id='par_1_28' title="bbox 289 2658 1884 2737">
     <span class='ocr_line' id='line_1_28' title="bbox 289 2658 1884 2737; baseline 0.006 -25"><span class='ocrx_word' id='word_1_202' title='bbox 289 2658 506 2715; x_wconf 80' lang='lat' dir='ltr'><strong>Deinde</strong></span> <span class='ocrx_word' id='word_1_203' title='bbox 530 2663 674 2728; x_wconf 86' lang='lat' dir='ltr'><strong>veni,</strong></span> <span class='ocrx_word' id='word_1_204' title='bbox 701 2667 811 2717; x_wconf 90' lang='lat' dir='ltr'><strong>etc.</strong></span> <span class='ocrx_word' id='word_1_205' title='bbox 846 2662 1016 2718; x_wconf 88' lang='lat' dir='ltr'><strong>Venit</strong></span> <span class='ocrx_word' id='word_1_206' title='bbox 1045 2680 1181 2737; x_wconf 88' lang='lat' dir='ltr'><strong>ergo</strong></span> <span class='ocrx_word' id='word_1_207' title='bbox 1207 2665 1264 2720; x_wconf 90' lang='lat' dir='ltr'><strong>in</strong></span> <span class='ocrx_word' id='word_1_208' title='bbox 1297 2670 1492 2737; x_wconf 87' lang='lat' dir='ltr'><strong>partes</strong></span> <span class='ocrx_word' id='word_1_209' title='bbox 1523 2667 1719 2735; x_wconf 69' lang='lat' dir='ltr'><strong>Syriae,</strong></span> <span class='ocrx_word' id='word_1_210' title='bbox 1764 2670 1884 2721; x_wconf 90' lang='lat' dir='ltr'><strong>stu-</strong></span> 
     </span>
    </p>
   </div>
   <div class='ocr_carea' id='block_1_29' title="bbox 219 2745 1886 2824">
    <p class='ocr_par' dir='ltr' id='par_1_29' title="bbox 219 2745 1886 2824">
     <span class='ocr_line' id='line_1_29' title="bbox 219 2745 1886 2824; baseline 0.005 -24"><span class='ocrx_word' id='word_1_211' title='bbox 219 2745 315 2802; x_wconf 82' lang='lat' dir='ltr'><strong>dio</strong></span> <span class='ocrx_word' id='word_1_212' title='bbox 378 2748 669 2803; x_wconf 86' lang='lat' dir='ltr'><strong>fundandi</strong></span> <span class='ocrx_word' id='word_1_213' title='bbox 728 2752 1037 2822; x_wconf 82' lang='lat' dir='ltr'><strong>Ecclesiae,</strong></span> <span class='ocrx_word' id='word_1_214' title='bbox 1097 2752 1236 2824; x_wconf 87' lang='lat' dir='ltr'><strong>quia</strong></span> <span class='ocrx_word' id='word_1_215' title='bbox 1290 2755 1663 2813; x_wconf 89' lang='lat' dir='ltr'><strong>illuminatus</strong></span> <span class='ocrx_word' id='word_1_216' title='bbox 1699 2755 1886 2810; x_wconf 89' lang='lat' dir='ltr'><strong>noluit</strong></span> 
     </span>
    </p>
   </div>
   <div class='ocr_carea' id='block_1_30' title="bbox 214 2835 1885 2916">
    <p class='ocr_par' dir='ltr' id='par_1_30' title="bbox 214 2835 1885 2916">
     <span class='ocr_line' id='line_1_30' title="bbox 214 2835 1885 2916; baseline 0.007 -27"><span class='ocrx_word' id='word_1_217' title='bbox 214 2835 452 2897; x_wconf 84' lang='lat' dir='ltr'><strong>otiosus</strong></span> <span class='ocrx_word' id='word_1_218' title='bbox 492 2839 830 2895; x_wconf 85' lang='lat' dir='ltr'><strong>consistere.</strong></span> <span class='ocrx_word' id='word_1_219' title='bbox 866 2842 1030 2912; x_wconf 79' lang='lat' dir='ltr'><strong>Syria</strong></span> <span class='ocrx_word' id='word_1_220' title='bbox 1059 2843 1277 2898; x_wconf 88' lang='lat' dir='ltr'><strong>etenim</strong></span> <span class='ocrx_word' id='word_1_221' title='bbox 1341 2843 1759 2916; x_wconf 85' lang='lat' dir='ltr'><strong>interpretatur</strong></span> <span class='ocrx_word' id='word_1_222' title='bbox 1786 2861 1885 2901; x_wconf 76' lang='lat' dir='ltr'><strong>ex-</strong></span> 
     </span>
    </p>
   </div>
   <div class='ocr_carea' id='block_1_31' title="bbox 212 2922 1888 3005">
    <p class='ocr_par' dir='ltr' id='par_1_31' title="bbox 212 2922 1888 3005">
     <span class='ocr_line' id='line_1_31' title="bbox 212 2922 1888 3005; baseline 0.007 -28"><span class='ocrx_word' id='word_1_223' title='bbox 212 2922 386 2995; x_wconf 79' lang='lat' dir='ltr'><strong>celsa,</strong></span> <span class='ocrx_word' id='word_1_224' title='bbox 423 2925 549 2980; x_wconf 86' lang='lat' dir='ltr'><strong>sive</strong></span> <span class='ocrx_word' id='word_1_225' title='bbox 579 2927 852 2987; x_wconf 84' lang='lat' dir='ltr'><strong>sublimis.</strong></span> <span class='ocrx_word' id='word_1_226' title='bbox 882 2930 1053 2985; x_wconf 89' lang='lat' dir='ltr'><strong>Venit</strong></span> <span class='ocrx_word' id='word_1_227' title='bbox 1080 2947 1216 3003; x_wconf 88' lang='lat' dir='ltr'><strong>ergo</strong></span> <span class='ocrx_word' id='word_1_228' title='bbox 1248 2932 1308 2986; x_wconf 87' lang='lat' dir='ltr'><strong>in</strong></span> <span class='ocrx_word' id='word_1_229' title='bbox 1344 2939 1535 3003; x_wconf 88' lang='lat' dir='ltr'><strong>partes</strong></span> <span class='ocrx_word' id='word_1_230' title='bbox 1588 2934 1789 3005; x_wconf 84' lang='lat' dir='ltr'><strong>Syriae,</strong></span> <span class='ocrx_word' id='word_1_231' title='bbox 1821 2938 1888 2989; x_wconf 89' lang='lat' dir='ltr'><strong>ut</strong></span> 
     </span>
    </p>
   </div>
   <div class='ocr_carea' id='block_1_32' title="bbox 216 3012 1888 3090">
    <p class='ocr_par' dir='ltr' id='par_1_32' title="bbox 216 3012 1888 3090">
     <span class='ocr_line' id='line_1_32' title="bbox 216 3012 1888 3090; baseline 0.007 -24"><span class='ocrx_word' id='word_1_232' title='bbox 216 3012 401 3085; x_wconf 80' lang='lat' dir='ltr'><strong>illam</strong></span> <span class='ocrx_word' id='word_1_233' title='bbox 424 3030 560 3087; x_wconf 73' lang='lat' dir='ltr'><strong>quae</strong></span> <span class='ocrx_word' id='word_1_234' title='bbox 589 3020 713 3071; x_wconf 84' lang='lat' dir='ltr'><strong>erat</strong></span> <span class='ocrx_word' id='word_1_235' title='bbox 741 3017 969 3088; x_wconf 81' lang='lat' dir='ltr'><strong>dejecta</strong></span> <span class='ocrx_word' id='word_1_236' title='bbox 997 3036 1105 3074; x_wconf 91' lang='lat' dir='ltr'><strong>sua</strong></span> <span class='ocrx_word' id='word_1_237' title='bbox 1162 3020 1572 3090; x_wconf 69' lang='lat' dir='ltr'><strong>praedicatione</strong></span> <span class='ocrx_word' id='word_1_238' title='bbox 1620 3022 1888 3077; x_wconf 86' lang='lat' dir='ltr'><strong>redderet</strong></span> 
     </span>
    </p>
   </div>
   <div class='ocr_carea' id='block_1_33' title="bbox 1982 527 3633 603">
    <p class='ocr_par' dir='ltr' id='par_1_33' title="bbox 1982 527 3633 603">
     <span class='ocr_line' id='line_1_33' title="bbox 1982 527 3633 603; baseline 0.003 -22"><span class='ocrx_word' id='word_1_239' title='bbox 1982 527 2124 582; x_wconf 89' lang='lat' dir='ltr'><strong>dicit</strong></span> <span class='ocrx_word' id='word_1_240' title='bbox 2154 544 2215 583; x_wconf 91' lang='lat' dir='ltr'><strong>se</strong></span> <span class='ocrx_word' id='word_1_241' title='bbox 2248 533 2379 599; x_wconf 89' lang='lat' dir='ltr'><strong>post</strong></span> <span class='ocrx_word' id='word_1_242' title='bbox 2408 529 2849 599; x_wconf 88' lang='lat' dir='ltr'><strong>quatuordecim</strong></span> <span class='ocrx_word' id='word_1_243' title='bbox 2874 546 3061 585; x_wconf 85' lang='lat' dir='ltr'><strong>annos</strong></span> <span class='ocrx_word' id='word_1_244' title='bbox 3082 529 3312 585; x_wconf 87' lang='lat' dir='ltr'><strong>venisse</strong></span> <span class='ocrx_word' id='word_1_245' title='bbox 3337 530 3633 603; x_wconf 85' lang='lat' dir='ltr'><strong>Jerosoly-</strong></span> 
     </span>
    </p>
   </div>
   <div class='ocr_carea' id='block_1_34' title="bbox 1978 619 3633 691">
    <p class='ocr_par' dir='ltr' id='par_1_34' title="bbox 1978 619 3633 691">
     <span class='ocr_line' id='line_1_34' title="bbox 1978 619 3633 691; baseline 0.002 -20"><span class='ocrx_word' id='word_1_246' title='bbox 1978 632 2159 683; x_wconf 89' lang='lat' dir='ltr'><strong>mam,</strong></span> <span class='ocrx_word' id='word_1_247' title='bbox 2197 633 2375 673; x_wconf 86' lang='lat' dir='ltr'><strong>causa</strong></span> <span class='ocrx_word' id='word_1_248' title='bbox 2404 620 2739 674; x_wconf 85' lang='lat' dir='ltr'><strong>conferendi</strong></span> <span class='ocrx_word' id='word_1_249' title='bbox 2772 619 3171 691; x_wconf 85' lang='lat' dir='ltr'><strong>Evangelium.</strong></span> <span class='ocrx_word' id='word_1_250' title='bbox 3209 620 3319 674; x_wconf 90' lang='lat' dir='ltr'><strong>Sed</strong></span> <span class='ocrx_word' id='word_1_251' title='bbox 3353 626 3476 675; x_wconf 89' lang='lat' dir='ltr'><strong>orte</strong></span> <span class='ocrx_word' id='word_1_252' title='bbox 3508 637 3633 675; x_wconf 84' lang='lat' dir='ltr'><strong>mo-</strong></span> 
     </span>
    </p>
   </div>
   <div class='ocr_carea' id='block_1_35' title="bbox 1982 703 3634 779">
    <p class='ocr_par' dir='ltr' id='par_1_35' title="bbox 1982 703 3634 779">
     <span class='ocr_line' id='line_1_35' title="bbox 1982 703 3634 779; baseline 0.004 -22"><span class='ocrx_word' id='word_1_253' title='bbox 1982 708 2148 758; x_wconf 87' lang='lat' dir='ltr'><strong>vetur</strong></span> <span class='ocrx_word' id='word_1_254' title='bbox 2178 703 2413 776; x_wconf 89' lang='lat' dir='ltr'><strong>aliquis,</strong></span> <span class='ocrx_word' id='word_1_255' title='bbox 2448 722 2629 775; x_wconf 88' lang='lat' dir='ltr'><strong>quare</strong></span> <span class='ocrx_word' id='word_1_256' title='bbox 2676 714 2807 779; x_wconf 88' lang='lat' dir='ltr'><strong>post</strong></span> <span class='ocrx_word' id='word_1_257' title='bbox 2858 714 2944 763; x_wconf 89' lang='lat' dir='ltr'><strong>tot</strong></span> <span class='ocrx_word' id='word_1_258' title='bbox 2998 708 3295 763; x_wconf 75' lang='lat' dir='ltr'><strong>Curriculo.</strong></span> <span class='ocrx_word' id='word_1_259' title='bbox 3342 726 3634 764; x_wconf 87' lang='lat' dir='ltr'><strong>annorum</strong></span> 
     </span>
    </p>
   </div>
   <div class='ocr_carea' id='block_1_36' title="bbox 1980 794 3628 868">
    <p class='ocr_par' dir='ltr' id='par_1_36' title="bbox 1980 794 3628 868">
     <span class='ocr_line' id='line_1_36' title="bbox 1980 794 3628 868; baseline 0.004 -23"><span class='ocrx_word' id='word_1_260' title='bbox 1980 794 2257 849; x_wconf 80' lang='lat' dir='ltr'><strong>venisset.</strong></span> <span class='ocrx_word' id='word_1_261' title='bbox 2277 794 2385 848; x_wconf 89' lang='lat' dir='ltr'><strong>Sed</strong></span> <span class='ocrx_word' id='word_1_262' title='bbox 2412 794 2563 849; x_wconf 90' lang='lat' dir='ltr'><strong>banc</strong></span> <span class='ocrx_word' id='word_1_263' title='bbox 2582 797 2896 852; x_wconf 87' lang='lat' dir='ltr'><strong>motionem</strong></span> <span class='ocrx_word' id='word_1_264' title='bbox 2919 798 3043 868; x_wconf 87' lang='lat' dir='ltr'><strong>ipse</strong></span> <span class='ocrx_word' id='word_1_265' title='bbox 3062 796 3392 863; x_wconf 89' lang='lat' dir='ltr'><strong>solvit,cum</strong></span> <span class='ocrx_word' id='word_1_266' title='bbox 3408 798 3628 853; x_wconf 87' lang='lat' dir='ltr'><strong>subdit:</strong></span> 
     </span>
    </p>
   </div>
   <div class='ocr_carea' id='block_1_37' title="bbox 1982 881 3633 959">
    <p class='ocr_par' dir='ltr' id='par_1_37' title="bbox 1982 881 3633 959">
     <span class='ocr_line' id='line_1_37' title="bbox 1982 881 3633 959; baseline 0.004 -24"><span class='ocrx_word' id='word_1_267' title='bbox 1982 881 2285 936; x_wconf 86' lang='lat' dir='ltr'><strong>Secundum</strong></span> <span class='ocrx_word' id='word_1_268' title='bbox 2306 886 2710 939; x_wconf 77' lang='lat' dir='ltr'><strong>reuelationem.</strong></span> <span class='ocrx_word' id='word_1_269' title='bbox 2726 887 2888 940; x_wconf 89' lang='lat' dir='ltr'><strong>Tunc</strong></span> <span class='ocrx_word' id='word_1_270' title='bbox 2909 887 3066 942; x_wconf 89' lang='lat' dir='ltr'><strong>enim</strong></span> <span class='ocrx_word' id='word_1_271' title='bbox 3091 886 3413 951; x_wconf 76' lang='lat' dir='ltr'><strong>descendit,</strong></span> <span class='ocrx_word' id='word_1_272' title='bbox 3446 904 3633 959; x_wconf 89' lang='lat' dir='ltr'><strong>quan-</strong></span> 
     </span>
    </p>
   </div>
   <div class='ocr_carea' id='block_1_38' title="bbox 1983 970 3630 1048">
    <p class='ocr_par' dir='ltr' id='par_1_38' title="bbox 1983 970 3630 1048">
     <span class='ocr_line' id='line_1_38' title="bbox 1983 970 3630 1048; baseline 0.004 -24"><span class='ocrx_word' id='word_1_273' title='bbox 1983 970 2055 1024; x_wconf 93' lang='lat' dir='ltr'><strong>do</strong></span> <span class='ocrx_word' id='word_1_274' title='bbox 2087 972 2137 1025; x_wconf 90' lang='lat' dir='ltr'><strong>ei</strong></span> <span class='ocrx_word' id='word_1_275' title='bbox 2173 971 2360 1027; x_wconf 88' lang='lat' dir='ltr'><strong>fuerat</strong></span> <span class='ocrx_word' id='word_1_276' title='bbox 2392 974 2733 1037; x_wconf 86' lang='lat' dir='ltr'><strong>revelatum,</strong></span> <span class='ocrx_word' id='word_1_277' title='bbox 2769 976 2822 1029; x_wconf 92' lang='lat' dir='ltr'><strong>id</strong></span> <span class='ocrx_word' id='word_1_278' title='bbox 2857 980 2966 1039; x_wconf 87' lang='lat' dir='ltr'><strong>est,</strong></span> <span class='ocrx_word' id='word_1_279' title='bbox 2989 978 3223 1046; x_wconf 88' lang='lat' dir='ltr'><strong>quando</strong></span> <span class='ocrx_word' id='word_1_280' title='bbox 3269 977 3630 1048; x_wconf 86' lang='lat' dir='ltr'><strong>expediebat,</strong></span> 
     </span>
    </p>
   </div>
   <div class='ocr_carea' id='block_1_39' title="bbox 1984 1061 3633 1136">
    <p class='ocr_par' dir='ltr' id='par_1_39' title="bbox 1984 1061 3633 1136">
     <span class='ocr_line' id='line_1_39' title="bbox 1984 1061 3633 1136; baseline 0.004 -22"><span class='ocrx_word' id='word_1_281' title='bbox 1984 1061 2093 1114; x_wconf 86' lang='lat' dir='ltr'><strong>Sed</strong></span> <span class='ocrx_word' id='word_1_282' title='bbox 2121 1077 2303 1130; x_wconf 89' lang='lat' dir='ltr'><strong>quare</strong></span> <span class='ocrx_word' id='word_1_283' title='bbox 2327 1062 2511 1116; x_wconf 85' lang='lat' dir='ltr'><strong>fuerat</strong></span> <span class='ocrx_word' id='word_1_284' title='bbox 2532 1062 2849 1118; x_wconf 86' lang='lat' dir='ltr'><strong>revelatum</strong></span> <span class='ocrx_word' id='word_1_285' title='bbox 2881 1065 2982 1117; x_wconf 84' lang='lat' dir='ltr'><strong>ei?</strong></span> <span class='ocrx_word' id='word_1_286' title='bbox 3014 1065 3145 1120; x_wconf 91' lang='lat' dir='ltr'><strong>ldeo</strong></span> <span class='ocrx_word' id='word_1_287' title='bbox 3168 1067 3305 1136; x_wconf 86' lang='lat' dir='ltr'><strong>quia</strong></span> <span class='ocrx_word' id='word_1_288' title='bbox 3338 1066 3633 1121; x_wconf 88' lang='lat' dir='ltr'><strong>altercatio</strong></span> 
     </span>
    </p>
   </div>
   <div class='ocr_carea' id='block_1_40' title="bbox 1982 1148 3731 1219">
    <p class='ocr_par' dir='ltr' id='par_1_40' title="bbox 1982 1148 3731 1219">
     <span class='ocr_line' id='line_1_40' title="bbox 1982 1148 3731 1219; baseline 0.003 -16"><span class='ocrx_word' id='word_1_289' title='bbox 1982 1153 2041 1203; x_wconf 93' lang='lat' dir='ltr'><strong>et</strong></span> <span class='ocrx_word' id='word_1_290' title='bbox 2069 1148 2360 1205; x_wconf 89' lang='lat' dir='ltr'><strong>dissensio</strong></span> <span class='ocrx_word' id='word_1_291' title='bbox 2394 1152 2513 1219; x_wconf 83' lang='lat' dir='ltr'><strong>iam</strong></span> <span class='ocrx_word' id='word_1_292' title='bbox 2546 1156 2673 1206; x_wconf 86' lang='lat' dir='ltr'><strong>orta</strong></span> <span class='ocrx_word' id='word_1_293' title='bbox 2700 1153 2887 1206; x_wconf 88' lang='lat' dir='ltr'><strong>fuerat</strong></span> <span class='ocrx_word' id='word_1_294' title='bbox 2918 1153 2975 1206; x_wconf 90' lang='lat' dir='ltr'><strong>in</strong></span> <span class='ocrx_word' id='word_1_295' title='bbox 3001 1153 3293 1209; x_wconf 86' lang='lat' dir='ltr'><strong>Ecclesiis.</strong></span> <span class='ocrx_word' id='word_1_296' title='bbox 3319 1155 3450 1209; x_wconf 87' lang='lat' dir='ltr'><strong>Jum</strong></span> <span class='ocrx_word' id='word_1_297' title='bbox 3473 1155 3629 1209; x_wconf 91' lang='lat' dir='ltr'><strong>enim</strong></span> <span class='ocrx_word' id='word_1_298' title='bbox 3728 1216 3731 1219; x_wconf 95' lang='lat'><em>_</em></span> 
     </span>
    </p>
   </div>
   <div class='ocr_carea' id='block_1_41' title="bbox 1983 1237 3634 1313">
    <p class='ocr_par' dir='ltr' id='par_1_41' title="bbox 1983 1237 3634 1313">
     <span class='ocr_line' id='line_1_41' title="bbox 1983 1237 3634 1313; baseline 0.004 -21"><span class='ocrx_word' id='word_1_299' title='bbox 1983 1237 2197 1292; x_wconf 73' lang='lat' dir='ltr'><strong>Galatea</strong></span> <span class='ocrx_word' id='word_1_300' title='bbox 2224 1240 2293 1293; x_wconf 88' lang='lat' dir='ltr'><strong>ad</strong></span> <span class='ocrx_word' id='word_1_301' title='bbox 2329 1240 2667 1295; x_wconf 88' lang='lat' dir='ltr'><strong>servitutem</strong></span> <span class='ocrx_word' id='word_1_302' title='bbox 2704 1240 2849 1313; x_wconf 85' lang='lat' dir='ltr'><strong>legis</strong></span> <span class='ocrx_word' id='word_1_303' title='bbox 2880 1243 3268 1309; x_wconf 89' lang='lat' dir='ltr'><strong>transieranf;</strong></span> <span class='ocrx_word' id='word_1_304' title='bbox 3303 1250 3361 1298; x_wconf 89' lang='lat' dir='ltr'><strong>et</strong></span> <span class='ocrx_word' id='word_1_305' title='bbox 3384 1243 3513 1297; x_wconf 90' lang='lat' dir='ltr'><strong>ideo</strong></span> <span class='ocrx_word' id='word_1_306' title='bbox 3544 1259 3634 1298; x_wconf 90' lang='lat' dir='ltr'><strong>re-</strong></span> 
     </span>
    </p>
   </div>
   <div class='ocr_carea' id='block_1_42' title="bbox 1982 1326 3634 1401">
    <p class='ocr_par' dir='ltr' id='par_1_42' title="bbox 1982 1326 3634 1401">
     <span class='ocr_line' id='line_1_42' title="bbox 1982 1326 3634 1401; baseline 0.005 -21"><span class='ocrx_word' id='word_1_307' title='bbox 1982 1326 2239 1382; x_wconf 90' lang='lat' dir='ltr'><strong>velatum</strong></span> <span class='ocrx_word' id='word_1_308' title='bbox 2274 1327 2377 1395; x_wconf 91' lang='lat' dir='ltr'><strong>illi,</strong></span> <span class='ocrx_word' id='word_1_309' title='bbox 2401 1334 2691 1399; x_wconf 89' lang='lat' dir='ltr'><strong>quatenus</strong></span> <span class='ocrx_word' id='word_1_310' title='bbox 2713 1328 2945 1384; x_wconf 90' lang='lat' dir='ltr'><strong>collatio</strong></span> <span class='ocrx_word' id='word_1_311' title='bbox 2972 1330 3262 1401; x_wconf 88' lang='lat' dir='ltr'><strong>Evangelii</strong></span> <span class='ocrx_word' id='word_1_312' title='bbox 3290 1348 3474 1385; x_wconf 90' lang='lat' dir='ltr'><strong>unum</strong></span> <span class='ocrx_word' id='word_1_313' title='bbox 3505 1348 3634 1388; x_wconf 88' lang='lat' dir='ltr'><strong>esse</strong></span> 
     </span>
    </p>
   </div>
   <div class='ocr_carea' id='block_1_43' title="bbox 1985 1418 3635 1489">
    <p class='ocr_par' dir='ltr' id='par_1_43' title="bbox 1985 1418 3635 1489">
     <span class='ocr_line' id='line_1_43' title="bbox 1985 1418 3635 1489; baseline 0.003 -19"><span class='ocrx_word' id='word_1_314' title='bbox 1985 1432 2159 1470; x_wconf 91' lang='lat' dir='ltr'><strong>suum</strong></span> <span class='ocrx_word' id='word_1_315' title='bbox 2190 1421 2249 1471; x_wconf 88' lang='lat' dir='ltr'><strong>et</strong></span> <span class='ocrx_word' id='word_1_316' title='bbox 2280 1422 2620 1472; x_wconf 74' lang='lat' dir='ltr'><strong>caeterorum</strong></span> <span class='ocrx_word' id='word_1_317' title='bbox 2654 1418 3051 1489; x_wconf 88' lang='lat' dir='ltr'><strong>apostolorum</strong></span> <span class='ocrx_word' id='word_1_318' title='bbox 3086 1419 3437 1483; x_wconf 87' lang='lat' dir='ltr'><strong>ostenderet,</strong></span> <span class='ocrx_word' id='word_1_319' title='bbox 3459 1425 3515 1473; x_wconf 90' lang='lat' dir='ltr'><strong>et</strong></span> <span class='ocrx_word' id='word_1_320' title='bbox 3535 1434 3635 1475; x_wconf 87' lang='lat' dir='ltr'><strong>eos</strong></span> 
     </span>
    </p>
   </div>
   <div class='ocr_carea' id='block_1_44' title="bbox 1984 1505 3634 1577">
    <p class='ocr_par' dir='ltr' id='par_1_44' title="bbox 1984 1505 3634 1577">
     <span class='ocr_line' id='line_1_44' title="bbox 1984 1505 3634 1577; baseline 0.002 -19"><span class='ocrx_word' id='word_1_321' title='bbox 1984 1521 2019 1558; x_wconf 89' lang='lat' dir='ltr'><strong>a</strong></span> <span class='ocrx_word' id='word_1_322' title='bbox 2048 1505 2324 1559; x_wconf 89' lang='lat' dir='ltr'><strong>servitute</strong></span> <span class='ocrx_word' id='word_1_323' title='bbox 2356 1505 2500 1576; x_wconf 87' lang='lat' dir='ltr'><strong>legis</strong></span> <span class='ocrx_word' id='word_1_324' title='bbox 2528 1513 2838 1563; x_wconf 88' lang='lat' dir='ltr'><strong>revocaret.</strong></span> <span class='ocrx_word' id='word_1_325' title='bbox 2879 1508 2943 1562; x_wconf 88' lang='lat' dir='ltr'><strong>Et</strong></span> <span class='ocrx_word' id='word_1_326' title='bbox 2966 1513 3100 1562; x_wconf 89' lang='lat' dir='ltr'><strong>nota</strong></span> <span class='ocrx_word' id='word_1_327' title='bbox 3143 1507 3283 1577; x_wconf 89' lang='lat' dir='ltr'><strong>quia</strong></span> <span class='ocrx_word' id='word_1_328' title='bbox 3312 1509 3634 1562; x_wconf 87' lang='lat' dir='ltr'><strong>Barnabam</strong></span> 
     </span>
    </p>
   </div>
   <div class='ocr_carea' id='block_1_45' title="bbox 1985 1594 3632 1662">
    <p class='ocr_par' dir='ltr' id='par_1_45' title="bbox 1985 1594 3632 1662">
     <span class='ocr_line' id='line_1_45' title="bbox 1985 1594 3632 1662; baseline 0.002 -16"><span class='ocrx_word' id='word_1_329' title='bbox 1985 1597 2041 1647; x_wconf 87' lang='lat' dir='ltr'><strong>et</strong></span> <span class='ocrx_word' id='word_1_330' title='bbox 2071 1594 2268 1648; x_wconf 86' lang='lat' dir='ltr'><strong>Titum</strong></span> <span class='ocrx_word' id='word_1_331' title='bbox 2302 1595 2413 1649; x_wconf 89' lang='lat' dir='ltr'><strong>sibi</strong></span> <span class='ocrx_word' id='word_1_332' title='bbox 2444 1596 2644 1661; x_wconf 86' lang='lat' dir='ltr'><strong>sociat,</strong></span> <span class='ocrx_word' id='word_1_333' title='bbox 2679 1601 2744 1651; x_wconf 90' lang='lat' dir='ltr'><strong>ut</strong></span> <span class='ocrx_word' id='word_1_334' title='bbox 2774 1596 2831 1650; x_wconf 90' lang='lat' dir='ltr'><strong>in</strong></span> <span class='ocrx_word' id='word_1_335' title='bbox 2864 1614 2961 1652; x_wconf 87' lang='lat' dir='ltr'><strong>ore</strong></span> <span class='ocrx_word' id='word_1_336' title='bbox 2991 1597 3267 1662; x_wconf 89' lang='lat' dir='ltr'><strong>duorum,</strong></span> <span class='ocrx_word' id='word_1_337' title='bbox 3323 1596 3414 1651; x_wconf 89' lang='lat' dir='ltr'><strong>vel</strong></span> <span class='ocrx_word' id='word_1_338' title='bbox 3455 1596 3632 1650; x_wconf 88' lang='lat' dir='ltr'><strong>trium</strong></span> 
     </span>
    </p>
   </div>
   <div class='ocr_carea' id='block_1_46' title="bbox 1986 1683 3634 1756">
    <p class='ocr_par' dir='ltr' id='par_1_46' title="bbox 1986 1683 3634 1756">
     <span class='ocr_line' id='line_1_46' title="bbox 1986 1683 3634 1756; baseline 0.002 -20"><span class='ocrx_word' id='word_1_339' title='bbox 1986 1683 2224 1738; x_wconf 87' lang='lat' dir='ltr'><strong>testium</strong></span> <span class='ocrx_word' id='word_1_340' title='bbox 2254 1689 2433 1741; x_wconf 85' lang='lat' dir='ltr'><strong>staret</strong></span> <span class='ocrx_word' id='word_1_341' title='bbox 2464 1702 2636 1740; x_wconf 88' lang='lat' dir='ltr'><strong>omne</strong></span> <span class='ocrx_word' id='word_1_342' title='bbox 2664 1687 2928 1741; x_wconf 88' lang='lat' dir='ltr'><strong>verbum.</strong></span> <span class='ocrx_word' id='word_1_343' title='bbox 2981 1688 3132 1742; x_wconf 88' lang='lat' dir='ltr'><strong>Istos</strong></span> <span class='ocrx_word' id='word_1_344' title='bbox 3192 1686 3391 1756; x_wconf 88' lang='lat' dir='ltr'><strong>utique</strong></span> <span class='ocrx_word' id='word_1_345' title='bbox 3436 1701 3634 1740; x_wconf 85' lang='lat' dir='ltr'><strong>secum</strong></span> 
     </span>
    </p>
   </div>
   <div class='ocr_carea' id='block_1_47' title="bbox 1986 1773 3632 1846">
    <p class='ocr_par' dir='ltr' id='par_1_47' title="bbox 1986 1773 3632 1846">
     <span class='ocr_line' id='line_1_47' title="bbox 1986 1773 3632 1846; baseline 0.002 -20"><span class='ocrx_word' id='word_1_346' title='bbox 1986 1789 2287 1828; x_wconf 86' lang='lat' dir='ltr'><strong>assumere</strong></span> <span class='ocrx_word' id='word_1_347' title='bbox 2320 1773 2519 1845; x_wconf 86' lang='lat' dir='ltr'><strong>voluit,</strong></span> <span class='ocrx_word' id='word_1_348' title='bbox 2556 1780 2618 1829; x_wconf 89' lang='lat' dir='ltr'><strong>ut</strong></span> <span class='ocrx_word' id='word_1_349' title='bbox 2651 1775 2700 1829; x_wconf 88' lang='lat' dir='ltr'><strong>si</strong></span> <span class='ocrx_word' id='word_1_350' title='bbox 2734 1775 2931 1846; x_wconf 87' lang='lat' dir='ltr'><strong>aliqua</strong></span> <span class='ocrx_word' id='word_1_351' title='bbox 2962 1780 3091 1830; x_wconf 87' lang='lat' dir='ltr'><strong>orta</strong></span> <span class='ocrx_word' id='word_1_352' title='bbox 3112 1776 3323 1830; x_wconf 87' lang='lat' dir='ltr'><strong>fuisset</strong></span> <span class='ocrx_word' id='word_1_353' title='bbox 3368 1774 3632 1845; x_wconf 66' lang='lat' dir='ltr'><strong>questio,</strong></span> 
     </span>
    </p>
   </div>
   <div class='ocr_carea' id='block_1_48' title="bbox 1987 1860 3638 1935">
    <p class='ocr_par' dir='ltr' id='par_1_48' title="bbox 1987 1860 3638 1935">
     <span class='ocr_line' id='line_1_48' title="bbox 1987 1860 3638 1935; baseline 0.001 -20"><span class='ocrx_word' id='word_1_354' title='bbox 1987 1860 2228 1917; x_wconf 87' lang='lat' dir='ltr'><strong>haberet</strong></span> <span class='ocrx_word' id='word_1_355' title='bbox 2256 1866 2455 1931; x_wconf 88' lang='lat' dir='ltr'><strong>testes,</strong></span> <span class='ocrx_word' id='word_1_356' title='bbox 2484 1863 2699 1935; x_wconf 89' lang='lat' dir='ltr'><strong>quibus</strong></span> <span class='ocrx_word' id='word_1_357' title='bbox 2731 1881 2941 1920; x_wconf 90' lang='lat' dir='ltr'><strong>sensus</strong></span> <span class='ocrx_word' id='word_1_358' title='bbox 2969 1868 3026 1918; x_wconf 90' lang='lat' dir='ltr'><strong>et</strong></span> <span class='ocrx_word' id='word_1_359' title='bbox 3055 1863 3373 1919; x_wconf 89' lang='lat' dir='ltr'><strong>sententias</strong></span> <span class='ocrx_word' id='word_1_360' title='bbox 3405 1880 3522 1918; x_wconf 61' lang='lat' dir='ltr'><strong>suae</strong></span> <span class='ocrx_word' id='word_1_361' title='bbox 3553 1862 3638 1917; x_wconf 88' lang='lat' dir='ltr'><strong>in-</strong></span> 
     </span>
    </p>
   </div>
   <div class='ocr_carea' id='block_1_49' title="bbox 1988 1951 3637 2024">
    <p class='ocr_par' dir='ltr' id='par_1_49' title="bbox 1988 1951 3637 2024">
     <span class='ocr_line' id='line_1_49' title="bbox 1988 1951 3637 2024; baseline 0.001 -20"><span class='ocrx_word' id='word_1_362' title='bbox 1988 1951 2267 2006; x_wconf 89' lang='lat' dir='ltr'><strong>tentionis</strong></span> <span class='ocrx_word' id='word_1_363' title='bbox 2300 1952 2700 2008; x_wconf 88' lang='lat' dir='ltr'><strong>manifestaret</strong></span> <span class='ocrx_word' id='word_1_364' title='bbox 2730 1954 2896 2024; x_wconf 85' lang='grc'>(851).</span> <span class='ocrx_word' id='word_1_365' title='bbox 2930 1954 2999 2008; x_wconf 90' lang='lat' dir='ltr'><strong>Et</strong></span> <span class='ocrx_word' id='word_1_366' title='bbox 3056 1953 3451 2008; x_wconf 87' lang='lat' dir='ltr'><strong>animadverte</strong></span> <span class='ocrx_word' id='word_1_367' title='bbox 3499 1951 3637 2022; x_wconf 90' lang='lat' dir='ltr'><strong>quia</strong></span> 
     </span>
    </p>
   </div>
   <div class='ocr_carea' id='block_1_50' title="bbox 1990 2040 3640 2113">
    <p class='ocr_par' dir='ltr' id='par_1_50' title="bbox 1990 2040 3640 2113">
     <span class='ocr_line' id='line_1_50' title="bbox 1990 2040 3640 2113; baseline 0.001 -19"><span class='ocrx_word' id='word_1_368' title='bbox 1990 2056 2104 2095; x_wconf 90' lang='lat' dir='ltr'><strong>non</strong></span> <span class='ocrx_word' id='word_1_369' title='bbox 2130 2040 2290 2110; x_wconf 84' lang='lat' dir='ltr'><strong>dicit,</strong></span> <span class='ocrx_word' id='word_1_370' title='bbox 2325 2042 2510 2096; x_wconf 91' lang='lat' dir='ltr'><strong>Didici</strong></span> <span class='ocrx_word' id='word_1_371' title='bbox 2540 2042 2916 2113; x_wconf 76' lang='lat' dir='ltr'><strong>Evangelium</strong></span> <span class='ocrx_word' id='word_1_372' title='bbox 2944 2043 3015 2097; x_wconf 90' lang='lat' dir='ltr'><strong>ab</strong></span> <span class='ocrx_word' id='word_1_373' title='bbox 3042 2041 3285 2107; x_wconf 89' lang='lat' dir='ltr'><strong>illis,sed</strong></span> <span class='ocrx_word' id='word_1_374' title='bbox 3309 2042 3542 2105; x_wconf 75' lang='lat' dir='ltr'><strong>contuli,</strong></span> <span class='ocrx_word' id='word_1_375' title='bbox 3574 2044 3640 2095; x_wconf 89' lang='lat' dir='ltr'><strong>ut</strong></span> 
     </span>
    </p>
   </div>
   <div class='ocr_carea' id='block_1_51' title="bbox 1993 2130 3635 2186">
    <p class='ocr_par' dir='ltr' id='par_1_51' title="bbox 1993 2130 3635 2186">
     <span class='ocr_line' id='line_1_51' title="bbox 1993 2130 3635 2186; baseline 0.001 -4"><span class='ocrx_word' id='word_1_376' title='bbox 1993 2130 2324 2184; x_wconf 87' lang='lat' dir='ltr'><strong>ostenderet</strong></span> <span class='ocrx_word' id='word_1_377' title='bbox 2355 2148 2415 2185; x_wconf 89' lang='lat' dir='ltr'><strong>se</strong></span> <span class='ocrx_word' id='word_1_378' title='bbox 2446 2147 2559 2186; x_wconf 91' lang='lat' dir='ltr'><strong>non</strong></span> <span class='ocrx_word' id='word_1_379' title='bbox 2594 2131 2837 2185; x_wconf 89' lang='lat' dir='ltr'><strong>minoris</strong></span> <span class='ocrx_word' id='word_1_380' title='bbox 2869 2131 3256 2186; x_wconf 85' lang='lat' dir='ltr'><strong>auctoritatis.</strong></span> <span class='ocrx_word' id='word_1_381' title='bbox 3310 2130 3457 2185; x_wconf 86' lang='lat' dir='ltr'><strong>Nam</strong></span> <span class='ocrx_word' id='word_1_382' title='bbox 3499 2146 3635 2184; x_wconf 88' lang='lat' dir='ltr'><strong>con-</strong></span> 
     </span>
    </p>
   </div>
   <div class='ocr_carea' id='block_1_52' title="bbox 1993 2216 3637 2290">
    <p class='ocr_par' dir='ltr' id='par_1_52' title="bbox 1993 2216 3637 2290">
     <span class='ocr_line' id='line_1_52' title="bbox 1993 2216 3637 2290; baseline 0.002 -20"><span class='ocrx_word' id='word_1_383' title='bbox 1993 2216 2162 2284; x_wconf 88' lang='lat' dir='ltr'><strong>ferre,</strong></span> <span class='ocrx_word' id='word_1_384' title='bbox 2176 2218 2489 2290; x_wconf 60' lang='lat' dir='ltr'><strong>aequalium</strong></span> <span class='ocrx_word' id='word_1_385' title='bbox 2504 2223 2593 2275; x_wconf 88' lang='lat' dir='ltr'><strong>est</strong></span> <span class='ocrx_word' id='word_1_386' title='bbox 2609 2238 2621 2287; x_wconf 90' lang='lat'>;</span> <span class='ocrx_word' id='word_1_387' title='bbox 2639 2220 2862 2275; x_wconf 84' lang='lat' dir='ltr'><strong>discere</strong></span> <span class='ocrx_word' id='word_1_388' title='bbox 2873 2236 3028 2289; x_wconf 90' lang='lat' dir='ltr'><strong>vero,</strong></span> <span class='ocrx_word' id='word_1_389' title='bbox 3044 2221 3358 2276; x_wconf 90' lang='lat' dir='ltr'><strong>minorum.</strong></span> <span class='ocrx_word' id='word_1_390' title='bbox 3384 2219 3637 2274; x_wconf 84' lang='lat' dir='ltr'><strong>Seorsum</strong></span> 
     </span>
    </p>
   </div>
   <div class='ocr_carea' id='block_1_53' title="bbox 1993 2306 3634 2380">
    <p class='ocr_par' dir='ltr' id='par_1_53' title="bbox 1993 2306 3634 2380">
     <span class='ocr_line' id='line_1_53' title="bbox 1993 2306 3634 2380; baseline 0.001 -20"><span class='ocrx_word' id='word_1_391' title='bbox 1993 2315 2204 2378; x_wconf 83' lang='lat' dir='ltr'><strong>autem,</strong></span> <span class='ocrx_word' id='word_1_392' title='bbox 2237 2314 2371 2373; x_wconf 90' lang='lat' dir='ltr'><strong>etc.,</strong></span> <span class='ocrx_word' id='word_1_393' title='bbox 2423 2309 2493 2364; x_wconf 88' lang='lat' dir='ltr'><strong>ad</strong></span> <span class='ocrx_word' id='word_1_394' title='bbox 2556 2309 2855 2380; x_wconf 85' lang='lat' dir='ltr'><strong>superiora</strong></span> <span class='ocrx_word' id='word_1_395' title='bbox 2913 2309 3182 2375; x_wconf 89' lang='lat' dir='ltr'><strong>refertur,</strong></span> <span class='ocrx_word' id='word_1_396' title='bbox 3237 2308 3333 2363; x_wconf 87' lang='lat' dir='ltr'><strong>ubi</strong></span> <span class='ocrx_word' id='word_1_397' title='bbox 3366 2306 3634 2362; x_wconf 84' lang='lat' dir='ltr'><strong>dlxerat:</strong></span> 
     </span>
    </p>
   </div>
   <div class='ocr_carea' id='block_1_54' title="bbox 1998 2393 3640 2470">
    <p class='ocr_par' dir='ltr' id='par_1_54' title="bbox 1998 2393 3640 2470">
     <span class='ocr_line' id='line_1_54' title="bbox 1998 2393 3640 2470; baseline 0 -20"><span class='ocrx_word' id='word_1_398' title='bbox 1998 2393 2233 2452; x_wconf 80' lang='lat' dir='ltr'><strong>Contuli.</strong></span> <span class='ocrx_word' id='word_1_399' title='bbox 2268 2399 2375 2453; x_wconf 89' lang='lat' dir='ltr'><strong>Sed</strong></span> <span class='ocrx_word' id='word_1_400' title='bbox 2406 2399 2551 2454; x_wconf 84' lang='lat' dir='ltr'><strong>forte</strong></span> <span class='ocrx_word' id='word_1_401' title='bbox 2609 2398 2760 2454; x_wconf 89' lang='lat' dir='ltr'><strong>dicet</strong></span> <span class='ocrx_word' id='word_1_402' title='bbox 2815 2398 3064 2470; x_wconf 91' lang='lat' dir='ltr'><strong>aliquis:</strong></span> <span class='ocrx_word' id='word_1_403' title='bbox 3112 2400 3297 2463; x_wconf 87' lang='lat' dir='ltr'><strong>Quare</strong></span> <span class='ocrx_word' id='word_1_404' title='bbox 3328 2413 3591 2453; x_wconf 89' lang='lat' dir='ltr'><strong>seorsum</strong></span> <span class='ocrx_word' id='word_1_405' title='bbox 3612 2396 3640 2450; x_wconf 85' lang='lat'><strong>?</strong></span> 
     </span>
    </p>
   </div>
   <div class='ocr_carea' id='block_1_55' title="bbox 1995 2486 3641 2558">
    <p class='ocr_par' dir='ltr' id='par_1_55' title="bbox 1995 2486 3641 2558">
     <span class='ocr_line' id='line_1_55' title="bbox 1995 2486 3641 2558; baseline -0.002 -16"><span class='ocrx_word' id='word_1_406' title='bbox 1995 2487 2279 2542; x_wconf 87' lang='lat' dir='ltr'><strong>Mentitus</strong></span> <span class='ocrx_word' id='word_1_407' title='bbox 2309 2488 2497 2543; x_wconf 88' lang='lat' dir='ltr'><strong>fuerat</strong></span> <span class='ocrx_word' id='word_1_408' title='bbox 2530 2487 2589 2541; x_wconf 92' lang='lat' dir='ltr'><strong>in</strong></span> <span class='ocrx_word' id='word_1_409' title='bbox 2622 2487 2890 2558; x_wconf 85' lang='lat' dir='ltr'><strong>publico;</strong></span> <span class='ocrx_word' id='word_1_410' title='bbox 2918 2487 3148 2543; x_wconf 89' lang='lat' dir='ltr'><strong>volebat</strong></span> <span class='ocrx_word' id='word_1_411' title='bbox 3202 2503 3400 2541; x_wconf 90' lang='lat' dir='ltr'><strong>verum</strong></span> <span class='ocrx_word' id='word_1_412' title='bbox 3450 2486 3641 2540; x_wconf 87' lang='lat' dir='ltr'><strong>dicere</strong></span> 
     </span>
    </p>
   </div>
   <div class='ocr_carea' id='block_1_56' title="bbox 1994 2573 3637 2632">
    <p class='ocr_par' dir='ltr' id='par_1_56' title="bbox 1994 2573 3637 2632">
     <span class='ocr_line' id='line_1_56' title="bbox 1994 2573 3637 2632; baseline -0.002 -1"><span class='ocrx_word' id='word_1_413' title='bbox 1994 2576 2310 2631; x_wconf 83' lang='lat' dir='ltr'><strong>seorsum?</strong></span> <span class='ocrx_word' id='word_1_414' title='bbox 2340 2577 2452 2632; x_wconf 88' lang='lat' dir='ltr'><strong>Sed</strong></span> <span class='ocrx_word' id='word_1_415' title='bbox 2486 2594 2598 2632; x_wconf 88' lang='lat' dir='ltr'><strong>non</strong></span> <span class='ocrx_word' id='word_1_416' title='bbox 2632 2582 2721 2632; x_wconf 91' lang='lat' dir='ltr'><strong>est</strong></span> <span class='ocrx_word' id='word_1_417' title='bbox 2752 2577 2850 2631; x_wconf 89' lang='lat' dir='ltr'><strong>ita.</strong></span> <span class='ocrx_word' id='word_1_418' title='bbox 2883 2577 3006 2631; x_wconf 87' lang='lat' dir='ltr'><strong>Non</strong></span> <span class='ocrx_word' id='word_1_419' title='bbox 3041 2576 3196 2631; x_wconf 90' lang='lat' dir='ltr'><strong>enim</strong></span> <span class='ocrx_word' id='word_1_420' title='bbox 3245 2573 3637 2631; x_wconf 88' lang='lat' dir='ltr'><strong>ministerium</strong></span> 
     </span>
    </p>
   </div>
   <div class='ocr_carea' id='block_1_57' title="bbox 1993 2664 3638 2738">
    <p class='ocr_par' dir='ltr' id='par_1_57' title="bbox 1993 2664 3638 2738">
     <span class='ocr_line' id='line_1_57' title="bbox 1993 2664 3638 2738; baseline -0.001 -19"><span class='ocrx_word' id='word_1_421' title='bbox 1993 2665 2156 2720; x_wconf 88' lang='lat' dir='ltr'><strong>illius</strong></span> <span class='ocrx_word' id='word_1_422' title='bbox 2188 2666 2421 2720; x_wconf 89' lang='lat' dir='ltr'><strong>mentiri</strong></span> <span class='ocrx_word' id='word_1_423' title='bbox 2450 2684 2461 2733; x_wconf 91' lang='lat'>;</span> <span class='ocrx_word' id='word_1_424' title='bbox 2500 2666 2656 2721; x_wconf 88' lang='lat' dir='ltr'><strong>unde</strong></span> <span class='ocrx_word' id='word_1_425' title='bbox 2685 2666 2861 2721; x_wconf 89' lang='lat' dir='ltr'><strong>etiam</strong></span> <span class='ocrx_word' id='word_1_426' title='bbox 2895 2683 2957 2721; x_wconf 91' lang='lat' dir='ltr'><strong>se</strong></span> <span class='ocrx_word' id='word_1_427' title='bbox 2986 2666 3336 2738; x_wconf 88' lang='lat' dir='ltr'><strong>magistrum</strong></span> <span class='ocrx_word' id='word_1_428' title='bbox 3376 2664 3638 2733; x_wconf 72' lang='lat' dir='ltr'><strong>gentium</strong></span> 
     </span>
    </p>
   </div>
   <div class='ocr_carea' id='block_1_58' title="bbox 1993 2752 3637 2826">
    <p class='ocr_par' dir='ltr' id='par_1_58' title="bbox 1993 2752 3637 2826">
     <span class='ocr_line' id='line_1_58' title="bbox 1993 2752 3637 2826; baseline -0.001 -17"><span class='ocrx_word' id='word_1_429' title='bbox 1993 2755 2136 2815; x_wconf 87' lang='lat' dir='ltr'><strong>dicit</strong></span> <span class='ocrx_word' id='word_1_430' title='bbox 2163 2770 2291 2810; x_wconf 90' lang='lat' dir='ltr'><strong>esse</strong></span> <span class='ocrx_word' id='word_1_431' title='bbox 2323 2755 2383 2809; x_wconf 91' lang='lat' dir='ltr'><strong>in</strong></span> <span class='ocrx_word' id='word_1_432' title='bbox 2412 2756 2524 2809; x_wconf 86' lang='lat' dir='ltr'><strong>ﬁde</strong></span> <span class='ocrx_word' id='word_1_433' title='bbox 2552 2759 2608 2809; x_wconf 92' lang='lat' dir='ltr'><strong>et</strong></span> <span class='ocrx_word' id='word_1_434' title='bbox 2637 2755 2875 2809; x_wconf 88' lang='lat' dir='ltr'><strong>veritate</strong></span> <span class='ocrx_word' id='word_1_435' title='bbox 2930 2757 2975 2826; x_wconf 91' lang='lat' dir='ltr'>(I</span> <span class='ocrx_word' id='word_1_436' title='bbox 3033 2757 3163 2809; x_wconf 88' lang='lat' dir='ltr'><strong>Tim.</strong></span> <span class='ocrx_word' id='word_1_437' title='bbox 3199 2771 3259 2823; x_wconf 84' lang='lat'><strong>11,</strong></span> <span class='ocrx_word' id='word_1_438' title='bbox 3290 2755 3362 2821; x_wconf 89' lang='lat'><strong>7;</strong></span> <span class='ocrx_word' id='word_1_439' title='bbox 3394 2752 3443 2808; x_wconf 88' lang='lat' dir='ltr'><strong><em>II</em></strong></span> <span class='ocrx_word' id='word_1_440' title='bbox 3476 2754 3637 2807; x_wconf 82' lang='lat' dir='ltr'><strong>Tim..</strong></span> 
     </span>
    </p>
   </div>
   <div class='ocr_carea' id='block_1_59' title="bbox 1991 2841 3641 2914">
    <p class='ocr_par' dir='ltr' id='par_1_59' title="bbox 1991 2841 3641 2914">
     <span class='ocr_line' id='line_1_59' title="bbox 1991 2841 3641 2914; baseline -0.001 -17"><span class='ocrx_word' id='word_1_441' title='bbox 1991 2860 2092 2907; x_wconf 86' lang='lat' dir='ltr'><strong>v11,</strong></span> <span class='ocrx_word' id='word_1_442' title='bbox 2125 2844 2231 2914; x_wconf 90' lang='grc'>11).</span> <span class='ocrx_word' id='word_1_443' title='bbox 2266 2844 2375 2899; x_wconf 88' lang='lat' dir='ltr'><strong>Sed</strong></span> <span class='ocrx_word' id='word_1_444' title='bbox 2410 2845 2563 2914; x_wconf 89' lang='lat' dir='ltr'><strong>quod</strong></span> <span class='ocrx_word' id='word_1_445' title='bbox 2598 2844 2945 2914; x_wconf 88' lang='lat' dir='ltr'><strong>profundius</strong></span> <span class='ocrx_word' id='word_1_446' title='bbox 2974 2848 3031 2898; x_wconf 88' lang='lat' dir='ltr'><strong>et</strong></span> <span class='ocrx_word' id='word_1_447' title='bbox 3061 2843 3340 2898; x_wconf 90' lang='lat' dir='ltr'><strong>subtilius</strong></span> <span class='ocrx_word' id='word_1_448' title='bbox 3376 2841 3641 2896; x_wconf 88' lang='lat' dir='ltr'><strong>dicturus</strong></span> 
     </span>
    </p>
   </div>
   <div class='ocr_carea' id='block_1_60' title="bbox 1994 2931 3643 3003">
    <p class='ocr_par' dir='ltr' id='par_1_60' title="bbox 1994 2931 3643 3003">
     <span class='ocr_line' id='line_1_60' title="bbox 1994 2931 3643 3003; baseline -0.002 -18"><span class='ocrx_word' id='word_1_449' title='bbox 1994 2938 2119 2987; x_wconf 89' lang='lat' dir='ltr'><strong>erat</strong></span> <span class='ocrx_word' id='word_1_450' title='bbox 2147 2933 2303 3002; x_wconf 90' lang='lat' dir='ltr'><strong>quod</strong></span> <span class='ocrx_word' id='word_1_451' title='bbox 2337 2932 2421 2986; x_wconf 89' lang='lat' dir='ltr'><strong>illi</strong></span> <span class='ocrx_word' id='word_1_452' title='bbox 2453 2948 2658 3003; x_wconf 88' lang='lat' dir='ltr'><strong>capere</strong></span> <span class='ocrx_word' id='word_1_453' title='bbox 2689 2949 2803 2987; x_wconf 91' lang='lat' dir='ltr'><strong>non</strong></span> <span class='ocrx_word' id='word_1_454' title='bbox 2834 2937 3118 3003; x_wconf 88' lang='lat' dir='ltr'><strong>poterant,</strong></span> <span class='ocrx_word' id='word_1_455' title='bbox 3177 2932 3394 3002; x_wconf 84' lang='lat' dir='ltr'><strong>quibus</strong></span> <span class='ocrx_word' id='word_1_456' title='bbox 3452 2931 3643 2984; x_wconf 86' lang='lat' dir='ltr'><strong>fuerat</strong></span> 
     </span>
    </p>
   </div>
   <div class='ocr_carea' id='block_1_61' title="bbox 1994 3019 3645 3091">
    <p class='ocr_par' dir='ltr' id='par_1_61' title="bbox 1994 3019 3645 3091">
     <span class='ocr_line' id='line_1_61' title="bbox 1994 3019 3645 3091; baseline -0.002 -16"><span class='ocrx_word' id='word_1_457' title='bbox 1994 3019 2228 3091; x_wconf 87' lang='lat' dir='ltr'><strong>publice</strong></span> <span class='ocrx_word' id='word_1_458' title='bbox 2260 3020 2509 3086; x_wconf 89' lang='lat' dir='ltr'><strong>locutus,</strong></span> <span class='ocrx_word' id='word_1_459' title='bbox 2545 3026 2609 3075; x_wconf 90' lang='lat' dir='ltr'><strong>ut</strong></span> <span class='ocrx_word' id='word_1_460' title='bbox 2663 3020 2849 3076; x_wconf 91' lang='lat' dir='ltr'><strong>illud:</strong></span> <span class='ocrx_word' id='word_1_461' title='bbox 2907 3026 3030 3078; x_wconf 86' lang='lat' dir='ltr'><strong>Non</strong></span> <span class='ocrx_word' id='word_1_462' title='bbox 3081 3022 3242 3091; x_wconf 83' lang='lat' dir='ltr'><strong>potui</strong></span> <span class='ocrx_word' id='word_1_463' title='bbox 3290 3020 3441 3073; x_wconf 84' lang='lat' dir='ltr'><strong>vobis</strong></span> <span class='ocrx_word' id='word_1_464' title='bbox 3493 3019 3645 3088; x_wconf 80' lang='lat' dir='ltr'><strong>loqui</strong></span> 
     </span>
    </p>
   </div>
   <div class='ocr_carea' id='block_1_62' title="bbox 210 3102 3644 3181">
    <p class='ocr_par' dir='ltr' id='par_1_62' title="bbox 210 3102 3644 3181">
     <span class='ocr_line' id='line_1_62' title="bbox 210 3102 3644 3181; baseline 0.001 -25"><span class='ocrx_word' id='word_1_465' title='bbox 210 3102 542 3175; x_wconf 62' lang='lat' dir='ltr'><strong>excelsam,</strong></span> <span class='ocrx_word' id='word_1_466' title='bbox 574 3110 633 3160; x_wconf 90' lang='lat' dir='ltr'><strong>et</strong></span> <span class='ocrx_word' id='word_1_467' title='bbox 661 3122 788 3175; x_wconf 70' lang='lat' dir='ltr'><strong>quae</strong></span> <span class='ocrx_word' id='word_1_468' title='bbox 819 3105 1065 3162; x_wconf 89' lang='lat' dir='ltr'><strong>humilis</strong></span> <span class='ocrx_word' id='word_1_469' title='bbox 1092 3108 1429 3165; x_wconf 88' lang='lat' dir='ltr'><strong>sublimem.</strong></span> <span class='ocrx_word' id='word_1_470' title='bbox 1465 3109 1663 3166; x_wconf 86' lang='lat' dir='ltr'><strong>Cilicia</strong></span> <span class='ocrx_word' id='word_1_471' title='bbox 1688 3115 1885 3166; x_wconf 91' lang='lat' dir='ltr'><strong>autem</strong></span> <span class='ocrx_word' id='word_1_472' title='bbox 1996 3112 2161 3180; x_wconf 81' lang='lat' dir='ltr'><strong>quasi</strong></span> <span class='ocrx_word' id='word_1_473' title='bbox 2190 3110 2597 3181; x_wconf 80' lang='lat' dir='ltr'><strong>spiritualibus.</strong></span> <span class='ocrx_word' id='word_1_474' title='bbox 2632 3112 2656 3164; x_wconf 94' lang='lat' dir='ltr'><strong><em>I</em></strong></span> <span class='ocrx_word' id='word_1_475' title='bbox 2686 3110 2805 3163; x_wconf 82' lang='lat' dir='ltr'><strong>Cor.</strong></span> <span class='ocrx_word' id='word_1_476' title='bbox 2840 3126 2924 3174; x_wconf 89' lang='lat'><strong>111,</strong></span> <span class='ocrx_word' id='word_1_477' title='bbox 2959 3110 3031 3179; x_wconf 86' lang='grc'>1),</span> <span class='ocrx_word' id='word_1_478' title='bbox 3064 3113 3206 3176; x_wconf 89' lang='lat' dir='ltr'><strong>etc.;</strong></span> <span class='ocrx_word' id='word_1_479' title='bbox 3266 3106 3480 3161; x_wconf 89' lang='lat' dir='ltr'><strong>idcirco</strong></span> <span class='ocrx_word' id='word_1_480' title='bbox 3511 3121 3644 3159; x_wconf 92' lang='lat' dir='ltr'><strong>cum</strong></span> 
     </span>
    </p>
   </div>
   <div class='ocr_carea' id='block_1_63' title="bbox 203 3181 3645 3268">
    <p class='ocr_par' dir='ltr' id='par_1_63' title="bbox 203 3181 3645 3268">
     <span class='ocr_line' id='line_1_63' title="bbox 203 3181 3645 3268; baseline 0.001 -21"><span class='ocrx_word' id='word_1_481' title='bbox 203 3188 1030 3266; x_wconf 82' lang='lat' dir='ltr'><strong>interpretatursumpta,sive</strong></span> <span class='ocrx_word' id='word_1_482' title='bbox 1055 3200 1265 3253; x_wconf 81' lang='lat' dir='ltr'><strong>vacatio</strong></span> <span class='ocrx_word' id='word_1_483' title='bbox 1288 3198 1682 3255; x_wconf 73' lang='lat' dir='ltr'><strong>lamentabilis.</strong></span> <span class='ocrx_word' id='word_1_484' title='bbox 1716 3199 1887 3256; x_wconf 90' lang='lat' dir='ltr'><strong>Venit</strong></span> <span class='ocrx_word' id='word_1_485' title='bbox 1917 3181 1960 3247; x_wconf 68' lang='grc' dir='ltr'>Ο</span> <span class='ocrx_word' id='word_1_486' title='bbox 1998 3198 2131 3253; x_wconf 88' lang='lat' dir='ltr'><strong>istis</strong></span> <span class='ocrx_word' id='word_1_487' title='bbox 2164 3214 2428 3253; x_wconf 89' lang='lat' dir='ltr'><strong>seorsum</strong></span> <span class='ocrx_word' id='word_1_488' title='bbox 2465 3196 2731 3264; x_wconf 89' lang='lat' dir='ltr'><strong>contulit,</strong></span> <span class='ocrx_word' id='word_1_489' title='bbox 2764 3197 2902 3268; x_wconf 89' lang='lat' dir='ltr'><strong>quia</strong></span> <span class='ocrx_word' id='word_1_490' title='bbox 2958 3212 3162 3267; x_wconf 89' lang='lat' dir='ltr'><strong>capere</strong></span> <span class='ocrx_word' id='word_1_491' title='bbox 3220 3199 3504 3267; x_wconf 88' lang='lat' dir='ltr'><strong>poterant.</strong></span> <span class='ocrx_word' id='word_1_492' title='bbox 3536 3194 3645 3249; x_wconf 89' lang='lat' dir='ltr'><strong>Sed</strong></span> 
     </span>
    </p>
   </div>
   <div class='ocr_carea' id='block_1_64' title="bbox 200 3277 1890 3356">
    <p class='ocr_par' dir='ltr' id='par_1_64' title="bbox 200 3277 1890 3356">
     <span class='ocr_line' id='line_1_64' title="bbox 200 3277 1890 3356; baseline 0.007 -24"><span class='ocrx_word' id='word_1_493' title='bbox 200 3277 398 3351; x_wconf 86' lang='lat' dir='ltr'><strong>igitur</strong></span> <span class='ocrx_word' id='word_1_494' title='bbox 434 3280 502 3336; x_wconf 87' lang='lat' dir='ltr'><strong>in</strong></span> <span class='ocrx_word' id='word_1_495' title='bbox 529 3280 812 3353; x_wconf 83' lang='lat' dir='ltr'><strong>Ciliciam,</strong></span> <span class='ocrx_word' id='word_1_496' title='bbox 847 3289 912 3339; x_wconf 88' lang='lat' dir='ltr'><strong>ut</strong></span> <span class='ocrx_word' id='word_1_497' title='bbox 962 3301 1071 3340; x_wconf 89' lang='lat' dir='ltr'><strong>sua</strong></span> <span class='ocrx_word' id='word_1_498' title='bbox 1098 3285 1509 3356; x_wconf 60' lang='lat' dir='ltr'><strong>praedicatione</strong></span> <span class='ocrx_word' id='word_1_499' title='bbox 1538 3304 1667 3345; x_wconf 85' lang='lat' dir='ltr'><strong>eam</strong></span> <span class='ocrx_word' id='word_1_500' title='bbox 1718 3305 1890 3345; x_wconf 88' lang='lat' dir='ltr'><strong>assu-</strong></span> 
     </span>
    </p>
   </div>
   <div class='ocr_carea' id='block_1_65' title="bbox 201 3374 1889 3449">
    <p class='ocr_par' dir='ltr' id='par_1_65' title="bbox 201 3374 1889 3449">
     <span class='ocr_line' id='line_1_65' title="bbox 201 3374 1889 3449; baseline 0.005 -24"><span class='ocrx_word' id='word_1_501' title='bbox 201 3374 428 3438; x_wconf 85' lang='lat' dir='ltr'><strong>meret,</strong></span> <span class='ocrx_word' id='word_1_502' title='bbox 466 3385 611 3439; x_wconf 69' lang='lat' dir='ltr'><strong>quae,</strong></span> <span class='ocrx_word' id='word_1_503' title='bbox 629 3374 958 3442; x_wconf 84' lang='lat' dir='ltr'><strong>assumptio</strong></span> <span class='ocrx_word' id='word_1_504' title='bbox 988 3389 1118 3435; x_wconf 88' lang='lat' dir='ltr'><strong>esse</strong></span> <span class='ocrx_word' id='word_1_505' title='bbox 1152 3390 1267 3430; x_wconf 92' lang='lat' dir='ltr'><strong>non</strong></span> <span class='ocrx_word' id='word_1_506' title='bbox 1301 3380 1493 3446; x_wconf 90' lang='lat' dir='ltr'><strong>potest</strong></span> <span class='ocrx_word' id='word_1_507' title='bbox 1551 3377 1775 3449; x_wconf 90' lang='lat' dir='ltr'><strong>absque</strong></span> <span class='ocrx_word' id='word_1_508' title='bbox 1806 3377 1889 3433; x_wconf 89' lang='lat' dir='ltr'><strong>la-</strong></span> 
     </span>
    </p>
   </div>
   <div class='ocr_carea' id='block_1_66' title="bbox 200 3457 1887 3533">
    <p class='ocr_par' dir='ltr' id='par_1_66' title="bbox 200 3457 1887 3533">
     <span class='ocr_line' id='line_1_66' title="bbox 200 3457 1887 3533; baseline 0.007 -22"><span class='ocrx_word' id='word_1_509' title='bbox 200 3457 602 3531; x_wconf 79' lang='lat' dir='ltr'><strong>mentatione</strong></span> <span class='ocrx_word' id='word_1_510' title='bbox 632 3459 1035 3530; x_wconf 76' lang='lat' dir='ltr'><strong>pmnitudiuis.</strong></span> <span class='ocrx_word' id='word_1_511' title='bbox 1072 3464 1238 3521; x_wconf 84' lang='lat' dir='ltr'><strong>Eram</strong></span> <span class='ocrx_word' id='word_1_512' title='bbox 1267 3467 1462 3520; x_wconf 75' lang='lat' dir='ltr'><strong>autem</strong></span> <span class='ocrx_word' id='word_1_513' title='bbox 1500 3469 1743 3533; x_wconf 83' lang='lat' dir='ltr'><strong>ignotus,</strong></span> <span class='ocrx_word' id='word_1_514' title='bbox 1775 3472 1887 3523; x_wconf 86' lang='lat' dir='ltr'><strong>etc.</strong></span> 
     </span>
    </p>
   </div>
   <div class='ocr_carea' id='block_1_67' title="bbox 198 3546 1891 3624">
    <p class='ocr_par' dir='ltr' id='par_1_67' title="bbox 198 3546 1891 3624">
     <span class='ocr_line' id='line_1_67' title="bbox 198 3546 1891 3624; baseline 0.005 -23"><span class='ocrx_word' id='word_1_515' title='bbox 198 3547 403 3619; x_wconf 78' lang='lat' dir='ltr'><strong>Notus</strong></span> <span class='ocrx_word' id='word_1_516' title='bbox 438 3546 617 3615; x_wconf 30' lang='lat' dir='ltr'><strong>enim,</strong></span> <span class='ocrx_word' id='word_1_517' title='bbox 641 3553 765 3610; x_wconf 87' lang='lat' dir='ltr'><strong>erat</strong></span> <span class='ocrx_word' id='word_1_518' title='bbox 796 3549 939 3615; x_wconf 86' lang='lat' dir='ltr'><strong>facie</strong></span> <span class='ocrx_word' id='word_1_519' title='bbox 960 3550 1237 3608; x_wconf 90' lang='lat' dir='ltr'><strong>Ecclesiis</strong></span> <span class='ocrx_word' id='word_1_520' title='bbox 1255 3553 1453 3624; x_wconf 60' lang='lat' dir='ltr'><strong>Syrias,</strong></span> <span class='ocrx_word' id='word_1_521' title='bbox 1486 3559 1545 3609; x_wconf 91' lang='lat' dir='ltr'><strong>et</strong></span> <span class='ocrx_word' id='word_1_522' title='bbox 1567 3554 1799 3622; x_wconf 66' lang='lat' dir='ltr'><strong>Cilicia),</strong></span> <span class='ocrx_word' id='word_1_523' title='bbox 1833 3560 1891 3611; x_wconf 85' lang='lat' dir='ltr'><strong>et</strong></span> 
     </span>
    </p>
   </div>
   <div class='ocr_carea' id='block_1_68' title="bbox 199 3635 1889 3715">
    <p class='ocr_par' dir='ltr' id='par_1_68' title="bbox 199 3635 1889 3715">
     <span class='ocr_line' id='line_1_68' title="bbox 199 3635 1889 3715; baseline 0.008 -27"><span class='ocrx_word' id='word_1_524' title='bbox 199 3635 473 3707; x_wconf 72' lang='lat' dir='ltr'><strong>Arabiae,</strong></span> <span class='ocrx_word' id='word_1_525' title='bbox 503 3636 1122 3708; x_wconf 79' lang='lat' dir='ltr'><strong>quiagentileserant,</strong></span> <span class='ocrx_word' id='word_1_526' title='bbox 1146 3646 1204 3696; x_wconf 90' lang='lat' dir='ltr'><strong>et</strong></span> <span class='ocrx_word' id='word_1_527' title='bbox 1229 3642 1354 3712; x_wconf 85' lang='lat' dir='ltr'><strong>ipse</strong></span> <span class='ocrx_word' id='word_1_528' title='bbox 1374 3643 1632 3699; x_wconf 83' lang='lat' dir='ltr'><strong>officium</strong></span> <span class='ocrx_word' id='word_1_529' title='bbox 1680 3645 1889 3715; x_wconf 59' lang='lat' dir='ltr'><strong>prsidi-</strong></span> 
     </span>
    </p>
   </div>
   <div class='ocr_carea' id='block_1_69' title="bbox 199 3724 1887 3801">
    <p class='ocr_par' dir='ltr' id='par_1_69' title="bbox 199 3724 1887 3801">
     <span class='ocr_line' id='line_1_69' title="bbox 199 3724 1887 3801; baseline 0.004 -18"><span class='ocrx_word' id='word_1_530' title='bbox 199 3724 470 3783; x_wconf 78' lang='lat' dir='ltr'><strong>cationis</strong></span> <span class='ocrx_word' id='word_1_531' title='bbox 498 3724 565 3779; x_wconf 88' lang='lat' dir='ltr'><strong>in</strong></span> <span class='ocrx_word' id='word_1_532' title='bbox 587 3726 865 3796; x_wconf 83' lang='lat' dir='ltr'><strong>gentibus</strong></span> <span class='ocrx_word' id='word_1_533' title='bbox 886 3731 1491 3801; x_wconf 84' lang='lat' dir='ltr'><strong>acceperat.Ecclesiis</strong></span> <span class='ocrx_word' id='word_1_534' title='bbox 1503 3751 1637 3790; x_wconf 87' lang='lat' dir='ltr'><strong>vero</strong></span> <span class='ocrx_word' id='word_1_535' title='bbox 1652 3735 1887 3801; x_wconf 81' lang='lat' dir='ltr'><strong>Judaeae,</strong></span> 
     </span>
    </p>
   </div>
   <div class='ocr_carea' id='block_1_70' title="bbox 199 3814 1889 3893">
    <p class='ocr_par' dir='ltr' id='par_1_70' title="bbox 199 3814 1889 3893">
     <span class='ocr_line' id='line_1_70' title="bbox 199 3814 1889 3893; baseline 0.005 -21"><span class='ocrx_word' id='word_1_536' title='bbox 199 3830 319 3873; x_wconf 81' lang='lat' dir='ltr'><strong>non</strong></span> <span class='ocrx_word' id='word_1_537' title='bbox 341 3814 510 3870; x_wconf 81' lang='lat' dir='ltr'><strong>facie</strong></span> <span class='ocrx_word' id='word_1_538' title='bbox 546 3818 745 3884; x_wconf 89' lang='lat' dir='ltr'><strong>notus,</strong></span> <span class='ocrx_word' id='word_1_539' title='bbox 771 3818 875 3873; x_wconf 87' lang='lat' dir='ltr'><strong>sed</strong></span> <span class='ocrx_word' id='word_1_540' title='bbox 898 3834 1154 3885; x_wconf 87' lang='lat' dir='ltr'><strong>rumore,</strong></span> <span class='ocrx_word' id='word_1_541' title='bbox 1187 3820 1342 3879; x_wconf 85' lang='lat' dir='ltr'><strong>sicut</strong></span> <span class='ocrx_word' id='word_1_542' title='bbox 1377 3822 1505 3893; x_wconf 89' lang='lat' dir='ltr'><strong>ipse</strong></span> <span class='ocrx_word' id='word_1_543' title='bbox 1536 3824 1716 3879; x_wconf 87' lang='lat' dir='ltr'><strong>dicit:</strong></span> <span class='ocrx_word' id='word_1_544' title='bbox 1753 3826 1889 3880; x_wconf 82' lang='lat' dir='ltr'><strong>Tan-</strong></span> 
     </span>
    </p>
   </div>
   <div class='ocr_carea' id='block_1_71' title="bbox 199 3904 1892 3978">
    <p class='ocr_par' dir='ltr' id='par_1_71' title="bbox 199 3904 1892 3978">
     <span class='ocr_line' id='line_1_71' title="bbox 199 3904 1892 3978; baseline 0.006 -21"><span class='ocrx_word' id='word_1_545' title='bbox 199 3910 321 3963; x_wconf 77' lang='lat' dir='ltr'><strong>tum</strong></span> <span class='ocrx_word' id='word_1_546' title='bbox 349 3908 569 3967; x_wconf 83' lang='lat' dir='ltr'><strong>autem</strong></span> <span class='ocrx_word' id='word_1_547' title='bbox 598 3904 856 3959; x_wconf 84' lang='lat' dir='ltr'><strong>auditum</strong></span> <span class='ocrx_word' id='word_1_548' title='bbox 912 3906 1181 3962; x_wconf 77' lang='lat' dir='ltr'><strong>habebant</strong></span> <span class='ocrx_word' id='word_1_549' title='bbox 1245 3908 1383 3978; x_wconf 87' lang='lat' dir='ltr'><strong>(Gal.</strong></span> <span class='ocrx_word' id='word_1_550' title='bbox 1421 3928 1460 3975; x_wconf 85' lang='lat'><strong>1,</strong></span> <span class='ocrx_word' id='word_1_551' title='bbox 1492 3913 1603 3978; x_wconf 88' lang='lat'><strong>23).</strong></span> <span class='ocrx_word' id='word_1_552' title='bbox 1651 3913 1721 3966; x_wconf 89' lang='lat' dir='ltr'><strong>Et</strong></span> <span class='ocrx_word' id='word_1_553' title='bbox 1752 3918 1892 3968; x_wconf 89' lang='lat' dir='ltr'><strong>nota</strong></span> 
     </span>
    </p>
   </div>
   <div class='ocr_carea' id='block_1_72' title="bbox 200 3990 1891 4066">
    <p class='ocr_par' dir='ltr' id='par_1_72' title="bbox 200 3990 1891 4066">
     <span class='ocr_line' id='line_1_72' title="bbox 200 3990 1891 4066; baseline 0.005 -18"><span class='ocrx_word' id='word_1_554' title='bbox 200 3994 345 4063; x_wconf 87' lang='lat' dir='ltr'><strong>quia</strong></span> <span class='ocrx_word' id='word_1_555' title='bbox 376 3990 1001 4065; x_wconf 78' lang='lat' dir='ltr'><strong>Ecclesiisdicit,ideo</strong></span> <span class='ocrx_word' id='word_1_556' title='bbox 1031 3996 1171 4066; x_wconf 88' lang='lat' dir='ltr'><strong>quia</strong></span> <span class='ocrx_word' id='word_1_557' title='bbox 1202 4013 1316 4053; x_wconf 90' lang='lat' dir='ltr'><strong>non</strong></span> <span class='ocrx_word' id='word_1_558' title='bbox 1351 3997 1543 4053; x_wconf 92' lang='lat' dir='ltr'><strong>solum</strong></span> <span class='ocrx_word' id='word_1_559' title='bbox 1576 3998 1636 4054; x_wconf 90' lang='lat' dir='ltr'><strong>in</strong></span> <span class='ocrx_word' id='word_1_560' title='bbox 1664 4003 1891 4056; x_wconf 87' lang='lat' dir='ltr'><strong>Jeroso-</strong></span> 
     </span>
    </p>
   </div>
   <div class='ocr_carea' id='block_1_73' title="bbox 194 4079 1891 4156">
    <p class='ocr_par' dir='ltr' id='par_1_73' title="bbox 194 4079 1891 4156">
     <span class='ocr_line' id='line_1_73' title="bbox 194 4079 1891 4156; baseline 0.006 -21"><span class='ocrx_word' id='word_1_561' title='bbox 194 4079 596 4154; x_wconf 79' lang='lat' dir='ltr'><strong>lymiserant</strong></span> <span class='ocrx_word' id='word_1_562' title='bbox 625 4083 949 4149; x_wconf 84' lang='lat' dir='ltr'><strong>credentes,</strong></span> <span class='ocrx_word' id='word_1_563' title='bbox 984 4084 1175 4140; x_wconf 80' lang='lat' dir='ltr'><strong>sedin</strong></span> <span class='ocrx_word' id='word_1_564' title='bbox 1210 4086 1436 4142; x_wconf 74' lang='lat' dir='ltr'><strong>caeteris</strong></span> <span class='ocrx_word' id='word_1_565' title='bbox 1466 4086 1630 4156; x_wconf 90' lang='lat' dir='ltr'><strong>locis,</strong></span> <span class='ocrx_word' id='word_1_566' title='bbox 1657 4090 1799 4145; x_wconf 89' lang='lat' dir='ltr'><strong>adeo</strong></span> <span class='ocrx_word' id='word_1_567' title='bbox 1825 4095 1891 4146; x_wconf 89' lang='lat' dir='ltr'><strong>ut</strong></span> 
     </span>
    </p>
   </div>
   <div class='ocr_carea' id='block_1_74' title="bbox 197 4170 1815 4251">
    <p class='ocr_par' dir='ltr' id='par_1_74' title="bbox 197 4170 1815 4251">
     <span class='ocr_line' id='line_1_74' title="bbox 197 4170 1815 4251; baseline 0.004 -24"><span class='ocrx_word' id='word_1_568' title='bbox 197 4170 510 4241; x_wconf 79' lang='lat' dir='ltr'><strong>Ecclesiae</strong></span> <span class='ocrx_word' id='word_1_569' title='bbox 551 4173 834 4238; x_wconf 82' lang='lat' dir='ltr'><strong>facerent,</strong></span> <span class='ocrx_word' id='word_1_570' title='bbox 864 4178 922 4239; x_wconf 81' lang='lat' dir='ltr'><strong>et</strong></span> <span class='ocrx_word' id='word_1_571' title='bbox 947 4173 1227 4244; x_wconf 89' lang='lat' dir='ltr'><strong>gentibus</strong></span> <span class='ocrx_word' id='word_1_572' title='bbox 1258 4174 1482 4231; x_wconf 91' lang='lat' dir='ltr'><strong>nollent</strong></span> <span class='ocrx_word' id='word_1_573' title='bbox 1513 4180 1815 4251; x_wconf 86' lang='lat' dir='ltr'><strong>conjungi.</strong></span> 
     </span>
    </p>
   </div>
   <div class='ocr_carea' id='block_1_75' title="bbox 264 4262 1890 4339">
    <p class='ocr_par' dir='ltr' id='par_1_75' title="bbox 264 4262 1890 4339">
     <span class='ocr_line' id='line_1_75' title="bbox 264 4262 1890 4339; baseline 0.006 -24"><span class='ocrx_word' id='word_1_574' title='bbox 264 4265 339 4329; x_wconf 75' lang='lat' dir='ltr'><strong>Bt</strong></span> <span class='ocrx_word' id='word_1_575' title='bbox 373 4264 441 4319; x_wconf 80' lang='lat' dir='ltr'><strong>in</strong></span> <span class='ocrx_word' id='word_1_576' title='bbox 474 4277 587 4323; x_wconf 71' lang='lat' dir='ltr'><strong>m6.</strong></span> <span class='ocrx_word' id='word_1_577' title='bbox 605 4262 992 4335; x_wconf 72' lang='lat' dir='ltr'><strong>glariﬁt‘abant</strong></span> <span class='ocrx_word' id='word_1_578' title='bbox 1006 4263 1158 4333; x_wconf 87' lang='lat'>(850)</span> <span class='ocrx_word' id='word_1_579' title='bbox 1170 4265 1365 4319; x_wconf 80' lang='lat' dir='ltr'><strong>Deum.</strong></span> <span class='ocrx_word' id='word_1_580' title='bbox 1391 4264 1539 4328; x_wconf 87' lang='lat' dir='ltr'><strong>Quid</strong></span> <span class='ocrx_word' id='word_1_581' title='bbox 1553 4266 1712 4322; x_wconf 87' lang='lat' dir='ltr'><strong>velut</strong></span> <span class='ocrx_word' id='word_1_582' title='bbox 1734 4272 1890 4339; x_wconf 87' lang='lat' dir='ltr'><strong>Apo-</strong></span> 
     </span>
    </p>
   </div>
   <div class='ocr_carea' id='block_1_76' title="bbox 192 4350 1888 4421">
    <p class='ocr_par' dir='ltr' id='par_1_76' title="bbox 192 4350 1888 4421">
     <span class='ocr_line' id='line_1_76' title="bbox 192 4350 1888 4421; baseline 0.005 -17"><span class='ocrx_word' id='word_1_583' title='bbox 192 4351 401 4421; x_wconf 72' lang='lat' dir='ltr'><strong>stolas</strong></span> <span class='ocrx_word' id='word_1_584' title='bbox 421 4352 528 4419; x_wconf 81' lang='lat' dir='ltr'><strong>his</strong></span> <span class='ocrx_word' id='word_1_585' title='bbox 565 4350 770 4413; x_wconf 80' lang='lat' dir='ltr'><strong>verbis</strong></span> <span class='ocrx_word' id='word_1_586' title='bbox 784 4352 1135 4413; x_wconf 74' lang='lat' dir='ltr'><strong>ostendere?</strong></span> <span class='ocrx_word' id='word_1_587' title='bbox 1154 4352 1288 4411; x_wconf 88' lang='lat' dir='ltr'><strong>Vult</strong></span> <span class='ocrx_word' id='word_1_588' title='bbox 1318 4353 1697 4411; x_wconf 84' lang='lat' dir='ltr'><strong>manifestare</strong></span> <span class='ocrx_word' id='word_1_589' title='bbox 1717 4374 1888 4413; x_wconf 89' lang='lat' dir='ltr'><strong>suam</strong></span> 
     </span>
    </p>
   </div>
   <div class='ocr_carea' id='block_1_77' title="bbox 191 4438 1887 4516">
    <p class='ocr_par' dir='ltr' id='par_1_77' title="bbox 191 4438 1887 4516">
     <span class='ocr_line' id='line_1_77' title="bbox 191 4438 1887 4516; baseline 0.003 -19"><span class='ocrx_word' id='word_1_590' title='bbox 191 4438 575 4509; x_wconf 76' lang='lat' dir='ltr'><strong>doctrinam,</strong></span> <span class='ocrx_word' id='word_1_591' title='bbox 614 4444 677 4501; x_wconf 82' lang='lat' dir='ltr'><strong>et</strong></span> <span class='ocrx_word' id='word_1_592' title='bbox 707 4456 771 4496; x_wconf 87' lang='lat' dir='ltr'><strong>se</strong></span> <span class='ocrx_word' id='word_1_593' title='bbox 800 4457 1001 4501; x_wconf 84' lang='lat' dir='ltr'><strong>verum</strong></span> <span class='ocrx_word' id='word_1_594' title='bbox 1033 4459 1164 4499; x_wconf 89' lang='lat' dir='ltr'><strong>esse</strong></span> <span class='ocrx_word' id='word_1_595' title='bbox 1182 4442 1531 4513; x_wconf 88' lang='lat' dir='ltr'><strong>Apostolum</strong></span> <span class='ocrx_word' id='word_1_596' title='bbox 1560 4462 1573 4511; x_wconf 93' lang='lat'><strong>;</strong></span> <span class='ocrx_word' id='word_1_597' title='bbox 1604 4446 1887 4516; x_wconf 87' lang='lat' dir='ltr'><strong>quoniam</strong></span> 
     </span>
    </p>
   </div>
   <div class='ocr_carea' id='block_1_78' title="bbox 2001 3281 3648 3358">
    <p class='ocr_par' dir='ltr' id='par_1_78' title="bbox 2001 3281 3648 3358">
     <span class='ocr_line' id='line_1_78' title="bbox 2001 3281 3648 3358; baseline -0.003 -17"><span class='ocrx_word' id='word_1_598' title='bbox 2001 3287 2141 3358; x_wconf 89' lang='lat' dir='ltr'><strong>quid</strong></span> <span class='ocrx_word' id='word_1_599' title='bbox 2165 3286 2276 3342; x_wconf 88' lang='lat' dir='ltr'><strong>fuit</strong></span> <span class='ocrx_word' id='word_1_600' title='bbox 2302 3286 2446 3341; x_wconf 90' lang='lat' dir='ltr'><strong>illud</strong></span> <span class='ocrx_word' id='word_1_601' title='bbox 2468 3286 2861 3357; x_wconf 82' lang='lat' dir='ltr'><strong>profundius?</strong></span> <span class='ocrx_word' id='word_1_602' title='bbox 2883 3284 3126 3341; x_wconf 85' lang='lat' dir='ltr'><strong>Abolitio</strong></span> <span class='ocrx_word' id='word_1_603' title='bbox 3150 3284 3295 3357; x_wconf 90' lang='lat' dir='ltr'><strong>legis</strong></span> <span class='ocrx_word' id='word_1_604' title='bbox 3315 3287 3373 3338; x_wconf 88' lang='lat' dir='ltr'><strong>et</strong></span> <span class='ocrx_word' id='word_1_605' title='bbox 3393 3281 3648 3355; x_wconf 88' lang='lat' dir='ltr'><strong>dignitas</strong></span> 
     </span>
    </p>
   </div>
   <div class='ocr_carea' id='block_1_79' title="bbox 2000 3376 2221 3446">
    <p class='ocr_par' dir='ltr' id='par_1_79' title="bbox 2000 3376 2221 3446">
     <span class='ocr_line' id='line_1_79' title="bbox 2000 3376 2221 3446; baseline 0 -16"><span class='ocrx_word' id='word_1_606' title='bbox 2000 3376 2221 3446; x_wconf 81' lang='lat' dir='ltr'><strong>gratias.</strong></span> 
     </span>
    </p>
   </div>
   <div class='ocr_carea' id='block_1_80' title="bbox 2069 3463 3647 3538">
    <p class='ocr_par' dir='ltr' id='par_1_80' title="bbox 2069 3463 3647 3538">
     <span class='ocr_line' id='line_1_80' title="bbox 2069 3463 3647 3538; baseline -0.003 -17"><span class='ocrx_word' id='word_1_607' title='bbox 2069 3466 2146 3521; x_wconf 86' lang='lat' dir='ltr'><strong>Ne</strong></span> <span class='ocrx_word' id='word_1_608' title='bbox 2174 3465 2405 3538; x_wconf 81' lang='lat' dir='ltr'><strong>fortein</strong></span> <span class='ocrx_word' id='word_1_609' title='bbox 2434 3481 2675 3520; x_wconf 83' lang='lat' dir='ltr'><strong>vacuum</strong></span> <span class='ocrx_word' id='word_1_610' title='bbox 2728 3481 3027 3530; x_wconf 85' lang='lat' dir='ltr'><strong>currerem,</strong></span> <span class='ocrx_word' id='word_1_611' title='bbox 3088 3468 3198 3520; x_wconf 89' lang='lat' dir='ltr'><strong>etc.</strong></span> <span class='ocrx_word' id='word_1_612' title='bbox 3258 3465 3461 3519; x_wconf 89' lang='lat' dir='ltr'><strong>Certus</strong></span> <span class='ocrx_word' id='word_1_613' title='bbox 3492 3463 3647 3518; x_wconf 89' lang='lat' dir='ltr'><strong>enim</strong></span> 
     </span>
    </p>
   </div>
   <div class='ocr_carea' id='block_1_81' title="bbox 2000 3553 3647 3639">
    <p class='ocr_par' dir='ltr' id='par_1_81' title="bbox 2000 3553 3647 3639">
     <span class='ocr_line' id='line_1_81' title="bbox 2000 3553 3647 3639; baseline -0.001 -31"><span class='ocrx_word' id='word_1_614' title='bbox 2000 3558 2124 3608; x_wconf 89' lang='lat' dir='ltr'><strong>erat</strong></span> <span class='ocrx_word' id='word_1_615' title='bbox 2150 3554 2458 3625; x_wconf 82' lang='lat' dir='ltr'><strong>Apostolus</strong></span> <span class='ocrx_word' id='word_1_616' title='bbox 2490 3570 2552 3609; x_wconf 87' lang='lat' dir='ltr'><strong>se</strong></span> <span class='ocrx_word' id='word_1_617' title='bbox 2584 3555 2790 3615; x_wconf 85' lang='lat' dir='ltr'><strong>nonin</strong></span> <span class='ocrx_word' id='word_1_618' title='bbox 2819 3570 3067 3639; x_wconf 75' lang='lat' dir='ltr'><strong>vacuum</strong></span> <span class='ocrx_word' id='word_1_619' title='bbox 3092 3568 3360 3619; x_wconf 87' lang='lat' dir='ltr'><strong>currere;</strong></span> <span class='ocrx_word' id='word_1_620' title='bbox 3386 3553 3484 3607; x_wconf 87' lang='lat' dir='ltr'><strong>sed</strong></span> <span class='ocrx_word' id='word_1_621' title='bbox 3518 3568 3647 3623; x_wconf 87' lang='lat' dir='ltr'><strong>pro-</strong></span> 
     </span>
    </p>
   </div>
   <div class='ocr_carea' id='block_1_82' title="bbox 1999 3642 3649 3715">
    <p class='ocr_par' dir='ltr' id='par_1_82' title="bbox 1999 3642 3649 3715">
     <span class='ocr_line' id='line_1_82' title="bbox 1999 3642 3649 3715; baseline -0.001 -18"><span class='ocrx_word' id='word_1_622' title='bbox 1999 3648 2129 3713; x_wconf 90' lang='lat' dir='ltr'><strong>pter</strong></span> <span class='ocrx_word' id='word_1_623' title='bbox 2142 3642 2311 3711; x_wconf 89' lang='lat' dir='ltr'><strong>alios,</strong></span> <span class='ocrx_word' id='word_1_624' title='bbox 2326 3645 2425 3715; x_wconf 89' lang='lat' dir='ltr'><strong>qui</strong></span> <span class='ocrx_word' id='word_1_625' title='bbox 2442 3644 2850 3709; x_wconf 88' lang='lat' dir='ltr'><strong>erantincerti,</strong></span> <span class='ocrx_word' id='word_1_626' title='bbox 2874 3643 3249 3714; x_wconf 90' lang='lat' dir='ltr'><strong>Evangelium</strong></span> <span class='ocrx_word' id='word_1_627' title='bbox 3270 3642 3527 3698; x_wconf 86' lang='lat' dir='ltr'><strong>conferre</strong></span> <span class='ocrx_word' id='word_1_628' title='bbox 3547 3657 3649 3696; x_wconf 90' lang='lat' dir='ltr'><strong>vo-</strong></span> 
     </span>
    </p>
   </div>
   <div class='ocr_carea' id='block_1_83' title="bbox 1997 3731 3651 3799">
    <p class='ocr_par' dir='ltr' id='par_1_83' title="bbox 1997 3731 3651 3799">
     <span class='ocr_line' id='line_1_83' title="bbox 1997 3731 3651 3799; baseline -0.001 -13"><span class='ocrx_word' id='word_1_629' title='bbox 1997 3731 2130 3799; x_wconf 88' lang='lat' dir='ltr'><strong>luit,</strong></span> <span class='ocrx_word' id='word_1_630' title='bbox 2155 3737 2217 3786; x_wconf 91' lang='lat' dir='ltr'><strong>ut</strong></span> <span class='ocrx_word' id='word_1_631' title='bbox 2239 3733 2380 3788; x_wconf 90' lang='lat' dir='ltr'><strong>certi</strong></span> <span class='ocrx_word' id='word_1_632' title='bbox 2404 3733 2784 3789; x_wconf 86' lang='lat' dir='ltr'><strong>redderentur</strong></span> <span class='ocrx_word' id='word_1_633' title='bbox 2814 3733 2864 3789; x_wconf 90' lang='lat' dir='ltr'><strong>ei</strong></span> <span class='ocrx_word' id='word_1_634' title='bbox 2896 3750 3014 3788; x_wconf 87' lang='lat' dir='ltr'><strong>non</strong></span> <span class='ocrx_word' id='word_1_635' title='bbox 3047 3733 3106 3787; x_wconf 89' lang='lat' dir='ltr'><strong>in</strong></span> <span class='ocrx_word' id='word_1_636' title='bbox 3137 3749 3384 3788; x_wconf 89' lang='lat' dir='ltr'><strong>vacuum</strong></span> <span class='ocrx_word' id='word_1_637' title='bbox 3414 3746 3651 3787; x_wconf 86' lang='lat' dir='ltr'><strong>currere</strong></span> 
     </span>
    </p>
   </div>
   <div class='ocr_carea' id='block_1_84' title="bbox 2000 3821 2658 3892">
    <p class='ocr_par' dir='ltr' id='par_1_84' title="bbox 2000 3821 2658 3892">
     <span class='ocr_line' id='line_1_84' title="bbox 2000 3821 2658 3892; baseline 0.002 -17"><span class='ocrx_word' id='word_1_638' title='bbox 2000 3821 2147 3892; x_wconf 83' lang='lat'>(852)</span> <span class='ocrx_word' id='word_1_639' title='bbox 2177 3828 2280 3876; x_wconf 88' lang='lat' dir='ltr'><strong>aut</strong></span> <span class='ocrx_word' id='word_1_640' title='bbox 2308 3821 2658 3877; x_wconf 89' lang='lat' dir='ltr'><strong>cucurrisse.</strong></span> 
     </span>
    </p>
   </div>
   <div class='ocr_carea' id='block_1_85' title="bbox 2070 3908 3648 3980">
    <p class='ocr_par' dir='ltr' id='par_1_85' title="bbox 2070 3908 3648 3980">
     <span class='ocr_line' id='line_1_85' title="bbox 2070 3908 3648 3980; baseline -0.003 -15"><span class='ocrx_word' id='word_1_641' title='bbox 2070 3911 2180 3965; x_wconf 81' lang='lat' dir='ltr'><strong>Sed</strong></span> <span class='ocrx_word' id='word_1_642' title='bbox 2208 3926 2381 3980; x_wconf 82' lang='lat' dir='ltr'><strong>neque</strong></span> <span class='ocrx_word' id='word_1_643' title='bbox 2417 3912 2588 3975; x_wconf 82' lang='lat' dir='ltr'><strong>Titus,</strong></span> <span class='ocrx_word' id='word_1_644' title='bbox 2621 3914 2730 3965; x_wconf 89' lang='lat' dir='ltr'><strong>etc.</strong></span> <span class='ocrx_word' id='word_1_645' title='bbox 2766 3911 2924 3966; x_wconf 87' lang='lat' dir='ltr'><strong>Talis</strong></span> <span class='ocrx_word' id='word_1_646' title='bbox 2955 3916 3044 3966; x_wconf 89' lang='lat' dir='ltr'><strong>est</strong></span> <span class='ocrx_word' id='word_1_647' title='bbox 3074 3911 3341 3974; x_wconf 90' lang='lat' dir='ltr'><strong>intentio,</strong></span> <span class='ocrx_word' id='word_1_648' title='bbox 3374 3909 3542 3979; x_wconf 88' lang='lat' dir='ltr'><strong>quasi</strong></span> <span class='ocrx_word' id='word_1_649' title='bbox 3565 3908 3648 3961; x_wconf 90' lang='lat' dir='ltr'><strong>di-</strong></span> 
     </span>
    </p>
   </div>
   <div class='ocr_carea' id='block_1_86' title="bbox 2002 3995 3650 4069">
    <p class='ocr_par' dir='ltr' id='par_1_86' title="bbox 2002 3995 3650 4069">
     <span class='ocr_line' id='line_1_86' title="bbox 2002 3995 3650 4069; baseline -0.002 -17"><span class='ocrx_word' id='word_1_650' title='bbox 2002 4002 2194 4052; x_wconf 89' lang='lat' dir='ltr'><strong>ceret:</strong></span> <span class='ocrx_word' id='word_1_651' title='bbox 2226 3997 2287 4052; x_wconf 91' lang='lat' dir='ltr'><strong>Si</strong></span> <span class='ocrx_word' id='word_1_652' title='bbox 2321 4014 2427 4053; x_wconf 87' lang='lat' dir='ltr'><strong>uos</strong></span> <span class='ocrx_word' id='word_1_653' title='bbox 2458 3999 2747 4069; x_wconf 90' lang='lat' dir='ltr'><strong>compulsi</strong></span> <span class='ocrx_word' id='word_1_654' title='bbox 2781 4016 2896 4054; x_wconf 90' lang='lat' dir='ltr'><strong>non</strong></span> <span class='ocrx_word' id='word_1_655' title='bbox 2930 4000 3077 4068; x_wconf 84' lang='lat'>(853)</span> <span class='ocrx_word' id='word_1_656' title='bbox 3110 4014 3337 4066; x_wconf 90' lang='lat' dir='ltr'><strong>sumus,</strong></span> <span class='ocrx_word' id='word_1_657' title='bbox 3397 3995 3494 4065; x_wconf 91' lang='lat' dir='ltr'><strong>qui</strong></span> <span class='ocrx_word' id='word_1_658' title='bbox 3525 4011 3650 4049; x_wconf 88' lang='lat' dir='ltr'><strong>era-</strong></span> 
     </span>
    </p>
   </div>
   <div class='ocr_carea' id='block_1_87' title="bbox 2001 4082 3654 4159">
    <p class='ocr_par' dir='ltr' id='par_1_87' title="bbox 2001 4082 3654 4159">
     <span class='ocr_line' id='line_1_87' title="bbox 2001 4082 3654 4159; baseline -0.002 -18"><span class='ocrx_word' id='word_1_659' title='bbox 2001 4102 2133 4141; x_wconf 89' lang='lat' dir='ltr'><strong>mus</strong></span> <span class='ocrx_word' id='word_1_660' title='bbox 2156 4086 2212 4140; x_wconf 89' lang='lat' dir='ltr'><strong>in</strong></span> <span class='ocrx_word' id='word_1_661' title='bbox 2237 4086 2470 4159; x_wconf 88' lang='lat' dir='ltr'><strong>egregia</strong></span> <span class='ocrx_word' id='word_1_662' title='bbox 2500 4087 2733 4141; x_wconf 89' lang='lat' dir='ltr'><strong>civitate</strong></span> <span class='ocrx_word' id='word_1_663' title='bbox 2763 4086 2914 4141; x_wconf 90' lang='lat' dir='ltr'><strong>inter</strong></span> <span class='ocrx_word' id='word_1_664' title='bbox 2945 4085 3240 4157; x_wconf 89' lang='lat' dir='ltr'><strong>apostolos</strong></span> <span class='ocrx_word' id='word_1_665' title='bbox 3270 4088 3327 4140; x_wconf 91' lang='lat' dir='ltr'><strong>et</strong></span> <span class='ocrx_word' id='word_1_666' title='bbox 3357 4082 3654 4138; x_wconf 71' lang='lat' dir='ltr'><strong>simulato-</strong></span> 
     </span>
    </p>
   </div>
   <div class='ocr_carea' id='block_1_88' title="bbox 2000 4174 3654 4247">
    <p class='ocr_par' dir='ltr' id='par_1_88' title="bbox 2000 4174 3654 4247">
     <span class='ocr_line' id='line_1_88' title="bbox 2000 4174 3654 4247; baseline -0.001 -18"><span class='ocrx_word' id='word_1_667' title='bbox 2000 4190 2095 4229; x_wconf 88' lang='lat' dir='ltr'><strong>res</strong></span> <span class='ocrx_word' id='word_1_668' title='bbox 2121 4174 2287 4246; x_wconf 82' lang='lat' dir='ltr'><strong>legis,</strong></span> <span class='ocrx_word' id='word_1_669' title='bbox 2317 4181 2374 4230; x_wconf 90' lang='lat' dir='ltr'><strong>et</strong></span> <span class='ocrx_word' id='word_1_670' title='bbox 2406 4175 2557 4229; x_wconf 88' lang='lat' dir='ltr'><strong>inter</strong></span> <span class='ocrx_word' id='word_1_671' title='bbox 2579 4192 2679 4230; x_wconf 88' lang='lat' dir='ltr'><strong>eos</strong></span> <span class='ocrx_word' id='word_1_672' title='bbox 2701 4176 2800 4246; x_wconf 90' lang='lat' dir='ltr'><strong>qui</strong></span> <span class='ocrx_word' id='word_1_673' title='bbox 2824 4181 3090 4230; x_wconf 89' lang='lat' dir='ltr'><strong>nostrum</strong></span> <span class='ocrx_word' id='word_1_674' title='bbox 3115 4175 3465 4247; x_wconf 86' lang='lat' dir='ltr'><strong>sanguinem</strong></span> <span class='ocrx_word' id='word_1_675' title='bbox 3489 4174 3654 4229; x_wconf 87' lang='lat' dir='ltr'><strong>sitie-</strong></span> 
     </span>
    </p>
   </div>
   <div class='ocr_carea' id='block_1_89' title="bbox 2001 4264 3651 4336">
    <p class='ocr_par' dir='ltr' id='par_1_89' title="bbox 2001 4264 3651 4336">
     <span class='ocr_line' id='line_1_89' title="bbox 2001 4264 3651 4336; baseline 0 -17"><span class='ocrx_word' id='word_1_676' title='bbox 2001 4265 2161 4330; x_wconf 87' lang='lat' dir='ltr'><strong>bant,</strong></span> <span class='ocrx_word' id='word_1_677' title='bbox 2186 4270 2251 4319; x_wconf 87' lang='lat' dir='ltr'><strong>ut</strong></span> <span class='ocrx_word' id='word_1_678' title='bbox 2270 4265 2788 4320; x_wconf 87' lang='lat' dir='ltr'><strong>circumcideretur</strong></span> <span class='ocrx_word' id='word_1_679' title='bbox 2813 4266 2981 4321; x_wconf 86' lang='lat' dir='ltr'><strong>Titus</strong></span> <span class='ocrx_word' id='word_1_680' title='bbox 3005 4281 3017 4319; x_wconf 90' lang='lat'><strong>:</strong></span> <span class='ocrx_word' id='word_1_681' title='bbox 3043 4282 3221 4336; x_wconf 89' lang='lat' dir='ltr'><strong>quare</strong></span> <span class='ocrx_word' id='word_1_682' title='bbox 3237 4281 3398 4335; x_wconf 87' lang='lat' dir='ltr'><strong>vos,o</strong></span> <span class='ocrx_word' id='word_1_683' title='bbox 3421 4264 3651 4334; x_wconf 63' lang='lat' dir='ltr'><strong>Galatas,</strong></span> 
     </span>
    </p>
   </div>
   <div class='ocr_carea' id='block_1_90' title="bbox 1999 4353 3651 4425">
    <p class='ocr_par' dir='ltr' id='par_1_90' title="bbox 1999 4353 3651 4425">
     <span class='ocr_line' id='line_1_90' title="bbox 1999 4353 3651 4425; baseline 0.001 -17"><span class='ocrx_word' id='word_1_684' title='bbox 1999 4369 2131 4408; x_wconf 91' lang='lat' dir='ltr'><strong>cum</strong></span> <span class='ocrx_word' id='word_1_685' title='bbox 2159 4354 2381 4409; x_wconf 89' lang='lat' dir='ltr'><strong>nullius</strong></span> <span class='ocrx_word' id='word_1_686' title='bbox 2394 4353 2730 4409; x_wconf 82' lang='lat' dir='ltr'><strong>violentiam</strong></span> <span class='ocrx_word' id='word_1_687' title='bbox 2750 4353 3144 4410; x_wconf 87' lang='lat' dir='ltr'><strong>sustulissetis</strong></span> <span class='ocrx_word' id='word_1_688' title='bbox 3161 4354 3651 4425; x_wconf 76' lang='lat' dir='ltr'><strong>(854),alibertate</strong></span> 
     </span>
    </p>
   </div>
   <div class='ocr_carea' id='block_1_91' title="bbox 1999 4442 3656 4515">
    <p class='ocr_par' dir='ltr' id='par_1_91' title="bbox 1999 4442 3656 4515">
     <span class='ocr_line' id='line_1_91' title="bbox 1999 4442 3656 4515; baseline 0.001 -19"><span class='ocrx_word' id='word_1_689' title='bbox 1999 4442 2200 4513; x_wconf 87' lang='lat' dir='ltr'><strong>gratiae</strong></span> <span class='ocrx_word' id='word_1_690' title='bbox 2230 4444 2302 4498; x_wconf 93' lang='lat' dir='ltr'><strong>ad</strong></span> <span class='ocrx_word' id='word_1_691' title='bbox 2336 4444 2672 4498; x_wconf 86' lang='lat' dir='ltr'><strong>servitutem</strong></span> <span class='ocrx_word' id='word_1_692' title='bbox 2736 4443 2881 4515; x_wconf 89' lang='lat' dir='ltr'><strong>legis</strong></span> <span class='ocrx_word' id='word_1_693' title='bbox 2939 4443 3247 4499; x_wconf 83' lang='lat' dir='ltr'><strong>transitis?</strong></span> <span class='ocrx_word' id='word_1_694' title='bbox 3273 4443 3381 4499; x_wconf 79' lang='lat' dir='ltr'><strong>Sed</strong></span> <span class='ocrx_word' id='word_1_695' title='bbox 3429 4446 3656 4514; x_wconf 85' lang='lat' dir='ltr'><strong>propter</strong></span> 
     </span>
    </p>
   </div>
   <div class='ocr_carea' id='block_1_92' title="bbox 3462 301 3733 366">
    <p class='ocr_par' dir='ltr' id='par_1_92' title="bbox 3462 301 3733 366">
     <span class='ocr_line' id='line_1_92' title="bbox 3462 301 3733 366; baseline 0.004 -1"><span class='ocrx_word' id='word_1_696' title='bbox 3462 301 3733 366; x_wconf 69' lang='lat'><strong>‘506~</strong></span> 
     </span>
    </p>
   </div>
   <div class='ocr_carea' id='block_1_93' title="bbox 191 4528 3658 4616">
    <p class='ocr_par' dir='ltr' id='par_1_93' title="bbox 191 4528 3658 4616">
     <span class='ocr_line' id='line_1_93' title="bbox 191 4528 3658 4616; baseline 0.002 -35"><span class='ocrx_word' id='word_1_697' title='bbox 191 4528 307 4600; x_wconf 76' lang='lat' dir='ltr'><strong>ipsi</strong></span> <span class='ocrx_word' id='word_1_698' title='bbox 320 4544 735 4601; x_wconf 70' lang='lat' dir='ltr'><strong>nequaquam</strong></span> <span class='ocrx_word' id='word_1_699' title='bbox 764 4530 945 4593; x_wconf 60' lang='lat' dir='ltr'><strong>[leum</strong></span> <span class='ocrx_word' id='word_1_700' title='bbox 966 4530 1446 4601; x_wconf 82' lang='lat' dir='ltr'><strong>gloriﬁcarentin</strong></span> <span class='ocrx_word' id='word_1_701' title='bbox 1467 4533 1887 4605; x_wconf 89' lang='lat' dir='ltr'><strong>ipso,quorum</strong></span> <span class='ocrx_word' id='word_1_702' title='bbox 1920 4552 1966 4616; x_wconf 83' lang='lat' dir='ltr'><strong>D</strong></span> <span class='ocrx_word' id='word_1_703' title='bbox 2001 4532 2443 4588; x_wconf 80' lang='lat' dir='ltr'><strong>subintroduetos</strong></span> <span class='ocrx_word' id='word_1_704' title='bbox 2462 4534 2633 4604; x_wconf 79' lang='lat' dir='ltr'><strong>falsos</strong></span> <span class='ocrx_word' id='word_1_705' title='bbox 2662 4538 2891 4604; x_wconf 79' lang='lat' dir='ltr'><strong>fratres.</strong></span> <span class='ocrx_word' id='word_1_706' title='bbox 2926 4531 3126 4587; x_wconf 87' lang='lat' dir='ltr'><strong>Falsos</strong></span> <span class='ocrx_word' id='word_1_707' title='bbox 3160 4533 3372 4586; x_wconf 83' lang='lat' dir='ltr'><strong>fratres</strong></span> <span class='ocrx_word' id='word_1_708' title='bbox 3402 4532 3658 4603; x_wconf 88' lang='lat' dir='ltr'><strong>appellat</strong></span> 
     </span>
    </p>
   </div>
   <div class='ocr_carea' id='block_1_94' title="bbox 188 4618 3655 4692">
    <p class='ocr_par' dir='ltr' id='par_1_94' title="bbox 188 4618 3655 4692">
     <span class='ocr_line' id='line_1_94' title="bbox 188 4618 3655 4692; baseline 0.004 -19"><span class='ocrx_word' id='word_1_709' title='bbox 188 4625 561 4689; x_wconf 89' lang='lat' dir='ltr'><strong>persecutor</strong></span> <span class='ocrx_word' id='word_1_710' title='bbox 593 4618 929 4686; x_wconf 83' lang='lat' dir='ltr'><strong>exstiterat,</strong></span> <span class='ocrx_word' id='word_1_711' title='bbox 965 4620 1079 4673; x_wconf 90' lang='lat' dir='ltr'><strong>nisi</strong></span> <span class='ocrx_word' id='word_1_712' title='bbox 1140 4637 1246 4675; x_wconf 91' lang='lat' dir='ltr'><strong>suo</strong></span> <span class='ocrx_word' id='word_1_713' title='bbox 1272 4621 1497 4691; x_wconf 88' lang='lat' dir='ltr'><strong>judicio</strong></span> <span class='ocrx_word' id='word_1_714' title='bbox 1555 4622 1888 4680; x_wconf 88' lang='lat' dir='ltr'><strong>doctrinam</strong></span> <span class='ocrx_word' id='word_1_715' title='bbox 1999 4619 2152 4685; x_wconf 73' lang='lat'><strong>11108.</strong></span> <span class='ocrx_word' id='word_1_716' title='bbox 2186 4622 2287 4692; x_wconf 82' lang='lat' dir='ltr'><strong>qui</strong></span> <span class='ocrx_word' id='word_1_717' title='bbox 2322 4622 2404 4676; x_wconf 76' lang='lat' dir='ltr'><strong>ita</strong></span> <span class='ocrx_word' id='word_1_718' title='bbox 2432 4622 2820 4685; x_wconf 63' lang='lat' dir='ltr'><strong>crediderant,</strong></span> <span class='ocrx_word' id='word_1_719' title='bbox 2856 4624 2922 4675; x_wconf 70' lang='lat' dir='ltr'><strong>ut</strong></span> <span class='ocrx_word' id='word_1_720' title='bbox 2945 4638 2977 4675; x_wconf 75' lang='lat'><strong><em>8</em></strong></span> <span class='ocrx_word' id='word_1_721' title='bbox 3001 4620 3221 4675; x_wconf 68' lang='lat' dir='ltr'><strong>carnali</strong></span> <span class='ocrx_word' id='word_1_722' title='bbox 3252 4620 3655 4677; x_wconf 67' lang='grc' dir='ltr'><strong>οδεθννᾶιίοηθ</strong></span> 
     </span>
    </p>
   </div>
   <div class='ocr_carea' id='block_1_95' title="bbox 189 4705 3653 4782">
    <p class='ocr_par' dir='ltr' id='par_1_95' title="bbox 189 4705 3653 4782">
     <span class='ocr_line' id='line_1_95' title="bbox 189 4705 3653 4782; baseline 0.001 -22"><span class='ocrx_word' id='word_1_723' title='bbox 189 4705 354 4765; x_wconf 90' lang='lat' dir='ltr'><strong>illius</strong></span> <span class='ocrx_word' id='word_1_724' title='bbox 385 4724 615 4765; x_wconf 87' lang='lat' dir='ltr'><strong>veram</strong></span> <span class='ocrx_word' id='word_1_725' title='bbox 652 4722 782 4762; x_wconf 89' lang='lat' dir='ltr'><strong>esse</strong></span> <span class='ocrx_word' id='word_1_726' title='bbox 813 4713 1255 4779; x_wconf 87' lang='lat' dir='ltr'><strong>cognoscerent.</strong></span> <span class='ocrx_word' id='word_1_727' title='bbox 2000 4726 2116 4764; x_wconf 90' lang='lat' dir='ltr'><strong>non</strong></span> <span class='ocrx_word' id='word_1_728' title='bbox 2151 4712 2508 4774; x_wconf 89' lang='lat' dir='ltr'><strong>recederent,</strong></span> <span class='ocrx_word' id='word_1_729' title='bbox 2532 4727 2680 4780; x_wconf 89' lang='lat' dir='ltr'><strong>quos</strong></span> <span class='ocrx_word' id='word_1_730' title='bbox 2704 4710 2880 4764; x_wconf 86' lang='lat' dir='ltr'><strong>etiam</strong></span> <span class='ocrx_word' id='word_1_731' title='bbox 2905 4709 2964 4763; x_wconf 89' lang='lat' dir='ltr'><strong>in</strong></span> <span class='ocrx_word' id='word_1_732' title='bbox 2988 4708 3371 4780; x_wconf 83' lang='lat' dir='ltr'><strong>sequentibus</strong></span> <span class='ocrx_word' id='word_1_733' title='bbox 3391 4710 3653 4782; x_wconf 84' lang='lat' dir='ltr'><strong>explora-</strong></span> 
     </span>
    </p>
   </div>
   <div class='ocr_carea' id='block_1_96' title="bbox 255 4795 3652 4872">
    <p class='ocr_par' dir='ltr' id='par_1_96' title="bbox 255 4795 3652 4872">
     <span class='ocr_line' id='line_1_96' title="bbox 255 4795 3652 4872; baseline -0 -19"><span class='ocrx_word' id='word_1_734' title='bbox 255 4798 614 4871; x_wconf 76' lang='grc' dir='ltr'>(851)(ΟΑΡ.</span> <span class='ocrx_word' id='word_1_735' title='bbox 644 4795 745 4865; x_wconf 92' lang='grc' dir='ltr'><strong>ΙΙ.)</strong></span> <span class='ocrx_word' id='word_1_736' title='bbox 806 4796 1011 4851; x_wconf 75' lang='lat' dir='ltr'><strong>Deinde</strong></span> <span class='ocrx_word' id='word_1_737' title='bbox 1062 4806 1187 4867; x_wconf 81' lang='lat' dir='ltr'><strong>post</strong></span> <span class='ocrx_word' id='word_1_738' title='bbox 1237 4814 1411 4853; x_wconf 83' lang='lat' dir='ltr'><strong>annos</strong></span> <span class='ocrx_word' id='word_1_739' title='bbox 1454 4800 1885 4872; x_wconf 83' lang='lat' dir='ltr'><strong>quatuordecim,</strong></span> <span class='ocrx_word' id='word_1_740' title='bbox 2001 4804 2160 4855; x_wconf 88' lang='lat' dir='ltr'><strong>tores</strong></span> <span class='ocrx_word' id='word_1_741' title='bbox 2192 4799 2475 4853; x_wconf 89' lang='lat' dir='ltr'><strong>nominat.</strong></span> <span class='ocrx_word' id='word_1_742' title='bbox 2512 4798 2907 4870; x_wconf 85' lang='lat' dir='ltr'><strong>Exploratoris</strong></span> <span class='ocrx_word' id='word_1_743' title='bbox 2940 4814 3194 4871; x_wconf 88' lang='lat' dir='ltr'><strong>namque</strong></span> <span class='ocrx_word' id='word_1_744' title='bbox 3224 4803 3330 4867; x_wconf 89' lang='lat' dir='ltr'><strong>est,</strong></span> <span class='ocrx_word' id='word_1_745' title='bbox 3392 4799 3549 4854; x_wconf 90' lang='lat' dir='ltr'><strong>aliud</strong></span> <span class='ocrx_word' id='word_1_746' title='bbox 3593 4799 3652 4853; x_wconf 90' lang='lat' dir='ltr'><strong>in</strong></span> 
     </span>
    </p>
   </div>
   <div class='ocr_carea' id='block_1_97' title="bbox 183 4884 3652 4961">
    <p class='ocr_par' dir='ltr' id='par_1_97' title="bbox 183 4884 3652 4961">
     <span class='ocr_line' id='line_1_97' title="bbox 183 4884 3652 4961; baseline -0 -20"><span class='ocrx_word' id='word_1_747' title='bbox 183 4891 291 4957; x_wconf 84' lang='lat' dir='ltr'><strong>etc.</strong></span> <span class='ocrx_word' id='word_1_748' title='bbox 320 4888 591 4959; x_wconf 76' lang='lat' dir='ltr'><strong>Dixerat</strong></span> <span class='ocrx_word' id='word_1_749' title='bbox 629 4884 792 4940; x_wconf 87' lang='lat' dir='ltr'><strong>enim</strong></span> <span class='ocrx_word' id='word_1_750' title='bbox 826 4884 1101 4957; x_wconf 90' lang='lat' dir='ltr'><strong>superius</strong></span> <span class='ocrx_word' id='word_1_751' title='bbox 1132 4903 1195 4942; x_wconf 90' lang='lat' dir='ltr'><strong>se</strong></span> <span class='ocrx_word' id='word_1_752' title='bbox 1228 4893 1360 4959; x_wconf 85' lang='lat' dir='ltr'><strong>post</strong></span> <span class='ocrx_word' id='word_1_753' title='bbox 1392 4904 1582 4944; x_wconf 89' lang='lat' dir='ltr'><strong>annos</strong></span> <span class='ocrx_word' id='word_1_754' title='bbox 1633 4894 1755 4944; x_wconf 89' lang='lat' dir='ltr'><strong>tres</strong></span> <span class='ocrx_word' id='word_1_755' title='bbox 1785 4906 1885 4944; x_wconf 89' lang='lat' dir='ltr'><strong>ve-</strong></span> <span class='ocrx_word' id='word_1_756' title='bbox 2002 4886 2145 4943; x_wconf 91' lang='lat' dir='ltr'><strong>facie</strong></span> <span class='ocrx_word' id='word_1_757' title='bbox 2167 4887 2546 4959; x_wconf 82' lang='lat' dir='ltr'><strong>praetendere,</strong></span> <span class='ocrx_word' id='word_1_758' title='bbox 2580 4890 2637 4941; x_wconf 91' lang='lat' dir='ltr'><strong>et</strong></span> <span class='ocrx_word' id='word_1_759' title='bbox 2661 4885 2818 4942; x_wconf 91' lang='lat' dir='ltr'><strong>aliud</strong></span> <span class='ocrx_word' id='word_1_760' title='bbox 2850 4891 3041 4945; x_wconf 89' lang='lat' dir='ltr'><strong>mente</strong></span> <span class='ocrx_word' id='word_1_761' title='bbox 3096 4886 3372 4961; x_wconf 87' lang='lat' dir='ltr'><strong>cogitare.</strong></span> <span class='ocrx_word' id='word_1_762' title='bbox 3394 4887 3652 4944; x_wconf 86' lang='lat' dir='ltr'><strong>Liberta-</strong></span> 
     </span>
    </p>
   </div>
   <div class='ocr_carea' id='block_1_98' title="bbox 2072 5083 2644 5155">
    <p class='ocr_par' dir='ltr' id='par_1_98' title="bbox 2072 5083 2644 5155">
     <span class='ocr_line' id='line_1_98' title="bbox 2072 5083 2644 5155; baseline 0.002 -17"><span class='ocrx_word' id='word_1_763' title='bbox 2072 5083 2219 5155; x_wconf 83' lang='lat'>(852)</span> <span class='ocrx_word' id='word_1_764' title='bbox 2247 5083 2438 5139; x_wconf 87' lang='lat' dir='ltr'><strong>Verba</strong></span> <span class='ocrx_word' id='word_1_765' title='bbox 2485 5083 2644 5139; x_wconf 81' lang='lat' dir='ltr'><strong>sed...</strong></span> 
     </span>
    </p>
   </div>
   <div class='ocr_carea' id='block_1_99' title="bbox 2000 5155 2294 5211">
    <p class='ocr_par' dir='ltr' id='par_1_99' title="bbox 2000 5155 2294 5211">
     <span class='ocr_line' id='line_1_99' title="bbox 2000 5155 2294 5211; baseline -0.01 0"><span class='ocrx_word' id='word_1_766' title='bbox 2000 5155 2294 5211; x_wconf 62' lang='lat' dir='ltr'><strong>leguntur.</strong></span> 
     </span>
    </p>
   </div>
   <div class='ocr_carea' id='block_1_100' title="bbox 2092 5226 3649 5299">
    <p class='ocr_par' dir='ltr' id='par_1_100' title="bbox 2092 5226 3649 5299">
     <span class='ocr_line' id='line_1_100' title="bbox 2092 5226 3649 5299; baseline -0.001 -19"><span class='ocrx_word' id='word_1_767' title='bbox 2092 5228 2219 5297; x_wconf 86' lang='lat'>853)</span> <span class='ocrx_word' id='word_1_768' title='bbox 2248 5226 2456 5299; x_wconf 83' lang='lat' dir='ltr'><strong>Partic.</strong></span> <span class='ocrx_word' id='word_1_769' title='bbox 2515 5243 2628 5282; x_wconf 75' lang='lat' dir='ltr'><strong>non.</strong></span> <span class='ocrx_word' id='word_1_770' title='bbox 2685 5227 3042 5293; x_wconf 88' lang='lat' dir='ltr'><strong>addidimus,</strong></span> <span class='ocrx_word' id='word_1_771' title='bbox 3100 5243 3277 5299; x_wconf 88' lang='lat' dir='ltr'><strong>quam</strong></span> <span class='ocrx_word' id='word_1_772' title='bbox 3334 5229 3390 5279; x_wconf 92' lang='lat' dir='ltr'><strong>et</strong></span> <span class='ocrx_word' id='word_1_773' title='bbox 3437 5241 3649 5299; x_wconf 84' lang='lat' dir='ltr'><strong>sensus</strong></span> 
     </span>
    </p>
   </div>
   <div class='ocr_carea' id='block_1_101' title="bbox 2001 5295 3649 5370">
    <p class='ocr_par' dir='ltr' id='par_1_101' title="bbox 2001 5295 3649 5370">
     <span class='ocr_line' id='line_1_101' title="bbox 2001 5295 3649 5370; baseline 0 -19"><span class='ocrx_word' id='word_1_774' title='bbox 2001 5295 2128 5369; x_wconf 78' lang='lat' dir='ltr'><strong>ipes</strong></span> <span class='ocrx_word' id='word_1_775' title='bbox 2157 5295 2415 5354; x_wconf 87' lang='lat' dir='ltr'><strong>auctoris</strong></span> <span class='ocrx_word' id='word_1_776' title='bbox 2474 5299 2680 5368; x_wconf 89' lang='lat' dir='ltr'><strong>nostri,</strong></span> <span class='ocrx_word' id='word_1_777' title='bbox 2741 5305 2796 5354; x_wconf 92' lang='lat' dir='ltr'><strong>et</strong></span> <span class='ocrx_word' id='word_1_778' title='bbox 2852 5295 3155 5370; x_wconf 76' lang='lat' dir='ltr'><strong>sequentia</strong></span> <span class='ocrx_word' id='word_1_779' title='bbox 3210 5312 3516 5367; x_wconf 84' lang='lat' dir='ltr'><strong>exposcere</strong></span> <span class='ocrx_word' id='word_1_780' title='bbox 3565 5295 3649 5351; x_wconf 89' lang='lat' dir='ltr'><strong>vi-</strong></span> 
     </span>
    </p>
   </div>
   <div class='ocr_carea' id='block_1_102' title="bbox 2000 5371 2232 5425">
    <p class='ocr_par' dir='ltr' id='par_1_102' title="bbox 2000 5371 2232 5425">
     <span class='ocr_line' id='line_1_102' title="bbox 2000 5371 2232 5425; baseline -0.004 -1"><span class='ocrx_word' id='word_1_781' title='bbox 2000 5371 2232 5425; x_wconf 91' lang='lat' dir='ltr'><strong>dentur.</strong></span> 
     </span>
    </p>
   </div>
   <div class='ocr_carea' id='block_1_103' title="bbox 2070 5437 3647 5511">
    <p class='ocr_par' dir='ltr' id='par_1_103' title="bbox 2070 5437 3647 5511">
     <span class='ocr_line' id='line_1_103' title="bbox 2070 5437 3647 5511; baseline -0.001 -16"><span class='ocrx_word' id='word_1_782' title='bbox 2070 5441 2219 5511; x_wconf 79' lang='grc'>(854)</span> <span class='ocrx_word' id='word_1_783' title='bbox 2251 5441 2311 5495; x_wconf 89' lang='lat' dir='ltr'><strong>In</strong></span> <span class='ocrx_word' id='word_1_784' title='bbox 2345 5440 2470 5495; x_wconf 89' lang='lat' dir='ltr'><strong>cod.</strong></span> <span class='ocrx_word' id='word_1_785' title='bbox 2504 5441 2718 5511; x_wconf 86' lang='lat' dir='ltr'><strong>legitur</strong></span> <span class='ocrx_word' id='word_1_786' title='bbox 2746 5437 3283 5511; x_wconf 10' lang='lat' dir='ltr'><strong>intulz‘stz‘sse.rQuod</strong></span> <span class='ocrx_word' id='word_1_787' title='bbox 3318 5440 3647 5511; x_wconf 80' lang='lat' dir='ltr'><strong>intulisselis</strong></span> 
     </span>
    </p>
   </div>
   <div class='ocr_carea' id='block_1_104' title="bbox 2001 5510 3645 5580">
    <p class='ocr_par' dir='ltr' id='par_1_104' title="bbox 2001 5510 3645 5580">
     <span class='ocr_line' id='line_1_104' title="bbox 2001 5510 3645 5580; baseline 0 -15"><span class='ocrx_word' id='word_1_788' title='bbox 2001 5514 2214 5567; x_wconf 89' lang='lat' dir='ltr'><strong>referre</strong></span> <span class='ocrx_word' id='word_1_789' title='bbox 2245 5512 2488 5567; x_wconf 88' lang='lat' dir='ltr'><strong>videtur.</strong></span> <span class='ocrx_word' id='word_1_790' title='bbox 2523 5510 2667 5566; x_wconf 63' lang='lat' dir='ltr'><strong>eam</strong></span> <span class='ocrx_word' id='word_1_791' title='bbox 2701 5519 2892 5566; x_wconf 87' lang='lat' dir='ltr'><strong>autem</strong></span> <span class='ocrx_word' id='word_1_792' title='bbox 2954 5510 3288 5580; x_wconf 87' lang='lat' dir='ltr'><strong>passionem</strong></span> <span class='ocrx_word' id='word_1_793' title='bbox 3334 5510 3645 5579; x_wconf 81' lang='lat' dir='ltr'><strong>violentiae,</strong></span> 
     </span>
    </p>
   </div>
   <div class='ocr_carea' id='block_1_105' title="bbox 2003 5580 3648 5655">
    <p class='ocr_par' dir='ltr' id='par_1_105' title="bbox 2003 5580 3648 5655">
     <span class='ocr_line' id='line_1_105' title="bbox 2003 5580 3648 5655; baseline 0 -19"><span class='ocrx_word' id='word_1_794' title='bbox 2003 5600 2116 5637; x_wconf 86' lang='lat' dir='ltr'><strong>non</strong></span> <span class='ocrx_word' id='word_1_795' title='bbox 2150 5583 2434 5639; x_wconf 86' lang='lat' dir='ltr'><strong>actionem</strong></span> <span class='ocrx_word' id='word_1_796' title='bbox 2469 5585 2789 5655; x_wconf 85' lang='lat' dir='ltr'><strong>exprimere</strong></span> <span class='ocrx_word' id='word_1_797' title='bbox 2844 5580 3095 5637; x_wconf 84' lang='lat' dir='ltr'><strong>voluisse</strong></span> <span class='ocrx_word' id='word_1_798' title='bbox 3136 5582 3416 5655; x_wconf 38' lang='lat' dir='ltr'><strong>~videatur</strong></span> <span class='ocrx_word' id='word_1_799' title='bbox 3445 5587 3648 5640; x_wconf 86' lang='lat' dir='ltr'><strong>auctor</strong></span> 
     </span>
    </p>
   </div>
   <div class='ocr_carea' id='block_1_106' title="bbox 2005 5653 3195 5726">
    <p class='ocr_par' dir='ltr' id='par_1_106' title="bbox 2005 5653 3195 5726">
     <span class='ocr_line' id='line_1_106' title="bbox 2005 5653 3195 5726; baseline 0.001 -17"><span class='ocrx_word' id='word_1_800' title='bbox 2005 5659 2239 5725; x_wconf 86' lang='lat' dir='ltr'><strong>noster;</strong></span> <span class='ocrx_word' id='word_1_801' title='bbox 2270 5656 2399 5713; x_wconf 91' lang='lat' dir='ltr'><strong>ideo</strong></span> <span class='ocrx_word' id='word_1_802' title='bbox 2432 5653 2579 5713; x_wconf 80' lang='lat' dir='ltr'><strong>hanc</strong></span> <span class='ocrx_word' id='word_1_803' title='bbox 2606 5654 2911 5713; x_wconf 86' lang='lat' dir='ltr'><strong>lectionem</strong></span> <span class='ocrx_word' id='word_1_804' title='bbox 2946 5653 3195 5726; x_wconf 73' lang='lat' dir='ltr'><strong>praetuli.</strong></span> 
     </span>
    </p>
   </div>
   <div class='ocr_carea' id='block_1_107' title="bbox 582 5082 3647 5156">
    <p class='ocr_par' dir='ltr' id='par_1_107' title="bbox 582 5082 3647 5156">
     <span class='ocr_line' id='line_1_107' title="bbox 582 5082 3647 5156; baseline 0.002 -22"><span class='ocrx_word' id='word_1_805' title='bbox 582 5114 622 5156; x_wconf 16' lang='grc' dir='ltr'><strong>«ί</strong></span> <span class='ocrx_word' id='word_1_806' title='bbox 700 5153 769 5156; x_wconf 96' lang='lat'>__</span> <span class='ocrx_word' id='word_1_807' title='bbox 822 5136 888 5156; x_wconf 52' lang='grc' dir='ltr'>Μ</span> <span class='ocrx_word' id='word_1_808' title='bbox 944 5137 1041 5156; x_wconf 37' lang='grc' dir='ltr'><strong>μυ</strong></span> <span class='ocrx_word' id='word_1_809' title='bbox 1593 5138 1729 5156; x_wconf 10' lang='lat' dir='ltr'><strong>HJ,</strong></span> <span class='ocrx_word' id='word_1_810' title='bbox 1811 5139 1823 5156; x_wconf 48' lang='grc' dir='ltr'>ι</span> <span class='ocrx_word' id='word_1_811' title='bbox 2001 5155 2010 5156; x_wconf 16' lang='lat'><em>7</em></span> <span class='ocrx_word' id='word_1_812' title='bbox 2072 5083 2219 5155; x_wconf 83' lang='lat'>(852)</span> <span class='ocrx_word' id='word_1_813' title='bbox 2247 5083 2438 5139; x_wconf 87' lang='lat' dir='ltr'><strong>Verba</strong></span> <span class='ocrx_word' id='word_1_814' title='bbox 2485 5083 2644 5139; x_wconf 82' lang='lat' dir='ltr'><strong>sed...</strong></span> <span class='ocrx_word' id='word_1_815' title='bbox 2694 5099 2939 5155; x_wconf 81' lang='lat' dir='ltr'><strong>currere,</strong></span> <span class='ocrx_word' id='word_1_816' title='bbox 2986 5085 3046 5139; x_wconf 89' lang='lat' dir='ltr'><strong>in</strong></span> <span class='ocrx_word' id='word_1_817' title='bbox 3078 5084 3196 5141; x_wconf 91' lang='lat' dir='ltr'><strong>imo</strong></span> <span class='ocrx_word' id='word_1_818' title='bbox 3223 5083 3488 5156; x_wconf 83' lang='lat' dir='ltr'><strong>margine</strong></span> <span class='ocrx_word' id='word_1_819' title='bbox 3519 5082 3647 5137; x_wconf 90' lang='lat' dir='ltr'><strong>cod.</strong></span> 
     </span>
    </p>
   </div>
   <div class='ocr_carea' id='block_1_108' title="bbox 247 5136 1873 5213">
    <p class='ocr_par' dir='ltr' id='par_1_108' title="bbox 247 5136 1873 5213">
     <span class='ocr_line' id='line_1_108' title="bbox 247 5136 1873 5213; baseline 0 -18"><span class='ocrx_word' id='word_1_820' title='bbox 247 5138 409 5213; x_wconf 76' lang='grc'>(846)</span> <span class='ocrx_word' id='word_1_821' title='bbox 459 5140 660 5207; x_wconf 79' lang='lat' dir='ltr'><strong>Joan.</strong></span> <span class='ocrx_word' id='word_1_822' title='bbox 700 5153 798 5203; x_wconf 65' lang='lat' dir='ltr'><strong>xx,</strong></span> <span class='ocrx_word' id='word_1_823' title='bbox 820 5136 908 5207; x_wconf 90' lang='grc'><strong>17,</strong></span> <span class='ocrx_word' id='word_1_824' title='bbox 944 5137 1195 5199; x_wconf 23' lang='lat' dir='ltr'><strong>ubiinon</strong></span> <span class='ocrx_word' id='word_1_825' title='bbox 1223 5141 1321 5204; x_wconf 84' lang='lat' dir='ltr'><strong>ite,</strong></span> <span class='ocrx_word' id='word_1_826' title='bbox 1370 5138 1553 5204; x_wconf 84' lang='lat' dir='ltr'><strong>dicite,</strong></span> <span class='ocrx_word' id='word_1_827' title='bbox 1587 5138 1690 5194; x_wconf 90' lang='lat' dir='ltr'><strong>sed</strong></span> <span class='ocrx_word' id='word_1_828' title='bbox 1719 5139 1873 5211; x_wconf 86' lang='lat' dir='ltr'><strong>vade,</strong></span> 
     </span>
    </p>
   </div>
   <div class='ocr_carea' id='block_1_109' title="bbox 182 5207 1877 5366">
    <p class='ocr_par' dir='ltr' id='par_1_109' title="bbox 182 5207 1877 5366">
     <span class='ocr_line' id='line_1_109' title="bbox 182 5207 1877 5366; baseline -0.006 -15"><span class='ocrx_word' id='word_1_829' title='bbox 182 5207 417 5366; x_wconf 54' lang='lat' dir='ltr'><strong>ff</strong></span> <span class='ocrx_word' id='word_1_830' title='bbox 442 5280 679 5353; x_wconf 67' lang='lat' dir='ltr'><strong>Hujus</strong></span> <span class='ocrx_word' id='word_1_831' title='bbox 694 5278 775 5335; x_wconf 77' lang='lat' dir='ltr'><strong>rei</strong></span> <span class='ocrx_word' id='word_1_832' title='bbox 798 5280 1182 5345; x_wconf 54' lang='lat' dir='ltr'><strong>auctordivus</strong></span> <span class='ocrx_word' id='word_1_833' title='bbox 1194 5280 1605 5355; x_wconf 84' lang='lat' dir='ltr'><strong>Hieronymus,</strong></span> <span class='ocrx_word' id='word_1_834' title='bbox 1638 5282 1695 5336; x_wconf 92' lang='lat' dir='ltr'><strong>in</strong></span> <span class='ocrx_word' id='word_1_835' title='bbox 1728 5280 1877 5340; x_wconf 89' lang='lat' dir='ltr'><strong>hanc</strong></span> 
     </span>
    </p>
   </div>
   <div class='ocr_carea' id='block_1_110' title="bbox 184 5352 1694 5499">
    <p class='ocr_par' dir='ltr' id='par_1_110' title="bbox 184 5352 1694 5499">
     <span class='ocr_line' id='line_1_110' title="bbox 184 5352 1694 5499; baseline -0.011 1"><span class='ocrx_word' id='word_1_836' title='bbox 184 5352 407 5499; x_wconf 51' lang='grc' dir='ltr'><strong>Εῗὲἳέ)</strong></span> <span class='ocrx_word' id='word_1_837' title='bbox 442 5428 593 5493; x_wconf 69' lang='lat' dir='ltr'><strong>V:id,.</strong></span> <span class='ocrx_word' id='word_1_838' title='bbox 628 5420 1085 5499; x_wconf 79' lang='lat' dir='ltr'><strong>JosephAntiq.</strong></span> <span class='ocrx_word' id='word_1_839' title='bbox 1118 5424 1255 5480; x_wconf 89' lang='lat' dir='ltr'><strong>Jud.</strong></span> <span class='ocrx_word' id='word_1_840' title='bbox 1284 5424 1387 5481; x_wconf 88' lang='lat' dir='ltr'><strong>lib.</strong></span> <span class='ocrx_word' id='word_1_841' title='bbox 1421 5443 1511 5495; x_wconf 81' lang='lat' dir='ltr'><strong>xx,</strong></span> <span class='ocrx_word' id='word_1_842' title='bbox 1543 5444 1592 5485; x_wconf 93' lang='lat' dir='ltr'><strong>c.</strong></span> <span class='ocrx_word' id='word_1_843' title='bbox 1634 5432 1694 5484; x_wconf 84' lang='lat'><strong>16</strong></span> 
     </span>
    </p>
   </div>
   <div class='ocr_carea' id='block_1_111' title="bbox 272 5495 1042 5569">
    <p class='ocr_par' dir='ltr' id='par_1_111' title="bbox 272 5495 1042 5569">
     <span class='ocr_line' id='line_1_111' title="bbox 272 5495 1042 5569; baseline -0.005 -16"><span class='ocrx_word' id='word_1_844' title='bbox 272 5495 411 5569; x_wconf 74' lang='grc'>849)</span> <span class='ocrx_word' id='word_1_845' title='bbox 445 5500 751 5569; x_wconf 81' lang='lat' dir='ltr'><strong>Fortasse</strong></span> <span class='ocrx_word' id='word_1_846' title='bbox 769 5495 1042 5569; x_wconf 66' lang='lat' dir='ltr'><strong>jurantis.</strong></span> 
     </span>
    </p>
   </div>
   <div class='ocr_carea' id='block_1_112' title="bbox 250 5502 1083 5643">
    <p class='ocr_par' dir='ltr' id='par_1_112' title="bbox 250 5502 1083 5643">
     <span class='ocr_line' id='line_1_112' title="bbox 272 5502 1042 5569; baseline -0.005 -16"><span class='ocrx_word' id='word_1_847' title='bbox 272 5502 411 5569; x_wconf 78' lang='grc'>849)</span> <span class='ocrx_word' id='word_1_848' title='bbox 445 5502 751 5555; x_wconf 87' lang='lat' dir='ltr'><strong>Fortasse</strong></span> <span class='ocrx_word' id='word_1_849' title='bbox 769 5502 1042 5563; x_wconf 77' lang='lat' dir='ltr'><strong>jurantis.</strong></span> 
     </span>
     <span class='ocr_line' id='line_1_113' title="bbox 250 5502 1083 5643; baseline -0.017 -13"><span class='ocrx_word' id='word_1_850' title='bbox 250 5502 411 5643; x_wconf 44' lang='lat' dir='ltr'>i858)</span> <span class='ocrx_word' id='word_1_851' title='bbox 446 5570 648 5641; x_wconf 87' lang='lat' dir='ltr'><strong>Vulg.</strong></span> <span class='ocrx_word' id='word_1_852' title='bbox 685 5564 1083 5643; x_wconf 63' lang='lat' dir='ltr'><strong>Clarz&#39;ﬁeabant.</strong></span> 
     </span>
    </p>
   </div>
   <div class='ocr_carea' id='block_1_113' title="bbox 251 5574 1149 5717">
    <p class='ocr_par' dir='ltr' id='par_1_113' title="bbox 251 5574 1149 5717">
     <span class='ocr_line' id='line_1_114' title="bbox 251 5574 1083 5643; baseline -0.016 -12"><span class='ocrx_word' id='word_1_853' title='bbox 251 5574 387 5643; x_wconf 80' lang='lat'>(858</span> <span class='ocrx_word' id='word_1_854' title='bbox 446 5574 648 5641; x_wconf 82' lang='lat' dir='ltr'><strong>Vulg.</strong></span> <span class='ocrx_word' id='word_1_855' title='bbox 685 5574 1083 5634; x_wconf 77' lang='lat' dir='ltr'><strong>ctari/ieabant.</strong></span> 
     </span>
     <span class='ocr_line' id='line_1_115' title="bbox 251 5574 1149 5717; baseline -0.009 -18"><span class='ocrx_word' id='word_1_856' title='bbox 251 5574 412 5717; x_wconf 69' lang='grc' dir='ltr'>(85ιέ</span> <span class='ocrx_word' id='word_1_857' title='bbox 445 5646 694 5710; x_wconf 84' lang='lat' dir='ltr'><strong>Autog.</strong></span> <span class='ocrx_word' id='word_1_858' title='bbox 728 5636 1149 5708; x_wconf 62' lang='lat' dir='ltr'><strong>mani/astabat.</strong></span> 
     </span>
    </p>
   </div>
  </div>
