4014 6174
350 305 466 368 50⁵1

1361 308 1696 372 ATTONIS
1741 308 2329 374 VERGELLENSIS
2373 309 2726 374 EPISCOPI

3633 307 3746 373 508

351 450 470 504 tem
504 457 668 502 suam
702 445 844 501 dicit
876 461 974 503 eos
1005 445 1304 518 explorare
1322 446 1467 503 velle
1493 466 1506 512 ;
1540 448 1818 520 quoniam
1847 447 1998 504 vole-
2025 444 2081 512 Α
2105 449 2208 520 pit,
2230 447 2329 502 sed
2353 446 2749 502 indifferenter
2767 460 2968 502 omnes
3000 442 3072 501 ad
3129 440 3376 519 gratiam
3409 440 3752 500 salvationis

361 536 502 590 bant
531 551 843 606 agnoscere
873 542 1071 592 utrum
1096 536 1346 592 carnalis
1376 537 1522 608 legis
1552 543 1870 594 servatores
1899 556 1993 594 es-

358 629 504 679 sent.
541 625 609 679 Et
639 641 818 696 quare
851 627 1220 682 manifestat:
1256 629 1318 683 Ut
1340 644 1440 682 nos
1470 630 1528 682 in
1556 630 1872 683 servitutem
1908 646 1992 683 rc-

352 712 616 784 digerent,
641 715 696 769 id
721 721 826 776 est.
851 716 1096 770 excitata
1119 717 1539 786 persecutione,
1574 734 1680 772 nos
1710 718 1779 771 ad
1814 717 1992 772 servi-

354 807 540 858 tutem
574 803 720 874 legis
751 804 1064 858 traherent.
1089 806 1296 873 Quibus
1325 821 1496 875 neque
1525 808 1673 876 (855)
1704 808 1772 861 ad
1803 808 1995 862 horam

355 893 634 947 cessimus.
677 893 908 946 Duobus
940 893 1128 948 modis
1161 894 1269 948 iste
1302 894 1463 950 locus
1494 895 1725 967 legitur.
1752 897 1812 950 In
1845 897 1996 951 veris

359 997 615 1052 namque
645 981 854 1036 Graecis
899 982 1328 1053 exemplaribus
1391 985 1675 1040 habetur:
1724 1001 1897 1057 neque
1926 986 1999 1040 ad

359 1070 587 1125 horam:
619 1069 675 1124 in
709 1069 1064 1140 quibusdam
1127 1072 1384 1129 Latinis:
1448 1075 1651 1141 Quibus
1703 1075 1779 1128 ad
1808 1075 1998 1128 horam

355 1161 636 1214 cessimus.
669 1161 776 1214 Sed
810 1160 854 1214 si
889 1161 1212 1215 secundum
1264 1162 1490 1218 Graecos
1537 1163 1718 1235 legas,
1750 1163 1882 1217 talis
1910 1167 2000 1217 est

360 1249 1038 1318 sensus,quasidiceret:
1073 1250 1117 1306 Ο
1147 1267 1268 1318 vos,
1302 1251 1535 1318 Galatae,
1571 1253 1618 1308 si
1652 1270 1757 1308 nos
1789 1251 1998 1306 cessis-

359 1353 559 1397 semus
580 1337 726 1408 (856)
759 1342 824 1392 ut
845 1339 1011 1394 Titus
1034 1340 1870 1412 circumcideretur,haberetis
1899 1357 1999 1396 vos

358 1427 719 1482 occasionem
753 1427 1022 1482 dicendi:
1053 1429 1344 1499 Apostole,
1378 1447 1558 1500 quare
1614 1432 1772 1503 cogis
1831 1448 1937 1485 nos
1968 1447 2002 1484 a

359 1516 825 1580 circumcisione,
849 1521 905 1572 et
930 1517 1150 1572 caeteris
1182 1519 1683 1574 observationibus
1714 1521 1998 1589 recedere,

357 1621 491 1659 cum
507 1609 568 1659 tu
587 1611 754 1659 tuum
771 1605 1046 1660 dilectum
1063 1624 1095 1661 a
1109 1607 1551 1663 circumcisione
1566 1609 1872 1680 prohibere
1885 1625 1999 1663 non

357 1694 645 1765 potuisti?
674 1695 739 1749 Et
763 1711 942 1766 quare
964 1713 1078 1751 non
1103 1697 1396 1761 cessisset,
1421 1698 1723 1754 subdendo
1756 1698 1998 1753 manife-

360 1786 494 1837 stat.
524 1785 586 1839 Ut
605 1785 802 1838 veritas
832 1786 1121 1856 Evangelii
1145 1790 1365 1841 maneat
1395 1787 1547 1857 apud
1603 1804 1712 1843 vos.
1773 1787 1828 1840 Si
1871 1803 2001 1842 vero
2031 1820 2080 1884 B

358 1872 517 1944 legas
529 1873 852 1928 secundum
873 1875 1534 1943 Latinos,cessimus,non
1555 1876 2000 1948 intelligendum

357 1966 446 2016 est
476 1962 545 2016 de
577 1961 1042 2028 circumcisione,
1071 1965 1169 2018 sed
1196 1965 1265 2019 de
1283 1965 1685 2034 persecutione
1703 1982 1829 2036 qua
1854 1965 2005 2020 facta

357 2053 445 2105 est
476 2051 547 2105 ab
578 2051 883 2107 Antiochia
902 2052 1284 2124 Jerosolymis
1315 2071 1490 2126 super
1521 2055 1630 2110 hac
1662 2055 1999 2126 quaestione.

355 2141 560 2195 Fertur
587 2141 745 2194 enim
767 2141 1189 2197 Antiochenses
1212 2142 1428 2198 dixisse
1453 2142 1662 2197 salvari
1696 2161 1810 2198 non
1835 2159 2004 2215 posse

356 2229 578 2298 absque
599 2227 745 2299 legis
767 2229 1187 2284 observatione.
1217 2231 1284 2284 Et
1301 2231 1430 2286 ideo
1452 2232 1726 2287 cessisset
1755 2235 2004 2304 Aposto-

357 2318 470 2383 lus,
506 2321 571 2372 ut
600 2333 704 2388 pro
735 2334 795 2372 re
826 2322 984 2373 certa
1007 2324 1065 2374 et
1096 2321 1424 2375 necessaria
1482 2321 1834 2388 mitteretur,
1869 2339 2006 2394 qua-

355 2410 529 2462 tenus
558 2406 681 2462 hzec
711 2407 858 2462 ratio
890 2408 1182 2477 majorum
1206 2409 1430 2478 judicio
1470 2409 1807 2466 ﬁrmaretur
1834 2411 2003 2481 (857).

357 2495 572 2552 Etideo
603 2496 799 2562 cessit,
834 2501 898 2550 ut
927 2497 1137 2552 veritas
1197 2497 1492 2570 Evangelii
1547 2503 1809 2554 maneret
1849 2499 2002 2570 apud

357 2583 614 2639 Galatas.
649 2585 808 2650 Quod
843 2585 891 2639 si
923 2585 994 2639 de
1025 2585 1468 2641 circumcisione
1515 2586 1837 2658 intelligas,
1871 2588 2004 2643 talis

357 2677 447 2728 est
477 2689 686 2728 sensus
711 2691 724 2728 :
759 2673 1058 2728 Cessimus
1089 2675 1161 2728 ad
1185 2673 1388 2729 horam
1408 2675 2009 2731 utcircumcideretur

360 2759 548 2826 Titus,
583 2776 697 2814 non
729 2765 924 2814 tamen
955 2777 1023 2815 ea
1053 2761 1395 2830 intentione,
1430 2779 1546 2834 qua
1576 2763 1660 2817 illi
1715 2761 2003 2831 volebant,

361 2849 460 2904 sed
493 2847 919 2920 proclamantes
951 2850 1460 2906 circumcisionem
1504 2851 1649 2906 nihil
1697 2851 1905 2908 valere.
1941 2852 2008 2906 Et

363 2937 495 2992 ideo
525 2937 832 3006 cessimus,
857 2938 1271 3010 quiainstabat
1291 2939 1636 3011 periculum,
1662 2941 2010 2996 imminebat

365 3042 523 3082 mors
549 3043 562 3093 ;
589 3031 647 3082 et
667 3028 717 3082 si
743 3043 849 3082 nos
872 3027 1159 3084 interfecti
1184 3030 1691 3097 essemus,veritas
1713 3030 2006 3103 Evangelii

365 3132 482 3170 non
513 3120 772 3172 maneret
794 3117 947 3188 apud
971 3117 1409 3190 illos,quoniam
1429 3137 1544 3174 non
1567 3124 1722 3175 esset
1738 3121 1836 3192 qui
1857 3136 2007 3175 nun-

2101 541 2288 593 vocat.
2323 541 2388 591 Et
2417 536 2544 592 ideo
2573 553 2696 592 mea
2723 535 2873 591 nihil
2902 537 3146 600 interest,
3204 534 3314 590 hoc
3345 537 3452 602 est,
3488 550 3620 589 mea
3651 551 3750 589 au-

2105 626 2346 682 ctoritas
2379 631 2553 697 atque
2585 625 2848 681 doctrina
2877 641 2992 680 non
3024 624 3208 679 distat
3235 624 3307 678 ab
3333 622 3593 691 illorum,
3614 624 3750 694 quia

2105 732 2260 770 unus
2293 720 2381 770 est
2412 732 2464 769 m
2481 715 2718 787 agister,
2743 714 2841 785 qui
2864 730 2956 769 me
2982 712 3188 768 etillos
3209 713 3426 768 docuit.
3445 712 3751 768 Verumta-

2106 821 2239 860 men
2274 821 2390 858 non
2421 821 2514 859 me
2543 803 2659 858 illis
2691 804 2954 875 praefero,
2983 819 3096 858 non
3157 801 3519 875 reprehendo
3551 800 3752 872 quales

2106 894 2324 948 fuerint
2349 911 2361 959 ;
2396 893 2535 963 quia
2557 894 2693 947 Deus
2711 908 3003 962 personam
3022 891 3262 946 hominis
3286 906 3394 946 non
3410 893 3630 962 accipit,
3654 907 3750 947 nec

2107 983 2663 1054 praeteritajudicat,
2687 997 2792 1036 nec
2813 979 3062 1036 attendit
3082 978 3276 1051 qualis
3289 979 3543 1052 quisque
3561 979 3752 1045 fuerit,

2109 1073 2209 1127 sed
2240 1071 2430 1143 qualis
2449 1070 2691 1136 sit.Quis
2710 1070 2864 1126 enim
2889 1069 3188 1124 accusabit
3205 1080 3378 1140 quem
3396 1068 3523 1140 ipse
3539 1067 3753 1140 elegit?

2105 1165 2219 1216 Aut
2250 1161 2383 1234 quis
2401 1159 2814 1216 condemnabit
2844 1176 2991 1230 quos
3025 1159 3151 1230 ipse
3188 1157 3529 1230 justiﬁcat?
3573 1158 3750 1230 (Rom.

2107 1268 2231 1317 VIII,
2266 1251 2354 1319 33,
2386 1249 2501 1320 34.)
2532 1253 2952 1304 Verumtamen
2984 1246 3085 1318 qui
3115 1245 3247 1302 illos
3277 1245 3510 1314 idiotas,
3543 1249 3601 1300 et
3631 1245 3755 1301 sine

2107 1337 2254 1411 legis
2287 1338 2473 1410 gloria
2498 1337 2687 1409 potuit
2715 1338 2917 1392 doctos
2946 1340 3003 1391 et
3031 1334 3316 1408 gloriosos
3333 1334 3540 1401 facere,
3563 1333 3756 1405 potuit

2109 1432 2166 1482 et
2198 1444 2288 1483 me
2320 1427 2593 1499 peritum,
2628 1430 2684 1481 et
2714 1427 2771 1480 in
2804 1425 2928 1498 lege
2948 1424 3290 1497 gloriosum,
3313 1423 3515 1478 eodem
3546 1422 3752 1494 piritu

2111 1515 2355 1588 replere,
2380 1519 2445 1570 ut
2467 1515 2619 1570 sicut
2645 1515 2727 1568 fui
2751 1513 3044 1586 gloriosus
3074 1512 3134 1567 in
3168 1512 3316 1584 lege,
3348 1511 3461 1566 sim
3487 1511 3620 1566 etin
3650 1510 3753 1566 hac

2111 1613 2294 1678 parte.
2325 1605 2477 1659 Sunt
2502 1605 2601 1675 qui
2627 1602 2970 1676 intelligunt
2993 1619 3110 1657 non
3133 1602 3203 1656 de
3227 1599 3508 1673 apostolis
3530 1599 3753 1656 dictum

2113 1693 2313 1766 quales
2347 1694 2581 1760 fuerint,
2616 1693 2715 1748 sed
2750 1693 2820 1747 de
2852 1692 2966 1762 his,
3023 1691 3126 1762 qui
3179 1691 3333 1762 apud
3393 1705 3493 1745 eos
3532 1687 3673 1744 clari
3705 1693 3762 1745 et

2113 1801 2338 1856 magna:
2365 1785 2531 1838 erant
2561 1781 2945 1846 auctoritatis,
2986 1780 3354 1834 aemulatores
3382 1782 3582 1833 tamen
3615 1777 3758 1850 legis

2111 1874 2423 1929 existentes
2449 1875 2540 1938 ;et
2562 1870 2690 1925 ideo
2710 1869 2869 1924 dicat
2897 1869 3045 1924 nihil
3072 1885 3197 1923 mea
3228 1870 3479 1939 interest,
3513 1867 3622 1922 hoc
3651 1871 3755 1937 est,

2113 1979 2228 2018 non
2253 1960 2399 2016 mihi
2431 1977 2582 2015 curaa
2613 1963 2703 2014 est
2727 1957 2930 2030 quales
2962 1957 3197 2024 fuerint,
3230 1957 3370 2028 quia
3418 1972 3576 2011 nunc
3611 1955 3758 2011 male

2118 2050 2402 2106 sentiunt.

2189 2138 2504 2210 Sequitur:
2529 2137 2664 2193 Mihi
2692 2140 2879 2193 autem
2907 2138 3003 2208 qui
3030 2135 3368 2192 videbantur
3381 2151 3498 2191 esse
3526 2134 3756 2207 aliquid,

2113 2229 2260 2284 nihil
2279 2229 2644 2297 contulerunt,
2673 2226 2783 2281 hoc
2813 2229 2924 2296 est,
2951 2226 3050 2297 qui
3084 2239 3308 2297 magna:
3366 2228 3534 2279 erant
3564 2229 3760 2279 aucto-

2114 2316 2478 2386 ritatis,nihil
2497 2316 2797 2371 insinuare
2811 2317 3425 2387 potuerunt.Attamen
3438 2314 3761 2368 notandum
3788 2374 3794 2382 ,

2116 2406 2254 2478 quia
2286 2422 2464 2476 supra
2494 2405 2640 2460 dixit
2667 2421 2680 2460 :
2719 2404 2980 2473 Contulit,
3004 2408 3060 2459 et
3089 2417 3245 2457 nunc
3266 2402 3409 2458 dicit
3433 2419 3446 2456 :
3468 2403 3624 2458 Nihil
3647 2418 3767 2458 con-

2117 2497 2380 2552 tulerunt.
2414 2493 2552 2549 Vult
2579 2493 2723 2548 forte
2749 2493 2844 2548 his
2871 2491 3064 2548 verbis
3117 2491 3426 2546 ostendere
3455 2507 3518 2545 se
3563 2489 3767 2562 aliqua

2117 2600 2330 2657 magna
2362 2583 2477 2638 illis
2501 2581 2840 2653 contulisse,
2860 2598 2986 2652 qua:
3009 2585 3229 2653 egerat,
3259 2579 3349 2635 vel
3380 2581 3672 2650 docuerat,
3705 2584 3768 2634 et

2116 2673 2231 2745 ipsi
2263 2689 2330 2728 ea
2351 2672 2701 2744 ignorabant
2725 2688 2739 2738 ;
2763 2670 2896 2726 illos
2913 2673 3109 2725 autem
3139 2667 3287 2724 nihil
3308 2668 3420 2724 sibi
3449 2667 3767 2724 contulisse

2117 2762 2274 2834 quod
2306 2777 2441 2816 eum
2478 2760 2702 2816 lateret.

2187 2851 2291 2908 Sed
2318 2857 2514 2906 contra
2543 2850 2691 2920 (859)
2721 2865 2846 2904 cum
2881 2847 3144 2904 vidissent
3200 2846 3339 2918 quod
3393 2846 3663 2902 creditum
3694 2853 3766 2901 est

2116 2941 2258 2996 mihi
2285 2937 2678 3011 Evangelium,
2711 2942 2820 2993 etc.
2851 2941 3255 3011 Cognoverunt
3292 2936 3449 2992 enim
3506 2934 3763 3008 Apostoli

2118 3030 2272 3102 quod
2299 3045 2452 3084 unus
2476 3027 2753 3098 idemque
2775 3031 2930 3082 esset
2957 3026 3239 3082 Dominus
3259 3030 3315 3081 et
3331 3025 3638 3098 magister,
3669 3023 3763 3095 qui

2122 3118 2276 3184 illos,
2304 3122 2361 3173 et
2390 3115 2640 3171 Paulum
2675 3115 2896 3180 docuit,
2928 3120 2986 3170 et
3041 3115 3196 3186 quod
3256 3115 3328 3169 ab
3373 3113 3474 3168 illo
3503 3113 3766 3170 didicerit

364 3203 554 3259 tiaret.
579 3204 726 3260 Dicit
746 3206 900 3261 enim
924 3206 1128 3262 beatus
1154 3189 1547 3280 Hieronymus
1573 3226 1584 3264 :
1619 3209 1735 3265 Ista
1756 3189 2010 3277 ‘conjun-
2042 3189 2085 3255 C
2124 3207 2345 3262 Paulus
2374 3203 2772 3277 Evangelium,
2824 3221 2856 3259 a
2885 3221 3000 3275 quo
3031 3208 3088 3259 et
3117 3204 3321 3260 Petrus
3349 3220 3362 3259 :
3394 3208 3450 3258 et
3500 3202 3634 3257 ideo
3658 3218 3764 3257 non

367 3293 503 3358 ctio,
536 3310 666 3366 quas
691 3300 781 3350 est
810 3305 1012 3362 autem,
1046 3298 1344 3368 superﬂua
1398 3303 1485 3352 est
1517 3298 1698 3371 (858);
1733 3299 2012 3369 quoniam

369 3398 484 3436 non
500 3382 675 3437 habet
697 3385 849 3453 quod
873 3383 923 3437 ei
950 3385 1318 3454 respondeat,
1340 3385 1425 3440 vel
1448 3388 1600 3456 quod
1627 3404 1753 3441 eam
1777 3385 2014 3442 conclu-

372 3471 508 3535 dat;
543 3471 744 3524 etideo
764 3470 846 3524 ita
867 3469 1180 3542 legendum
1204 3477 1290 3527 est
1316 3491 1328 3528 :
1359 3473 1460 3528 Sed
1488 3491 1664 3544 neque
1699 3477 1872 3543 Titus,
1899 3479 2011 3530 etc.

370 3562 604 3628 Propter
618 3557 1077 3624 subintroductos,
1111 3559 1326 3632 inquit,
1360 3562 1529 3631 falsos
1557 3565 1781 3632 fratres.
1815 3563 2018 3618 Osten-

373 3645 460 3699 dit
485 3645 640 3699 enim
665 3645 756 3700 his
787 3647 998 3714 verbis,
1023 3665 1057 3702 a
1077 3649 1291 3719 quibus
1323 3649 1666 3720 compulsus
1697 3651 1886 3706 fuerat
1906 3650 2016 3706 cir-

375 3733 691 3789 cunmcidi.

447 3823 723 3894 Sequitur
749 3841 760 3879 :
794 3825 874 3880 Ab
905 3825 990 3880 his
1018 3834 1221 3895 autem,
1270 3844 1364 3898 qui
1421 3827 1750 3883 videbantur
1777 3845 1889 3885 esse
1915 3829 2023 3885 ali-

376 3912 528 3984 quid,
554 3917 664 3968 etc.
701 3913 838 3968 Tale
869 3920 977 3982 est,
1011 3916 1164 3970 sicut
1193 3917 1334 3972 dicit
1391 3917 1799 3990 Hieronymus,
1851 3919 2022 3990 quasi

377 4002 656 4058 dixisset:
718 4003 1066 4076 Quanquam
1100 4009 1309 4060 Petrus
1337 4004 1589 4060 Jacobus
1620 4010 1678 4062 et
1701 4007 1959 4062 Joannes
1989 4025 2022 4062 a

377 4091 622 4147 Domino
645 4092 862 4147 fuerint
881 4095 1193 4166 assumpti,
1220 4099 1276 4148 et
1296 4093 1676 4150 clariﬁcatum
1708 4112 1842 4150 eum
1872 4098 2025 4152 vide-

378 4181 518 4244 rint,
552 4186 610 4235 et
639 4197 816 4251 super
845 4181 975 4237 illos
1034 4183 1418 4239 fundamenta
1472 4183 1737 4240 Ecclesiae
1778 4186 2020 4256 jecerit;

382 4268 527 4323 mihi
560 4274 754 4324 tamen
788 4269 934 4324 nihil
967 4271 1230 4338 interest,
1291 4272 1428 4343 quia
1459 4289 1574 4327 non
1617 4273 1898 4329 adversus
1927 4291 2026 4331 eos

384 4357 614 4429 loquor,
647 4359 746 4429 qui
779 4358 1092 4414 Dominum
1121 4359 1182 4414 in
1215 4376 1387 4415 carne
1416 4361 1656 4416 fuerunt
1684 4363 1889 4429 secuti,
1923 4364 2025 4420 sed

382 4447 661 4503 adversus
695 4463 813 4513 eos,
849 4447 950 4520 qui
981 4447 1167 4520 legem
1200 4447 1398 4520 gratiae
1429 4450 1760 4521 praeferunt.
1784 4453 1910 4508 Non
1934 4454 2029 4508 de-

2123 3301 2279 3352 esset
2307 3296 2540 3367 dispar:
2575 3297 2976 3349 verumtamen
3010 3293 3206 3348 divina
3234 3296 3430 3348 actum
3463 3296 3622 3348 esset
3653 3291 3764 3347 dis-

2127 3384 2488 3458 pensatione,
2523 3383 2720 3438 utduo
2741 3387 2973 3438 essent:
3002 3399 3158 3438 unus
3189 3397 3393 3437 eorum
3425 3381 3484 3436 in
3517 3381 3766 3436 circum-

2127 3474 2367 3539 cisione,
2402 3472 2550 3528 alter
2579 3473 2636 3526 in
2665 3471 2967 3544 praeputio,
3002 3487 3074 3527 ne
3119 3472 3366 3527 tarditas
3424 3471 3589 3526 ﬂeret
3618 3467 3765 3524 ﬁdei.

2126 3563 2272 3619 Nam
2301 3562 2347 3617 si
2372 3565 2575 3633 gentes
2596 3565 2876 3631 provectae
2900 3560 3103 3626 (etatis,
3128 3560 3296 3633 signo
3321 3575 3434 3614 non
3457 3559 3767 3631 profuturae

2129 3649 2594 3706 circumcisionis
2608 3649 3092 3713 cruciarentur,et
3107 3665 3142 3703 a
3157 3647 3304 3702 cibis
3320 3645 3619 3703 consuetis
3641 3661 3766 3717 pro-

2129 3740 2491 3806 hiberentur,
2526 3739 2598 3792 ad
2631 3737 2805 3794 [idem
2836 3737 3033 3793 venire
3058 3737 3454 3793 tardarentur.
3487 3734 3773 3791 Similiter

2128 3829 2336 3899 Judaei,
2371 3828 2421 3883 si
2452 3845 2486 3883 a
2514 3827 2959 3884 circumcisione
2989 3831 3048 3882 et
3076 3825 3318 3897 antiqua
3367 3824 3608 3880 Patrum
3641 3840 3772 3879 con-

2133 3917 2464 3985 suetudine,
2499 3934 2601 3989 per
2624 3933 2804 3988 quam
2832 3932 2893 3972 se
2923 3915 3210 3988 gloriosos
3231 3913 3536 3985 jactabant
3565 3918 3627 3969 et
3653 3927 3776 3986 qua

2133 4007 2248 4062 illis
2272 4007 2438 4078 quasi
2458 4006 2716 4061 secunda
2738 4009 2864 4060 erat
2884 4003 3594 4076 natura,prohiberentur,
3628 4005 3777 4057 certe

2133 4097 2367 4153 credere
2382 4096 2510 4150 tard
2520 4098 2853 4150 arentur.Et
2875 4093 3005 4150 ideo
3030 4093 3232 4148 Petrus
3251 4090 3503 4164 speciale
3518 4091 3775 4147 ofﬁcium

2134 4183 2567 4258 praedicationis
2598 4183 2657 4238 in
2683 4181 3153 4250 circumcisione,
3177 4181 3394 4237 Paulus
3416 4196 3550 4236 vero
3572 4179 3779 4252 accipit

2135 4275 2196 4329 in
2216 4273 2838 4344 praeputio,-quatenus
2867 4270 3205 4343 quicunque
3235 4287 3303 4326 ex
3331 4269 3551 4326 Judaeis
3581 4269 3778 4324 crede-

2136 4367 2286 4430 rent,
2320 4361 2603 4417 haberent
2631 4362 2868 4416 Petrum
2925 4360 3073 4432 (860)
3131 4375 3308 4430 quem
3357 4363 3778 4430 sequerentur;

2137 4451 2410 4508 similiter
2439 4455 2496 4506 et
2524 4450 2827 4506 credentes
2857 4465 2926 4504 ex
2954 4448 3252 4520 gentibus,
3275 4446 3545 4503 Paulum.
3569 4451 3654 4503 Ac
3685 4463 3782 4518 per

385 4536 553 4593 traho
573 4538 1049 4608 praecessoribus,
1073 4554 1262 4610 neque
1285 4554 1494 4594 accuso
1521 4540 1794 4611 majores,
1827 4543 1926 4596 sed
1961 4543 2026 4596 ιῖ-
2059 4559 2106 4624 D
2137 4541 2247 4596 hoc
2265 4556 2443 4612 super
2469 4539 2631 4595 varia
2651 4538 3052 4595 observatione
3071 4554 3189 4594 non
3219 4536 3438 4610 dispar,
3469 4536 3570 4592 sed
3599 4550 3780 4592 unum

386 4626 460 4680 du
470 4625 694 4682 cialiter
713 4626 842 4681 dico
865 4625 1005 4698 quia
1025 4627 1166 4682 Deus
1187 4642 1482 4697 personam
1501 4628 1740 4684 hominis
1759 4645 1869 4684 non
1893 4633 2032 4685 acci-

455 4788 604 4857 (855)
624 4786 876 4841 Verbum
909 4803 1082 4860 neque
1111 4805 1292 4860 supra
1309 4789 1552 4844 verbum
1584 4788 1673 4858 ad,
1709 4789 1910 4844 eodem
1942 4793 2032 4845 ta-

386 4875 520 4914 men
552 4864 844 4913 caractere
857 4859 1114 4931 positum
1146 4859 1475 4931 inspicitur.
1495 4860 1803 4933 Videbitur
1819 4877 1921 4933 per
1940 4877 2028 4933 ea,

386 4947 514 5003 quae
547 4934 886 5003 sequentur,
922 4936 1216 4985 auctorem
1250 4935 1518 4987 nostrum
1542 4931 2031 5002 pluribus’lectiOL

388 5001 582 5076 nibus,
616 5001 986 5072 potissimum
1021 5003 1244 5057 scilicet
1273 5009 1329 5058 et
1360 5001 1562 5058 Latina
1619 5004 1815 5070 veteri,
1851 5022 2029 5076 quam

388 5073 646 5133 italicam
678 5079 905 5146 vocant,
940 5079 1112 5146 etea,
1147 5091 1274 5146 quae
1307 5092 1374 5130 ex
1405 5076 1618 5131 Graecis
1649 5073 1945 5132 codicibus
1975 5081 2032 5132 et

389 5147 611 5201 Latinis
643 5145 850 5210 verior,
883 5151 938 5199 et
968 5145 1418 5218 Hieronymiana
1475 5146 1821 5218 appellatur,
1857 5165 2030 5204 usum

390 5219 569 5273 fuisse
596 5235 607 5272 :
645 5218 777 5272 huic
808 5223 1002 5272 autem
1038 5218 1230 5288 potius
1261 5235 1321 5273 se
1343 5219 1838 5274 accommodasse.

460 5290 606 5359 (856)
657 5290 801 5344 Loco
850 5291 988 5344 certi
1015 5306 1255 5344 essemus
1286 5289 1596 5361 legendum
1630 5290 1831 5345 censui
1865 5307 1877 5345 :
1920 5305 2032 5345 ees-

388 5361 659 5432 sissemus,
696 5365 759 5413 ut
791 5378 1008 5431 paucos
1042 5367 1173 5432 post
1201 5378 1424 5427 versus,
1459 5361 1557 5414 ubi
1589 5361 1742 5415 idem
1767 5363 2032 5428 verbum,

391 5431 714 5504 eademque
743 5431 1051 5488 occasione
1076 5433 1374 5504 repetitur,
1409 5448 1650 5504 arguere
1681 5437 1786 5487 est.

463 5502 610 5572 (857)
639 5503 815 5576 Divus
851 5502 1233 5576 Hieronymus
1291 5503 1348 5557 in
1409 5503 1558 5576 hanc
1615 5503 1819 5574 Epist.,
1855 5520 1887 5558 a
1917 5520 2032 5574 quo

393 5573 703 5648 desumpta
732 5574 850 5648 hinc
871 5573 1294 5648 interpretatio.
1329 5576 1408 5629 ita
1422 5575 1628 5648 habet:
1658 5573 1761 5629 Aut
1776 5577 1828 5630 si
1846 5573 2035 5630 Latini

392 5645 725 5718 exemplaris
754 5647 923 5703 alicui
952 5645 1090 5719 fides
1115 5649 1312 5720 placet,
1371 5645 1669 5702 secundum
1696 5649 2033 5720 superiorem

2137 4633 2293 4685 esset
2313 4625 2712 4699 Evangelium.

2137 4804 2357 4844 sensum
2387 4788 2637 4858 accipere
2663 4787 2939 4857 debemus,
2970 4791 3031 4842 ut
3077 4787 3149 4843 ad
3203 4787 3396 4843 horam
3449 4788 3644 4853 cessio,
3673 4800 3782 4841 non

2137 4858 2562 4916 circumcidendi
2593 4860 2720 4927 Titi,
2774 4859 2874 4916 sed
2933 4859 3104 4914 eundi
3156 4858 3554 4930 Jerosolymam
3592 4858 3780 4930 fuerit.

2141 4935 2252 5001 Quo
2281 4932 2487 4986 scilicet
2543 4929 2751 4986 idcirco
2800 4931 3129 5001 subjectioni
3186 4928 3445 5001 cesserint
3472 4928 3694 4985 Paulus
3735 4933 3786 4983 et

2139 5000 2426 5059 Barnabas
2455 5002 2624 5057 eundi
2641 5000 3058 5074 Jerosolymam,
3086 5001 3351 5058 seditione
3379 5000 3648 5074 obrlegem
3678 5001 3784 5055 An-

2138 5076 2356 5132 tiochiae
2384 5075 2672 5142 concitata,
2706 5077 2767 5128 ut
2790 5073 2887 5145 per
2914 5075 3224 5144 Epistolam
3255 5073 3653 5145 apostolorum,
3685 5086 3788 5128 sua

2138 5147 2408 5204 sententia
2440 5143 2861 5215 ﬁrmaretur,’et
2887 5143 3133 5202 maneret
3159 5143 3306 5218 apud
3364 5143 3590 5218 Galatas
3617 5145 3790 5200 Evan-

2138 5220 2273 5290 gelii
2311 5219 2531 5284 veritas,
2560 5234 2678 5289 qua:
2701 5233 2810 5272 non
2842 5225 2974 5290 esset
3002 5218 3060 5272 in
3093 5216 3302 5290 littera,
3328 5216 3422 5272 sed
3451 5218 3512 5273 in
3539 5218 3742 5290 spiritu
3758 5230 3785 5290 Δ;

2139 5287 2255 5346 non
2285 5291 2344 5345 in
2372 5287 2592 5361 carnali
2617 5305 2801 5361 sensu,
2830 5288 2921 5343 sed
2953 5291 3013 5344 in
3067 5287 3450 5358 intelligentia
3475 5287 3788 5361 spirituali,

2138 5378 2236 5417 nec
2265 5363 2321 5416 in
2349 5359 2648 5433 manifesto
2673 5359 2972 5433 Judaismo,
3005 5362 3100 5417 sed
3129 5363 3192 5417 in
3220 5361 3444 5418 occulto.

2213 5432 2362 5502 (858)
2395 5429 2574 5503 Divus
2606 5431 2930 5503 Hierouiin
2958 5430 3108 5487 hanc
3164 5433 3350 5503 Epist.
3409 5448 3471 5501 ιι,
3525 5431 3579 5498 3,
3633 5431 3684 5501 Al,
3727 5429 3786 5497 5,

2142 5505 2280 5559 edit.
2309 5502 2581 5571 Vallars.,
2614 5508 2758 5559 tom.
2791 5502 2889 5557 VII
2919 5506 3134 5560 colum.
3165 5502 3291 5561 401.

2233 5575 2358 5648 859)
2388 5574 2558 5648 Vulg.
2589 5575 2954 5648 sed‘econtra.

2234 5647 2359 5720 860)
2384 5647 2596 5721 AutOg.
2625 5647 2916 5720 prmium.
