4014 6172
410 274 530 333 515

1427 260 1762 323 ATTONIS
1809 256 2394 320 VERCELLENSIS
2440 254 2791 319 EPlSCOPI

3700 256 3811 317 516

401 405 538 459 dere
571 414 590 470 ;‘
619 415 921 473 perversus
952 403 1172 462 autem,
1196 414 1257 451 .a
1312 396 1634 465 majoribus
1691 394 1763 448 ad
1821 392 2050 447 minora
2076 409 2131 468 Α
2161 407 2273 446 nus
2303 407 2419 446 non
2441 390 2817 462 cognovistis,
2854 388 2946 444 his
2974 387 3334 444 testimoniis
3367 385 3618 461 prolatis
3641 404 3813 461 agno-

340 487 353 494 ’
401 490 767 546 descendere.
800 487 916 542 Vos
947 491 1142 542 autem
1166 490 1287 540 tam
1317 482 1483 540 stulti
1512 482 1745 548 estis,ut
1773 499 1806 536 a
1865 481 2047 551 majo-

400 580 584 645 ribus,
610 577 717 633 boc
741 581 852 642 est,
882 574 1199 647 apostolica
1229 574 1437 645 gratia,
1494 572 1566 627 ad
1626 569 2048 626 minusculum.

398 667 459 723 id
489 668 675 736 est,ud
708 665 1001 721 carnalem
1028 662 1471 735 intelligentiam
1494 664 1868 715 transeuntes
1890 675 2052 714 assu-

399 754 777 811 mamini.Ubi
808 752 1107 809 moraliter
1130 756 1492 806 monstratur
1515 750 1655 820 quia
1675 748 2050 820 quincunque

401 844 779 915 amajoribus
846 842 918 897 ad
976 841 1199 897 minora
1259 838 1644 905 descendunt,
1691 853 2048 893 consumun-

400 939 500 989 tur
528 932 695 1003 (880).

471 1020 781 1092 Sequitur:
816 1020 984 1074 Tanta
1010 1020 1165 1090 passi
1192 1018 1320 1073 estis
1346 1020 1468 1072 sine
1493 1032 1677 1071 causa.
1713 1021 1821 1071 etc.
1846 1015 2049 1071 Scien-

400 1111 539 1165 dum
574 1109 713 1181 quia
740 1112 865 1164 erat
894 1108 1254 1163 consuetudo
1286 1107 1347 1160 in
1405 1105 1722 1177 primordio
1770 1104 1929 1171 fidei,
1988 1107 2053 1159 ut

397 1200 701 1254 credentes
723 1198 796 1252 ab
828 1194 1145 1251 incredulis
1174 1194 1359 1250 multa
1400 1199 1736 1265 paterentur
1767 1211 1781 1248 :
1842 1209 2050 1248 secun-

396 1289 538 1343 dum
570 1303 747 1359 quam
778 1284 1260 1341 consuetudinem
1292 1282 1505 1339 Galatae
1528 1283 1586 1338 in
1610 1299 1804 1337 amore
1827 1282 1958 1337 fidei
1995 1285 2054 1337 et

401 1375 701 1433 charitatis
734 1379 1141 1446 permanentes
1175 1372 1361 1427 multa
1388 1372 1543 1443 passi
1585 1377 1760 1439 sunt;
1823 1375 1881 1426 et
1921 1371 2049 1426 ideo

403 1465 544 1523 dicit
577 1483 589 1520 :
623 1465 791 1520 Multa
817 1464 969 1535 passi
996 1463 1145 1528 estis,
1179 1466 1288 1517 etc.
1319 1461 1380 1516 Si
1408 1470 1592 1516 tamen
1622 1478 1753 1516 vero
1784 1459 1877 1515 hic
1934 1476 2050 1515 non

403 1560 493 1610 est
523 1569 714 1609 sermo
745 1550 1086 1618 dubitantis,
1121 1552 1221 1606 sed
1244 1549 1689 1617 afﬁrmantis,ut
1716 1550 1792 1605 sit
1817 1565 2047 1604 sensus:

402 1643 463 1699 Si
484 1652 668 1698 tamen
694 1644 817 1697 sine
844 1657 1028 1707 causa,
1064 1640 1171 1695 hoc
1202 1644 1309 1709 est,
1335 1645 1487 1695 certe
1511 1638 1636 1694 sine
1665 1655 1862 1708 causa,
1913 1638 2053 1710 quia

402 1730 628 1802 decepti
659 1729 820 1785 estis.
857 1729 1001 1784 Nam
1024 1728 1179 1800 quod
1213 1728 1305 1782 hic
1328 1745 1520 1783 sermo
1552 1744 1653 1798 pro
1704 1726 2051 1782 certitudine

404 1824 672 1892 ponatur,
707 1817 1042 1872 manifestat
1072 1817 1223 1872 idem
1256 1816 1568 1888 Apostolus
1603 1835 1615 1884 ;
1650 1815 1754 1870 Sed
1779 1832 1911 1882 non,
1962 1815 2049 1870 in-

402 1909 548 1980 quit,
578 1908 727 1979 (881)
748 1908 966 1977 justum
996 1911 1075 1960 est
1113 1904 1259 1976 apud
1307 1907 1475 1960 Deum
1520 1904 1821 1959 retribuere
1876 1904 2049 1959 tribu-

396 1998 657 2054 lationem
692 1996 777 2051 his
804 1997 901 2067 qui
919 2011 1009 2051 vos
1039 1995 1327 2060 tribulant,
1351 1999 1459 2048 etc.
1493 1992 1767 2050 Nonnulli
1797 2009 1933 2048 vero
1963 1993 2050 2048 in-

399 2085 676 2158 telligunt
706 2085 862 2156 quod
894 2100 1054 2138 more
1084 2082 1253 2139 solito
1284 2081 1605 2138 dubitantis
1633 2081 1707 2135 sit
1756 2098 1948 2137 sermo
1996 2086 2054 2137 et

400 2175 478 2230 sit
507 2190 717 2229 sensus
748 2189 761 2226 :
795 2173 860 2228 Si
884 2175 1068 2228 tamen
1095 2173 1215 2226 sine
1241 2171 1490 2238 causa,id
1523 2175 1629 2240 est,
1672 2171 1721 2225 si
1779 2187 2048 2242 perman—

402 2261 751 2327 seritis,sine
780 2277 959 2316 causa
988 2260 1143 2332 passi
1173 2260 1336 2316 estis.

474 2350 751 2421 Sequitur
782 2366 795 2406 :
828 2351 942 2419 Qui
968 2365 1093 2420 ergo
1138 2350 1334 2405 tribuit
1388 2349 1534 2404 vobis
1590 2348 1880 2419 Spiritum,
1937 2354 2048 2404 etc.

404 2439 768 2508 Tribuit,boc
798 2445 910 2505 est,
942 2439 1339 2507 administrat,
1372 2442 1429 2491 et
1458 2441 1548 2492 est
1572 2438 1878 2507 przesentis
1899 2443 2051 2492 tem-
2084 2431 2097 2439 ’

404 2530 648 2600 poris,et
669 2528 971 2600 praesentis
993 2527 1276 2598 temporis
1297 2530 1388 2581 est
1406 2527 1643 2581 verbum
1670 2526 1825 2597 quod
1851 2526 2052 2597 sequi-

390 2616 751 2683 ,tur.Quibus
772 2616 962 2671 verbis
979 2616 1237 2671 ostendit
1255 2614 1567 2686 Apostolus
1590 2616 1743 2685 quod
1777 2615 2051 2670 omnibus

404 2706 787 2778 temporibus,
816 2705 1043 2772 diebus,
1069 2703 1228 2758 horis
1259 2709 1433 2775 atque
1457 2703 1767 2759 momentis
1799 2703 2049 2774 Spiritus

403 2794 586 2849 sancti
615 2793 803 2866 gratia
833 2792 1102 2848 ﬁdelibus
1134 2792 1396 2859 detur,ut
1425 2792 1750 2863 proﬁciant.
1784 2790 2052 2848 Ostendit

402 2883 576 2938 etiam
609 2885 748 2955 quia
776 2882 993 2938 Galatia
1024 2886 1367 2952 acceperant
1394 2882 1546 2936 dona
1566 2882 1750 2936 sancti
1772 2881 2045 2952 Spiritus,

398 2976 457 3027 et
484 2973 805 3044 gratiarum
828 2970 1156 3038 varietates,
1189 2987 1318 3042 quis
1348 2970 1407 3023 in
1442 2969 1699 3041 Epistola
1729 2970 1800 3024 ad
1850 2970 2049 3024 Corin-

396 3060 552 3117 thios
609 3065 1041 3117 numerantur:
1099 3060 1232 3128 Alii,
1290 3058 1501 3130 inquit,
1558 3059 1724 3113 datur
1773 3075 1877 3130 per
1928 3060 2047 3131 Spi-

2082 1776 2130 1840 B

2160 495 2321 535 scere
2354 480 2596 552 potestis
2628 478 2767 552 quia
2788 478 3126 550 quicunque
3155 476 3215 532 in
3238 478 3522 550 praeputio
3553 478 3816 546 credunt,

2158 573 2216 624 et
2245 569 2419 624 fidem
2453 569 2696 624 Abrahaa
2717 568 3049 635 imitantur,
3087 566 3289 639 procul
3310 568 3494 624 dubio
3528 566 3637 623 lilii
3676 569 3819 624 exsi-

2160 661 2346 712 stunt.

2229 746 2531 801 Providens
2559 762 2690 815 ergo
2723 744 3041 817 Scriptura,
3063 749 3174 800 etc.
3207 744 3515 816 Scriptura
3543 761 3815 812 vero,non

2160 836 2573 897 atramentum,
2608 849 2720 889 non
2776 833 3164 898 characteres,
3197 848 3386 905 neque
3438 833 3813 903 membrana,

2159 923 2261 978 sed
2295 922 2547 994 Spiritus
2568 928 2831 988 sanctus,
2870 926 2972 978 aut
2991 922 3256 992 ejusdem
3287 922 3613 994 Scriptura:
3645 923 3815 980 virtus

2158 1011 2537 1084 intelligenda
2559 1016 2666 1067 est.
2700 1012 3007 1068 Providens
3029 1026 3154 1081 ergo
3179 1012 3478 1082 Scriptura
3508 1015 3723 1084 gentes
3767 1011 3815 1068 in

2160 1100 2441 1172 praputio
2472 1101 2819 1171 crediturae,
2843 1105 2901 1155 et
2926 1101 3135 1171 Eiidem
3191 1099 3434 1156 Abraha
3488 1101 3816 1159 imitaturas

2160 1189 2589 1261 praenuntiavit,
2614 1191 2701 1246 eis
2732 1190 2937 1246 dicens
2971 1206 2984 1245 :
3021 1190 3161 1258 Quia
3205 1189 3610 1247 benedicentur
3664 1192 3726 1246 in
3777 1194 3817 1247 te

2158 1294 2348 1334 omnes
2378 1288 2565 1348 gentes
2595 1280 2749 1349 (Gen.
2784 1297 2888 1346 xu,
2922 1279 2992 1346 3;
3045 1279 3211 1338 Eccli.
3266 1295 3420 1349 XLIV,
3470 1280 3588 1350 20).
3652 1281 3720 1335 In
3771 1285 3818 1336 te

2159 1383 2315 1434 vero,
2347 1367 2405 1421 id
2438 1372 2546 1436 est,
2581 1384 2695 1422 non
2730 1368 2786 1423 in
2823 1368 3006 1434 Isaac,
3059 1384 3171 1423 non
3228 1367 3288 1422 in
3346 1368 3553 1439 Jacob,
3618 1368 3723 1424 sed
3766 1368 3815 1423 in

2160 1454 2434 1511 Christo:
2467 1471 2604 1528 ergo
2638 1456 2698 1510 in
2728 1456 3048 1525 Abraham,
3098 1456 3238 1529 quia
3290 1473 3362 1513 ex
3417 1456 3654 1513 semine
3703 1458 3817 1529 ejus

2160 1544 2391 1599 Cbristu
2401 1562 2444 1600 s.

2232 1634 2539 1706 Sequitur:
2576 1636 2750 1707 Igitur
2776 1638 2877 1706 qui
2901 1652 2972 1692 ea:
2988 1635 3095 1707 ﬁde
3122 1640 3273 1705 sunt,
3323 1640 3436 1692 etc.
3495 1636 3651 1692 Nota
3695 1636 3815 1709 quia

2161 1738 2277 1777 non
2309 1723 2540 1779 dicitex
2590 1725 3027 1780 circumcisione.
3086 1725 3157 1780 Et
3211 1727 3301 1780 est
3346 1739 3603 1781 sensus:
3646 1725 3813 1781 Abra-

2162 1811 2300 1866 hum
2331 1810 2392 1866 in
2420 1813 2701 1884 prmputio
2731 1813 2997 1881 credens,
3031 1812 3376 1885 priusquam
3408 1812 3657 1887 signum
3716 1814 3811 1871 cir-

2161 1900 2539 1956 cumcisionis
2594 1901 2913 1975 agnoverit,
2977 1901 3242 1958 benedici
3297 1903 3649 1974 promeruit.
3713 1902 3816 1961 Vos

2161 2005 2297 2062 ergo
2328 1990 2387 2043 in
2422 1990 2703 2061 praeputio
2730 1992 3053 2059 credentes,
3077 1989 3182 2045 filii
3213 1990 3462 2047 Abrahm
3494 1992 3636 2048 facti
3663 1992 3812 2059 estis,

2162 2078 2506 2134 otbenedici
2558 2080 3011 2151 promeruistis;
3070 2096 3251 2151 quare
3308 2096 3449 2153 ergo
3507 2082 3582 2136 ad
3633 2082 3815 2138 carnis

2161 2166 2666 2223 circumcisionem
2697 2169 3155 2236 transistis,cum
3188 2185 3301 2224 non
3334 2170 3681 2227 circumcisi
3724 2170 3817 2225 ﬁlii

2162 2253 2281 2308 sint
2306 2255 2553 2311 Abrahaa
2577 2256 2604 2310 ?

2231 2343 2377 2414 (883)
2402 2344 2681 2416 Sequitur
2712 2363 2724 2401 :
2758 2347 3053 2401 Imitemur
3080 2346 3245 2416 ﬁdem
3272 2347 3422 2419 (884)
3458 2366 3473 2416 ;
3519 2352 3577 2405 et
3626 2353 3815 2405 totum

2160 2430 2232 2485 ad
2264 2431 2373 2487 hoc
2403 2432 2644 2503 valet,ut
2673 2435 2944 2490 ostendat
2973 2451 3087 2490 non
3120 2435 3310 2507 magis
3332 2435 3549 2492 habere
3570 2438 3820 2493 circum-

2160 2520 2349 2575 cisum
2383 2538 2560 2593 quam
2586 2523 3021 2595 praeputiatum.
3052 2526 3381 2599 Quicunque
3408 2528 3725 2593 enim,etc.,
3755 2543 3822 2582 ex

2160 2609 2565 2679 superioribus
2596 2612 2828 2682 pendet.
2863 2612 3099 2667 Dixerat
3126 2613 3282 2668 enim
3337 2616 3611 2686 superius
3639 2633 3658 2671 :
3690 2617 3821 2671 Pro-

2158 2696 2346 2751 videns
2374 2706 2567 2754 autem
2588 2702 2884 2771 scriptura,
2915 2705 3048 2773 etc.,
3080 2706 3139 2757 et
3167 2718 3239 2758 ex
3266 2719 3333 2758 eo
3356 2719 3631 2759 sermone
3684 2721 3816 2777 pre-

2159 2784 2383 2841 dixerat
2437 2785 2576 2841 ille:
2637 2788 2998 2857 benedicatur,
3059 2796 3396 2862 sumpserat
3454 2792 3820 2848 occasionem

2158 2873 2438 2930 dicendi:
2494 2876 2811 2949 Quicunque
2857 2880 3026 2946 enim,
3079 2878 3249 2951 quasi
3298 2880 3565 2936 diceret:
3622 2880 3673 2937 Ο
3727 2896 3820 2937 vos

2160 2961 2585 3034 Galatae,quure
2607 2982 2641 3020 a
2670 2966 2951 3038 praeputio
2978 2967 3050 3023 ad
3083 2967 3596 3025 circumcisionem
3631 2974 3821 3027 trans-

2158 3050 2241 3107 ire
2269 3052 2468 3119 vultis,
2499 3069 2633 3108 cum
2664 3054 2750 3109 illi
2782 3056 2880 3127 qui
2926 3056 2985 3111 in
3044 3057 3324 3129 praeputio
3383 3059 3642 3114 credunt
3699 3058 3821 3114 imi-

402 3151 575 3206 mum
604 3166 781 3206 sermo
828 3151 1119 3221 sapientiae
1169 3148 1218 3219 (ι
1273 3147 1393 3204 Cor,
1450 3164 1551 3218 xu,
1611 3149 1643 3201 4
1697 3148 1889 3218 θείῃ),
1945 3152 2053 3202 etc.
2087 3141 2131 3207 ρ
2167 3141 2346 3195 tando
2373 3141 2668 3197 Abraham
2701 3143 3145 3213 benedicuntur,
3180 3150 3239 3201 et
3259 3145 3360 3217 qui
3390 3148 3506 3202 sub
3540 3147 3674 3220 lege
3696 3150 3824 3203 sunt

403 3240 515 3295 Sed
547 3240 686 3311 quia
725 3238 1138 3294 discretionem
1172 3237 1487 3308 spirituum
1520 3252 1634 3292 non
1684 3241 2046 3309 acceperant,

398 3344 515 3399 qua
540 3328 814 3398 spiritum
848 3325 1093 3396 apostoli
1119 3342 1152 3378 a
1185 3324 1462 3380 falsorum
1496 3324 1891 3395 apostolorum
1923 3324 2046 3381 dis—

395 3420 717 3481 cernerent,
750 3415 879 3469 ideo
908 3412 1131 3482 decepti
1162 3418 1324 3467 sunt.
1383 3413 1492 3467 Sed
1548 3414 1686 3483 quia
1713 3413 1904 3467 adhuc
1961 3430 2050 3469 ea-

396 3502 530 3557 dem
577 3503 826 3556 varietas
880 3500 1203 3569 gratiarum
1260 3500 1320 3555 in
1370 3500 1515 3570 ipsis
1568 3501 1860 3568 manebat,
1918 3501 2047 3557 ideo

394 3589 831 3660 interrogantur
861 3604 874 3641 :
908 3587 991 3642 Ex
1018 3590 1292 3658 operibus,
1350 3588 1562 3659 inquit,
1596 3590 1731 3656 legis
1779 3588 2048 3659 Spiritum

395 3679 676 3747 accepistis
708 3680 736 3732 ?
764 3675 938 3739 Quasi
958 3675 1176 3732 diceret
1210 3693 1222 3731 :
1256 3678 1377 3732 Non
1425 3694 1493 3732 ex
1548 3676 1693 3750 legis
1750 3678 2043 3749 operibus,

394 3766 492 3822 sed
521 3766 653 3822 fidei
688 3765 893 3821 auditu
923 3784 935 3832 ;
969 3766 1122 3821 sicut
1142 3769 1200 3821 et
1219 3765 1514 3821 Abraham
1538 3767 1595 3821 in
1628 3766 1907 3839 praeputio
1930 3783 2048 3822 cre-

392 3853 542 3909 didit
578 3859 636 3910 et
680 3854 996 3926 justiﬁcari
1047 3854 1372 3925 promeruit
1431 3853 1559 3924 (Gen
1618 3872 1711 3923 xv,
1771 3857 1842 3924 6;
1892 3857 2041 3911 Rom.

394 3960 469 4013 ιν,
502 3945 538 3998 5
568 3960 581 4011 ;
607 3945 720 4000 Jac.
755 3961 818 4011 ιι,
850 3944 962 4013 23).

466 4030 776 4103 Sequitur:
812 4035 877 4088 Et
897 4034 1210 4102 reputatum
1229 4035 1309 4087 est
1331 4032 1421 4086 illi
1448 4032 1529 4087 ad
1555 4034 1827 4102 justitiam
1860 4052 1873 4101 ;
1907 4034 2046 4106 quia

392 4119 454 4174 in
486 4120 874 4189 promissione
895 4135 1099 4175 omnes
1130 4124 1335 4191 gentes
1364 4119 1424 4174 in
1447 4120 1841 4177 hmreditatem
1875 4139 2043 4178 acce-

394 4206 563 4278 pit,id
595 4210 775 4265 est.ut
794 4206 1129 4277 quicunque
1177 4208 1235 4261 in
1295 4208 1575 4279 praeputio
1620 4210 1939 4281 crederent,
1989 4215 2046 4266 et

397 4295 545 4349 ﬁdes
575 4296 705 4365 ejus
733 4293 1061 4351 imitatores
1091 4296 1455 4367 exsisterent,
1490 4296 1594 4351 lilii
1649 4300 1778 4369 ejus
1825 4303 2040 4355 essent.

396 4383 719 4455 Sequitur:
757 4382 1086 4454 Cognoscitis
1116 4385 1264 4456 (882)
1294 4401 1420 4454 ergo
1475 4388 1604 4457 quia
1660 4389 1757 4459 qui
1811 4405 1880 4444 ex
1936 4388 2045 4459 ﬁde

2156 3230 2257 3283 sub
2288 3229 2578 3286 maledicto
2608 3232 2905 3304 sunt,quia
2938 3232 3030 3288 lex
3050 3234 3364 3290 carnaliter
3386 3234 3693 3307 imperare
3716 3251 3824 3292 non

2159 3322 2350 3389 potest
2381 3336 2394 3386 ;
2428 3323 2486 3373 et
2516 3319 2588 3374 ob
2622 3319 2729 3375 hoc
2755 3322 2867 3376 sub
2898 3322 3210 3379 maledicto
3230 3323 3259 3378 7
3293 3325 3453 3381 Unde
3485 3325 3703 3382 Petrus
3730 3342 3745 3380 :
3768 3325 3825 3382 Ut

2158 3407 2289 3477 quid
2319 3409 2503 3464 denuo
2523 3411 2689 3465 vuttis
2718 3412 3002 3481 imponere
3024 3415 3225 3484 jugum
3243 3412 3271 3467 ‘I
3295 3412 3553 3485 etc.(Act.
3582 3432 3688 3486 xv,
3722 3413 3825 3483 10.)

2157 3494 2225 3549 Et
2255 3496 2389 3566 quia
2426 3513 2707 3568 magnum
2737 3498 2886 3571 (885)
2908 3500 3133 3556 dixerat
3157 3501 3454 3573 superius,
3487 3502 3702 3560 volens
3722 3503 3824 3559 hoc

2158 3582 2353 3654 ipsum
2385 3585 2793 3643 testimonium
2838 3589 3203 3657 confirmare,
3247 3591 3607 3662 subjunxit:
3676 3593 3821 3648 Sicu.

2155 3675 2418 3744 scriptum
2441 3677 2519 3729 est
2550 3692 2563 3729 :
2599 3675 2917 3732 Maledictus
2945 3678 3128 3748 (Deut.
3180 3692 3358 3745 xxv",
3417 3681 3533 3753 26),
3594 3687 3716 3738 etc.
3766 3682 3826 3737 In

2157 3760 2509 3831 quibusdam
2542 3763 2974 3836 exemplaribus
3011 3766 3305 3824 invenitur
3321 3771 3590 3836 omnis,et
3622 3774 3693 3826 in
3721 3787 3830 3827 om-

2154 3851 2321 3905 nibus
2351 3851 2587 3923 (886);in
2609 3855 2970 3924 quibusdam
2996 3856 3251 3912 non.Sed
3273 3874 3430 3914 unus
3447 3863 3541 3914 est
3556 3875 3784 3917 sensus
3809 3877 3823 3927 ;

2155 3954 2291 3993 nam
2324 3938 2564 3995 intentio
2596 3940 2704 3996 fuit
2724 3942 2906 4015 Moysi
2926 3947 3207 4000 terrorem
3238 3945 3503 4002 incutere
3530 3948 3671 4005 suis
3728 3964 3828 4004 au-

2158 4027 2466 4091 ditoribus,
2500 4029 2771 4085 similiter
2789 4036 2846 4085 et
2860 4031 3027 4087 Pauli
3057 4037 3271 4090 terrere
3303 4034 3561 4093 Galatas.

2226 4115 2375 4188 (887)
2410 4120 2689 4189 Quoniam
2708 4128 2894 4175 autem
2920 4123 2981 4176 in
3010 4121 3143 4191 lege,
3166 4126 3273 4179 etc.
3304 4124 3368 4178 In
3402 4139 3469 4180 eo
3495 4127 3658 4197 quod
3682 4125 3832 4181 dicit

2159 4218 2336 4273 nemo,
2369 4206 2697 4262 ostenditur
2724 4209 2865 4280 quia
2894 4215 3034 4265 sunt
3053 4210 3152 4282 qui
3173 4211 3323 4283 (888)
3337 4227 3454 4268 non
3479 4214 3828 4284 justiﬁcan-

2160 4295 2356 4360 tur,ut
2385 4298 2852 4367 transgressores
2872 4296 3053 4371 legis;
3085 4304 3143 4355 et
3168 4304 3307 4355 sunt
3331 4302 3436 4372 qui
3478 4303 3831 4373 justiﬁcan-

2153 4384 2274 4447 tur,
2312 4383 2411 4437 sed
2449 4400 2564 4439 non
2597 4386 2747 4457 apud
2774 4386 2979 4456 Deum,
3012 4387 3188 4444 veluti
3208 4390 3622 4448 observatores
3658 4392 3832 4465 legis,

397 4477 542 4540 sunt,
578 4472 641 4528 hi
667 4476 796 4529 sunt
821 4472 933 4543 ﬁlii
958 4473 1213 4531 Abrahae.
1248 4474 1315 4529 Et
1334 4478 1424 4531 est
1461 4492 1705 4532 sensus:
1758 4476 1816 4533 Si
1847 4477 2041 4534 hacte-
2072 4507 2120 4572 D
2150 4484 2285 4525 cum
2320 4470 2529 4527 timore
2559 4471 2749 4545 legem
2787 4476 3145 4533 custodiant.
3179 4476 3327 4534 Nam
3352 4478 3450 4535 lex
3496 4480 3583 4535 ita
3637 4481 3830 4537 dicit:

477 4685 626 4765 (880)
650 4687 713 4765 I_n
746 4688 880 4765 Cod.
929 4686 1146 4765 legitur
1200 4691 1428 4746 duobus
1458 4708 1514 4747 m
1542 4699 2000 4765 consummuntur
2032 4714 2045 4765 ;

398 4755 648 4838 fortasse
675 4755 1017 4838 legendum,
1035 4762 1205 4830 juxta
1232 4766 1475 4832 textum,
1507 4781 1574 4819 cu
1573 4766 1683 4837 jux
1710 4755 2050 4838 interprete;

394 4827 541 4883 tioni
574 4827 835 4898 inservit,
869 4827 1335 4889 consummantur.

466 4899 698 4980 (881)‘II
727 4900 934 4980 Thess.
972 4920 1007 4971 ι,
1047 4906 1102 4971 6,
1154 4906 1252 4959 ubi
1282 4905 1565 4980 _legitur:
1624 4908 1686 4980 Si
1741 4912 1919 4964 tamen
1950 4909 2045 4980 ju-

392 4975 537 5052 stum
563 4976 666 5052 est,
699 4976 832 5052 etc.,
866 4989 977 5028 non
1002 4981 1253 5052 vero,Aut
1278 4977 1337 5032 in
1368 4975 1564 5050 autog.
1598 4978 1743 5052 :Sed
1798 4997 1907 5035 non
1951 4975 2048 5052 Ξυ-

390 5046 535 5121 stum
563 5048 665 5109 est,
697 5049 1016 5121 etc.,quam
1048 5046 1357 5103 lectionem
1389 5046 1756 5121 autographi,
1782 5046 2044 5108 vitiatam

394 5114 537 5169 forte
568 5114 963 5186 suspicaril'as
992 5123 1097 5173 est.

463 5186 609 5263 (882)
641 5188 810 5256 Vulg.
841 5198 1156 5263 cognoscite.
1185 5190 1361 5246 Divus
1386 5192 1769 5263 Hieronymus
1803 5194 1861 5248 in
1894 5194 2045 5251 hanc

392 5254 579 5327 Epist.
596 5254 951 5327 cognoscitis.

464 5325 611 5405 (883)
644 5325 705 5405 in
738 5336 1150 5405 autogfmarg.
1177 5331 1269 5405 hic
1302 5330 1411 5405 leg.
1451 5349 1575 5404 cap.
1600 5338 1671 5387 X.

464 5398 617 5475 (884)
644 5401 834 5455 Verba
853 5398 1143 5457 imitamur
1169 5403 1334 5473 [idem
1358 5398 1642 5475 ianquam
1677 5409 1891 5462 textum
1916 5408 2044 5475 Epi-

388 5466 552 5541 stolas
570 5466 713 5541 citat
742 5478 945 5527 auctor
975 5466 1189 5541 noster,
1225 5491 1357 5528 cum
1390 5466 1589 5531 tamen
1623 5476 1830 5531 nullibi
1870 5466 2046 5536 verba

385 5537 529 5620 1.1330.
543 5539 1126 5620 adiqvenian_t_ur,nis_i
1157 5537 1227 5620 ea
1256 5546 1512 5620 Epistola
1541 5548 1611 5604 ad
1666 5548 1933 5606 Hebraeos
1964 5568 2040 5620 v1,

372 5606 480 5703 μ,
513 5609 638 5670 haec
669 5609 951 5688 hauserit,
997 5606 1107 5673 ubi
1161 5606 1652 5680 aitz’lmitatores
1704 5636 1892 5680 eorum
1944 5606 2044 5701 qui

2157 4682 2397 4771 ﬁde,etc.
2423 4701 2436 4740 :
2469 4685 2557 4740 vel
2578 4687 2882 4771 caespite.
2897 4705 3022 4771 XAII‘I,
3041 4691 3098 4756 7,
3130 4689 3231 4745 ubi
3253 4690 3359 4746 ait:
3382 4693 3839 4763 Praeme

2155 4763 2530 4830 vestrorum...
2562 4760 2882 4830 imitamini
2907 4760 3089 4830 ﬁdem.

2229 4826 2373 4898 (885)
2407 4826 2678 4906 Mendam
2712 4826 2989 4906 irreptam
3021 4831 3115 4906 hic
3141 4847 3271 4906 esse
3301 4834 3675 4906 suspicor,et
3706 4834 3839 4891 loco

2156 4912 2437 4985 magnum,
2462 4900 2616 4970 quod
2650 4900 2856 4985 nullibi
2888 4903 3158 4985 superius
3210 4900 3445 4985 legitur,
3498 4900 3841 4985 legendum

2155 4970 2531 5037 maledictum,
2565 4973 2719 5044 quod
2739 4970 3076 5030 immediate
3107 4970 3298 5046 pauca
3314 4970 3448 5031 ante
3469 4970 3841 5035 vei-befor—

2155 5042 2311 5096 tasse
2351 5041 2527 5097 etiam
2581 5060 2851 5112 magnam
2904 5044 3240 5119 legendum,
3272 5047 3330 5101 id
3380 5051 3492 5119 est,
3551 5065 3846 5119 magnam

2156 5144 2293 5183 rem.

2224 5200 2437 5271 (886)1n
2462 5199 2611 5256 hanc
2642 5204 3094 5260 controversiam
3122 5205 3360 5261 consule
3383 5205 3590 5263 divum
3617 5207 3841 5265 Hiero-

2154 5287 2395 5344 nymum
2428 5271 2484 5326 in
2518 5272 2667 5328 hanc
2688 5273 2789 5344 Ep.
2825 5275 2896 5330 ad
2929 5274 3048 5330 haec
3079 5276 3269 5334 verba.
3336 5310 3343 5317 ο

2224 5342 2372 5482 (887)
2406 5347 2465 5396 In
2499 5350 2693 5416 autog.
2722 5342 2906 5417 marg.
2935 5346 3028 5404 hic
3061 5347 3170 5420 leg.
3206 5364 3334 5420 cap.
3387 5347 3484 5403 Xl.

2246 5413 2371 5480 888)
2399 5413 2651 5469 Verbum
2685 5419 2782 5482 qui
2812 5417 3177 5474 desideratur
3203 5420 3262 5473 in
3314 5419 3467 5482 cod.,

2246 5413 2371 5486 888)
2399 5413 2666 5469 Verbum“
2685 5419 2782 5486 qui
2812 5413 3177 5474 désideratur
3203 5413 3467 5484 in'cod.,
3516 5420 3633 5476 sed
3702 5422 3850 5479 luce

2154 5480 2369 5572 clarius
2389 5501 2459 5540 ex
2488 5480 2768 5572 relatione
2799 5490 3317 5572 sec_u_ndi_mem_hri
3341 5480 3567 5561 periodi
3599 5492 3692 5550 ad
3714 5496 3850 5569 pri-

2151 5569 2313 5623 mum
2340 5555 2450 5618 hoc
2474 5558 2808 5620 membrum
2839 5561 3176 5625 addendum
3206 5555 3409 5626 fuisse.
