  <div class='ocr_page' id='page_1' title='image "/cluster/home/n/w/nwhite01/storage/ocr_20150623/134/hvd.32044023361702/264.png"; bbox 0 0 4014 6172; ppageno 0'>
   <div class='ocr_carea' id='block_1_1' title="bbox 228 316 345 377">
    <p class='ocr_par' dir='ltr' id='par_1_1' title="bbox 228 316 345 377">
     <span class='ocr_line' id='line_1_1' title="bbox 228 316 345 377; baseline -0.034 0"><span class='ocrx_word' id='word_1_1' title='bbox 228 316 345 377; x_wconf 84' lang='grc'><strong>517</strong></span> 
     </span>
    </p>
   </div>
   <div class='ocr_carea' id='block_1_2' title="bbox 827 304 3054 372">
    <p class='ocr_par' dir='ltr' id='par_1_2' title="bbox 827 304 3054 372">
     <span class='ocr_line' id='line_1_2' title="bbox 827 304 3054 372; baseline -0 -3"><span class='ocrx_word' id='word_1_2' title='bbox 827 304 1248 369; x_wconf 87' lang='lat' dir='ltr'><strong>EXPOSITIO</strong></span> <span class='ocrx_word' id='word_1_3' title='bbox 1293 308 1369 367; x_wconf 89' lang='lat' dir='ltr'><strong>IN</strong></span> <span class='ocrx_word' id='word_1_4' title='bbox 1415 310 1843 372; x_wconf 84' lang='lat' dir='ltr'><strong>EPISTOLAS</strong></span> <span class='ocrx_word' id='word_1_5' title='bbox 1893 309 2151 372; x_wconf 86' lang='lat' dir='ltr'><strong>PAULI.</strong></span> <span class='ocrx_word' id='word_1_6' title='bbox 2194 342 2273 356; x_wconf 93' lang='lat'><strong>-—</strong></span> <span class='ocrx_word' id='word_1_7' title='bbox 2306 311 2381 371; x_wconf 86' lang='lat' dir='ltr'><strong>IN</strong></span> <span class='ocrx_word' id='word_1_8' title='bbox 2433 310 2682 372; x_wconf 85' lang='lat' dir='ltr'><strong>EPIST.</strong></span> <span class='ocrx_word' id='word_1_9' title='bbox 2727 312 2830 370; x_wconf 91' lang='lat' dir='ltr'><strong>AD</strong></span> <span class='ocrx_word' id='word_1_10' title='bbox 2879 310 3054 371; x_wconf 88' lang='lat' dir='ltr'><strong>GAL.</strong></span> 
     </span>
    </p>
   </div>
   <div class='ocr_carea' id='block_1_3' title="bbox 3527 310 3650 370">
    <p class='ocr_par' dir='ltr' id='par_1_3' title="bbox 3527 310 3650 370">
     <span class='ocr_line' id='line_1_3' title="bbox 3527 310 3650 370; baseline -0.024 0"><span class='ocrx_word' id='word_1_11' title='bbox 3527 310 3650 370; x_wconf 79' lang='grc'>518</span> 
     </span>
    </p>
   </div>
   <div class='ocr_carea' id='block_1_4' title="bbox 231 426 3649 519">
    <p class='ocr_par' dir='ltr' id='par_1_4' title="bbox 231 426 3649 519">
     <span class='ocr_line' id='line_1_4' title="bbox 231 426 3649 519; baseline -0.002 -15"><span class='ocrx_word' id='word_1_12' title='bbox 231 448 338 514; x_wconf 86' lang='lat' dir='ltr'><strong>Qui</strong></span> <span class='ocrx_word' id='word_1_13' title='bbox 373 446 477 502; x_wconf 88' lang='lat' dir='ltr'><strong>hoc</strong></span> <span class='ocrx_word' id='word_1_14' title='bbox 508 443 597 500; x_wconf 89' lang='lat' dir='ltr'><strong>vel</strong></span> <span class='ocrx_word' id='word_1_15' title='bbox 630 426 1022 508; x_wconf 7' lang='lat' dir='ltr'><strong>illudﬂfecerit,</strong></span> <span class='ocrx_word' id='word_1_16' title='bbox 1056 444 1242 495; x_wconf 91' lang='lat' dir='ltr'><strong>marte</strong></span> <span class='ocrx_word' id='word_1_17' title='bbox 1274 441 1558 498; x_wconf 81' lang='lat' dir='ltr'><strong>moriatur</strong></span> <span class='ocrx_word' id='word_1_18' title='bbox 1580 444 1755 516; x_wconf 88' lang='lat'>(889);</span> <span class='ocrx_word' id='word_1_19' title='bbox 1789 448 1881 499; x_wconf 90' lang='lat' dir='ltr'><strong>et:</strong></span> <span class='ocrx_word' id='word_1_20' title='bbox 1913 447 1969 513; x_wconf 80' lang='grc' dir='ltr'><strong>Α</strong></span> <span class='ocrx_word' id='word_1_21' title='bbox 1999 443 2153 499; x_wconf 91' lang='lat' dir='ltr'><strong>citur</strong></span> <span class='ocrx_word' id='word_1_22' title='bbox 2172 444 2299 513; x_wconf 89' lang='lat' dir='ltr'><strong>hoc,</strong></span> <span class='ocrx_word' id='word_1_23' title='bbox 2315 448 2371 499; x_wconf 90' lang='lat' dir='ltr'><strong>et</strong></span> <span class='ocrx_word' id='word_1_24' title='bbox 2390 444 2522 512; x_wconf 85' lang='lat' dir='ltr'><strong>alio,</strong></span> <span class='ocrx_word' id='word_1_25' title='bbox 2547 445 3231 519; x_wconf 87' lang='lat' dir='ltr'><strong>illud,quemadmodum</strong></span> <span class='ocrx_word' id='word_1_26' title='bbox 3250 443 3417 498; x_wconf 86' lang='lat' dir='ltr'><strong>aliter</strong></span> <span class='ocrx_word' id='word_1_27' title='bbox 3432 444 3649 499; x_wconf 86' lang='lat' dir='ltr'><strong>dicitur</strong></span> 
     </span>
    </p>
   </div>
   <div class='ocr_carea' id='block_1_5' title="bbox 236 530 1887 607">
    <p class='ocr_par' dir='ltr' id='par_1_5' title="bbox 236 530 1887 607">
     <span class='ocr_line' id='line_1_5' title="bbox 236 530 1887 607; baseline -0.003 -14"><span class='ocrx_word' id='word_1_28' title='bbox 236 539 341 607; x_wconf 85' lang='lat' dir='ltr'><strong>Qui</strong></span> <span class='ocrx_word' id='word_1_29' title='bbox 370 534 565 592; x_wconf 78' lang='lat' dir='ltr'><strong>coierit</strong></span> <span class='ocrx_word' id='word_1_30' title='bbox 589 547 717 587; x_wconf 88' lang='lat' dir='ltr'><strong>cum</strong></span> <span class='ocrx_word' id='word_1_31' title='bbox 764 530 1019 587; x_wconf 83' lang='lat' dir='ltr'><strong>masculo</strong></span> <span class='ocrx_word' id='word_1_32' title='bbox 1051 545 1255 584; x_wconf 84' lang='lat' dir='ltr'><strong>sommo</strong></span> <span class='ocrx_word' id='word_1_33' title='bbox 1278 531 1537 600; x_wconf 84' lang='lat' dir='ltr'><strong>femineo,</strong></span> <span class='ocrx_word' id='word_1_34' title='bbox 1570 541 1741 588; x_wconf 87' lang='lat' dir='ltr'><strong>morte</strong></span> <span class='ocrx_word' id='word_1_35' title='bbox 1768 548 1887 588; x_wconf 88' lang='lat' dir='ltr'><strong>mo-</strong></span> 
     </span>
    </p>
   </div>
   <div class='ocr_carea' id='block_1_6' title="bbox 231 618 1888 695">
    <p class='ocr_par' dir='ltr' id='par_1_6' title="bbox 231 618 1888 695">
     <span class='ocr_line' id='line_1_6' title="bbox 231 618 1888 695; baseline -0.004 -13"><span class='ocrx_word' id='word_1_36' title='bbox 231 623 616 695; x_wconf 85' lang='lat' dir='ltr'><strong>riatur(890).</strong></span> <span class='ocrx_word' id='word_1_37' title='bbox 656 621 727 675; x_wconf 89' lang='lat' dir='ltr'><strong>Et</strong></span> <span class='ocrx_word' id='word_1_38' title='bbox 777 623 920 674; x_wconf 90' lang='lat' dir='ltr'><strong>sunt</strong></span> <span class='ocrx_word' id='word_1_39' title='bbox 958 618 1173 673; x_wconf 81' lang='lat' dir='ltr'><strong>iterum</strong></span> <span class='ocrx_word' id='word_1_40' title='bbox 1205 619 1304 690; x_wconf 89' lang='lat' dir='ltr'><strong>qui</strong></span> <span class='ocrx_word' id='word_1_41' title='bbox 1327 620 1752 690; x_wconf 89' lang='lat' dir='ltr'><strong>justiﬁcantur,</strong></span> <span class='ocrx_word' id='word_1_42' title='bbox 1788 621 1888 676; x_wconf 90' lang='lat' dir='ltr'><strong>sed</strong></span> 
     </span>
    </p>
   </div>
   <div class='ocr_carea' id='block_1_7' title="bbox 234 706 1891 788">
    <p class='ocr_par' dir='ltr' id='par_1_7' title="bbox 234 706 1891 788">
     <span class='ocr_line' id='line_1_7' title="bbox 234 706 1891 788; baseline -0.006 -17"><span class='ocrx_word' id='word_1_43' title='bbox 234 715 394 788; x_wconf 92' lang='lat' dir='ltr'><strong>apud</strong></span> <span class='ocrx_word' id='word_1_44' title='bbox 429 712 634 780; x_wconf 90' lang='lat' dir='ltr'><strong>Deum,</strong></span> <span class='ocrx_word' id='word_1_45' title='bbox 658 708 715 763; x_wconf 91' lang='lat' dir='ltr'>id</span> <span class='ocrx_word' id='word_1_46' title='bbox 738 713 851 773; x_wconf 88' lang='lat' dir='ltr'><strong>est,</strong></span> <span class='ocrx_word' id='word_1_47' title='bbox 882 706 970 761; x_wconf 87' lang='lat' dir='ltr'>illi</span> <span class='ocrx_word' id='word_1_48' title='bbox 994 707 1117 778; x_wconf 89' lang='lat' dir='ltr'><strong>qui,</strong></span> <span class='ocrx_word' id='word_1_49' title='bbox 1143 708 1435 764; x_wconf 89' lang='lat' dir='ltr'><strong>credendo</strong></span> <span class='ocrx_word' id='word_1_50' title='bbox 1456 710 1517 764; x_wconf 89' lang='lat' dir='ltr'><strong>in</strong></span> <span class='ocrx_word' id='word_1_51' title='bbox 1539 707 1891 777; x_wconf 90' lang='lat' dir='ltr'><strong>illum,nihi1</strong></span> 
     </span>
    </p>
   </div>
   <div class='ocr_carea' id='block_1_8' title="bbox 236 796 1895 871">
    <p class='ocr_par' dir='ltr' id='par_1_8' title="bbox 236 796 1895 871">
     <span class='ocr_line' id='line_1_8' title="bbox 236 796 1895 871; baseline -0.003 -14"><span class='ocrx_word' id='word_1_52' title='bbox 236 802 401 857; x_wconf 90' lang='lat' dir='ltr'><strong>aliud</strong></span> <span class='ocrx_word' id='word_1_53' title='bbox 433 799 740 871; x_wconf 87' lang='lat' dir='ltr'><strong>requirunt</strong></span> <span class='ocrx_word' id='word_1_54' title='bbox 770 800 985 867; x_wconf 69' lang='lat' dir='ltr'><strong>praeter</strong></span> <span class='ocrx_word' id='word_1_55' title='bbox 1013 796 1230 867; x_wconf 89' lang='lat' dir='ltr'><strong>ipsum.</strong></span> <span class='ocrx_word' id='word_1_56' title='bbox 1266 797 1335 850; x_wconf 92' lang='lat' dir='ltr'><strong>Et</strong></span> <span class='ocrx_word' id='word_1_57' title='bbox 1362 797 1559 853; x_wconf 89' lang='lat' dir='ltr'><strong>volens</strong></span> <span class='ocrx_word' id='word_1_58' title='bbox 1590 798 1895 853; x_wconf 84' lang='lat' dir='ltr'><strong>ostendere</strong></span> 
     </span>
    </p>
   </div>
   <div class='ocr_carea' id='block_1_9' title="bbox 236 883 1892 964">
    <p class='ocr_par' dir='ltr' id='par_1_9' title="bbox 236 883 1892 964">
     <span class='ocr_line' id='line_1_9' title="bbox 236 883 1892 964; baseline -0.004 -17"><span class='ocrx_word' id='word_1_59' title='bbox 236 891 375 964; x_wconf 85' lang='lat' dir='ltr'><strong>quis</strong></span> <span class='ocrx_word' id='word_1_60' title='bbox 406 892 558 945; x_wconf 82' lang='lat' dir='ltr'><strong>esset</strong></span> <span class='ocrx_word' id='word_1_61' title='bbox 577 888 779 958; x_wconf 88' lang='lat' dir='ltr'><strong>justus</strong></span> <span class='ocrx_word' id='word_1_62' title='bbox 802 885 961 957; x_wconf 91' lang='lat' dir='ltr'><strong>apud</strong></span> <span class='ocrx_word' id='word_1_63' title='bbox 987 883 1539 955; x_wconf 87' lang='lat' dir='ltr'><strong>Deum,subjunxit:</strong></span> <span class='ocrx_word' id='word_1_64' title='bbox 1572 886 1892 956; x_wconf 82' lang='lat' dir='ltr'><strong>Manifesta-</strong></span> 
     </span>
    </p>
   </div>
   <div class='ocr_carea' id='block_1_10' title="bbox 237 971 1897 1049">
    <p class='ocr_par' dir='ltr' id='par_1_10' title="bbox 237 971 1897 1049">
     <span class='ocr_line' id='line_1_10' title="bbox 237 971 1897 1049; baseline -0.005 -14"><span class='ocrx_word' id='word_1_65' title='bbox 237 988 357 1036; x_wconf 86' lang='lat' dir='ltr'><strong>tum</strong></span> <span class='ocrx_word' id='word_1_66' title='bbox 389 978 532 1049; x_wconf 89' lang='grc'>(891)</span> <span class='ocrx_word' id='word_1_67' title='bbox 564 981 664 1045; x_wconf 86' lang='lat' dir='ltr'><strong>est,</strong></span> <span class='ocrx_word' id='word_1_68' title='bbox 707 978 817 1028; x_wconf 91' lang='lat' dir='ltr'><strong>etc.</strong></span> <span class='ocrx_word' id='word_1_69' title='bbox 852 976 974 1027; x_wconf 87' lang='lat' dir='ltr'><strong>Hoc</strong></span> <span class='ocrx_word' id='word_1_70' title='bbox 1000 971 1216 1028; x_wconf 89' lang='lat' dir='ltr'><strong>etenim</strong></span> <span class='ocrx_word' id='word_1_71' title='bbox 1249 972 1309 1027; x_wconf 92' lang='lat' dir='ltr'><strong>in</strong></span> <span class='ocrx_word' id='word_1_72' title='bbox 1360 975 1633 1030; x_wconf 85' lang='lat' dir='ltr'><strong>Habacuc</strong></span> <span class='ocrx_word' id='word_1_73' title='bbox 1682 974 1897 1046; x_wconf 83' lang='lat' dir='ltr'><strong>legitur</strong></span> 
     </span>
    </p>
   </div>
   <div class='ocr_carea' id='block_1_11' title="bbox 222 1058 1893 1140">
    <p class='ocr_par' dir='ltr' id='par_1_11' title="bbox 222 1058 1893 1140">
     <span class='ocr_line' id='line_1_11' title="bbox 222 1058 1893 1140; baseline -0.005 -16"><span class='ocrx_word' id='word_1_74' title='bbox 222 1058 468 1140; x_wconf 36' lang='lat' dir='ltr'><strong>&#39;(Habac.</strong></span> <span class='ocrx_word' id='word_1_75' title='bbox 497 1064 595 1136; x_wconf 83' lang='lat'><strong>11);</strong></span> <span class='ocrx_word' id='word_1_76' title='bbox 655 1062 757 1117; x_wconf 88' lang='lat' dir='ltr'><strong>sed</strong></span> <span class='ocrx_word' id='word_1_77' title='bbox 790 1061 852 1116; x_wconf 90' lang='lat' dir='ltr'><strong>in</strong></span> <span class='ocrx_word' id='word_1_78' title='bbox 908 1060 1268 1133; x_wconf 86' lang='lat' dir='ltr'><strong>quibusdam</strong></span> <span class='ocrx_word' id='word_1_79' title='bbox 1326 1064 1756 1135; x_wconf 82' lang='lat' dir='ltr'><strong>exemplaribus</strong></span> <span class='ocrx_word' id='word_1_80' title='bbox 1802 1077 1893 1117; x_wconf 88' lang='lat' dir='ltr'><strong>se-</strong></span> 
     </span>
    </p>
   </div>
   <div class='ocr_carea' id='block_1_12' title="bbox 239 1148 1898 1223">
    <p class='ocr_par' dir='ltr' id='par_1_12' title="bbox 239 1148 1898 1223">
     <span class='ocr_line' id='line_1_12' title="bbox 239 1148 1898 1223; baseline -0.004 -11"><span class='ocrx_word' id='word_1_81' title='bbox 239 1156 506 1212; x_wconf 80' lang='lat' dir='ltr'><strong>cundum</strong></span> <span class='ocrx_word' id='word_1_82' title='bbox 530 1148 912 1223; x_wconf 74' lang='lat' dir='ltr'><strong>Septuaginta</strong></span> <span class='ocrx_word' id='word_1_83' title='bbox 934 1150 1258 1206; x_wconf 84' lang='lat' dir='ltr'><strong>invenitur:</strong></span> <span class='ocrx_word' id='word_1_84' title='bbox 1282 1167 1351 1206; x_wconf 77' lang='lat' dir='ltr'><strong>ex</strong></span> <span class='ocrx_word' id='word_1_85' title='bbox 1370 1152 1477 1220; x_wconf 83' lang='lat' dir='ltr'><strong>ﬁde</strong></span> <span class='ocrx_word' id='word_1_86' title='bbox 1506 1168 1656 1213; x_wconf 84' lang='lat' dir='ltr'><strong>mea;</strong></span> <span class='ocrx_word' id='word_1_87' title='bbox 1680 1151 1898 1222; x_wconf 86' lang='lat' dir='ltr'><strong>Aquila</strong></span> 
     </span>
    </p>
   </div>
   <div class='ocr_carea' id='block_1_13' title="bbox 239 1239 1899 1315">
    <p class='ocr_par' dir='ltr' id='par_1_13' title="bbox 239 1239 1899 1315">
     <span class='ocr_line' id='line_1_13' title="bbox 239 1239 1899 1315; baseline -0.004 -14"><span class='ocrx_word' id='word_1_88' title='bbox 239 1262 379 1301; x_wconf 89' lang='lat' dir='ltr'><strong>vero</strong></span> <span class='ocrx_word' id='word_1_89' title='bbox 410 1245 525 1315; x_wconf 86' lang='lat' dir='ltr'><strong>ejus</strong></span> <span class='ocrx_word' id='word_1_90' title='bbox 555 1240 712 1308; x_wconf 86' lang='lat' dir='ltr'><strong>dicit,</strong></span> <span class='ocrx_word' id='word_1_91' title='bbox 740 1239 1117 1307; x_wconf 80' lang='lat' dir='ltr'><strong>subauditur,</strong></span> <span class='ocrx_word' id='word_1_92' title='bbox 1147 1240 1244 1294; x_wconf 91' lang='lat' dir='ltr'><strong>Dei</strong></span> <span class='ocrx_word' id='word_1_93' title='bbox 1265 1240 1430 1311; x_wconf 85' lang='lat'>(892).</span> <span class='ocrx_word' id='word_1_94' title='bbox 1466 1242 1529 1296; x_wconf 93' lang='lat' dir='ltr'><strong>In</strong></span> <span class='ocrx_word' id='word_1_95' title='bbox 1551 1257 1618 1296; x_wconf 90' lang='lat' dir='ltr'><strong>eo</strong></span> <span class='ocrx_word' id='word_1_96' title='bbox 1642 1257 1899 1311; x_wconf 87' lang='lat' dir='ltr'><strong>namque</strong></span> 
     </span>
    </p>
   </div>
   <div class='ocr_carea' id='block_1_14' title="bbox 242 1328 1898 1406">
    <p class='ocr_par' dir='ltr' id='par_1_14' title="bbox 242 1328 1898 1406">
     <span class='ocr_line' id='line_1_14' title="bbox 242 1328 1898 1406; baseline -0.004 -17"><span class='ocrx_word' id='word_1_97' title='bbox 242 1334 405 1406; x_wconf 91' lang='lat' dir='ltr'><strong>quod</strong></span> <span class='ocrx_word' id='word_1_98' title='bbox 452 1330 626 1386; x_wconf 89' lang='lat' dir='ltr'><strong>dicit:</strong></span> <span class='ocrx_word' id='word_1_99' title='bbox 658 1330 741 1383; x_wconf 75' lang='lat' dir='ltr'><strong>Ea:</strong></span> <span class='ocrx_word' id='word_1_100' title='bbox 770 1328 877 1399; x_wconf 83' lang='lat' dir='ltr'><strong>ﬁde</strong></span> <span class='ocrx_word' id='word_1_101' title='bbox 906 1330 1040 1383; x_wconf 88' lang='lat' dir='ltr'><strong>vivit</strong></span> <span class='ocrx_word' id='word_1_102' title='bbox 1076 1328 1281 1399; x_wconf 86' lang='lat' dir='ltr'><strong>justus,</strong></span> <span class='ocrx_word' id='word_1_103' title='bbox 1336 1331 1590 1385; x_wconf 83' lang='lat' dir='ltr'><strong>ostendit</strong></span> <span class='ocrx_word' id='word_1_104' title='bbox 1630 1331 1770 1401; x_wconf 87' lang='lat' dir='ltr'><strong>quia</strong></span> <span class='ocrx_word' id='word_1_105' title='bbox 1800 1330 1898 1384; x_wconf 90' lang='lat' dir='ltr'><strong>ille</strong></span> 
     </span>
    </p>
   </div>
   <div class='ocr_carea' id='block_1_15' title="bbox 234 1416 1897 1495">
    <p class='ocr_par' dir='ltr' id='par_1_15' title="bbox 234 1416 1897 1495">
     <span class='ocr_line' id='line_1_15' title="bbox 234 1416 1897 1495; baseline -0.003 -17"><span class='ocrx_word' id='word_1_106' title='bbox 234 1425 448 1495; x_wconf 88' lang='lat' dir='ltr'><strong>justus</strong></span> <span class='ocrx_word' id='word_1_107' title='bbox 478 1420 575 1492; x_wconf 91' lang='lat' dir='ltr'><strong>qui</strong></span> <span class='ocrx_word' id='word_1_108' title='bbox 604 1418 751 1490; x_wconf 85' lang='lat'>(893)</span> <span class='ocrx_word' id='word_1_109' title='bbox 784 1433 903 1471; x_wconf 90' lang='lat' dir='ltr'><strong>non</strong></span> <span class='ocrx_word' id='word_1_110' title='bbox 934 1416 1111 1471; x_wconf 88' lang='lat' dir='ltr'><strong>habet</strong></span> <span class='ocrx_word' id='word_1_111' title='bbox 1140 1417 1337 1486; x_wconf 90' lang='lat' dir='ltr'><strong>ﬁdem,</strong></span> <span class='ocrx_word' id='word_1_112' title='bbox 1363 1435 1480 1473; x_wconf 89' lang='lat' dir='ltr'><strong>non</strong></span> <span class='ocrx_word' id='word_1_113' title='bbox 1506 1418 1666 1487; x_wconf 88' lang='lat' dir='ltr'><strong>vivit,</strong></span> <span class='ocrx_word' id='word_1_114' title='bbox 1692 1435 1897 1489; x_wconf 89' lang='lat' dir='ltr'><strong>quem-</strong></span> 
     </span>
    </p>
   </div>
   <div class='ocr_carea' id='block_1_16' title="bbox 246 1505 1903 1579">
    <p class='ocr_par' dir='ltr' id='par_1_16' title="bbox 246 1505 1903 1579">
     <span class='ocr_line' id='line_1_16' title="bbox 246 1505 1903 1579; baseline -0.004 -12"><span class='ocrx_word' id='word_1_115' title='bbox 246 1510 570 1568; x_wconf 89' lang='lat' dir='ltr'><strong>admodum</strong></span> <span class='ocrx_word' id='word_1_116' title='bbox 594 1506 852 1562; x_wconf 90' lang='lat' dir='ltr'><strong>Paulus:</strong></span> <span class='ocrx_word' id='word_1_117' title='bbox 905 1505 1031 1577; x_wconf 89' lang='lat' dir='ltr'><strong>ipse</strong></span> <span class='ocrx_word' id='word_1_118' title='bbox 1072 1521 1325 1577; x_wconf 87' lang='lat' dir='ltr'><strong>namque</strong></span> <span class='ocrx_word' id='word_1_119' title='bbox 1346 1508 1550 1579; x_wconf 88' lang='lat' dir='ltr'><strong>justus</strong></span> <span class='ocrx_word' id='word_1_120' title='bbox 1584 1512 1726 1577; x_wconf 88' lang='lat' dir='ltr'><strong>erat,</strong></span> <span class='ocrx_word' id='word_1_121' title='bbox 1761 1508 1903 1578; x_wconf 86' lang='lat' dir='ltr'><strong>quia</strong></span> 
     </span>
    </p>
   </div>
   <div class='ocr_carea' id='block_1_17' title="bbox 248 1594 1905 1670">
    <p class='ocr_par' dir='ltr' id='par_1_17' title="bbox 248 1594 1905 1670">
     <span class='ocr_line' id='line_1_17' title="bbox 248 1594 1905 1670; baseline -0.004 -14"><span class='ocrx_word' id='word_1_122' title='bbox 248 1600 382 1657; x_wconf 88' lang='lat' dir='ltr'><strong>sine</strong></span> <span class='ocrx_word' id='word_1_123' title='bbox 407 1595 637 1670; x_wconf 86' lang='lat' dir='ltr'><strong>querela</strong></span> <span class='ocrx_word' id='word_1_124' title='bbox 664 1594 893 1650; x_wconf 88' lang='lat' dir='ltr'><strong>vivebat</strong></span> <span class='ocrx_word' id='word_1_125' title='bbox 914 1594 973 1649; x_wconf 89' lang='lat' dir='ltr'><strong>in</strong></span> <span class='ocrx_word' id='word_1_126' title='bbox 998 1595 1121 1665; x_wconf 87' lang='lat' dir='ltr'><strong>lege</strong></span> <span class='ocrx_word' id='word_1_127' title='bbox 1145 1612 1158 1662; x_wconf 87' lang='lat'><strong>;</strong></span> <span class='ocrx_word' id='word_1_128' title='bbox 1184 1596 1285 1650; x_wconf 90' lang='lat' dir='ltr'><strong>sed</strong></span> <span class='ocrx_word' id='word_1_129' title='bbox 1310 1601 1507 1652; x_wconf 87' lang='lat' dir='ltr'><strong>tamen</strong></span> <span class='ocrx_word' id='word_1_130' title='bbox 1530 1614 1646 1653; x_wconf 92' lang='lat' dir='ltr'><strong>non</strong></span> <span class='ocrx_word' id='word_1_131' title='bbox 1676 1597 1905 1652; x_wconf 89' lang='lat' dir='ltr'><strong>vivebat</strong></span> 
     </span>
    </p>
   </div>
   <div class='ocr_carea' id='block_1_18' title="bbox 250 1682 1905 1757">
    <p class='ocr_par' dir='ltr' id='par_1_18' title="bbox 250 1682 1905 1757">
     <span class='ocr_line' id='line_1_18' title="bbox 250 1682 1905 1757; baseline -0.004 -12"><span class='ocrx_word' id='word_1_132' title='bbox 250 1706 322 1746; x_wconf 82' lang='lat' dir='ltr'><strong>ex</strong></span> <span class='ocrx_word' id='word_1_133' title='bbox 382 1687 517 1754; x_wconf 86' lang='lat' dir='ltr'><strong>ﬁde,</strong></span> <span class='ocrx_word' id='word_1_134' title='bbox 540 1685 675 1757; x_wconf 89' lang='lat' dir='ltr'><strong>quia</strong></span> <span class='ocrx_word' id='word_1_135' title='bbox 691 1700 808 1740; x_wconf 90' lang='lat' dir='ltr'><strong>non</strong></span> <span class='ocrx_word' id='word_1_136' title='bbox 857 1683 1111 1738; x_wconf 89' lang='lat' dir='ltr'><strong>habebat</strong></span> <span class='ocrx_word' id='word_1_137' title='bbox 1131 1682 1297 1740; x_wconf 86' lang='lat' dir='ltr'><strong>illum</strong></span> <span class='ocrx_word' id='word_1_138' title='bbox 1320 1686 1423 1756; x_wconf 89' lang='lat' dir='ltr'><strong>qui</strong></span> <span class='ocrx_word' id='word_1_139' title='bbox 1453 1685 1629 1741; x_wconf 85' lang='lat' dir='ltr'><strong>dixit:</strong></span> <span class='ocrx_word' id='word_1_140' title='bbox 1654 1687 1762 1757; x_wconf 85' lang='lat' dir='ltr'><strong>Ego</strong></span> <span class='ocrx_word' id='word_1_141' title='bbox 1781 1702 1905 1740; x_wconf 86' lang='lat' dir='ltr'><strong>sum</strong></span> 
     </span>
    </p>
   </div>
   <div class='ocr_carea' id='block_1_19' title="bbox 245 1772 1904 1845">
    <p class='ocr_par' dir='ltr' id='par_1_19' title="bbox 245 1772 1904 1845">
     <span class='ocr_line' id='line_1_19' title="bbox 245 1772 1904 1845; baseline -0.003 -11"><span class='ocrx_word' id='word_1_142' title='bbox 245 1781 372 1834; x_wconf 84' lang='lat' dir='ltr'><strong>vita</strong></span> <span class='ocrx_word' id='word_1_143' title='bbox 402 1778 577 1845; x_wconf 86' lang='lat' dir='ltr'><strong>(Joan.</strong></span> <span class='ocrx_word' id='word_1_144' title='bbox 606 1791 718 1828; x_wconf 86' lang='lat' dir='ltr'><strong>x1v.</strong></span> <span class='ocrx_word' id='word_1_145' title='bbox 750 1773 829 1844; x_wconf 91' lang='lat'>6).</span> <span class='ocrx_word' id='word_1_146' title='bbox 864 1772 949 1827; x_wconf 89' lang='lat' dir='ltr'><strong>lta</strong></span> <span class='ocrx_word' id='word_1_147' title='bbox 978 1776 1172 1828; x_wconf 88' lang='lat' dir='ltr'><strong>autem</strong></span> <span class='ocrx_word' id='word_1_148' title='bbox 1203 1773 1418 1830; x_wconf 92' lang='lat' dir='ltr'><strong>dicitur</strong></span> <span class='ocrx_word' id='word_1_149' title='bbox 1440 1793 1453 1831; x_wconf 92' lang='lat'><strong>:</strong></span> <span class='ocrx_word' id='word_1_150' title='bbox 1475 1778 1662 1831; x_wconf 78' lang='lat' dir='ltr'><strong>Justus</strong></span> <span class='ocrx_word' id='word_1_151' title='bbox 1700 1791 1770 1829; x_wconf 77' lang='lat' dir='ltr'><strong>ex</strong></span> <span class='ocrx_word' id='word_1_152' title='bbox 1798 1774 1904 1843; x_wconf 78' lang='lat' dir='ltr'><strong>ﬁde</strong></span> 
     </span>
    </p>
   </div>
   <div class='ocr_carea' id='block_1_20' title="bbox 248 1861 1905 1936">
    <p class='ocr_par' dir='ltr' id='par_1_20' title="bbox 248 1861 1905 1936">
     <span class='ocr_line' id='line_1_20' title="bbox 248 1861 1905 1936; baseline -0.004 -13"><span class='ocrx_word' id='word_1_153' title='bbox 248 1869 414 1934; x_wconf 86' lang='lat' dir='ltr'><strong>vivit,</strong></span> <span class='ocrx_word' id='word_1_154' title='bbox 450 1862 944 1936; x_wconf 85' lang='lat' dir='ltr'><strong>quemadmodum</strong></span> <span class='ocrx_word' id='word_1_155' title='bbox 967 1861 1082 1916; x_wconf 91' lang='lat' dir='ltr'><strong>dici</strong></span> <span class='ocrx_word' id='word_1_156' title='bbox 1114 1867 1340 1933; x_wconf 88' lang='lat' dir='ltr'><strong>potest:</strong></span> <span class='ocrx_word' id='word_1_157' title='bbox 1366 1863 1598 1930; x_wconf 88' lang='lat' dir='ltr'><strong>Castus,</strong></span> <span class='ocrx_word' id='word_1_158' title='bbox 1623 1863 1905 1936; x_wconf 84' lang='lat' dir='ltr'><strong>prudens,</strong></span> 
     </span>
    </p>
   </div>
   <div class='ocr_carea' id='block_1_21' title="bbox 251 1950 1911 2027">
    <p class='ocr_par' dir='ltr' id='par_1_21' title="bbox 251 1950 1911 2027">
     <span class='ocr_line' id='line_1_21' title="bbox 251 1950 1911 2027; baseline -0.004 -14"><span class='ocrx_word' id='word_1_159' title='bbox 251 1963 614 2027; x_wconf 84' lang='lat' dir='ltr'><strong>temperans,</strong></span> <span class='ocrx_word' id='word_1_160' title='bbox 646 1968 715 2007; x_wconf 90' lang='lat' dir='ltr'><strong>ex</strong></span> <span class='ocrx_word' id='word_1_161' title='bbox 744 1951 856 2007; x_wconf 90' lang='lat' dir='ltr'><strong>ﬁde</strong></span> <span class='ocrx_word' id='word_1_162' title='bbox 886 1950 1041 2017; x_wconf 88' lang='lat' dir='ltr'><strong>vivit,</strong></span> <span class='ocrx_word' id='word_1_163' title='bbox 1076 1968 1214 2006; x_wconf 90' lang='lat' dir='ltr'><strong>nam</strong></span> <span class='ocrx_word' id='word_1_164' title='bbox 1243 1957 1436 2024; x_wconf 88' lang='lat' dir='ltr'><strong>potest</strong></span> <span class='ocrx_word' id='word_1_165' title='bbox 1466 1954 1601 2024; x_wconf 89' lang='lat' dir='ltr'><strong>quis</strong></span> <span class='ocrx_word' id='word_1_166' title='bbox 1634 1954 1749 2009; x_wconf 88' lang='lat' dir='ltr'><strong>ista</strong></span> <span class='ocrx_word' id='word_1_167' title='bbox 1779 1969 1911 2008; x_wconf 88' lang='lat' dir='ltr'><strong>om—</strong></span> 
     </span>
    </p>
   </div>
   <div class='ocr_carea' id='block_1_22' title="bbox 251 2040 1909 2114">
    <p class='ocr_par' dir='ltr' id='par_1_22' title="bbox 251 2040 1909 2114">
     <span class='ocr_line' id='line_1_22' title="bbox 251 2040 1909 2114; baseline -0.002 -13"><span class='ocrx_word' id='word_1_168' title='bbox 251 2046 360 2102; x_wconf 89' lang='lat' dir='ltr'><strong>nia</strong></span> <span class='ocrx_word' id='word_1_169' title='bbox 411 2042 622 2098; x_wconf 84' lang='lat' dir='ltr'><strong>habere</strong></span> <span class='ocrx_word' id='word_1_170' title='bbox 651 2042 779 2096; x_wconf 82' lang='lat' dir='ltr'><strong>sine</strong></span> <span class='ocrx_word' id='word_1_171' title='bbox 837 2040 970 2095; x_wconf 91' lang='lat' dir='ltr'><strong>ﬁde.</strong></span> <span class='ocrx_word' id='word_1_172' title='bbox 1002 2044 1204 2097; x_wconf 89' lang='lat' dir='ltr'><strong>Potest</strong></span> <span class='ocrx_word' id='word_1_173' title='bbox 1259 2047 1315 2096; x_wconf 91' lang='lat' dir='ltr'><strong>et</strong></span> <span class='ocrx_word' id='word_1_174' title='bbox 1371 2042 1538 2098; x_wconf 86' lang='lat' dir='ltr'><strong>aliter</strong></span> <span class='ocrx_word' id='word_1_175' title='bbox 1586 2042 1909 2114; x_wconf 86' lang='lat' dir='ltr'><strong>distingui:</strong></span> 
     </span>
    </p>
   </div>
   <div class='ocr_carea' id='block_1_23' title="bbox 254 2129 1915 2204">
    <p class='ocr_par' dir='ltr' id='par_1_23' title="bbox 254 2129 1915 2204">
     <span class='ocr_line' id='line_1_23' title="bbox 254 2129 1915 2204; baseline -0.002 -13"><span class='ocrx_word' id='word_1_176' title='bbox 254 2136 447 2192; x_wconf 86' lang='lat' dir='ltr'><strong>Justus</strong></span> <span class='ocrx_word' id='word_1_177' title='bbox 476 2148 545 2188; x_wconf 70' lang='lat' dir='ltr'><strong>ex</strong></span> <span class='ocrx_word' id='word_1_178' title='bbox 569 2131 671 2202; x_wconf 83' lang='lat' dir='ltr'><strong>ﬁde</strong></span> <span class='ocrx_word' id='word_1_179' title='bbox 700 2132 872 2193; x_wconf 85' lang='lat' dir='ltr'><strong>vivit;</strong></span> <span class='ocrx_word' id='word_1_180' title='bbox 902 2129 960 2184; x_wconf 92' lang='lat' dir='ltr'><strong>id</strong></span> <span class='ocrx_word' id='word_1_181' title='bbox 991 2134 1099 2195; x_wconf 88' lang='lat' dir='ltr'><strong>est,</strong></span> <span class='ocrx_word' id='word_1_182' title='bbox 1133 2129 1231 2185; x_wconf 90' lang='lat' dir='ltr'><strong>ille</strong></span> <span class='ocrx_word' id='word_1_183' title='bbox 1269 2131 1371 2202; x_wconf 90' lang='lat' dir='ltr'><strong>qui</strong></span> <span class='ocrx_word' id='word_1_184' title='bbox 1401 2148 1469 2187; x_wconf 87' lang='lat' dir='ltr'><strong>ex</strong></span> <span class='ocrx_word' id='word_1_185' title='bbox 1517 2133 1633 2188; x_wconf 90' lang='lat' dir='ltr'><strong>ﬁde</strong></span> <span class='ocrx_word' id='word_1_186' title='bbox 1664 2139 1773 2204; x_wconf 87' lang='lat' dir='ltr'><strong>est,</strong></span> <span class='ocrx_word' id='word_1_187' title='bbox 1815 2130 1915 2187; x_wconf 91' lang='lat' dir='ltr'><strong>ille</strong></span> 
     </span>
    </p>
   </div>
   <div class='ocr_carea' id='block_1_24' title="bbox 251 2224 419 2281">
    <p class='ocr_par' dir='ltr' id='par_1_24' title="bbox 251 2224 419 2281">
     <span class='ocr_line' id='line_1_24' title="bbox 251 2224 419 2281; baseline -0.024 0"><span class='ocrx_word' id='word_1_188' title='bbox 251 2224 419 2281; x_wconf 87' lang='lat' dir='ltr'><strong>vivit.</strong></span> 
     </span>
    </p>
   </div>
   <div class='ocr_carea' id='block_1_25' title="bbox 328 2335 1918 2409">
    <p class='ocr_par' dir='ltr' id='par_1_25' title="bbox 328 2335 1918 2409">
     <span class='ocr_line' id='line_1_25' title="bbox 328 2335 1918 2409; baseline -0.001 -15"><span class='ocrx_word' id='word_1_189' title='bbox 328 2341 447 2395; x_wconf 73' lang='lat' dir='ltr'><strong>Lex</strong></span> <span class='ocrx_word' id='word_1_190' title='bbox 476 2345 660 2393; x_wconf 87' lang='lat' dir='ltr'><strong>autem</strong></span> <span class='ocrx_word' id='word_1_191' title='bbox 686 2352 797 2391; x_wconf 84' lang='lat' dir='ltr'><strong>non</strong></span> <span class='ocrx_word' id='word_1_192' title='bbox 825 2340 901 2392; x_wconf 88' lang='lat' dir='ltr'><strong>est</strong></span> <span class='ocrx_word' id='word_1_193' title='bbox 928 2351 998 2391; x_wconf 78' lang='lat' dir='ltr'><strong>ea:</strong></span> <span class='ocrx_word' id='word_1_194' title='bbox 1025 2335 1150 2405; x_wconf 84' lang='lat' dir='ltr'><strong>ﬁde.</strong></span> <span class='ocrx_word' id='word_1_195' title='bbox 1204 2336 1543 2392; x_wconf 90' lang='lat' dir='ltr'><strong>Notandum</strong></span> <span class='ocrx_word' id='word_1_196' title='bbox 1586 2338 1741 2393; x_wconf 89' lang='lat' dir='ltr'><strong>enim</strong></span> <span class='ocrx_word' id='word_1_197' title='bbox 1777 2338 1918 2409; x_wconf 90' lang='lat' dir='ltr'><strong>quia</strong></span> 
     </span>
    </p>
   </div>
   <div class='ocr_carea' id='block_1_26' title="bbox 259 2423 1914 2499">
    <p class='ocr_par' dir='ltr' id='par_1_26' title="bbox 259 2423 1914 2499">
     <span class='ocr_line' id='line_1_26' title="bbox 259 2423 1914 2499; baseline -0.003 -13"><span class='ocrx_word' id='word_1_198' title='bbox 259 2431 441 2487; x_wconf 85' lang='lat' dir='ltr'><strong>homo</strong></span> <span class='ocrx_word' id='word_1_199' title='bbox 460 2442 563 2499; x_wconf 85' lang='lat' dir='ltr'><strong>per</strong></span> <span class='ocrx_word' id='word_1_200' title='bbox 574 2426 745 2481; x_wconf 88' lang='lat' dir='ltr'><strong>ﬁdem</strong></span> <span class='ocrx_word' id='word_1_201' title='bbox 769 2423 1054 2496; x_wconf 85' lang='lat' dir='ltr'><strong>spiritalia</strong></span> <span class='ocrx_word' id='word_1_202' title='bbox 1066 2424 1220 2479; x_wconf 90' lang='lat' dir='ltr'><strong>bona</strong></span> <span class='ocrx_word' id='word_1_203' title='bbox 1236 2425 1914 2499; x_wconf 72' lang='lat' dir='ltr'><strong>praestolatur,quoniam</strong></span> 
     </span>
    </p>
   </div>
   <div class='ocr_carea' id='block_1_27' title="bbox 258 2515 1920 2589">
    <p class='ocr_par' dir='ltr' id='par_1_27' title="bbox 258 2515 1920 2589">
     <span class='ocr_line' id='line_1_27' title="bbox 258 2515 1920 2589; baseline -0.001 -15"><span class='ocrx_word' id='word_1_204' title='bbox 258 2518 412 2574; x_wconf 85' lang='lat' dir='ltr'><strong>ﬁdes</strong></span> <span class='ocrx_word' id='word_1_205' title='bbox 439 2515 673 2571; x_wconf 89' lang='lat' dir='ltr'><strong>illarum</strong></span> <span class='ocrx_word' id='word_1_206' title='bbox 705 2530 898 2571; x_wconf 90' lang='lat' dir='ltr'><strong>rerum</strong></span> <span class='ocrx_word' id='word_1_207' title='bbox 929 2519 1018 2570; x_wconf 89' lang='lat' dir='ltr'><strong>est</strong></span> <span class='ocrx_word' id='word_1_208' title='bbox 1046 2530 1179 2585; x_wconf 87' lang='lat' dir='ltr'><strong>quae</strong></span> <span class='ocrx_word' id='word_1_209' title='bbox 1209 2530 1324 2569; x_wconf 90' lang='lat' dir='ltr'><strong>non</strong></span> <span class='ocrx_word' id='word_1_210' title='bbox 1366 2516 1638 2571; x_wconf 89' lang='lat' dir='ltr'><strong>videntur</strong></span> <span class='ocrx_word' id='word_1_211' title='bbox 1663 2542 1676 2584; x_wconf 89' lang='lat'><strong>;</strong></span> <span class='ocrx_word' id='word_1_212' title='bbox 1701 2516 1760 2571; x_wconf 91' lang='lat' dir='ltr'><strong>in</strong></span> <span class='ocrx_word' id='word_1_213' title='bbox 1791 2517 1920 2589; x_wconf 89' lang='lat' dir='ltr'><strong>lege</strong></span> 
     </span>
    </p>
   </div>
   <div class='ocr_carea' id='block_1_28' title="bbox 257 2603 1919 2675">
    <p class='ocr_par' dir='ltr' id='par_1_28' title="bbox 257 2603 1919 2675">
     <span class='ocr_line' id='line_1_28' title="bbox 257 2603 1919 2675; baseline -0.001 -14"><span class='ocrx_word' id='word_1_214' title='bbox 257 2622 400 2663; x_wconf 85' lang='lat' dir='ltr'><strong>vero</strong></span> <span class='ocrx_word' id='word_1_215' title='bbox 434 2622 551 2661; x_wconf 89' lang='lat' dir='ltr'><strong>non</strong></span> <span class='ocrx_word' id='word_1_216' title='bbox 600 2609 689 2661; x_wconf 85' lang='lat' dir='ltr'><strong>est</strong></span> <span class='ocrx_word' id='word_1_217' title='bbox 733 2604 899 2674; x_wconf 88' lang='lat' dir='ltr'><strong>ﬁdes,</strong></span> <span class='ocrx_word' id='word_1_218' title='bbox 949 2604 1089 2675; x_wconf 87' lang='lat' dir='ltr'><strong>quia</strong></span> <span class='ocrx_word' id='word_1_219' title='bbox 1143 2603 1270 2658; x_wconf 89' lang='lat' dir='ltr'><strong>suis</strong></span> <span class='ocrx_word' id='word_1_220' title='bbox 1311 2605 1806 2674; x_wconf 89' lang='lat' dir='ltr'><strong>observatoribus,</strong></span> <span class='ocrx_word' id='word_1_221' title='bbox 1832 2606 1919 2661; x_wconf 88' lang='lat' dir='ltr'><strong>vel</strong></span> 
     </span>
    </p>
   </div>
   <div class='ocr_carea' id='block_1_29' title="bbox 262 2691 1920 2766">
    <p class='ocr_par' dir='ltr' id='par_1_29' title="bbox 262 2691 1920 2766">
     <span class='ocr_line' id='line_1_29' title="bbox 262 2691 1920 2766; baseline -0.003 -13"><span class='ocrx_word' id='word_1_222' title='bbox 262 2693 765 2766; x_wconf 88' lang='lat' dir='ltr'><strong>contemporibus,</strong></span> <span class='ocrx_word' id='word_1_223' title='bbox 799 2693 953 2764; x_wconf 92' lang='lat' dir='ltr'><strong>quod</strong></span> <span class='ocrx_word' id='word_1_224' title='bbox 984 2691 1213 2759; x_wconf 88' lang='lat' dir='ltr'><strong>tribuit,</strong></span> <span class='ocrx_word' id='word_1_225' title='bbox 1236 2694 1554 2766; x_wconf 87' lang='lat' dir='ltr'><strong>temporale</strong></span> <span class='ocrx_word' id='word_1_226' title='bbox 1576 2700 1667 2750; x_wconf 87' lang='lat' dir='ltr'><strong>est</strong></span> <span class='ocrx_word' id='word_1_227' title='bbox 1696 2701 1754 2750; x_wconf 90' lang='lat' dir='ltr'><strong>et</strong></span> <span class='ocrx_word' id='word_1_228' title='bbox 1783 2694 1920 2750; x_wconf 90' lang='lat' dir='ltr'><strong>visi-</strong></span> 
     </span>
    </p>
   </div>
   <div class='ocr_carea' id='block_1_30' title="bbox 262 2782 1923 2855">
    <p class='ocr_par' dir='ltr' id='par_1_30' title="bbox 262 2782 1923 2855">
     <span class='ocr_line' id='line_1_30' title="bbox 262 2782 1923 2855; baseline -0.002 -14"><span class='ocrx_word' id='word_1_229' title='bbox 262 2785 404 2841; x_wconf 90' lang='lat' dir='ltr'><strong>bile.</strong></span> <span class='ocrx_word' id='word_1_230' title='bbox 428 2784 577 2839; x_wconf 90' lang='lat' dir='ltr'><strong>Nam</strong></span> <span class='ocrx_word' id='word_1_231' title='bbox 609 2783 656 2838; x_wconf 86' lang='lat' dir='ltr'><strong>si</strong></span> <span class='ocrx_word' id='word_1_232' title='bbox 682 2799 911 2854; x_wconf 79' lang='lat' dir='ltr'><strong>pcenam</strong></span> <span class='ocrx_word' id='word_1_233' title='bbox 941 2782 1117 2837; x_wconf 86' lang='lat' dir='ltr'><strong>infert</strong></span> <span class='ocrx_word' id='word_1_234' title='bbox 1147 2782 1923 2855; x_wconf 86' lang='lat' dir='ltr'><strong>contemptoribus,visibilis</strong></span> 
     </span>
    </p>
   </div>
   <div class='ocr_carea' id='block_1_31' title="bbox 259 2871 1922 2945">
    <p class='ocr_par' dir='ltr' id='par_1_31' title="bbox 259 2871 1922 2945">
     <span class='ocr_line' id='line_1_31' title="bbox 259 2871 1922 2945; baseline -0.002 -14"><span class='ocrx_word' id='word_1_235' title='bbox 259 2879 392 2940; x_wconf 87' lang='lat' dir='ltr'><strong>est;</strong></span> <span class='ocrx_word' id='word_1_236' title='bbox 427 2873 477 2929; x_wconf 91' lang='lat' dir='ltr'><strong>si</strong></span> <span class='ocrx_word' id='word_1_237' title='bbox 509 2888 641 2928; x_wconf 88' lang='lat' dir='ltr'><strong>vero</strong></span> <span class='ocrx_word' id='word_1_238' title='bbox 673 2871 1143 2928; x_wconf 88' lang='lat' dir='ltr'><strong>observatoribus</strong></span> <span class='ocrx_word' id='word_1_239' title='bbox 1173 2871 1417 2937; x_wconf 88' lang='lat' dir='ltr'><strong>donum,</strong></span> <span class='ocrx_word' id='word_1_240' title='bbox 1466 2873 1787 2945; x_wconf 87' lang='lat' dir='ltr'><strong>temporale</strong></span> <span class='ocrx_word' id='word_1_241' title='bbox 1814 2877 1922 2929; x_wconf 91' lang='lat' dir='ltr'><strong>est.</strong></span> 
     </span>
    </p>
   </div>
   <div class='ocr_carea' id='block_1_32' title="bbox 338 2996 1925 3069">
    <p class='ocr_par' dir='ltr' id='par_1_32' title="bbox 338 2996 1925 3069">
     <span class='ocr_line' id='line_1_32' title="bbox 338 2996 1925 3069; baseline -0.001 -15"><span class='ocrx_word' id='word_1_242' title='bbox 338 2997 442 3054; x_wconf 89' lang='lat' dir='ltr'><strong>Sed</strong></span> <span class='ocrx_word' id='word_1_243' title='bbox 474 2997 653 3069; x_wconf 71' lang='lat'>(894):</span> <span class='ocrx_word' id='word_1_244' title='bbox 702 2998 806 3065; x_wconf 90' lang='lat' dir='ltr'><strong>Qui</strong></span> <span class='ocrx_word' id='word_1_245' title='bbox 832 2997 1031 3067; x_wconf 82' lang='lat' dir='ltr'><strong>fecerit</strong></span> <span class='ocrx_word' id='word_1_246' title='bbox 1062 3011 1188 3051; x_wconf 89' lang='lat' dir='ltr'><strong>eam</strong></span> <span class='ocrx_word' id='word_1_247' title='bbox 1240 2996 1410 3067; x_wconf 87' lang='lat'>(895),</span> <span class='ocrx_word' id='word_1_248' title='bbox 1464 3002 1572 3052; x_wconf 85' lang='lat' dir='ltr'><strong>etc.</strong></span> <span class='ocrx_word' id='word_1_249' title='bbox 1606 2998 1754 3053; x_wconf 89' lang='lat' dir='ltr'><strong>Nota</strong></span> <span class='ocrx_word' id='word_1_250' title='bbox 1785 2997 1925 3069; x_wconf 87' lang='lat' dir='ltr'><strong>quia</strong></span> 
     </span>
    </p>
   </div>
   <div class='ocr_carea' id='block_1_33' title="bbox 267 3085 1929 3156">
    <p class='ocr_par' dir='ltr' id='par_1_33' title="bbox 267 3085 1929 3156">
     <span class='ocr_line' id='line_1_33' title="bbox 267 3085 1929 3156; baseline -0.002 -11"><span class='ocrx_word' id='word_1_251' title='bbox 267 3105 405 3146; x_wconf 89' lang='lat' dir='ltr'><strong>cum</strong></span> <span class='ocrx_word' id='word_1_252' title='bbox 440 3088 688 3142; x_wconf 83' lang='lat' dir='ltr'><strong>dixisset</strong></span> <span class='ocrx_word' id='word_1_253' title='bbox 717 3103 853 3152; x_wconf 89' lang='lat' dir='ltr'><strong>eam,</strong></span> <span class='ocrx_word' id='word_1_254' title='bbox 887 3085 1213 3156; x_wconf 82' lang='lat' dir='ltr'><strong>subjunxit,</strong></span> <span class='ocrx_word' id='word_1_255' title='bbox 1264 3102 1379 3141; x_wconf 90' lang='lat' dir='ltr'><strong>non</strong></span> <span class='ocrx_word' id='word_1_256' title='bbox 1430 3088 1488 3141; x_wconf 88' lang='lat' dir='ltr'><strong>in</strong></span> <span class='ocrx_word' id='word_1_257' title='bbox 1535 3103 1678 3154; x_wconf 88' lang='lat' dir='ltr'><strong>eam,</strong></span> <span class='ocrx_word' id='word_1_258' title='bbox 1726 3088 1827 3142; x_wconf 91' lang='lat' dir='ltr'><strong>sed</strong></span> <span class='ocrx_word' id='word_1_259' title='bbox 1867 3089 1929 3141; x_wconf 85' lang='lat' dir='ltr'><strong>in</strong></span> 
     </span>
    </p>
   </div>
   <div class='ocr_carea' id='block_1_34' title="bbox 1996 532 3651 607">
    <p class='ocr_par' dir='ltr' id='par_1_34' title="bbox 1996 532 3651 607">
     <span class='ocr_line' id='line_1_34' title="bbox 1996 532 3651 607; baseline -0.001 -18"><span class='ocrx_word' id='word_1_260' title='bbox 1996 532 2203 604; x_wconf 85' lang='lat' dir='ltr'><strong>lingua</strong></span> <span class='ocrx_word' id='word_1_261' title='bbox 2225 534 2581 601; x_wconf 89' lang='lat' dir='ltr'><strong>membrum,</strong></span> <span class='ocrx_word' id='word_1_262' title='bbox 2607 537 2762 607; x_wconf 90' lang='lat' dir='ltr'><strong>quod</strong></span> <span class='ocrx_word' id='word_1_263' title='bbox 2789 542 3052 591; x_wconf 88' lang='lat' dir='ltr'><strong>movetur</strong></span> <span class='ocrx_word' id='word_1_264' title='bbox 3081 535 3137 589; x_wconf 90' lang='lat' dir='ltr'><strong>in</strong></span> <span class='ocrx_word' id='word_1_265' title='bbox 3163 534 3374 604; x_wconf 87' lang='lat' dir='ltr'><strong>capite,</strong></span> <span class='ocrx_word' id='word_1_266' title='bbox 3406 538 3461 587; x_wconf 91' lang='lat' dir='ltr'><strong>et</strong></span> <span class='ocrx_word' id='word_1_267' title='bbox 3482 533 3651 588; x_wconf 88' lang='lat' dir='ltr'><strong>aliter</strong></span> 
     </span>
    </p>
   </div>
   <div class='ocr_carea' id='block_1_35' title="bbox 2002 620 3649 693">
    <p class='ocr_par' dir='ltr' id='par_1_35' title="bbox 2002 620 3649 693">
     <span class='ocr_line' id='line_1_35' title="bbox 2002 620 3649 693; baseline 0.001 -18"><span class='ocrx_word' id='word_1_268' title='bbox 2002 620 2200 691; x_wconf 79' lang='lat' dir='ltr'><strong>lingua</strong></span> <span class='ocrx_word' id='word_1_269' title='bbox 2231 624 2451 686; x_wconf 65' lang='lat' dir='ltr'><strong>Graeca,</strong></span> <span class='ocrx_word' id='word_1_270' title='bbox 2486 625 2739 693; x_wconf 64' lang='lat' dir='ltr'><strong>Hebraea,</strong></span> <span class='ocrx_word' id='word_1_271' title='bbox 2765 630 2822 678; x_wconf 92' lang='lat' dir='ltr'><strong>et</strong></span> <span class='ocrx_word' id='word_1_272' title='bbox 2851 625 3005 679; x_wconf 87' lang='lat' dir='ltr'><strong>sicut</strong></span> <span class='ocrx_word' id='word_1_273' title='bbox 3036 623 3202 679; x_wconf 88' lang='lat' dir='ltr'><strong>aliter</strong></span> <span class='ocrx_word' id='word_1_274' title='bbox 3224 639 3433 677; x_wconf 90' lang='lat' dir='ltr'><strong>manus</strong></span> <span class='ocrx_word' id='word_1_275' title='bbox 3465 639 3649 676; x_wconf 87' lang='lat' dir='ltr'><strong>mem-</strong></span> 
     </span>
    </p>
   </div>
   <div class='ocr_carea' id='block_1_36' title="bbox 2002 710 3651 783">
    <p class='ocr_par' dir='ltr' id='par_1_36' title="bbox 2002 710 3651 783">
     <span class='ocr_line' id='line_1_36' title="bbox 2002 710 3651 783; baseline 0.002 -20"><span class='ocrx_word' id='word_1_276' title='bbox 2002 710 2176 764; x_wconf 87' lang='lat' dir='ltr'><strong>brum</strong></span> <span class='ocrx_word' id='word_1_277' title='bbox 2209 710 2492 781; x_wconf 90' lang='lat' dir='ltr'><strong>corporis,</strong></span> <span class='ocrx_word' id='word_1_278' title='bbox 2525 717 2582 765; x_wconf 90' lang='lat' dir='ltr'><strong>et</strong></span> <span class='ocrx_word' id='word_1_279' title='bbox 2639 714 2808 767; x_wconf 85' lang='lat' dir='ltr'><strong>aliter</strong></span> <span class='ocrx_word' id='word_1_280' title='bbox 2837 714 3097 783; x_wconf 88' lang='lat' dir='ltr'><strong>scriptio,</strong></span> <span class='ocrx_word' id='word_1_281' title='bbox 3150 718 3214 765; x_wconf 91' lang='lat' dir='ltr'><strong>ut</strong></span> <span class='ocrx_word' id='word_1_282' title='bbox 3264 712 3311 765; x_wconf 91' lang='lat' dir='ltr'><strong>si</strong></span> <span class='ocrx_word' id='word_1_283' title='bbox 3364 710 3651 766; x_wconf 83' lang='lat' dir='ltr'><strong>dixerim:</strong></span> 
     </span>
    </p>
   </div>
   <div class='ocr_carea' id='block_1_37' title="bbox 2002 798 3578 867">
    <p class='ocr_par' dir='ltr' id='par_1_37' title="bbox 2002 798 3578 867">
     <span class='ocr_line' id='line_1_37' title="bbox 2002 798 3578 867; baseline 0.001 -14"><span class='ocrx_word' id='word_1_284' title='bbox 2002 798 2157 853; x_wconf 83' lang='lat' dir='ltr'><strong>Aﬁ&#39;er</strong></span> <span class='ocrx_word' id='word_1_285' title='bbox 2187 816 2428 854; x_wconf 89' lang='lat' dir='ltr'><strong>manum</strong></span> <span class='ocrx_word' id='word_1_286' title='bbox 2462 804 2648 867; x_wconf 85' lang='lat' dir='ltr'><strong>tuam,</strong></span> <span class='ocrx_word' id='word_1_287' title='bbox 2681 800 2797 855; x_wconf 88' lang='lat' dir='ltr'><strong>vel:</strong></span> <span class='ocrx_word' id='word_1_288' title='bbox 2834 802 2917 855; x_wconf 90' lang='lat' dir='ltr'><strong>Da</strong></span> <span class='ocrx_word' id='word_1_289' title='bbox 2948 801 3090 855; x_wconf 89' lang='lat' dir='ltr'><strong>mihi</strong></span> <span class='ocrx_word' id='word_1_290' title='bbox 3126 816 3366 854; x_wconf 90' lang='lat' dir='ltr'><strong>manum</strong></span> <span class='ocrx_word' id='word_1_291' title='bbox 3395 805 3578 855; x_wconf 91' lang='lat' dir='ltr'><strong>tuam.</strong></span> 
     </span>
    </p>
   </div>
   <div class='ocr_carea' id='block_1_38' title="bbox 2078 887 3655 960">
    <p class='ocr_par' dir='ltr' id='par_1_38' title="bbox 2078 887 3655 960">
     <span class='ocr_line' id='line_1_38' title="bbox 2078 887 3655 960; baseline 0.003 -20"><span class='ocrx_word' id='word_1_292' title='bbox 2078 892 2144 940; x_wconf 81' lang='lat' dir='ltr'><strong>Et</strong></span> <span class='ocrx_word' id='word_1_293' title='bbox 2164 887 2302 957; x_wconf 89' lang='lat' dir='ltr'><strong>quia</strong></span> <span class='ocrx_word' id='word_1_294' title='bbox 2323 889 2537 942; x_wconf 90' lang='lat' dir='ltr'><strong>durum</strong></span> <span class='ocrx_word' id='word_1_295' title='bbox 2566 888 2869 943; x_wconf 90' lang='lat' dir='ltr'><strong>videbatur</strong></span> <span class='ocrx_word' id='word_1_296' title='bbox 2883 890 3033 960; x_wconf 90' lang='lat' dir='ltr'><strong>quod</strong></span> <span class='ocrx_word' id='word_1_297' title='bbox 3055 890 3301 954; x_wconf 80' lang='lat' dir='ltr'><strong>dixerat,</strong></span> <span class='ocrx_word' id='word_1_298' title='bbox 3323 889 3525 943; x_wconf 88' lang='lat' dir='ltr'><strong>volens</strong></span> <span class='ocrx_word' id='word_1_299' title='bbox 3548 889 3655 944; x_wconf 91' lang='lat' dir='ltr'><strong>hoc</strong></span> 
     </span>
    </p>
   </div>
   <div class='ocr_carea' id='block_1_39' title="bbox 2006 976 3660 1047">
    <p class='ocr_par' dir='ltr' id='par_1_39' title="bbox 2006 976 3660 1047">
     <span class='ocr_line' id='line_1_39' title="bbox 2006 976 3660 1047; baseline 0.001 -16"><span class='ocrx_word' id='word_1_300' title='bbox 2006 976 2342 1031; x_wconf 90' lang='lat' dir='ltr'><strong>testimonio</strong></span> <span class='ocrx_word' id='word_1_301' title='bbox 2374 978 2743 1041; x_wconf 88' lang='lat' dir='ltr'><strong>conﬁrmare,</strong></span> <span class='ocrx_word' id='word_1_302' title='bbox 2768 978 3071 1047; x_wconf 85' lang='lat' dir='ltr'><strong>subjunxit</strong></span> <span class='ocrx_word' id='word_1_303' title='bbox 3095 995 3106 1032; x_wconf 90' lang='lat'><strong>:</strong></span> <span class='ocrx_word' id='word_1_304' title='bbox 3134 976 3453 1033; x_wconf 84' lang='lat' dir='ltr'><strong>Malediclus</strong></span> <span class='ocrx_word' id='word_1_305' title='bbox 3483 980 3660 1033; x_wconf 86' lang='lat' dir='ltr'><strong>omnis</strong></span> 
     </span>
    </p>
   </div>
   <div class='ocr_carea' id='block_1_40' title="bbox 2006 1066 3660 1137">
    <p class='ocr_par' dir='ltr' id='par_1_40' title="bbox 2006 1066 3660 1137">
     <span class='ocr_line' id='line_1_40' title="bbox 2006 1066 3660 1137; baseline -0.001 -16"><span class='ocrx_word' id='word_1_306' title='bbox 2006 1068 2189 1137; x_wconf 87' lang='lat' dir='ltr'><strong>(Deut.</strong></span> <span class='ocrx_word' id='word_1_307' title='bbox 2221 1081 2337 1131; x_wconf 79' lang='lat' dir='ltr'><strong>XXI,</strong></span> <span class='ocrx_word' id='word_1_308' title='bbox 2391 1066 2505 1132; x_wconf 88' lang='lat'><strong>23),</strong></span> <span class='ocrx_word' id='word_1_309' title='bbox 2540 1070 2647 1120; x_wconf 90' lang='lat' dir='ltr'><strong>etc.</strong></span> <span class='ocrx_word' id='word_1_310' title='bbox 2683 1066 2832 1119; x_wconf 87' lang='lat' dir='ltr'><strong>Nota</strong></span> <span class='ocrx_word' id='word_1_311' title='bbox 2864 1067 3000 1135; x_wconf 87' lang='lat' dir='ltr'><strong>quia</strong></span> <span class='ocrx_word' id='word_1_312' title='bbox 3050 1082 3163 1121; x_wconf 89' lang='lat' dir='ltr'><strong>non</strong></span> <span class='ocrx_word' id='word_1_313' title='bbox 3196 1066 3369 1121; x_wconf 82' lang='lat' dir='ltr'><strong>dicit:</strong></span> <span class='ocrx_word' id='word_1_314' title='bbox 3415 1068 3660 1134; x_wconf 77' lang='lat' dir='ltr'><strong>Quilibet</strong></span> 
     </span>
    </p>
   </div>
   <div class='ocr_carea' id='block_1_41' title="bbox 2008 1154 3660 1221">
    <p class='ocr_par' dir='ltr' id='par_1_41' title="bbox 2008 1154 3660 1221">
     <span class='ocr_line' id='line_1_41' title="bbox 2008 1154 3660 1221; baseline 0 -11"><span class='ocrx_word' id='word_1_315' title='bbox 2008 1158 2125 1221; x_wconf 87' lang='lat' dir='ltr'><strong>iste,</strong></span> <span class='ocrx_word' id='word_1_316' title='bbox 2157 1154 2244 1210; x_wconf 90' lang='lat' dir='ltr'><strong>vel</strong></span> <span class='ocrx_word' id='word_1_317' title='bbox 2277 1155 2389 1221; x_wconf 89' lang='lat' dir='ltr'><strong>ille,</strong></span> <span class='ocrx_word' id='word_1_318' title='bbox 2420 1170 2523 1208; x_wconf 90' lang='lat' dir='ltr'><strong>nec</strong></span> <span class='ocrx_word' id='word_1_319' title='bbox 2554 1154 2729 1208; x_wconf 90' lang='lat' dir='ltr'><strong>etiam</strong></span> <span class='ocrx_word' id='word_1_320' title='bbox 2775 1154 3057 1218; x_wconf 87' lang='lat' dir='ltr'><strong>absolute,</strong></span> <span class='ocrx_word' id='word_1_321' title='bbox 3095 1155 3196 1209; x_wconf 88' lang='lat' dir='ltr'><strong>sed</strong></span> <span class='ocrx_word' id='word_1_322' title='bbox 3247 1157 3427 1210; x_wconf 87' lang='lat' dir='ltr'><strong>omnis</strong></span> <span class='ocrx_word' id='word_1_323' title='bbox 3447 1174 3469 1217; x_wconf 86' lang='lat'><em>;</em></span> <span class='ocrx_word' id='word_1_324' title='bbox 3505 1156 3660 1211; x_wconf 88' lang='lat' dir='ltr'><strong>unde</strong></span> 
     </span>
    </p>
   </div>
   <div class='ocr_carea' id='block_1_42' title="bbox 2013 1242 3659 1315">
    <p class='ocr_par' dir='ltr' id='par_1_42' title="bbox 2013 1242 3659 1315">
     <span class='ocr_line' id='line_1_42' title="bbox 2013 1242 3659 1315; baseline -0.001 -17"><span class='ocrx_word' id='word_1_325' title='bbox 2013 1245 2155 1299; x_wconf 85' lang='lat' dir='ltr'><strong>dicit</strong></span> <span class='ocrx_word' id='word_1_326' title='bbox 2183 1242 2580 1315; x_wconf 87' lang='lat' dir='ltr'><strong>Augustinus:</strong></span> <span class='ocrx_word' id='word_1_327' title='bbox 2615 1243 2882 1297; x_wconf 86' lang='lat' dir='ltr'><strong>Etiamne</strong></span> <span class='ocrx_word' id='word_1_328' title='bbox 2922 1242 3267 1297; x_wconf 83' lang='lat' dir='ltr'><strong>Christum?</strong></span> <span class='ocrx_word' id='word_1_329' title='bbox 3290 1245 3439 1314; x_wconf 83' lang='lat'>(897)</span> <span class='ocrx_word' id='word_1_330' title='bbox 3472 1245 3659 1298; x_wconf 86' lang='lat' dir='ltr'><strong>Etiam</strong></span> 
     </span>
    </p>
   </div>
   <div class='ocr_carea' id='block_1_43' title="bbox 2009 1330 3659 1403">
    <p class='ocr_par' dir='ltr' id='par_1_43' title="bbox 2009 1330 3659 1403">
     <span class='ocr_line' id='line_1_43' title="bbox 2009 1330 3659 1403; baseline 0 -17"><span class='ocrx_word' id='word_1_331' title='bbox 2009 1349 2273 1403; x_wconf 88' lang='lat' dir='ltr'><strong>prorsus,</strong></span> <span class='ocrx_word' id='word_1_332' title='bbox 2308 1332 2447 1402; x_wconf 88' lang='lat' dir='ltr'><strong>qnia</strong></span> <span class='ocrx_word' id='word_1_333' title='bbox 2496 1332 2693 1395; x_wconf 88' lang='lat' dir='ltr'><strong>omnis,</strong></span> <span class='ocrx_word' id='word_1_334' title='bbox 2734 1330 2878 1384; x_wconf 89' lang='lat' dir='ltr'><strong>Dicit</strong></span> <span class='ocrx_word' id='word_1_335' title='bbox 2908 1331 3080 1385; x_wconf 90' lang='lat' dir='ltr'><strong>etiam</strong></span> <span class='ocrx_word' id='word_1_336' title='bbox 3115 1332 3279 1401; x_wconf 86' lang='lat' dir='ltr'><strong>ipse:</strong></span> <span class='ocrx_word' id='word_1_337' title='bbox 3314 1332 3356 1386; x_wconf 92' lang='grc' dir='ltr'>Ο</span> <span class='ocrx_word' id='word_1_338' title='bbox 3384 1332 3659 1398; x_wconf 48' lang='lat' dir='ltr'><strong>heretici,</strong></span> 
     </span>
    </p>
   </div>
   <div class='ocr_carea' id='block_1_44' title="bbox 2011 1419 3661 1491">
    <p class='ocr_par' dir='ltr' id='par_1_44' title="bbox 2011 1419 3661 1491">
     <span class='ocr_line' id='line_1_44' title="bbox 2011 1419 3661 1491; baseline 0 -16"><span class='ocrx_word' id='word_1_339' title='bbox 2011 1438 2128 1476; x_wconf 91' lang='lat' dir='ltr'><strong>non</strong></span> <span class='ocrx_word' id='word_1_340' title='bbox 2143 1421 2341 1474; x_wconf 88' lang='lat' dir='ltr'><strong>minus</strong></span> <span class='ocrx_word' id='word_1_341' title='bbox 2360 1419 2624 1491; x_wconf 58' lang='lat' dir='ltr'><strong>pravidit</strong></span> <span class='ocrx_word' id='word_1_342' title='bbox 2638 1420 2861 1490; x_wconf 80' lang='lat' dir='ltr'><strong>Moyses</strong></span> <span class='ocrx_word' id='word_1_343' title='bbox 2884 1424 3120 1474; x_wconf 89' lang='lat' dir='ltr'><strong>sanctos</strong></span> <span class='ocrx_word' id='word_1_344' title='bbox 3136 1421 3193 1474; x_wconf 90' lang='lat' dir='ltr'><strong>in</strong></span> <span class='ocrx_word' id='word_1_345' title='bbox 3218 1438 3387 1476; x_wconf 88' lang='lat' dir='ltr'><strong>cruce</strong></span> <span class='ocrx_word' id='word_1_346' title='bbox 3410 1422 3661 1487; x_wconf 88' lang='lat' dir='ltr'><strong>futuros,</strong></span> 
     </span>
    </p>
   </div>
   <div class='ocr_carea' id='block_1_45' title="bbox 2013 1507 3663 1581">
    <p class='ocr_par' dir='ltr' id='par_1_45' title="bbox 2013 1507 3663 1581">
     <span class='ocr_line' id='line_1_45' title="bbox 2013 1507 3663 1581; baseline 0 -16"><span class='ocrx_word' id='word_1_347' title='bbox 2013 1510 2113 1565; x_wconf 90' lang='lat' dir='ltr'><strong>sed</strong></span> <span class='ocrx_word' id='word_1_348' title='bbox 2148 1510 2293 1564; x_wconf 87' lang='lat' dir='ltr'><strong>bene</strong></span> <span class='ocrx_word' id='word_1_349' title='bbox 2322 1508 2586 1580; x_wconf 68' lang='lat' dir='ltr'><strong>przevidit</strong></span> <span class='ocrx_word' id='word_1_350' title='bbox 2624 1508 2925 1563; x_wconf 68' lang='lat' dir='ltr'><strong>haereticos</strong></span> <span class='ocrx_word' id='word_1_351' title='bbox 2954 1507 3167 1563; x_wconf 84' lang='lat' dir='ltr'><strong>Christi</strong></span> <span class='ocrx_word' id='word_1_352' title='bbox 3197 1515 3443 1565; x_wconf 82' lang='lat' dir='ltr'><strong>mortem</strong></span> <span class='ocrx_word' id='word_1_353' title='bbox 3488 1526 3663 1581; x_wconf 86' lang='lat' dir='ltr'><strong>nega-</strong></span> 
     </span>
    </p>
   </div>
   <div class='ocr_carea' id='block_1_46' title="bbox 2012 1596 3667 1669">
    <p class='ocr_par' dir='ltr' id='par_1_46' title="bbox 2012 1596 3667 1669">
     <span class='ocr_line' id='line_1_46' title="bbox 2012 1596 3667 1669; baseline 0 -17"><span class='ocrx_word' id='word_1_354' title='bbox 2012 1602 2215 1665; x_wconf 84' lang='lat' dir='ltr'><strong>turos;</strong></span> <span class='ocrx_word' id='word_1_355' title='bbox 2249 1598 2421 1668; x_wconf 90' lang='lat' dir='ltr'><strong>quasi</strong></span> <span class='ocrx_word' id='word_1_356' title='bbox 2470 1596 2723 1651; x_wconf 91' lang='lat' dir='ltr'><strong>diceret:</strong></span> <span class='ocrx_word' id='word_1_357' title='bbox 2758 1596 2801 1650; x_wconf 92' lang='grc' dir='ltr'><strong>Ο</strong></span> <span class='ocrx_word' id='word_1_358' title='bbox 2834 1596 3112 1663; x_wconf 72' lang='lat' dir='ltr'><strong>haeretici,</strong></span> <span class='ocrx_word' id='word_1_359' title='bbox 3150 1614 3333 1669; x_wconf 89' lang='lat' dir='ltr'><strong>quare</strong></span> <span class='ocrx_word' id='word_1_360' title='bbox 3366 1599 3667 1664; x_wconf 79' lang='lat' dir='ltr'><strong>laboratis,</strong></span> 
     </span>
    </p>
   </div>
   <div class='ocr_carea' id='block_1_47' title="bbox 2014 1685 3668 1759">
    <p class='ocr_par' dir='ltr' id='par_1_47' title="bbox 2014 1685 3668 1759">
     <span class='ocr_line' id='line_1_47' title="bbox 2014 1685 3668 1759; baseline 0.001 -19"><span class='ocrx_word' id='word_1_361' title='bbox 2014 1702 2194 1757; x_wconf 91' lang='lat' dir='ltr'><strong>quare</strong></span> <span class='ocrx_word' id='word_1_362' title='bbox 2223 1686 2517 1740; x_wconf 90' lang='lat' dir='ltr'><strong>conanimi</strong></span> <span class='ocrx_word' id='word_1_363' title='bbox 2549 1700 2685 1739; x_wconf 91' lang='lat' dir='ltr'><strong>eum</strong></span> <span class='ocrx_word' id='word_1_364' title='bbox 2716 1701 2927 1756; x_wconf 86' lang='lat' dir='ltr'><strong>negare</strong></span> <span class='ocrx_word' id='word_1_365' title='bbox 2951 1685 3348 1759; x_wconf 86' lang='lat' dir='ltr'><strong>maledictum,</strong></span> <span class='ocrx_word' id='word_1_366' title='bbox 3372 1704 3546 1759; x_wconf 88' lang='lat' dir='ltr'><strong>quem</strong></span> <span class='ocrx_word' id='word_1_367' title='bbox 3570 1704 3668 1742; x_wconf 87' lang='lat' dir='ltr'><strong>ne-</strong></span> 
     </span>
    </p>
   </div>
   <div class='ocr_carea' id='block_1_48' title="bbox 1979 1774 3671 1846">
    <p class='ocr_par' dir='ltr' id='par_1_48' title="bbox 1979 1774 3671 1846">
     <span class='ocr_line' id='line_1_48' title="bbox 1979 1774 3671 1846; baseline 0.001 -17"><span class='ocrx_word' id='word_1_368' title='bbox 1979 1826 1983 1829; x_wconf 88' lang='lat'><strong>.</strong></span> <span class='ocrx_word' id='word_1_369' title='bbox 2016 1791 2127 1846; x_wconf 92' lang='lat' dir='ltr'><strong>que</strong></span> <span class='ocrx_word' id='word_1_370' title='bbox 2158 1775 2386 1846; x_wconf 87' lang='lat' dir='ltr'><strong>Moyses</strong></span> <span class='ocrx_word' id='word_1_371' title='bbox 2418 1774 2759 1845; x_wconf 64' lang='lat' dir='ltr'><strong>previderat</strong></span> <span class='ocrx_word' id='word_1_372' title='bbox 2782 1774 3135 1829; x_wconf 88' lang='lat' dir='ltr'><strong>moriturum</strong></span> <span class='ocrx_word' id='word_1_373' title='bbox 3158 1776 3186 1829; x_wconf 84' lang='lat'><strong>?</strong></span> <span class='ocrx_word' id='word_1_374' title='bbox 3219 1776 3280 1830; x_wconf 92' lang='lat' dir='ltr'><strong>In</strong></span> <span class='ocrx_word' id='word_1_375' title='bbox 3314 1778 3671 1846; x_wconf 89' lang='lat' dir='ltr'><strong>quibusdam</strong></span> 
     </span>
    </p>
   </div>
   <div class='ocr_carea' id='block_1_49' title="bbox 2020 1862 3666 1935">
    <p class='ocr_par' dir='ltr' id='par_1_49' title="bbox 2020 1862 3666 1935">
     <span class='ocr_line' id='line_1_49' title="bbox 2020 1862 3666 1935; baseline -0.001 -16"><span class='ocrx_word' id='word_1_376' title='bbox 2020 1862 2762 1935; x_wconf 87' lang='lat' dir='ltr'><strong>exemplaribusinvenitur</strong></span> <span class='ocrx_word' id='word_1_377' title='bbox 2778 1879 2789 1915; x_wconf 94' lang='lat'><strong>:</strong></span> <span class='ocrx_word' id='word_1_378' title='bbox 2808 1863 3122 1919; x_wconf 78' lang='lat' dir='ltr'><strong>Maledictus</strong></span> <span class='ocrx_word' id='word_1_379' title='bbox 3162 1868 3343 1921; x_wconf 89' lang='lat' dir='ltr'><strong>omnis</strong></span> <span class='ocrx_word' id='word_1_380' title='bbox 3366 1868 3469 1921; x_wconf 90' lang='lat' dir='ltr'><strong>Deo</strong></span> <span class='ocrx_word' id='word_1_381' title='bbox 3495 1867 3666 1935; x_wconf 87' lang='lat'>(898).</span> 
     </span>
    </p>
   </div>
   <div class='ocr_carea' id='block_1_50' title="bbox 2021 1951 3673 2022">
    <p class='ocr_par' dir='ltr' id='par_1_50' title="bbox 2021 1951 3673 2022">
     <span class='ocr_line' id='line_1_50' title="bbox 2021 1951 3673 2022; baseline 0.001 -15"><span class='ocrx_word' id='word_1_382' title='bbox 2021 1953 2136 2008; x_wconf 90' lang='lat' dir='ltr'><strong>Nec</strong></span> <span class='ocrx_word' id='word_1_383' title='bbox 2168 1952 2275 2006; x_wconf 87' lang='lat' dir='ltr'><strong>hoc</strong></span> <span class='ocrx_word' id='word_1_384' title='bbox 2297 1957 2386 2007; x_wconf 90' lang='lat' dir='ltr'><strong>est</strong></span> <span class='ocrx_word' id='word_1_385' title='bbox 2417 1951 3089 2022; x_wconf 88' lang='lat' dir='ltr'><strong>contrarium,quoniam</strong></span> <span class='ocrx_word' id='word_1_386' title='bbox 3116 1954 3229 2009; x_wconf 89' lang='lat' dir='ltr'><strong>nisi</strong></span> <span class='ocrx_word' id='word_1_387' title='bbox 3253 1956 3399 2009; x_wconf 91' lang='lat' dir='ltr'><strong>mori</strong></span> <span class='ocrx_word' id='word_1_388' title='bbox 3435 1955 3673 2009; x_wconf 88' lang='lat' dir='ltr'><strong>habuis-</strong></span> 
     </span>
    </p>
   </div>
   <div class='ocr_carea' id='block_1_51' title="bbox 2022 2042 3672 2115">
    <p class='ocr_par' dir='ltr' id='par_1_51' title="bbox 2022 2042 3672 2115">
     <span class='ocr_line' id='line_1_51' title="bbox 2022 2042 3672 2115; baseline 0.001 -18"><span class='ocrx_word' id='word_1_389' title='bbox 2022 2048 2112 2097; x_wconf 87' lang='lat' dir='ltr'><strong>set</strong></span> <span class='ocrx_word' id='word_1_390' title='bbox 2142 2042 2289 2111; x_wconf 91' lang='lat'>(899)</span> <span class='ocrx_word' id='word_1_391' title='bbox 2322 2044 2583 2112; x_wconf 84' lang='lat' dir='ltr'><strong>peccata,</strong></span> <span class='ocrx_word' id='word_1_392' title='bbox 2612 2046 2669 2094; x_wconf 89' lang='lat' dir='ltr'><strong>et</strong></span> <span class='ocrx_word' id='word_1_393' title='bbox 2703 2046 2949 2095; x_wconf 86' lang='lat' dir='ltr'><strong>mortem</strong></span> <span class='ocrx_word' id='word_1_394' title='bbox 2983 2048 3264 2110; x_wconf 88' lang='lat' dir='ltr'><strong>nostram,</strong></span> <span class='ocrx_word' id='word_1_395' title='bbox 3302 2060 3672 2115; x_wconf 78' lang='lat' dir='ltr'><strong>nequaquam</strong></span> 
     </span>
    </p>
   </div>
   <div class='ocr_carea' id='block_1_52' title="bbox 2022 2128 3678 2202">
    <p class='ocr_par' dir='ltr' id='par_1_52' title="bbox 2022 2128 3678 2202">
     <span class='ocr_line' id='line_1_52' title="bbox 2022 2128 3678 2202; baseline 0.002 -19"><span class='ocrx_word' id='word_1_396' title='bbox 2022 2129 2233 2183; x_wconf 86' lang='lat' dir='ltr'><strong>Filium</strong></span> <span class='ocrx_word' id='word_1_397' title='bbox 2264 2144 2441 2183; x_wconf 89' lang='lat' dir='ltr'><strong>suum</strong></span> <span class='ocrx_word' id='word_1_398' title='bbox 2476 2128 2782 2183; x_wconf 86' lang='lat' dir='ltr'><strong>direxisset</strong></span> <span class='ocrx_word' id='word_1_399' title='bbox 2814 2136 3060 2184; x_wconf 91' lang='lat' dir='ltr'><strong>mortem</strong></span> <span class='ocrx_word' id='word_1_400' title='bbox 3085 2137 3350 2186; x_wconf 87' lang='lat' dir='ltr'><strong>nostram</strong></span> <span class='ocrx_word' id='word_1_401' title='bbox 3382 2132 3678 2202; x_wconf 88' lang='lat' dir='ltr'><strong>suscipere</strong></span> 
     </span>
    </p>
   </div>
   <div class='ocr_carea' id='block_1_53' title="bbox 2026 2217 3678 2287">
    <p class='ocr_par' dir='ltr' id='par_1_53' title="bbox 2026 2217 3678 2287">
     <span class='ocr_line' id='line_1_53' title="bbox 2026 2217 3678 2287; baseline 0.001 -14"><span class='ocrx_word' id='word_1_402' title='bbox 2026 2223 2090 2273; x_wconf 91' lang='lat' dir='ltr'><strong>ut</strong></span> <span class='ocrx_word' id='word_1_403' title='bbox 2142 2234 2248 2272; x_wconf 92' lang='lat' dir='ltr'><strong>nos</strong></span> <span class='ocrx_word' id='word_1_404' title='bbox 2279 2235 2312 2271; x_wconf 90' lang='lat' dir='ltr'><strong>a</strong></span> <span class='ocrx_word' id='word_1_405' title='bbox 2342 2217 2541 2271; x_wconf 89' lang='lat' dir='ltr'><strong>debito</strong></span> <span class='ocrx_word' id='word_1_406' title='bbox 2590 2218 2798 2272; x_wconf 89' lang='lat' dir='ltr'><strong>mortis</strong></span> <span class='ocrx_word' id='word_1_407' title='bbox 2843 2218 3138 2274; x_wconf 88' lang='lat' dir='ltr'><strong>liberaret.</strong></span> <span class='ocrx_word' id='word_1_408' title='bbox 3173 2223 3336 2287; x_wconf 84' lang='lat' dir='ltr'><strong>Quod</strong></span> <span class='ocrx_word' id='word_1_409' title='bbox 3371 2239 3503 2278; x_wconf 90' lang='lat' dir='ltr'><strong>vero</strong></span> <span class='ocrx_word' id='word_1_410' title='bbox 3535 2221 3678 2276; x_wconf 89' lang='lat' dir='ltr'><strong>dicit</strong></span> 
     </span>
    </p>
   </div>
   <div class='ocr_carea' id='block_1_54' title="bbox 2027 2305 3683 2379">
    <p class='ocr_par' dir='ltr' id='par_1_54' title="bbox 2027 2305 3683 2379">
     <span class='ocr_line' id='line_1_54' title="bbox 2027 2305 3683 2379; baseline 0.002 -17"><span class='ocrx_word' id='word_1_411' title='bbox 2027 2309 2224 2376; x_wconf 84' lang='lat' dir='ltr'><strong>omnis,</strong></span> <span class='ocrx_word' id='word_1_412' title='bbox 2258 2305 2616 2361; x_wconf 87' lang='lat' dir='ltr'><strong>subauditur</strong></span> <span class='ocrx_word' id='word_1_413' title='bbox 2670 2308 2931 2373; x_wconf 83' lang='lat' dir='ltr'><strong>moriens,</strong></span> <span class='ocrx_word' id='word_1_414' title='bbox 2983 2309 3075 2378; x_wconf 80' lang='lat' dir='ltr'><strong>qui</strong></span> <span class='ocrx_word' id='word_1_415' title='bbox 3124 2312 3343 2379; x_wconf 83' lang='lat' dir='ltr'><strong>pendet.</strong></span> <span class='ocrx_word' id='word_1_416' title='bbox 3394 2313 3683 2366; x_wconf 86' lang='lat' dir='ltr'><strong>Conﬁtere</strong></span> 
     </span>
    </p>
   </div>
   <div class='ocr_carea' id='block_1_55' title="bbox 2028 2394 3682 2471">
    <p class='ocr_par' dir='ltr' id='par_1_55' title="bbox 2028 2394 3682 2471">
     <span class='ocr_line' id='line_1_55' title="bbox 2028 2394 3682 2471; baseline 0.001 -19"><span class='ocrx_word' id='word_1_417' title='bbox 2028 2413 2185 2468; x_wconf 88' lang='lat' dir='ltr'><strong>ergo,</strong></span> <span class='ocrx_word' id='word_1_418' title='bbox 2220 2412 2252 2450; x_wconf 98' lang='lat' dir='ltr'><strong>o</strong></span> <span class='ocrx_word' id='word_1_419' title='bbox 2284 2394 2575 2463; x_wconf 60' lang='lat' dir='ltr'><strong>haretice,</strong></span> <span class='ocrx_word' id='word_1_420' title='bbox 2610 2394 2986 2451; x_wconf 84' lang='lat' dir='ltr'><strong>maledictum</strong></span> <span class='ocrx_word' id='word_1_421' title='bbox 3012 2414 3025 2463; x_wconf 90' lang='lat'><strong>;</strong></span> <span class='ocrx_word' id='word_1_422' title='bbox 3050 2398 3187 2469; x_wconf 90' lang='lat' dir='ltr'><strong>quia</strong></span> <span class='ocrx_word' id='word_1_423' title='bbox 3209 2400 3257 2453; x_wconf 84' lang='lat' dir='ltr'><strong>si</strong></span> <span class='ocrx_word' id='word_1_424' title='bbox 3292 2416 3471 2471; x_wconf 88' lang='lat' dir='ltr'><strong>negas</strong></span> <span class='ocrx_word' id='word_1_425' title='bbox 3503 2399 3682 2454; x_wconf 90' lang='lat' dir='ltr'><strong>male-</strong></span> 
     </span>
    </p>
   </div>
   <div class='ocr_carea' id='block_1_56' title="bbox 2028 2486 3681 2561">
    <p class='ocr_par' dir='ltr' id='par_1_56' title="bbox 2028 2486 3681 2561">
     <span class='ocr_line' id='line_1_56' title="bbox 2028 2486 3681 2561; baseline 0.001 -20"><span class='ocrx_word' id='word_1_426' title='bbox 2028 2486 2462 2555; x_wconf 87' lang='lat' dir='ltr'><strong>dicium,negas</strong></span> <span class='ocrx_word' id='word_1_427' title='bbox 2479 2490 2799 2539; x_wconf 89' lang='lat' dir='ltr'><strong>mortuum.</strong></span> <span class='ocrx_word' id='word_1_428' title='bbox 2821 2486 3081 2556; x_wconf 90' lang='lat' dir='ltr'><strong>thuare</strong></span> <span class='ocrx_word' id='word_1_429' title='bbox 3105 2487 3485 2544; x_wconf 88' lang='lat' dir='ltr'><strong>maledictum</strong></span> <span class='ocrx_word' id='word_1_430' title='bbox 3510 2490 3681 2561; x_wconf 88' lang='lat'>(900),</span> 
     </span>
    </p>
   </div>
   <div class='ocr_carea' id='block_1_57' title="bbox 2030 2574 3687 2647">
    <p class='ocr_par' dir='ltr' id='par_1_57' title="bbox 2030 2574 3687 2647">
     <span class='ocr_line' id='line_1_57' title="bbox 2030 2574 3687 2647; baseline 0.001 -16"><span class='ocrx_word' id='word_1_431' title='bbox 2030 2574 2270 2631; x_wconf 87' lang='lat' dir='ltr'><strong>subdit:</strong></span> <span class='ocrx_word' id='word_1_432' title='bbox 2308 2575 2373 2629; x_wconf 90' lang='lat' dir='ltr'><strong>Ut</strong></span> <span class='ocrx_word' id='word_1_433' title='bbox 2404 2574 2464 2628; x_wconf 87' lang='lat' dir='ltr'><strong>in</strong></span> <span class='ocrx_word' id='word_1_434' title='bbox 2511 2575 2767 2642; x_wconf 77' lang='lat' dir='ltr'><strong>gentibus</strong></span> <span class='ocrx_word' id='word_1_435' title='bbox 2811 2575 3112 2630; x_wconf 78' lang='lat' dir='ltr'><strong>benedictio</strong></span> <span class='ocrx_word' id='word_1_436' title='bbox 3158 2578 3409 2647; x_wconf 63' lang='lat' dir='ltr'><strong>Abrahw,</strong></span> <span class='ocrx_word' id='word_1_437' title='bbox 3442 2584 3553 2634; x_wconf 91' lang='lat' dir='ltr'><strong>etc.</strong></span> <span class='ocrx_word' id='word_1_438' title='bbox 3582 2597 3594 2642; x_wconf 88' lang='lat'><strong>;</strong></span> <span class='ocrx_word' id='word_1_439' title='bbox 3628 2579 3687 2632; x_wconf 91' lang='lat' dir='ltr'><strong>id</strong></span> 
     </span>
    </p>
   </div>
   <div class='ocr_carea' id='block_1_58' title="bbox 2031 2663 3686 2740">
    <p class='ocr_par' dir='ltr' id='par_1_58' title="bbox 2031 2663 3686 2740">
     <span class='ocr_line' id='line_1_58' title="bbox 2031 2663 3686 2740; baseline 0 -19"><span class='ocrx_word' id='word_1_440' title='bbox 2031 2670 2139 2735; x_wconf 90' lang='lat' dir='ltr'><strong>est,</strong></span> <span class='ocrx_word' id='word_1_441' title='bbox 2174 2668 2239 2718; x_wconf 89' lang='lat' dir='ltr'><strong>ut</strong></span> <span class='ocrx_word' id='word_1_442' title='bbox 2295 2668 2500 2734; x_wconf 88' lang='lat' dir='ltr'><strong>gentes</strong></span> <span class='ocrx_word' id='word_1_443' title='bbox 2559 2664 2847 2720; x_wconf 91' lang='lat' dir='ltr'><strong>credendo</strong></span> <span class='ocrx_word' id='word_1_444' title='bbox 2905 2663 2964 2718; x_wconf 91' lang='lat' dir='ltr'><strong>in</strong></span> <span class='ocrx_word' id='word_1_445' title='bbox 3020 2669 3306 2737; x_wconf 67' lang='lat' dir='ltr'><strong>praeputio</strong></span> <span class='ocrx_word' id='word_1_446' title='bbox 3368 2686 3468 2740; x_wconf 91' lang='lat' dir='ltr'><strong>per</strong></span> <span class='ocrx_word' id='word_1_447' title='bbox 3512 2669 3686 2722; x_wconf 90' lang='lat' dir='ltr'><strong>ﬁdem</strong></span> 
     </span>
    </p>
   </div>
   <div class='ocr_carea' id='block_1_59' title="bbox 2031 2752 3686 2828">
    <p class='ocr_par' dir='ltr' id='par_1_59' title="bbox 2031 2752 3686 2828">
     <span class='ocr_line' id='line_1_59' title="bbox 2031 2752 3686 2828; baseline 0.001 -18"><span class='ocrx_word' id='word_1_448' title='bbox 2031 2753 2249 2810; x_wconf 91' lang='lat' dir='ltr'><strong>Christi</strong></span> <span class='ocrx_word' id='word_1_449' title='bbox 2282 2752 2791 2808; x_wconf 90' lang='lat' dir='ltr'><strong>benedicerentur.</strong></span> <span class='ocrx_word' id='word_1_450' title='bbox 2832 2754 2895 2809; x_wconf 91' lang='lat' dir='ltr'><strong>Ut</strong></span> <span class='ocrx_word' id='word_1_451' title='bbox 2938 2755 3395 2824; x_wconf 78' lang='lat' dir='ltr'><strong>pollicitationem</strong></span> <span class='ocrx_word' id='word_1_452' title='bbox 3426 2758 3686 2828; x_wconf 85' lang='lat' dir='ltr'><strong>Spiritus,</strong></span> 
     </span>
    </p>
   </div>
   <div class='ocr_carea' id='block_1_60' title="bbox 2033 2841 3690 2914">
    <p class='ocr_par' dir='ltr' id='par_1_60' title="bbox 2033 2841 3690 2914">
     <span class='ocr_line' id='line_1_60' title="bbox 2033 2841 3690 2914; baseline 0 -15"><span class='ocrx_word' id='word_1_453' title='bbox 2033 2849 2167 2909; x_wconf 91' lang='lat' dir='ltr'><strong>etc.,</strong></span> <span class='ocrx_word' id='word_1_454' title='bbox 2202 2841 2259 2894; x_wconf 94' lang='lat' dir='ltr'><strong>id</strong></span> <span class='ocrx_word' id='word_1_455' title='bbox 2290 2845 2400 2907; x_wconf 91' lang='lat' dir='ltr'><strong>est,</strong></span> <span class='ocrx_word' id='word_1_456' title='bbox 2421 2843 2657 2912; x_wconf 90' lang='lat' dir='ltr'><strong>utquod</strong></span> <span class='ocrx_word' id='word_1_457' title='bbox 2684 2842 2767 2895; x_wconf 91' lang='lat' dir='ltr'><strong>illi</strong></span> <span class='ocrx_word' id='word_1_458' title='bbox 2792 2844 3099 2896; x_wconf 88' lang='lat' dir='ltr'><strong>servabant</strong></span> <span class='ocrx_word' id='word_1_459' title='bbox 3124 2861 3228 2914; x_wconf 89' lang='lat' dir='ltr'><strong>per</strong></span> <span class='ocrx_word' id='word_1_460' title='bbox 3260 2847 3555 2910; x_wconf 90' lang='lat' dir='ltr'><strong>timorem,</strong></span> <span class='ocrx_word' id='word_1_461' title='bbox 3580 2846 3690 2900; x_wconf 91' lang='lat' dir='ltr'><strong>hoc</strong></span> 
     </span>
    </p>
   </div>
   <div class='ocr_carea' id='block_1_61' title="bbox 2036 2929 3688 3005">
    <p class='ocr_par' dir='ltr' id='par_1_61' title="bbox 2036 2929 3688 3005">
     <span class='ocr_line' id='line_1_61' title="bbox 2036 2929 3688 3005; baseline 0.001 -18"><span class='ocrx_word' id='word_1_462' title='bbox 2036 2949 2142 2987; x_wconf 90' lang='lat' dir='ltr'><strong>nos</strong></span> <span class='ocrx_word' id='word_1_463' title='bbox 2174 2946 2274 3001; x_wconf 90' lang='lat' dir='ltr'><strong>per</strong></span> <span class='ocrx_word' id='word_1_464' title='bbox 2298 2929 2435 2982; x_wconf 89' lang='lat' dir='ltr'><strong>ﬁdei</strong></span> <span class='ocrx_word' id='word_1_465' title='bbox 2471 2946 2750 2985; x_wconf 90' lang='lat' dir='ltr'><strong>amorem.</strong></span> <span class='ocrx_word' id='word_1_466' title='bbox 2786 2930 3022 3000; x_wconf 79' lang='lat' dir='ltr'><strong>Spiritus</strong></span> <span class='ocrx_word' id='word_1_467' title='bbox 3052 2932 3212 2998; x_wconf 89' lang='lat' dir='ltr'><strong>dicit,</strong></span> <span class='ocrx_word' id='word_1_468' title='bbox 3250 2935 3390 3005; x_wconf 88' lang='lat' dir='ltr'><strong>quia</strong></span> <span class='ocrx_word' id='word_1_469' title='bbox 3418 2934 3530 2989; x_wconf 88' lang='lat' dir='ltr'><strong>ista</strong></span> <span class='ocrx_word' id='word_1_470' title='bbox 3558 2950 3688 3004; x_wconf 88' lang='lat' dir='ltr'><strong>gra-</strong></span> 
     </span>
    </p>
   </div>
   <div class='ocr_carea' id='block_1_62' title="bbox 2035 3017 3233 3089">
    <p class='ocr_par' dir='ltr' id='par_1_62' title="bbox 2035 3017 3233 3089">
     <span class='ocr_line' id='line_1_62' title="bbox 2035 3017 3233 3089; baseline 0.001 -15"><span class='ocrx_word' id='word_1_471' title='bbox 2035 3021 2117 3075; x_wconf 89' lang='lat' dir='ltr'><strong>tia</strong></span> <span class='ocrx_word' id='word_1_472' title='bbox 2150 3017 2561 3089; x_wconf 89' lang='lat' dir='ltr'><strong>promissionis</strong></span> <span class='ocrx_word' id='word_1_473' title='bbox 2596 3035 2696 3089; x_wconf 90' lang='lat' dir='ltr'><strong>per</strong></span> <span class='ocrx_word' id='word_1_474' title='bbox 2724 3018 2920 3089; x_wconf 92' lang='lat' dir='ltr'><strong>ipsum</strong></span> <span class='ocrx_word' id='word_1_475' title='bbox 2948 3020 3099 3073; x_wconf 85' lang='lat' dir='ltr'><strong>facta</strong></span> <span class='ocrx_word' id='word_1_476' title='bbox 3123 3025 3233 3075; x_wconf 91' lang='lat' dir='ltr'><strong>est.</strong></span> 
     </span>
    </p>
   </div>
   <div class='ocr_carea' id='block_1_63' title="bbox 2110 3107 3686 3183">
    <p class='ocr_par' dir='ltr' id='par_1_63' title="bbox 2110 3107 3686 3183">
     <span class='ocr_line' id='line_1_63' title="bbox 2110 3107 3686 3183; baseline 0.003 -23"><span class='ocrx_word' id='word_1_477' title='bbox 2110 3107 2255 3178; x_wconf 84' lang='lat'>(901)</span> <span class='ocrx_word' id='word_1_478' title='bbox 2289 3107 2588 3177; x_wconf 89' lang='lat' dir='ltr'><strong>Sequitur.</strong></span> <span class='ocrx_word' id='word_1_479' title='bbox 2623 3109 2841 3162; x_wconf 76' lang='lat' dir='ltr'><strong>Fratres</strong></span> <span class='ocrx_word' id='word_1_480' title='bbox 2867 3108 3193 3175; x_wconf 84' lang='lat' dir='ltr'><strong>(secundum</strong></span> <span class='ocrx_word' id='word_1_481' title='bbox 3219 3109 3495 3166; x_wconf 79' lang='lat' dir='ltr'><strong>hominem</strong></span> <span class='ocrx_word' id='word_1_482' title='bbox 3525 3111 3686 3183; x_wconf 86' lang='lat' dir='ltr'><strong>dico).</strong></span> 
     </span>
    </p>
   </div>
   <div class='ocr_carea' id='block_1_64' title="bbox 270 3174 3690 3269">
    <p class='ocr_par' dir='ltr' id='par_1_64' title="bbox 270 3174 3690 3269">
     <span class='ocr_line' id='line_1_64' title="bbox 270 3174 3690 3269; baseline 0.003 -22"><span class='ocrx_word' id='word_1_483' title='bbox 270 3179 411 3245; x_wconf 65' lang='grc' dir='ltr'><strong>ίίίίδν</strong></span> <span class='ocrx_word' id='word_1_484' title='bbox 543 3175 813 3269; x_wconf 47' lang='lat' dir='ltr'><strong>93&quot;?“th</strong></span> <span class='ocrx_word' id='word_1_485' title='bbox 861 3175 1050 3269; x_wconf 44' lang='lat' dir='ltr'>198an</span> <span class='ocrx_word' id='word_1_486' title='bbox 1084 3174 1336 3269; x_wconf 51' lang='lat' dir='ltr'><strong>Posltam</strong></span> <span class='ocrx_word' id='word_1_487' title='bbox 1370 3192 1471 3269; x_wconf 68' lang='grc' dir='ltr'><strong>Ι)Γο</strong></span> <span class='ocrx_word' id='word_1_488' title='bbox 1505 3176 1924 3269; x_wconf 50' lang='grc' dir='ltr'><strong>Ρτεθθθρίξεοβί</strong></span> <span class='ocrx_word' id='word_1_489' title='bbox 1955 3178 1997 3243; x_wconf 79' lang='lat' dir='ltr'>C</span> <span class='ocrx_word' id='word_1_490' title='bbox 2039 3174 2155 3253; x_wconf 88' lang='lat' dir='ltr'><strong>Hoc</strong></span> <span class='ocrx_word' id='word_1_491' title='bbox 2186 3200 2295 3261; x_wconf 87' lang='lat' dir='ltr'><strong>est,</strong></span> <span class='ocrx_word' id='word_1_492' title='bbox 2328 3174 2444 3249; x_wconf 80' lang='lat' dir='ltr'><strong>non</strong></span> <span class='ocrx_word' id='word_1_493' title='bbox 2506 3197 2831 3251; x_wconf 89' lang='lat' dir='ltr'><strong>secundum</strong></span> <span class='ocrx_word' id='word_1_494' title='bbox 2863 3174 3067 3266; x_wconf 91' lang='lat' dir='ltr'><strong>Deum,</strong></span> <span class='ocrx_word' id='word_1_495' title='bbox 3129 3214 3319 3269; x_wconf 88' lang='lat' dir='ltr'><strong>neque</strong></span> <span class='ocrx_word' id='word_1_496' title='bbox 3368 3174 3690 3256; x_wconf 83' lang='lat' dir='ltr'><strong>secundum</strong></span> 
     </span>
    </p>
   </div>
   <div class='ocr_carea' id='block_1_65' title="bbox 265 3263 1929 3336">
    <p class='ocr_par' dir='ltr' id='par_1_65' title="bbox 265 3263 1929 3336">
     <span class='ocr_line' id='line_1_65' title="bbox 265 3263 1929 3336; baseline -0.001 -13"><span class='ocrx_word' id='word_1_497' title='bbox 265 3270 423 3323; x_wconf 90' lang='lat' dir='ltr'><strong>bene</strong></span> <span class='ocrx_word' id='word_1_498' title='bbox 446 3265 591 3320; x_wconf 90' lang='lat' dir='ltr'><strong>dicit</strong></span> <span class='ocrx_word' id='word_1_499' title='bbox 620 3265 759 3319; x_wconf 86' lang='lat' dir='ltr'><strong>vivet</strong></span> <span class='ocrx_word' id='word_1_500' title='bbox 789 3264 926 3334; x_wconf 90' lang='lat' dir='ltr'><strong>quia</strong></span> <span class='ocrx_word' id='word_1_501' title='bbox 956 3264 1356 3319; x_wconf 88' lang='lat' dir='ltr'><strong>observatores</strong></span> <span class='ocrx_word' id='word_1_502' title='bbox 1408 3263 1551 3335; x_wconf 85' lang='lat' dir='ltr'><strong>legis</strong></span> <span class='ocrx_word' id='word_1_503' title='bbox 1596 3265 1929 3336; x_wconf 83' lang='lat' dir='ltr'><strong>protelatio—</strong></span> 
     </span>
    </p>
   </div>
   <div class='ocr_carea' id='block_1_66' title="bbox 264 3349 1347 3423">
    <p class='ocr_par' dir='ltr' id='par_1_66' title="bbox 264 3349 1347 3423">
     <span class='ocr_line' id='line_1_66' title="bbox 264 3349 1347 3423; baseline -0.004 -14"><span class='ocrx_word' id='word_1_504' title='bbox 264 3369 414 3410; x_wconf 88' lang='lat' dir='ltr'><strong>nem</strong></span> <span class='ocrx_word' id='word_1_505' title='bbox 448 3349 810 3406; x_wconf 89' lang='lat' dir='ltr'><strong>observando</strong></span> <span class='ocrx_word' id='word_1_506' title='bbox 842 3350 1173 3423; x_wconf 88' lang='lat' dir='ltr'><strong>percipiunt</strong></span> <span class='ocrx_word' id='word_1_507' title='bbox 1202 3350 1347 3405; x_wconf 62' lang='lat' dir='ltr'><strong>vitae.</strong></span> 
     </span>
    </p>
   </div>
   <div class='ocr_carea' id='block_1_67' title="bbox 352 3465 1932 3539">
    <p class='ocr_par' dir='ltr' id='par_1_67' title="bbox 352 3465 1932 3539">
     <span class='ocr_line' id='line_1_67' title="bbox 352 3465 1932 3539; baseline 0.003 -19"><span class='ocrx_word' id='word_1_508' title='bbox 352 3467 512 3539; x_wconf 88' lang='lat'>(896)</span> <span class='ocrx_word' id='word_1_509' title='bbox 542 3465 604 3520; x_wconf 88' lang='lat' dir='ltr'><strong>Et</strong></span> <span class='ocrx_word' id='word_1_510' title='bbox 629 3465 769 3537; x_wconf 89' lang='lat' dir='ltr'><strong>quia</strong></span> <span class='ocrx_word' id='word_1_511' title='bbox 799 3465 1040 3533; x_wconf 86' lang='lat' dir='ltr'><strong>dixerat,</strong></span> <span class='ocrx_word' id='word_1_512' title='bbox 1068 3465 1342 3536; x_wconf 90' lang='lat' dir='ltr'><strong>superius</strong></span> <span class='ocrx_word' id='word_1_513' title='bbox 1362 3482 1461 3522; x_wconf 89' lang='lat' dir='ltr'><strong>eos</strong></span> <span class='ocrx_word' id='word_1_514' title='bbox 1492 3469 1599 3522; x_wconf 88' lang='lat' dir='ltr'><strong>sub</strong></span> <span class='ocrx_word' id='word_1_515' title='bbox 1626 3467 1932 3524; x_wconf 89' lang='lat' dir='ltr'><strong>maledicto</strong></span> 
     </span>
    </p>
   </div>
   <div class='ocr_carea' id='block_1_68' title="bbox 273 3553 1938 3630">
    <p class='ocr_par' dir='ltr' id='par_1_68' title="bbox 273 3553 1938 3630">
     <span class='ocr_line' id='line_1_68' title="bbox 273 3553 1938 3630; baseline -0.001 -17"><span class='ocrx_word' id='word_1_516' title='bbox 273 3556 432 3630; x_wconf 86' lang='lat' dir='ltr'><strong>legis</strong></span> <span class='ocrx_word' id='word_1_517' title='bbox 464 3571 615 3619; x_wconf 90' lang='lat' dir='ltr'><strong>esse,</strong></span> <span class='ocrx_word' id='word_1_518' title='bbox 647 3553 846 3609; x_wconf 90' lang='lat' dir='ltr'><strong>volens</strong></span> <span class='ocrx_word' id='word_1_519' title='bbox 878 3555 1182 3609; x_wconf 90' lang='lat' dir='ltr'><strong>ostendere</strong></span> <span class='ocrx_word' id='word_1_520' title='bbox 1206 3571 1319 3626; x_wconf 90' lang='lat' dir='ltr'><strong>quo</strong></span> <span class='ocrx_word' id='word_1_521' title='bbox 1345 3556 1492 3610; x_wconf 81' lang='lat' dir='ltr'><strong>eruti</strong></span> <span class='ocrx_word' id='word_1_522' title='bbox 1510 3557 1778 3623; x_wconf 85' lang='lat' dir='ltr'><strong>fuissent,</strong></span> <span class='ocrx_word' id='word_1_523' title='bbox 1806 3557 1938 3612; x_wconf 90' lang='lat' dir='ltr'><strong>sub-</strong></span> 
     </span>
    </p>
   </div>
   <div class='ocr_carea' id='block_1_69' title="bbox 268 3643 1935 3720">
    <p class='ocr_par' dir='ltr' id='par_1_69' title="bbox 268 3643 1935 3720">
     <span class='ocr_line' id='line_1_69' title="bbox 268 3643 1935 3720; baseline -0.001 -18"><span class='ocrx_word' id='word_1_524' title='bbox 268 3646 518 3720; x_wconf 81' lang='lat' dir='ltr'><strong>junxit:</strong></span> <span class='ocrx_word' id='word_1_525' title='bbox 573 3643 819 3699; x_wconf 84' lang='lat' dir='ltr'><strong>Christus</strong></span> <span class='ocrx_word' id='word_1_526' title='bbox 868 3660 962 3699; x_wconf 86' lang='lat' dir='ltr'><strong>nos</strong></span> <span class='ocrx_word' id='word_1_527' title='bbox 1011 3643 1265 3709; x_wconf 88' lang='lat' dir='ltr'><strong>redemit,</strong></span> <span class='ocrx_word' id='word_1_528' title='bbox 1299 3650 1408 3700; x_wconf 90' lang='lat' dir='ltr'><strong>etc.</strong></span> <span class='ocrx_word' id='word_1_529' title='bbox 1438 3664 1451 3713; x_wconf 87' lang='lat'><strong>;</strong></span> <span class='ocrx_word' id='word_1_530' title='bbox 1484 3647 1652 3717; x_wconf 89' lang='lat' dir='ltr'><strong>quasi</strong></span> <span class='ocrx_word' id='word_1_531' title='bbox 1683 3646 1935 3702; x_wconf 91' lang='lat' dir='ltr'><strong>diceret:</strong></span> 
     </span>
    </p>
   </div>
   <div class='ocr_carea' id='block_1_70' title="bbox 275 3731 1935 3805">
    <p class='ocr_par' dir='ltr' id='par_1_70' title="bbox 275 3731 1935 3805">
     <span class='ocr_line' id='line_1_70' title="bbox 275 3731 1935 3805; baseline -0.002 -12"><span class='ocrx_word' id='word_1_532' title='bbox 275 3737 418 3793; x_wconf 85' lang='lat' dir='ltr'><strong>Jam</strong></span> <span class='ocrx_word' id='word_1_533' title='bbox 454 3732 597 3805; x_wconf 90' lang='lat' dir='ltr'><strong>quia</strong></span> <span class='ocrx_word' id='word_1_534' title='bbox 627 3732 698 3787; x_wconf 91' lang='lat' dir='ltr'><strong>ad</strong></span> <span class='ocrx_word' id='word_1_535' title='bbox 728 3731 1055 3787; x_wconf 88' lang='lat' dir='ltr'><strong>libertatem</strong></span> <span class='ocrx_word' id='word_1_536' title='bbox 1098 3734 1413 3801; x_wconf 89' lang='lat' dir='ltr'><strong>transistis,</strong></span> <span class='ocrx_word' id='word_1_537' title='bbox 1445 3735 1613 3805; x_wconf 91' lang='lat' dir='ltr'><strong>quasi</strong></span> <span class='ocrx_word' id='word_1_538' title='bbox 1646 3736 1837 3791; x_wconf 91' lang='lat' dir='ltr'><strong>denuo</strong></span> <span class='ocrx_word' id='word_1_539' title='bbox 1868 3735 1935 3790; x_wconf 92' lang='lat' dir='ltr'><strong>ad</strong></span> 
     </span>
    </p>
   </div>
   <div class='ocr_carea' id='block_1_71' title="bbox 284 3819 1944 3894">
    <p class='ocr_par' dir='ltr' id='par_1_71' title="bbox 284 3819 1944 3894">
     <span class='ocr_line' id='line_1_71' title="bbox 284 3819 1944 3894; baseline -0.002 -14"><span class='ocrx_word' id='word_1_540' title='bbox 284 3822 638 3880; x_wconf 88' lang='lat' dir='ltr'><strong>servitutem</strong></span> <span class='ocrx_word' id='word_1_541' title='bbox 662 3819 911 3875; x_wconf 89' lang='lat' dir='ltr'><strong>transire</strong></span> <span class='ocrx_word' id='word_1_542' title='bbox 932 3820 1228 3875; x_wconf 82' lang='lat' dir='ltr'><strong>voluistis?</strong></span> <span class='ocrx_word' id='word_1_543' title='bbox 1251 3821 1322 3876; x_wconf 93' lang='lat' dir='ltr'><strong>Ut</strong></span> <span class='ocrx_word' id='word_1_544' title='bbox 1342 3823 1672 3878; x_wconf 89' lang='lat' dir='ltr'><strong>ostenderet</strong></span> <span class='ocrx_word' id='word_1_545' title='bbox 1692 3823 1944 3894; x_wconf 87' lang='lat' dir='ltr'><strong>qualiter</strong></span> 
     </span>
    </p>
   </div>
   <div class='ocr_carea' id='block_1_72' title="bbox 280 3909 1941 3982">
    <p class='ocr_par' dir='ltr' id='par_1_72' title="bbox 280 3909 1941 3982">
     <span class='ocr_line' id='line_1_72' title="bbox 280 3909 1941 3982; baseline -0.001 -14"><span class='ocrx_word' id='word_1_546' title='bbox 280 3910 606 3982; x_wconf 81' lang='lat' dir='ltr'><strong>redempti,</strong></span> <span class='ocrx_word' id='word_1_547' title='bbox 639 3909 980 3979; x_wconf 84' lang='lat' dir='ltr'><strong>subjunxit:</strong></span> <span class='ocrx_word' id='word_1_548' title='bbox 1009 3912 1203 3965; x_wconf 84' lang='lat' dir='ltr'><strong>Factus</strong></span> <span class='ocrx_word' id='word_1_549' title='bbox 1242 3926 1340 3980; x_wconf 86' lang='lat' dir='ltr'><strong>pro</strong></span> <span class='ocrx_word' id='word_1_550' title='bbox 1370 3911 1524 3966; x_wconf 88' lang='lat' dir='ltr'><strong>nobis</strong></span> <span class='ocrx_word' id='word_1_551' title='bbox 1570 3912 1941 3966; x_wconf 82' lang='lat' dir='ltr'><strong>maledictum.</strong></span> 
     </span>
    </p>
   </div>
   <div class='ocr_carea' id='block_1_73' title="bbox 278 3999 1947 4071">
    <p class='ocr_par' dir='ltr' id='par_1_73' title="bbox 278 3999 1947 4071">
     <span class='ocr_line' id='line_1_73' title="bbox 278 3999 1947 4071; baseline -0.002 -12"><span class='ocrx_word' id='word_1_552' title='bbox 278 3999 629 4059; x_wconf 85' lang='lat' dir='ltr'><strong>Notandum</strong></span> <span class='ocrx_word' id='word_1_553' title='bbox 663 3999 801 4070; x_wconf 88' lang='lat' dir='ltr'><strong>quia</strong></span> <span class='ocrx_word' id='word_1_554' title='bbox 816 4014 882 4054; x_wconf 90' lang='lat' dir='ltr'><strong>eo</strong></span> <span class='ocrx_word' id='word_1_555' title='bbox 915 3999 1088 4054; x_wconf 92' lang='lat' dir='ltr'><strong>modo</strong></span> <span class='ocrx_word' id='word_1_556' title='bbox 1111 3999 1323 4054; x_wconf 91' lang='lat' dir='ltr'><strong>dicitur</strong></span> <span class='ocrx_word' id='word_1_557' title='bbox 1339 4000 1947 4071; x_wconf 89' lang='lat' dir='ltr'><strong>maledictum,quem-</strong></span> 
     </span>
    </p>
   </div>
   <div class='ocr_carea' id='block_1_74' title="bbox 283 4087 1947 4161">
    <p class='ocr_par' dir='ltr' id='par_1_74' title="bbox 283 4087 1947 4161">
     <span class='ocr_line' id='line_1_74' title="bbox 283 4087 1947 4161; baseline -0.002 -14"><span class='ocrx_word' id='word_1_558' title='bbox 283 4093 358 4147; x_wconf 89' lang='lat' dir='ltr'><strong>ad</strong></span> <span class='ocrx_word' id='word_1_559' title='bbox 368 4090 507 4146; x_wconf 89' lang='lat' dir='ltr'><strong>mod</strong></span> <span class='ocrx_word' id='word_1_560' title='bbox 519 4105 620 4144; x_wconf 93' lang='lat' dir='ltr'><strong>um</strong></span> <span class='ocrx_word' id='word_1_561' title='bbox 636 4087 851 4143; x_wconf 90' lang='lat' dir='ltr'><strong>dicitur</strong></span> <span class='ocrx_word' id='word_1_562' title='bbox 864 4092 1187 4160; x_wconf 90' lang='lat' dir='ltr'><strong>peccatum,</strong></span> <span class='ocrx_word' id='word_1_563' title='bbox 1209 4089 1309 4144; x_wconf 91' lang='lat' dir='ltr'><strong>sed</strong></span> <span class='ocrx_word' id='word_1_564' title='bbox 1327 4088 1440 4144; x_wconf 91' lang='lat' dir='ltr'><strong>alio</strong></span> <span class='ocrx_word' id='word_1_565' title='bbox 1456 4090 1627 4144; x_wconf 88' lang='lat' dir='ltr'><strong>modo</strong></span> <span class='ocrx_word' id='word_1_566' title='bbox 1643 4093 1947 4161; x_wconf 89' lang='lat' dir='ltr'><strong>peccatum</strong></span> 
     </span>
    </p>
   </div>
   <div class='ocr_carea' id='block_1_75' title="bbox 282 4177 1948 4252">
    <p class='ocr_par' dir='ltr' id='par_1_75' title="bbox 282 4177 1948 4252">
     <span class='ocr_line' id='line_1_75' title="bbox 282 4177 1948 4252; baseline 0 -19"><span class='ocrx_word' id='word_1_567' title='bbox 282 4180 422 4252; x_wconf 86' lang='lat' dir='ltr'><strong>ipsa</strong></span> <span class='ocrx_word' id='word_1_568' title='bbox 452 4177 847 4249; x_wconf 89' lang='lat' dir='ltr'><strong>transgressio</strong></span> <span class='ocrx_word' id='word_1_569' title='bbox 897 4177 989 4232; x_wconf 93' lang='lat' dir='ltr'><strong>cui</strong></span> <span class='ocrx_word' id='word_1_570' title='bbox 1021 4178 1268 4232; x_wconf 89' lang='lat' dir='ltr'><strong>debetur</strong></span> <span class='ocrx_word' id='word_1_571' title='bbox 1313 4195 1503 4250; x_wconf 72' lang='lat' dir='ltr'><strong>poena,</strong></span> <span class='ocrx_word' id='word_1_572' title='bbox 1550 4183 1607 4234; x_wconf 92' lang='lat' dir='ltr'><strong>et</strong></span> <span class='ocrx_word' id='word_1_573' title='bbox 1636 4178 1748 4233; x_wconf 91' lang='lat' dir='ltr'><strong>alio</strong></span> <span class='ocrx_word' id='word_1_574' title='bbox 1775 4178 1948 4233; x_wconf 93' lang='lat' dir='ltr'><strong>modo</strong></span> 
     </span>
    </p>
   </div>
   <div class='ocr_carea' id='block_1_76' title="bbox 285 4266 1950 4339">
    <p class='ocr_par' dir='ltr' id='par_1_76' title="bbox 285 4266 1950 4339">
     <span class='ocr_line' id='line_1_76' title="bbox 285 4266 1950 4339; baseline -0.002 -14"><span class='ocrx_word' id='word_1_575' title='bbox 285 4268 516 4325; x_wconf 89' lang='lat' dir='ltr'><strong>dicitur</strong></span> <span class='ocrx_word' id='word_1_576' title='bbox 546 4268 850 4337; x_wconf 89' lang='lat' dir='ltr'><strong>peccatum</strong></span> <span class='ocrx_word' id='word_1_577' title='bbox 875 4282 1056 4332; x_wconf 90' lang='lat' dir='ltr'><strong>mors,</strong></span> <span class='ocrx_word' id='word_1_578' title='bbox 1089 4266 1147 4321; x_wconf 92' lang='lat' dir='ltr'><strong>id</strong></span> <span class='ocrx_word' id='word_1_579' title='bbox 1178 4271 1286 4333; x_wconf 85' lang='lat' dir='ltr'><strong>est,</strong></span> <span class='ocrx_word' id='word_1_580' title='bbox 1320 4285 1488 4339; x_wconf 88' lang='lat' dir='ltr'><strong>poena</strong></span> <span class='ocrx_word' id='word_1_581' title='bbox 1518 4267 1756 4339; x_wconf 90' lang='lat' dir='ltr'><strong>peccati.</strong></span> <span class='ocrx_word' id='word_1_582' title='bbox 1788 4268 1859 4322; x_wconf 91' lang='lat' dir='ltr'><strong>Et</strong></span> <span class='ocrx_word' id='word_1_583' title='bbox 1889 4267 1950 4322; x_wconf 89' lang='lat' dir='ltr'><strong>in</strong></span> 
     </span>
    </p>
   </div>
   <div class='ocr_carea' id='block_1_77' title="bbox 282 4355 1949 4429">
    <p class='ocr_par' dir='ltr' id='par_1_77' title="bbox 282 4355 1949 4429">
     <span class='ocr_line' id='line_1_77' title="bbox 282 4355 1949 4429; baseline -0.002 -14"><span class='ocrx_word' id='word_1_584' title='bbox 282 4359 401 4415; x_wconf 92' lang='lat' dir='ltr'><strong>hoc</strong></span> <span class='ocrx_word' id='word_1_585' title='bbox 433 4355 768 4413; x_wconf 87' lang='lat' dir='ltr'><strong>ostenditur</strong></span> <span class='ocrx_word' id='word_1_586' title='bbox 798 4355 939 4427; x_wconf 90' lang='lat' dir='ltr'><strong>quia</strong></span> <span class='ocrx_word' id='word_1_587' title='bbox 958 4356 1439 4428; x_wconf 86' lang='lat' dir='ltr'><strong>transgrediendo</strong></span> <span class='ocrx_word' id='word_1_588' title='bbox 1463 4372 1791 4429; x_wconf 89' lang='lat' dir='ltr'><strong>peccamus,</strong></span> <span class='ocrx_word' id='word_1_589' title='bbox 1825 4372 1949 4411; x_wconf 91' lang='lat' dir='ltr'><strong>mo-</strong></span> 
     </span>
    </p>
   </div>
   <div class='ocr_carea' id='block_1_78' title="bbox 282 4444 1953 4517">
    <p class='ocr_par' dir='ltr' id='par_1_78' title="bbox 282 4444 1953 4517">
     <span class='ocr_line' id='line_1_78' title="bbox 282 4444 1953 4517; baseline -0.002 -12"><span class='ocrx_word' id='word_1_590' title='bbox 282 4448 501 4505; x_wconf 86' lang='lat' dir='ltr'><strong>riendo</strong></span> <span class='ocrx_word' id='word_1_591' title='bbox 534 4460 668 4502; x_wconf 87' lang='lat' dir='ltr'><strong>vero</strong></span> <span class='ocrx_word' id='word_1_592' title='bbox 691 4462 805 4501; x_wconf 92' lang='lat' dir='ltr'><strong>non</strong></span> <span class='ocrx_word' id='word_1_593' title='bbox 839 4461 1188 4517; x_wconf 88' lang='lat' dir='ltr'><strong>peccamus:</strong></span> <span class='ocrx_word' id='word_1_594' title='bbox 1224 4445 1304 4503; x_wconf 92' lang='lat' dir='ltr'><strong>ita</strong></span> <span class='ocrx_word' id='word_1_595' title='bbox 1334 4446 1490 4502; x_wconf 91' lang='lat' dir='ltr'><strong>enim</strong></span> <span class='ocrx_word' id='word_1_596' title='bbox 1515 4445 1628 4502; x_wconf 90' lang='lat' dir='ltr'><strong>alio</strong></span> <span class='ocrx_word' id='word_1_597' title='bbox 1660 4446 1833 4501; x_wconf 91' lang='lat' dir='ltr'><strong>modo</strong></span> <span class='ocrx_word' id='word_1_598' title='bbox 1865 4444 1953 4501; x_wconf 88' lang='lat' dir='ltr'><strong>di-</strong></span> 
     </span>
    </p>
   </div>
   <div class='ocr_carea' id='block_1_79' title="bbox 365 4639 1953 4718">
    <p class='ocr_par' dir='ltr' id='par_1_79' title="bbox 365 4639 1953 4718">
     <span class='ocr_line' id='line_1_79' title="bbox 365 4639 1953 4718; baseline -0.003 -17"><span class='ocrx_word' id='word_1_599' title='bbox 365 4644 523 4718; x_wconf 91' lang='lat'>(889)</span> <span class='ocrx_word' id='word_1_600' title='bbox 550 4642 622 4718; x_wconf 65' lang='lat' dir='ltr'><strong>in</strong></span> <span class='ocrx_word' id='word_1_601' title='bbox 660 4642 839 4698; x_wconf 83' lang='lat' dir='ltr'><strong>Exod.</strong></span> <span class='ocrx_word' id='word_1_602' title='bbox 890 4646 948 4699; x_wconf 89' lang='lat' dir='ltr'><strong>et</strong></span> <span class='ocrx_word' id='word_1_603' title='bbox 1004 4642 1180 4699; x_wconf 87' lang='lat' dir='ltr'><strong>Levit.</strong></span> <span class='ocrx_word' id='word_1_604' title='bbox 1215 4643 1433 4716; x_wconf 88' lang='lat' dir='ltr'><strong>pluries</strong></span> <span class='ocrx_word' id='word_1_605' title='bbox 1478 4659 1656 4716; x_wconf 91' lang='lat' dir='ltr'><strong>quam</strong></span> <span class='ocrx_word' id='word_1_606' title='bbox 1694 4645 1758 4697; x_wconf 89' lang='lat' dir='ltr'><strong>ut</strong></span> <span class='ocrx_word' id='word_1_607' title='bbox 1784 4639 1953 4697; x_wconf 87' lang='lat' dir='ltr'><strong>citari</strong></span> 
     </span>
    </p>
   </div>
   <div class='ocr_carea' id='block_1_80' title="bbox 288 4714 761 4774">
    <p class='ocr_par' dir='ltr' id='par_1_80' title="bbox 288 4714 761 4774">
     <span class='ocr_line' id='line_1_80' title="bbox 288 4714 761 4774; baseline -0.015 1"><span class='ocrx_word' id='word_1_608' title='bbox 288 4714 503 4774; x_wconf 78' lang='lat' dir='ltr'><strong>textus</strong></span> <span class='ocrx_word' id='word_1_609' title='bbox 532 4714 761 4770; x_wconf 84' lang='lat' dir='ltr'><strong>debeat.</strong></span> 
     </span>
    </p>
   </div>
   <div class='ocr_carea' id='block_1_81' title="bbox 370 4785 1955 4861">
    <p class='ocr_par' dir='ltr' id='par_1_81' title="bbox 370 4785 1955 4861">
     <span class='ocr_line' id='line_1_81' title="bbox 370 4785 1955 4861; baseline -0.003 -18"><span class='ocrx_word' id='word_1_610' title='bbox 370 4788 525 4861; x_wconf 89' lang='lat'>(890)</span> <span class='ocrx_word' id='word_1_611' title='bbox 564 4785 737 4861; x_wconf 75' lang='lat' dir='ltr'><strong>Levit.</strong></span> <span class='ocrx_word' id='word_1_612' title='bbox 786 4802 881 4853; x_wconf 88' lang='lat' dir='ltr'><strong>xx,</strong></span> <span class='ocrx_word' id='word_1_613' title='bbox 924 4787 1045 4861; x_wconf 77' lang='lat'><strong>_13._</strong></span> <span class='ocrx_word' id='word_1_614' title='bbox 1070 4785 1241 4859; x_wconf 87' lang='lat' dir='ltr'><strong>Vulg.</strong></span> <span class='ocrx_word' id='word_1_615' title='bbox 1274 4787 1488 4842; x_wconf 89' lang='lat' dir='ltr'><strong>habet:</strong></span> <span class='ocrx_word' id='word_1_616' title='bbox 1525 4786 1628 4854; x_wconf 85' lang='lat' dir='ltr'><strong>Qui</strong></span> <span class='ocrx_word' id='word_1_617' title='bbox 1657 4786 1955 4841; x_wconf 85' lang='lat' dir='ltr'><strong>dormierit</strong></span> 
     </span>
    </p>
   </div>
   <div class='ocr_carea' id='block_1_82' title="bbox 284 4856 1171 4928">
    <p class='ocr_par' dir='ltr' id='par_1_82' title="bbox 284 4856 1171 4928">
     <span class='ocr_line' id='line_1_82' title="bbox 284 4856 1171 4928; baseline -0.006 -10"><span class='ocrx_word' id='word_1_618' title='bbox 284 4856 424 4918; x_wconf 76' lang='lat' dir='ltr'><strong>cum</strong></span> <span class='ocrx_word' id='word_1_619' title='bbox 453 4856 704 4928; x_wconf 83' lang='lat' dir='ltr'><strong>masculo</strong></span> <span class='ocrx_word' id='word_1_620' title='bbox 731 4861 877 4912; x_wconf 85' lang='lat' dir='ltr'><strong>coitu</strong></span> <span class='ocrx_word' id='word_1_621' title='bbox 904 4858 1171 4928; x_wconf 85' lang='lat' dir='ltr'><strong>femineo.</strong></span> 
     </span>
    </p>
   </div>
   <div class='ocr_carea' id='block_1_83' title="bbox 370 4927 1142 5003">
    <p class='ocr_par' dir='ltr' id='par_1_83' title="bbox 370 4927 1142 5003">
     <span class='ocr_line' id='line_1_83' title="bbox 370 4927 1142 5003; baseline -0.001 -17"><span class='ocrx_word' id='word_1_622' title='bbox 370 4931 522 5003; x_wconf 84' lang='grc'>(891)</span> <span class='ocrx_word' id='word_1_623' title='bbox 555 4927 729 5003; x_wconf 68' lang='lat' dir='ltr'><strong>Vplg.</strong></span> <span class='ocrx_word' id='word_1_624' title='bbox 760 4927 1142 5003; x_wconf 60' lang='lat' dir='ltr'><strong>manifestum,</strong></span> 
     </span>
    </p>
   </div>
   <div class='ocr_carea' id='block_1_84' title="bbox 372 4998 1953 5075">
    <p class='ocr_par' dir='ltr' id='par_1_84' title="bbox 372 4998 1953 5075">
     <span class='ocr_line' id='line_1_84' title="bbox 372 4998 1953 5075; baseline -0.004 -17"><span class='ocrx_word' id='word_1_625' title='bbox 372 4998 528 5075; x_wconf 42' lang='lat'>(892&#39;)</span> <span class='ocrx_word' id='word_1_626' title='bbox 577 4998 1274 5075; x_wconf 79' lang='lat' dir='ltr'><strong>_Consulatur__in__hunc</strong></span> <span class='ocrx_word' id='word_1_627' title='bbox 1322 5003 1548 5075; x_wconf 76' lang='lat' dir='ltr'><strong>textum</strong></span> <span class='ocrx_word' id='word_1_628' title='bbox 1598 4998 1861 5075; x_wconf 79' lang='lat' dir='ltr'><strong>Vallartii</strong></span> <span class='ocrx_word' id='word_1_629' title='bbox 1894 4998 1953 5075; x_wconf 91' lang='lat' dir='ltr'><strong>i_n</strong></span> 
     </span>
    </p>
   </div>
   <div class='ocr_carea' id='block_1_85' title="bbox 284 5070 1958 5144">
    <p class='ocr_par' dir='ltr' id='par_1_85' title="bbox 284 5070 1958 5144">
     <span class='ocr_line' id='line_1_85' title="bbox 284 5070 1958 5144; baseline -0.004 -14"><span class='ocrx_word' id='word_1_630' title='bbox 284 5070 452 5130; x_wconf 82' lang='lat' dir='ltr'><strong>hanc</strong></span> <span class='ocrx_word' id='word_1_631' title='bbox 486 5070 672 5144; x_wconf 87' lang='lat' dir='ltr'><strong>Epist.</strong></span> <span class='ocrx_word' id='word_1_632' title='bbox 718 5088 893 5144; x_wconf 91' lang='lat' dir='ltr'><strong>super</strong></span> <span class='ocrx_word' id='word_1_633' title='bbox 923 5071 1042 5144; x_wconf 87' lang='lat' dir='ltr'><strong>divi</strong></span> <span class='ocrx_word' id='word_1_634' title='bbox 1062 5070 1401 5144; x_wconf 66' lang='lat' dir='ltr'><strong>Hieronymi</strong></span> <span class='ocrx_word' id='word_1_635' title='bbox 1418 5070 1841 5144; x_wconf 80' lang='lat' dir='ltr'><strong>commentaria</strong></span> <span class='ocrx_word' id='word_1_636' title='bbox 1862 5070 1958 5125; x_wconf 91' lang='lat' dir='ltr'><strong>ad-</strong></span> 
     </span>
    </p>
   </div>
   <div class='ocr_carea' id='block_1_86' title="bbox 290 5141 1848 5213">
    <p class='ocr_par' dir='ltr' id='par_1_86' title="bbox 290 5141 1848 5213">
     <span class='ocr_line' id='line_1_86' title="bbox 290 5141 1848 5213; baseline -0.005 -11"><span class='ocrx_word' id='word_1_637' title='bbox 290 5141 553 5211; x_wconf 67' lang='lat' dir='ltr'><strong>notatio,</strong></span> <span class='ocrx_word' id='word_1_638' title='bbox 586 5158 720 5213; x_wconf 86' lang='lat' dir='ltr'><strong>pag.</strong></span> <span class='ocrx_word' id='word_1_639' title='bbox 748 5141 873 5210; x_wconf 85' lang='grc'>431,</span> <span class='ocrx_word' id='word_1_640' title='bbox 904 5143 1049 5198; x_wconf 89' lang='lat' dir='ltr'><strong>tomi</strong></span> <span class='ocrx_word' id='word_1_641' title='bbox 1078 5142 1179 5198; x_wconf 88' lang='lat' dir='ltr'><strong>VII</strong></span> <span class='ocrx_word' id='word_1_642' title='bbox 1209 5141 1313 5213; x_wconf 84' lang='lat' dir='ltr'><strong>0p.</strong></span> <span class='ocrx_word' id='word_1_643' title='bbox 1348 5142 1463 5197; x_wconf 91' lang='lat' dir='ltr'><strong>divi</strong></span> <span class='ocrx_word' id='word_1_644' title='bbox 1495 5141 1848 5212; x_wconf 84' lang='lat' dir='ltr'><strong>Hieronymi.</strong></span> 
     </span>
    </p>
   </div>
   <div class='ocr_carea' id='block_1_87' title="bbox 376 5159 1954 5287">
    <p class='ocr_par' dir='ltr' id='par_1_87' title="bbox 376 5159 1954 5287">
     <span class='ocr_line' id='line_1_87' title="bbox 376 5159 1848 5267; baseline -0.004 -67"><span class='ocrx_word' id='word_1_645' title='bbox 376 5159 720 5267; x_wconf 43' lang='lat' dir='ltr'><strong>utatiovpag.</strong></span> <span class='ocrx_word' id='word_1_646' title='bbox 748 5159 873 5210; x_wconf 72' lang='lat'><strong>4.51,</strong></span> <span class='ocrx_word' id='word_1_647' title='bbox 904 5159 1049 5198; x_wconf 79' lang='lat' dir='ltr'><strong>tomi</strong></span> <span class='ocrx_word' id='word_1_648' title='bbox 1089 5159 1179 5198; x_wconf 87' lang='lat' dir='ltr'><strong>vu</strong></span> <span class='ocrx_word' id='word_1_649' title='bbox 1209 5159 1313 5213; x_wconf 85' lang='lat' dir='ltr'><strong>up.</strong></span> <span class='ocrx_word' id='word_1_650' title='bbox 1348 5159 1463 5197; x_wconf 81' lang='lat' dir='ltr'><strong>om</strong></span> <span class='ocrx_word' id='word_1_651' title='bbox 1495 5159 1848 5212; x_wconf 79' lang='lat' dir='ltr'><strong>meronymi.</strong></span> 
     </span>
     <span class='ocr_line' id='line_1_88' title="bbox 376 5211 1954 5287; baseline -0.004 -17"><span class='ocrx_word' id='word_1_652' title='bbox 376 5216 527 5287; x_wconf 88' lang='lat'>(893)</span> <span class='ocrx_word' id='word_1_653' title='bbox 544 5286 557 5287; x_wconf 18' lang='grc' dir='ltr'>ί</span> <span class='ocrx_word' id='word_1_654' title='bbox 593 5214 801 5287; x_wconf 88' lang='lat' dir='ltr'><strong>erbum</strong></span> <span class='ocrx_word' id='word_1_655' title='bbox 824 5216 921 5285; x_wconf 87' lang='lat' dir='ltr'><strong>qui</strong></span> <span class='ocrx_word' id='word_1_656' title='bbox 940 5214 1273 5287; x_wconf 86' lang='lat' dir='ltr'><strong>addendum</strong></span> <span class='ocrx_word' id='word_1_657' title='bbox 1296 5230 1506 5287; x_wconf 83' lang='lat' dir='ltr'><strong>sensus</strong></span> <span class='ocrx_word' id='word_1_658' title='bbox 1526 5212 1713 5285; x_wconf 88' lang='lat' dir='ltr'><strong>gratia</strong></span> <span class='ocrx_word' id='word_1_659' title='bbox 1733 5211 1954 5287; x_wconf 84' lang='lat' dir='ltr'><strong>censui.</strong></span> 
     </span>
    </p>
   </div>
   <div class='ocr_carea' id='block_1_88' title="bbox 379 5283 1957 5357">
    <p class='ocr_par' dir='ltr' id='par_1_88' title="bbox 379 5283 1957 5357">
     <span class='ocr_line' id='line_1_89' title="bbox 379 5283 1957 5357; baseline -0.003 -15"><span class='ocrx_word' id='word_1_660' title='bbox 379 5283 723 5357; x_wconf 68' lang='lat' dir='ltr'><strong>(894)Levit.</strong></span> <span class='ocrx_word' id='word_1_661' title='bbox 756 5283 992 5355; x_wconf 81' lang='lat' dir='ltr'><strong>xxin,5,</strong></span> <span class='ocrx_word' id='word_1_662' title='bbox 1015 5285 1282 5341; x_wconf 86' lang='lat' dir='ltr'><strong>custodite</strong></span> <span class='ocrx_word' id='word_1_663' title='bbox 1315 5285 1460 5355; x_wconf 86' lang='lat' dir='ltr'><strong>leges</strong></span> <span class='ocrx_word' id='word_1_664' title='bbox 1488 5283 1654 5356; x_wconf 79' lang='lat' dir='ltr'><strong>meas,</strong></span> <span class='ocrx_word' id='word_1_665' title='bbox 1687 5287 1848 5355; x_wconf 88' lang='lat' dir='ltr'><strong>atque</strong></span> <span class='ocrx_word' id='word_1_666' title='bbox 1857 5283 1957 5353; x_wconf 87' lang='lat' dir='ltr'><strong>ju-</strong></span> 
     </span>
    </p>
   </div>
   <div class='ocr_carea' id='block_1_89' title="bbox 283 5357 1476 5429">
    <p class='ocr_par' dir='ltr' id='par_1_89' title="bbox 283 5357 1476 5429">
     <span class='ocr_line' id='line_1_90' title="bbox 283 5357 1476 5429; baseline -0.004 -14"><span class='ocrx_word' id='word_1_667' title='bbox 283 5359 478 5423; x_wconf 82' lang='lat' dir='ltr'><strong>dicio,</strong></span> <span class='ocrx_word' id='word_1_668' title='bbox 505 5372 635 5429; x_wconf 71' lang='lat' dir='ltr'><strong>quae</strong></span> <span class='ocrx_word' id='word_1_669' title='bbox 656 5357 878 5429; x_wconf 86' lang='lat' dir='ltr'><strong>faciens</strong></span> <span class='ocrx_word' id='word_1_670' title='bbox 909 5358 1087 5421; x_wconf 88' lang='lat' dir='ltr'><strong>homo,</strong></span> <span class='ocrx_word' id='word_1_671' title='bbox 1124 5359 1262 5413; x_wconf 87' lang='lat' dir='ltr'><strong>vivet</strong></span> <span class='ocrx_word' id='word_1_672' title='bbox 1292 5359 1351 5411; x_wconf 85' lang='lat' dir='ltr'><strong>in</strong></span> <span class='ocrx_word' id='word_1_673' title='bbox 1379 5358 1476 5429; x_wconf 76' lang='lat' dir='ltr'><strong>eis.</strong></span> 
     </span>
    </p>
   </div>
   <div class='ocr_carea' id='block_1_90' title="bbox 379 5427 1960 5500">
    <p class='ocr_par' dir='ltr' id='par_1_90' title="bbox 379 5427 1960 5500">
     <span class='ocr_line' id='line_1_91' title="bbox 379 5427 1960 5500; baseline -0.002 -17"><span class='ocrx_word' id='word_1_674' title='bbox 379 5427 527 5500; x_wconf 83' lang='lat'>(895)</span> <span class='ocrx_word' id='word_1_675' title='bbox 558 5428 729 5499; x_wconf 84' lang='lat' dir='ltr'><strong>Vulg.</strong></span> <span class='ocrx_word' id='word_1_676' title='bbox 762 5430 855 5498; x_wconf 86' lang='lat' dir='ltr'><strong>qui</strong></span> <span class='ocrx_word' id='word_1_677' title='bbox 885 5429 1181 5500; x_wconf 10' lang='lat' dir='ltr'><strong>feceritiea.</strong></span> <span class='ocrx_word' id='word_1_678' title='bbox 1217 5431 1283 5483; x_wconf 87' lang='lat' dir='ltr'><strong>Et</strong></span> <span class='ocrx_word' id='word_1_679' title='bbox 1311 5430 1393 5482; x_wconf 84' lang='lat' dir='ltr'><strong>ita</strong></span> <span class='ocrx_word' id='word_1_680' title='bbox 1422 5427 1653 5483; x_wconf 89' lang='lat' dir='ltr'><strong>divinus</strong></span> <span class='ocrx_word' id='word_1_681' title='bbox 1684 5427 1960 5497; x_wconf 86' lang='lat' dir='ltr'><strong>Hierony-</strong></span> 
     </span>
    </p>
   </div>
   <div class='ocr_carea' id='block_1_91' title="bbox 288 5498 1593 5571">
    <p class='ocr_par' dir='ltr' id='par_1_91' title="bbox 288 5498 1593 5571">
     <span class='ocr_line' id='line_1_92' title="bbox 288 5498 1593 5571; baseline -0.005 -13"><span class='ocrx_word' id='word_1_682' title='bbox 288 5498 467 5561; x_wconf 76' lang='lat' dir='ltr'><strong>mUs.</strong></span> <span class='ocrx_word' id='word_1_683' title='bbox 500 5498 561 5555; x_wconf 88' lang='lat' dir='ltr'><strong>et</strong></span> <span class='ocrx_word' id='word_1_684' title='bbox 591 5498 959 5571; x_wconf 84' lang='lat' dir='ltr'><strong>Augustinus</strong></span> <span class='ocrx_word' id='word_1_685' title='bbox 985 5498 1044 5553; x_wconf 89' lang='lat' dir='ltr'><strong>in</strong></span> <span class='ocrx_word' id='word_1_686' title='bbox 1076 5499 1225 5555; x_wconf 91' lang='lat' dir='ltr'><strong>hanc</strong></span> <span class='ocrx_word' id='word_1_687' title='bbox 1256 5500 1593 5571; x_wconf 81' lang='lat' dir='ltr'><strong>Epistolam.</strong></span> 
     </span>
    </p>
   </div>
   <div class='ocr_carea' id='block_1_92' title="bbox 383 5570 1510 5731">
    <p class='ocr_par' dir='ltr' id='par_1_92' title="bbox 383 5570 1510 5731">
     <span class='ocr_line' id='line_1_93' title="bbox 403 5570 1510 5701; baseline -0.001 -76"><span class='ocrx_word' id='word_1_688' title='bbox 403 5573 511 5626; x_wconf 87' lang='lat'><strong>896</strong></span> <span class='ocrx_word' id='word_1_689' title='bbox 568 5572 632 5625; x_wconf 88' lang='lat' dir='ltr'><strong>In</strong></span> <span class='ocrx_word' id='word_1_690' title='bbox 663 5576 861 5643; x_wconf 90' lang='lat' dir='ltr'><strong>autog.</strong></span> <span class='ocrx_word' id='word_1_691' title='bbox 898 5585 1087 5701; x_wconf 68' lang='lat' dir='ltr'><strong>marg.</strong></span> <span class='ocrx_word' id='word_1_692' title='bbox 1130 5570 1223 5625; x_wconf 93' lang='lat' dir='ltr'><strong>hic</strong></span> <span class='ocrx_word' id='word_1_693' title='bbox 1250 5571 1359 5642; x_wconf 88' lang='lat' dir='ltr'><strong>leg.</strong></span> <span class='ocrx_word' id='word_1_694' title='bbox 1394 5570 1510 5625; x_wconf 83' lang='lat' dir='ltr'><strong>XII.</strong></span> 
     </span>
     <span class='ocr_line' id='line_1_94' title="bbox 383 5572 1510 5731; baseline 0.001 -31"><span class='ocrx_word' id='word_1_695' title='bbox 383 5572 535 5731; x_wconf 45' lang='lat'>28973</span> <span class='ocrx_word' id='word_1_696' title='bbox 568 5643 632 5700; x_wconf 82' lang='lat' dir='ltr'><strong>In</strong></span> <span class='ocrx_word' id='word_1_697' title='bbox 665 5642 816 5702; x_wconf 85' lang='lat' dir='ltr'><strong>hanc</strong></span> <span class='ocrx_word' id='word_1_698' title='bbox 845 5642 1039 5718; x_wconf 84' lang='lat' dir='ltr'><strong>Episto</strong></span> <span class='ocrx_word' id='word_1_699' title='bbox 1067 5658 1161 5704; x_wconf 84' lang='lat' dir='ltr'><strong>am</strong></span> <span class='ocrx_word' id='word_1_700' title='bbox 1192 5642 1443 5719; x_wconf 85' lang='lat' dir='ltr'><strong>Operam</strong></span> <span class='ocrx_word' id='word_1_701' title='bbox 1463 5647 1510 5701; x_wconf 87' lang='lat' dir='ltr'><strong>tc</strong></span> 
     </span>
    </p>
   </div>
   <div class='ocr_carea' id='block_1_93' title="bbox 407 5611 1956 5719">
    <p class='ocr_par' dir='ltr' id='par_1_93' title="bbox 407 5611 1956 5719">
     <span class='ocr_line' id='line_1_95' title="bbox 407 5611 1956 5719; baseline 0.001 -19"><span class='ocrx_word' id='word_1_702' title='bbox 407 5611 535 5719; x_wconf 59' lang='grc' dir='ltr'><strong>ξδξς</strong></span> <span class='ocrx_word' id='word_1_703' title='bbox 568 5611 632 5700; x_wconf 71' lang='grc' dir='ltr'><strong>ἰὲἶ</strong></span> <span class='ocrx_word' id='word_1_704' title='bbox 663 5611 1584 5719; x_wconf 62' lang='grc' dir='ltr'><strong>Ξέἕιῖιδὶςῑόἰᾶὸῖἑιῶ’ὃρἒῗὶιιὶῖἱὸω</strong></span> <span class='ocrx_word' id='word_1_705' title='bbox 1610 5643 1730 5714; x_wconf 88' lang='lat' dir='ltr'><strong>.III,</strong></span> <span class='ocrx_word' id='word_1_706' title='bbox 1761 5641 1956 5716; x_wconf 72' lang='lat' dir='ltr'><strong>p.954.</strong></span> 
     </span>
    </p>
   </div>
   <div class='ocr_carea' id='block_1_94' title="bbox 518 5572 535 5729">
    <p class='ocr_par' dir='ltr' id='par_1_94' title="bbox 518 5572 535 5729">
     <span class='ocr_line' id='line_1_96' title="bbox 518 5572 535 5729; baseline 0 0"><span class='ocrx_word' id='word_1_707' title='bbox 518 5572 535 5729; x_wconf 68' lang='grc' dir='ltr'>ἐ</span> 
     </span>
    </p>
   </div>
   <div class='ocr_carea' id='block_1_95' title="bbox 1976 4548 2023 4612">
    <p class='ocr_par' dir='ltr' id='par_1_95' title="bbox 1976 4548 2023 4612">
     <span class='ocr_line' id='line_1_97' title="bbox 1976 4548 2023 4612; baseline 0 0"><span class='ocrx_word' id='word_1_708' title='bbox 1976 4548 2023 4612; x_wconf 95' lang='lat' dir='ltr'><strong>D</strong></span> 
     </span>
    </p>
   </div>
   <div class='ocr_carea' id='block_1_96' title="bbox 2039 3284 3693 3357">
    <p class='ocr_par' dir='ltr' id='par_1_96' title="bbox 2039 3284 3693 3357">
     <span class='ocr_line' id='line_1_98' title="bbox 2039 3284 3693 3357; baseline 0.003 -15"><span class='ocrx_word' id='word_1_709' title='bbox 2039 3284 2401 3342; x_wconf 89' lang='lat' dir='ltr'><strong>reconditam</strong></span> <span class='ocrx_word' id='word_1_710' title='bbox 2436 3284 2805 3355; x_wconf 89' lang='lat' dir='ltr'><strong>sapientiam,</strong></span> <span class='ocrx_word' id='word_1_711' title='bbox 2842 3289 2941 3339; x_wconf 87' lang='lat' dir='ltr'><strong>aut</strong></span> <span class='ocrx_word' id='word_1_712' title='bbox 2990 3284 3243 3342; x_wconf 88' lang='lat' dir='ltr'><strong>solidum</strong></span> <span class='ocrx_word' id='word_1_713' title='bbox 3291 3290 3425 3357; x_wconf 92' lang='lat' dir='ltr'><strong>cibi,</strong></span> <span class='ocrx_word' id='word_1_714' title='bbox 3460 3292 3559 3347; x_wconf 92' lang='lat' dir='ltr'><strong>sed</strong></span> <span class='ocrx_word' id='word_1_715' title='bbox 3604 3308 3693 3347; x_wconf 90' lang='lat' dir='ltr'><strong>se-</strong></span> 
     </span>
    </p>
   </div>
   <div class='ocr_carea' id='block_1_97' title="bbox 2042 3373 3694 3449">
    <p class='ocr_par' dir='ltr' id='par_1_97' title="bbox 2042 3373 3694 3449">
     <span class='ocr_line' id='line_1_99' title="bbox 2042 3373 3694 3449; baseline 0.004 -19"><span class='ocrx_word' id='word_1_716' title='bbox 2042 3374 2303 3431; x_wconf 86' lang='lat' dir='ltr'><strong>cundum</strong></span> <span class='ocrx_word' id='word_1_717' title='bbox 2336 3373 2790 3429; x_wconf 88' lang='lat' dir='ltr'><strong>teneritudinem</strong></span> <span class='ocrx_word' id='word_1_718' title='bbox 2819 3373 2977 3428; x_wconf 90' lang='lat' dir='ltr'><strong>illius</strong></span> <span class='ocrx_word' id='word_1_719' title='bbox 3005 3376 3104 3446; x_wconf 91' lang='lat' dir='ltr'><strong>qui</strong></span> <span class='ocrx_word' id='word_1_720' title='bbox 3138 3384 3377 3449; x_wconf 89' lang='lat' dir='ltr'><strong>propter</strong></span> <span class='ocrx_word' id='word_1_721' title='bbox 3406 3382 3694 3437; x_wconf 87' lang='lat' dir='ltr'><strong>stomachi</strong></span> 
     </span>
    </p>
   </div>
   <div class='ocr_carea' id='block_1_98' title="bbox 2044 3461 3364 3537">
    <p class='ocr_par' dir='ltr' id='par_1_98' title="bbox 2044 3461 3364 3537">
     <span class='ocr_line' id='line_1_100' title="bbox 2044 3461 3364 3537; baseline 0.005 -20"><span class='ocrx_word' id='word_1_722' title='bbox 2044 3461 2447 3518; x_wconf 85' lang='lat' dir='ltr'><strong>inﬁrmitatem</strong></span> <span class='ocrx_word' id='word_1_723' title='bbox 2477 3461 2622 3517; x_wconf 86' lang='lat' dir='ltr'><strong>lacte</strong></span> <span class='ocrx_word' id='word_1_724' title='bbox 2659 3467 2714 3517; x_wconf 87' lang='lat' dir='ltr'><strong>et</strong></span> <span class='ocrx_word' id='word_1_725' title='bbox 2743 3480 2871 3518; x_wconf 90' lang='lat' dir='ltr'><strong>rore</strong></span> <span class='ocrx_word' id='word_1_726' title='bbox 2903 3463 3163 3535; x_wconf 89' lang='lat' dir='ltr'><strong>pascitur</strong></span> <span class='ocrx_word' id='word_1_727' title='bbox 3194 3466 3364 3537; x_wconf 83' lang='lat'>(902).</span> 
     </span>
    </p>
   </div>
   <div class='ocr_carea' id='block_1_99' title="bbox 2118 3551 3697 3625">
    <p class='ocr_par' dir='ltr' id='par_1_99' title="bbox 2118 3551 3697 3625">
     <span class='ocr_line' id='line_1_101' title="bbox 2118 3551 3697 3625; baseline 0.004 -18"><span class='ocrx_word' id='word_1_728' title='bbox 2118 3551 2428 3621; x_wconf 88' lang='lat' dir='ltr'><strong>Sequitur:</strong></span> <span class='ocrx_word' id='word_1_729' title='bbox 2492 3553 2685 3606; x_wconf 84' lang='lat' dir='ltr'><strong>Tamen</strong></span> <span class='ocrx_word' id='word_1_730' title='bbox 2728 3552 2966 3607; x_wconf 83' lang='lat' dir='ltr'><strong>hominis</strong></span> <span class='ocrx_word' id='word_1_731' title='bbox 3012 3554 3159 3625; x_wconf 88' lang='lat'>(903)</span> <span class='ocrx_word' id='word_1_732' title='bbox 3210 3558 3591 3625; x_wconf 82' lang='lat' dir='ltr'><strong>conﬁrmatum</strong></span> <span class='ocrx_word' id='word_1_733' title='bbox 3619 3564 3697 3615; x_wconf 89' lang='lat' dir='ltr'><strong>le-</strong></span> 
     </span>
    </p>
   </div>
   <div class='ocr_carea' id='block_1_100' title="bbox 2047 3643 3701 3717">
    <p class='ocr_par' dir='ltr' id='par_1_100' title="bbox 2047 3643 3701 3717">
     <span class='ocr_line' id='line_1_102' title="bbox 2047 3643 3701 3717; baseline 0.004 -22"><span class='ocrx_word' id='word_1_734' title='bbox 2047 3644 2374 3696; x_wconf 86' lang='lat' dir='ltr'><strong>stamentam</strong></span> <span class='ocrx_word' id='word_1_735' title='bbox 2402 3656 2562 3695; x_wconf 84' lang='lat' dir='ltr'><strong>nemo</strong></span> <span class='ocrx_word' id='word_1_736' title='bbox 2591 3644 2826 3711; x_wconf 82' lang='lat' dir='ltr'><strong>spernit,</strong></span> <span class='ocrx_word' id='word_1_737' title='bbox 2863 3647 2969 3695; x_wconf 89' lang='lat' dir='ltr'><strong>etc.</strong></span> <span class='ocrx_word' id='word_1_738' title='bbox 2995 3643 3305 3699; x_wconf 89' lang='lat' dir='ltr'><strong>Terrenam</strong></span> <span class='ocrx_word' id='word_1_739' title='bbox 3326 3648 3520 3717; x_wconf 89' lang='lat' dir='ltr'><strong>posuit</strong></span> <span class='ocrx_word' id='word_1_740' title='bbox 3542 3648 3701 3702; x_wconf 88' lang='lat' dir='ltr'><strong>simi-</strong></span> 
     </span>
    </p>
   </div>
   <div class='ocr_carea' id='block_1_101' title="bbox 2050 3729 3699 3806">
    <p class='ocr_par' dir='ltr' id='par_1_101' title="bbox 2050 3729 3699 3806">
     <span class='ocr_line' id='line_1_103' title="bbox 2050 3729 3699 3806; baseline 0.004 -22"><span class='ocrx_word' id='word_1_741' title='bbox 2050 3730 2381 3800; x_wconf 84' lang='lat' dir='ltr'><strong>litudinem,</strong></span> <span class='ocrx_word' id='word_1_742' title='bbox 2418 3734 2474 3783; x_wconf 91' lang='lat' dir='ltr'><strong>et</strong></span> <span class='ocrx_word' id='word_1_743' title='bbox 2522 3729 2672 3797; x_wconf 90' lang='lat' dir='ltr'><strong>ideo,</strong></span> <span class='ocrx_word' id='word_1_744' title='bbox 2724 3736 2789 3784; x_wconf 90' lang='lat' dir='ltr'><strong>ut</strong></span> <span class='ocrx_word' id='word_1_745' title='bbox 2823 3730 3088 3785; x_wconf 90' lang='lat' dir='ltr'><strong>nonnulli</strong></span> <span class='ocrx_word' id='word_1_746' title='bbox 3138 3732 3322 3800; x_wconf 88' lang='lat' dir='ltr'><strong>aiunt,</strong></span> <span class='ocrx_word' id='word_1_747' title='bbox 3368 3736 3699 3806; x_wconf 75' lang='lat' dir='ltr'><strong>praemisit:</strong></span> 
     </span>
    </p>
   </div>
   <div class='ocr_carea' id='block_1_102' title="bbox 2050 3817 3699 3895">
    <p class='ocr_par' dir='ltr' id='par_1_102' title="bbox 2050 3817 3699 3895">
     <span class='ocr_line' id='line_1_104' title="bbox 2050 3817 3699 3895; baseline 0.005 -23"><span class='ocrx_word' id='word_1_748' title='bbox 2050 3817 2361 3872; x_wconf 83' lang='lat' dir='ltr'><strong>Secundum</strong></span> <span class='ocrx_word' id='word_1_749' title='bbox 2390 3818 2665 3872; x_wconf 85' lang='lat' dir='ltr'><strong>hominem</strong></span> <span class='ocrx_word' id='word_1_750' title='bbox 2714 3818 2851 3873; x_wconf 86' lang='lat' dir='ltr'><strong>dico.</strong></span> <span class='ocrx_word' id='word_1_751' title='bbox 2887 3819 3049 3873; x_wconf 89' lang='lat' dir='ltr'><strong>Unde</strong></span> <span class='ocrx_word' id='word_1_752' title='bbox 3091 3820 3231 3873; x_wconf 89' lang='lat' dir='ltr'><strong>dicit</strong></span> <span class='ocrx_word' id='word_1_753' title='bbox 3278 3822 3699 3895; x_wconf 74' lang='lat' dir='ltr'><strong>Hieronymus:</strong></span> 
     </span>
    </p>
   </div>
   <div class='ocr_carea' id='block_1_103' title="bbox 2052 3905 3701 3979">
    <p class='ocr_par' dir='ltr' id='par_1_103' title="bbox 2052 3905 3701 3979">
     <span class='ocr_line' id='line_1_105' title="bbox 2052 3905 3701 3979; baseline 0.002 -18"><span class='ocrx_word' id='word_1_754' title='bbox 2052 3907 2121 3961; x_wconf 90' lang='lat' dir='ltr'><strong>Et</strong></span> <span class='ocrx_word' id='word_1_755' title='bbox 2152 3910 2387 3976; x_wconf 90' lang='lat' dir='ltr'><strong>propter</strong></span> <span class='ocrx_word' id='word_1_756' title='bbox 2415 3905 2544 3972; x_wconf 87' lang='lat' dir='ltr'><strong>hoc,</strong></span> <span class='ocrx_word' id='word_1_757' title='bbox 2581 3906 2721 3975; x_wconf 92' lang='lat' dir='ltr'><strong>quia</strong></span> <span class='ocrx_word' id='word_1_758' title='bbox 2756 3906 2848 3960; x_wconf 87' lang='lat' dir='ltr'><strong>illi</strong></span> <span class='ocrx_word' id='word_1_759' title='bbox 2878 3906 3079 3961; x_wconf 91' lang='lat' dir='ltr'><strong>dicunt</strong></span> <span class='ocrx_word' id='word_1_760' title='bbox 3110 3907 3277 3978; x_wconf 69' lang='lat'>(90/1),</span> <span class='ocrx_word' id='word_1_761' title='bbox 3312 3912 3595 3979; x_wconf 72' lang='lat' dir='ltr'><strong>praemisit</strong></span> <span class='ocrx_word' id='word_1_762' title='bbox 3620 3928 3701 3966; x_wconf 85' lang='lat' dir='ltr'><strong>se-</strong></span> 
     </span>
    </p>
   </div>
   <div class='ocr_carea' id='block_1_104' title="bbox 2054 3994 3705 4069">
    <p class='ocr_par' dir='ltr' id='par_1_104' title="bbox 2054 3994 3705 4069">
     <span class='ocr_line' id='line_1_106' title="bbox 2054 3994 3705 4069; baseline 0.002 -18"><span class='ocrx_word' id='word_1_763' title='bbox 2054 3994 2296 4051; x_wconf 84' lang='lat' dir='ltr'><strong>cundum</strong></span> <span class='ocrx_word' id='word_1_764' title='bbox 2321 3995 2632 4055; x_wconf 85' lang='lat' dir='ltr'><strong>hominem;</strong></span> <span class='ocrx_word' id='word_1_765' title='bbox 2656 3995 2907 4048; x_wconf 89' lang='lat' dir='ltr'><strong>maxime</strong></span> <span class='ocrx_word' id='word_1_766' title='bbox 2928 3998 3121 4048; x_wconf 90' lang='lat' dir='ltr'><strong>tamen</strong></span> <span class='ocrx_word' id='word_1_767' title='bbox 3153 4002 3388 4065; x_wconf 89' lang='lat' dir='ltr'><strong>propter</strong></span> <span class='ocrx_word' id='word_1_768' title='bbox 3409 3997 3516 4052; x_wconf 90' lang='lat' dir='ltr'><strong>hoc</strong></span> <span class='ocrx_word' id='word_1_769' title='bbox 3548 4001 3705 4069; x_wconf 90' lang='lat' dir='ltr'><strong>quod</strong></span> 
     </span>
    </p>
   </div>
   <div class='ocr_carea' id='block_1_105' title="bbox 2056 4082 3704 4158">
    <p class='ocr_par' dir='ltr' id='par_1_105' title="bbox 2056 4082 3704 4158">
     <span class='ocr_line' id='line_1_107' title="bbox 2056 4082 3704 4158; baseline 0.003 -20"><span class='ocrx_word' id='word_1_770' title='bbox 2056 4082 2196 4139; x_wconf 90' lang='lat' dir='ltr'><strong>dicit</strong></span> <span class='ocrx_word' id='word_1_771' title='bbox 2224 4082 2282 4136; x_wconf 90' lang='lat' dir='ltr'><strong>in</strong></span> <span class='ocrx_word' id='word_1_772' title='bbox 2317 4082 2722 4153; x_wconf 88' lang='lat' dir='ltr'><strong>sequentibus,</strong></span> <span class='ocrx_word' id='word_1_773' title='bbox 2757 4085 2813 4137; x_wconf 85' lang='lat' dir='ltr'><strong>in</strong></span> <span class='ocrx_word' id='word_1_774' title='bbox 2863 4084 3209 4147; x_wconf 84' lang='lat' dir='ltr'><strong>seminibus;</strong></span> <span class='ocrx_word' id='word_1_775' title='bbox 3251 4088 3432 4139; x_wconf 84' lang='lat' dir='ltr'><strong>totum</strong></span> <span class='ocrx_word' id='word_1_776' title='bbox 3467 4087 3704 4158; x_wconf 89' lang='lat' dir='ltr'><strong>quippe,</strong></span> 
     </span>
    </p>
   </div>
   <div class='ocr_carea' id='block_1_106' title="bbox 2056 4170 3706 4246">
    <p class='ocr_par' dir='ltr' id='par_1_106' title="bbox 2056 4170 3706 4246">
     <span class='ocr_line' id='line_1_108' title="bbox 2056 4170 3706 4246; baseline 0.002 -20"><span class='ocrx_word' id='word_1_777' title='bbox 2056 4171 2250 4242; x_wconf 90' lang='lat' dir='ltr'><strong>inquit</strong></span> <span class='ocrx_word' id='word_1_778' title='bbox 2278 4172 2445 4242; x_wconf 85' lang='lat'>(905).</span> <span class='ocrx_word' id='word_1_779' title='bbox 2503 4170 2687 4225; x_wconf 88' lang='lat' dir='ltr'><strong>Vetus</strong></span> <span class='ocrx_word' id='word_1_780' title='bbox 2719 4176 2774 4225; x_wconf 92' lang='lat' dir='ltr'><strong>et</strong></span> <span class='ocrx_word' id='word_1_781' title='bbox 2824 4187 3037 4224; x_wconf 88' lang='lat' dir='ltr'><strong>novum</strong></span> <span class='ocrx_word' id='word_1_782' title='bbox 3087 4170 3529 4228; x_wconf 87' lang='lat' dir='ltr'><strong>Testamentum</strong></span> <span class='ocrx_word' id='word_1_783' title='bbox 3578 4192 3706 4246; x_wconf 85' lang='lat' dir='ltr'><strong>per-</strong></span> 
     </span>
    </p>
   </div>
   <div class='ocr_carea' id='block_1_107' title="bbox 2059 4259 3710 4333">
    <p class='ocr_par' dir='ltr' id='par_1_107' title="bbox 2059 4259 3710 4333">
     <span class='ocr_line' id='line_1_109' title="bbox 2059 4259 3710 4333; baseline 0.001 -17"><span class='ocrx_word' id='word_1_784' title='bbox 2059 4260 2275 4333; x_wconf 88' lang='lat' dir='ltr'><strong>agravi,</strong></span> <span class='ocrx_word' id='word_1_785' title='bbox 2306 4264 2362 4315; x_wconf 91' lang='lat' dir='ltr'><strong>et</strong></span> <span class='ocrx_word' id='word_1_786' title='bbox 2410 4275 2598 4331; x_wconf 90' lang='lat' dir='ltr'><strong>neque</strong></span> <span class='ocrx_word' id='word_1_787' title='bbox 2649 4260 2705 4313; x_wconf 91' lang='lat' dir='ltr'><strong>in</strong></span> <span class='ocrx_word' id='word_1_788' title='bbox 2739 4260 2889 4314; x_wconf 93' lang='lat' dir='ltr'><strong>bono</strong></span> <span class='ocrx_word' id='word_1_789' title='bbox 2948 4276 3133 4331; x_wconf 90' lang='lat' dir='ltr'><strong>neque</strong></span> <span class='ocrx_word' id='word_1_790' title='bbox 3164 4259 3221 4314; x_wconf 92' lang='lat' dir='ltr'><strong>in</strong></span> <span class='ocrx_word' id='word_1_791' title='bbox 3271 4260 3424 4316; x_wconf 86' lang='lat' dir='ltr'><strong>malo</strong></span> <span class='ocrx_word' id='word_1_792' title='bbox 3482 4264 3710 4318; x_wconf 90' lang='lat' dir='ltr'><strong>semina</strong></span> 
     </span>
    </p>
   </div>
   <div class='ocr_carea' id='block_1_108' title="bbox 2060 4348 3709 4422">
    <p class='ocr_par' dir='ltr' id='par_1_108' title="bbox 2060 4348 3709 4422">
     <span class='ocr_line' id='line_1_110' title="bbox 2060 4348 3709 4422; baseline 0.002 -19"><span class='ocrx_word' id='word_1_793' title='bbox 2060 4348 2365 4422; x_wconf 89' lang='lat' dir='ltr'><strong>pluraliter</strong></span> <span class='ocrx_word' id='word_1_794' title='bbox 2394 4349 2584 4421; x_wconf 89' lang='lat' dir='ltr'><strong>posita</strong></span> <span class='ocrx_word' id='word_1_795' title='bbox 2641 4348 2881 4416; x_wconf 88' lang='lat' dir='ltr'><strong>inveni;</strong></span> <span class='ocrx_word' id='word_1_796' title='bbox 2932 4348 3071 4419; x_wconf 89' lang='lat' dir='ltr'><strong>sive,</strong></span> <span class='ocrx_word' id='word_1_797' title='bbox 3123 4350 3261 4420; x_wconf 85' lang='lat' dir='ltr'><strong>quia</strong></span> <span class='ocrx_word' id='word_1_798' title='bbox 3308 4366 3422 4404; x_wconf 89' lang='lat' dir='ltr'><strong>non</strong></span> <span class='ocrx_word' id='word_1_799' title='bbox 3472 4356 3709 4421; x_wconf 88' lang='lat' dir='ltr'><strong>pactum</strong></span> 
     </span>
    </p>
   </div>
   <div class='ocr_carea' id='block_1_109' title="bbox 2061 4437 3710 4511">
    <p class='ocr_par' dir='ltr' id='par_1_109' title="bbox 2061 4437 3710 4511">
     <span class='ocr_line' id='line_1_111' title="bbox 2061 4437 3710 4511; baseline 0.001 -18"><span class='ocrx_word' id='word_1_800' title='bbox 2061 4438 2232 4511; x_wconf 83' lang='lat'>(906),</span> <span class='ocrx_word' id='word_1_801' title='bbox 2265 4440 2366 4494; x_wconf 89' lang='lat' dir='ltr'><strong>sed</strong></span> <span class='ocrx_word' id='word_1_802' title='bbox 2428 4442 2851 4494; x_wconf 88' lang='lat' dir='ltr'><strong>testamentum</strong></span> <span class='ocrx_word' id='word_1_803' title='bbox 2900 4437 3115 4508; x_wconf 89' lang='lat' dir='ltr'><strong>posuit.</strong></span> <span class='ocrx_word' id='word_1_804' title='bbox 3149 4442 3296 4492; x_wconf 88' lang='lat' dir='ltr'><strong>Nam</strong></span> <span class='ocrx_word' id='word_1_805' title='bbox 3328 4439 3571 4493; x_wconf 89' lang='lat' dir='ltr'><strong>verbum</strong></span> <span class='ocrx_word' id='word_1_806' title='bbox 3599 4443 3710 4495; x_wconf 87' lang='lat' dir='ltr'><strong>He-</strong></span> 
     </span>
    </p>
   </div>
   <div class='ocr_carea' id='block_1_110' title="bbox 2132 4633 3712 4707">
    <p class='ocr_par' dir='ltr' id='par_1_110' title="bbox 2132 4633 3712 4707">
     <span class='ocr_line' id='line_1_112' title="bbox 2132 4633 3712 4707; baseline 0 -16"><span class='ocrx_word' id='word_1_807' title='bbox 2132 4636 2278 4707; x_wconf 91' lang='lat'>(898)</span> <span class='ocrx_word' id='word_1_808' title='bbox 2309 4634 2453 4690; x_wconf 89' lang='lat' dir='ltr'><strong>Vide</strong></span> <span class='ocrx_word' id='word_1_809' title='bbox 2484 4634 2543 4689; x_wconf 90' lang='lat' dir='ltr'><strong>in</strong></span> <span class='ocrx_word' id='word_1_810' title='bbox 2574 4634 2724 4690; x_wconf 92' lang='lat' dir='ltr'><strong>hanc</strong></span> <span class='ocrx_word' id='word_1_811' title='bbox 2742 4650 2864 4689; x_wconf 87' lang='lat' dir='ltr'><strong>rem</strong></span> <span class='ocrx_word' id='word_1_812' title='bbox 2896 4633 3093 4689; x_wconf 87' lang='lat' dir='ltr'><strong>divum</strong></span> <span class='ocrx_word' id='word_1_813' title='bbox 3116 4635 3449 4707; x_wconf 85' lang='lat' dir='ltr'><strong>Hieronym.</strong></span> <span class='ocrx_word' id='word_1_814' title='bbox 3473 4636 3534 4691; x_wconf 92' lang='lat' dir='ltr'><strong>in</strong></span> <span class='ocrx_word' id='word_1_815' title='bbox 3557 4653 3712 4693; x_wconf 88' lang='lat' dir='ltr'><strong>com-</strong></span> 
     </span>
    </p>
   </div>
   <div class='ocr_carea' id='block_1_111' title="bbox 2063 4706 2589 4778">
    <p class='ocr_par' dir='ltr' id='par_1_111' title="bbox 2063 4706 2589 4778">
     <span class='ocr_line' id='line_1_113' title="bbox 2063 4706 2589 4778; baseline -0.008 -14"><span class='ocrx_word' id='word_1_816' title='bbox 2063 4706 2455 4778; x_wconf 26' lang='lat' dir='ltr'><strong>ment,’hujus</strong></span> <span class='ocrx_word' id='word_1_817' title='bbox 2487 4706 2589 4776; x_wconf 92' lang='lat' dir='ltr'><strong>Ep.</strong></span> 
     </span>
    </p>
   </div>
   <div class='ocr_carea' id='block_1_112' title="bbox 2136 4776 3712 4851">
    <p class='ocr_par' dir='ltr' id='par_1_112' title="bbox 2136 4776 3712 4851">
     <span class='ocr_line' id='line_1_114' title="bbox 2136 4776 3712 4851; baseline 0 -18"><span class='ocrx_word' id='word_1_818' title='bbox 2136 4776 2282 4851; x_wconf 88' lang='lat'>(889)</span> <span class='ocrx_word' id='word_1_819' title='bbox 2318 4776 2672 4851; x_wconf 74' lang='lat' dir='ltr'><strong>Desiderater</strong></span> <span class='ocrx_word' id='word_1_820' title='bbox 2701 4777 2845 4831; x_wconf 82' lang='lat' dir='ltr'><strong>forte</strong></span> <span class='ocrx_word' id='word_1_821' title='bbox 2876 4776 2971 4851; x_wconf 84' lang='lat' dir='ltr'><strong>hic</strong></span> <span class='ocrx_word' id='word_1_822' title='bbox 3003 4776 3287 4847; x_wconf 88' lang='lat' dir='ltr'><strong>particula</strong></span> <span class='ocrx_word' id='word_1_823' title='bbox 3316 4777 3533 4849; x_wconf 90' lang='lat' dir='ltr'><strong>aliqua,</strong></span> <span class='ocrx_word' id='word_1_824' title='bbox 3568 4783 3712 4851; x_wconf 89' lang='lat' dir='ltr'><strong>puta</strong></span> 
     </span>
    </p>
   </div>
   <div class='ocr_carea' id='block_1_113' title="bbox 2063 4849 3058 4919">
    <p class='ocr_par' dir='ltr' id='par_1_113' title="bbox 2063 4849 3058 4919">
     <span class='ocr_line' id='line_1_115' title="bbox 2063 4849 3058 4919; baseline -0.004 -11"><span class='ocrx_word' id='word_1_825' title='bbox 2063 4849 2150 4919; x_wconf 81' lang='lat' dir='ltr'><strong>ob,</strong></span> <span class='ocrx_word' id='word_1_826' title='bbox 2182 4856 2247 4905; x_wconf 91' lang='lat' dir='ltr'><strong>ut</strong></span> <span class='ocrx_word' id='word_1_827' title='bbox 2276 4865 2487 4905; x_wconf 91' lang='lat' dir='ltr'><strong>sensus</strong></span> <span class='ocrx_word' id='word_1_828' title='bbox 2516 4849 2807 4918; x_wconf 87' lang='lat' dir='ltr'><strong>perfectus</strong></span> <span class='ocrx_word' id='word_1_829' title='bbox 2835 4850 3058 4904; x_wconf 90' lang='lat' dir='ltr'><strong>evadat.</strong></span> 
     </span>
    </p>
   </div>
   <div class='ocr_carea' id='block_1_114' title="bbox 2138 4916 3711 4993">
    <p class='ocr_par' dir='ltr' id='par_1_114' title="bbox 2138 4916 3711 4993">
     <span class='ocr_line' id='line_1_116' title="bbox 2138 4916 3711 4993; baseline -0.004 -17"><span class='ocrx_word' id='word_1_830' title='bbox 2138 4916 2283 4993; x_wconf 90' lang='lat'>(900)</span> <span class='ocrx_word' id='word_1_831' title='bbox 2340 4916 2548 4993; x_wconf 71' lang='lat' dir='ltr'><strong>Verba,</strong></span> <span class='ocrx_word' id='word_1_832' title='bbox 2601 4920 2796 4989; x_wconf 87' lang='lat' dir='ltr'><strong>quia...</strong></span> <span class='ocrx_word' id='word_1_833' title='bbox 2867 4919 3247 4990; x_wconf 84' lang='lat' dir='ltr'><strong>maledictum,</strong></span> <span class='ocrx_word' id='word_1_834' title='bbox 3310 4921 3367 4975; x_wconf 89' lang='lat' dir='ltr'><strong>in</strong></span> <span class='ocrx_word' id='word_1_835' title='bbox 3427 4916 3711 4992; x_wconf 90' lang='lat' dir='ltr'><strong>superiori</strong></span> 
     </span>
    </p>
   </div>
   <div class='ocr_carea' id='block_1_115' title="bbox 2066 4990 2736 5061">
    <p class='ocr_par' dir='ltr' id='par_1_115' title="bbox 2066 4990 2736 5061">
     <span class='ocr_line' id='line_1_117' title="bbox 2066 4990 2736 5061; baseline -0.009 -12"><span class='ocrx_word' id='word_1_836' title='bbox 2066 4990 2250 5061; x_wconf 86' lang='lat' dir='ltr'><strong>marg.</strong></span> <span class='ocrx_word' id='word_1_837' title='bbox 2284 4992 2409 5047; x_wconf 90' lang='lat' dir='ltr'><strong>cod.</strong></span> <span class='ocrx_word' id='word_1_838' title='bbox 2445 4990 2736 5061; x_wconf 90' lang='lat' dir='ltr'><strong>leguntur.</strong></span> 
     </span>
    </p>
   </div>
   <div class='ocr_carea' id='block_1_116' title="bbox 2138 5062 3444 5136">
    <p class='ocr_par' dir='ltr' id='par_1_116' title="bbox 2138 5062 3444 5136">
     <span class='ocr_line' id='line_1_118' title="bbox 2138 5062 3444 5136; baseline -0.003 -19"><span class='ocrx_word' id='word_1_839' title='bbox 2138 5062 2283 5136; x_wconf 88' lang='grc'>(901)</span> <span class='ocrx_word' id='word_1_840' title='bbox 2317 5065 2381 5136; x_wconf 70' lang='lat' dir='ltr'><strong>In</strong></span> <span class='ocrx_word' id='word_1_841' title='bbox 2414 5067 2608 5136; x_wconf 83' lang='lat' dir='ltr'><strong>autog.</strong></span> <span class='ocrx_word' id='word_1_842' title='bbox 2646 5078 2829 5133; x_wconf 88' lang='lat' dir='ltr'><strong>marg.</strong></span> <span class='ocrx_word' id='word_1_843' title='bbox 2868 5062 2960 5117; x_wconf 88' lang='lat' dir='ltr'><strong>hic</strong></span> <span class='ocrx_word' id='word_1_844' title='bbox 2992 5063 3103 5135; x_wconf 87' lang='lat' dir='ltr'><strong>leg.</strong></span> <span class='ocrx_word' id='word_1_845' title='bbox 3138 5080 3263 5133; x_wconf 87' lang='lat' dir='ltr'><strong>cap.</strong></span> <span class='ocrx_word' id='word_1_846' title='bbox 3300 5062 3444 5136; x_wconf 82' lang='lat' dir='ltr'><strong>XlIl.</strong></span> 
     </span>
    </p>
   </div>
   <div class='ocr_carea' id='block_1_117' title="bbox 2137 5133 3713 5205">
    <p class='ocr_par' dir='ltr' id='par_1_117' title="bbox 2137 5133 3713 5205">
     <span class='ocr_line' id='line_1_119' title="bbox 2137 5133 3713 5205; baseline -0.003 -16"><span class='ocrx_word' id='word_1_847' title='bbox 2137 5133 2283 5205; x_wconf 77' lang='lat'>(902)</span> <span class='ocrx_word' id='word_1_848' title='bbox 2316 5134 2492 5188; x_wconf 88' lang='lat' dir='ltr'><strong>Divus</strong></span> <span class='ocrx_word' id='word_1_849' title='bbox 2524 5133 2787 5205; x_wconf 85' lang='lat' dir='ltr'><strong>Hieron.s</strong></span> <span class='ocrx_word' id='word_1_850' title='bbox 2809 5151 2842 5189; x_wconf 92' lang='lat' dir='ltr'><strong>a</strong></span> <span class='ocrx_word' id='word_1_851' title='bbox 2863 5151 2976 5204; x_wconf 90' lang='lat' dir='ltr'><strong>quo</strong></span> <span class='ocrx_word' id='word_1_852' title='bbox 3007 5133 3314 5203; x_wconf 80' lang='lat' dir='ltr'><strong>desumpto</strong></span> <span class='ocrx_word' id='word_1_853' title='bbox 3344 5133 3458 5184; x_wconf 72' lang='lat' dir='ltr'><strong>haec</strong></span> <span class='ocrx_word' id='word_1_854' title='bbox 3482 5146 3713 5201; x_wconf 86' lang='lat' dir='ltr'><strong>compa-</strong></span> 
     </span>
    </p>
   </div>
   <div class='ocr_carea' id='block_1_118' title="bbox 2068 5204 3424 5273">
    <p class='ocr_par' dir='ltr' id='par_1_118' title="bbox 2068 5204 3424 5273">
     <span class='ocr_line' id='line_1_120' title="bbox 2068 5204 3424 5273; baseline -0.007 -10"><span class='ocrx_word' id='word_1_855' title='bbox 2068 5204 2235 5271; x_wconf 84' lang='lat' dir='ltr'><strong>ratio,</strong></span> <span class='ocrx_word' id='word_1_856' title='bbox 2270 5204 2438 5260; x_wconf 90' lang='lat' dir='ltr'><strong>lectio</strong></span> <span class='ocrx_word' id='word_1_857' title='bbox 2471 5204 2828 5260; x_wconf 89' lang='lat' dir='ltr'><strong>Vallartiana</strong></span> <span class='ocrx_word' id='word_1_858' title='bbox 2859 5206 3054 5273; x_wconf 89' lang='lat' dir='ltr'><strong>habet,</strong></span> <span class='ocrx_word' id='word_1_859' title='bbox 3086 5208 3251 5259; x_wconf 85' lang='lat' dir='ltr'><strong>lacteo</strong></span> <span class='ocrx_word' id='word_1_860' title='bbox 3284 5217 3424 5256; x_wconf 83' lang='lat' dir='ltr'><strong>rore.</strong></span> 
     </span>
    </p>
   </div>
   <div class='ocr_carea' id='block_1_119' title="bbox 2137 5278 2725 5349">
    <p class='ocr_par' dir='ltr' id='par_1_119' title="bbox 2137 5278 2725 5349">
     <span class='ocr_line' id='line_1_121' title="bbox 2137 5278 2725 5349; baseline 0 -18"><span class='ocrx_word' id='word_1_861' title='bbox 2137 5278 2284 5349; x_wconf 87' lang='lat'>(903)</span> <span class='ocrx_word' id='word_1_862' title='bbox 2315 5280 2500 5347; x_wconf 85' lang='lat' dir='ltr'><strong>Autog</strong></span> <span class='ocrx_word' id='word_1_863' title='bbox 2529 5279 2725 5349; x_wconf 86' lang='lat' dir='ltr'><strong>omnis.</strong></span> 
     </span>
    </p>
   </div>
   <div class='ocr_carea' id='block_1_120' title="bbox 2137 5342 3712 5419">
    <p class='ocr_par' dir='ltr' id='par_1_120' title="bbox 2137 5342 3712 5419">
     <span class='ocr_line' id='line_1_122' title="bbox 2137 5342 3712 5419; baseline -0.002 -17"><span class='ocrx_word' id='word_1_864' title='bbox 2137 5342 2288 5419; x_wconf 81' lang='grc'>(904)</span> <span class='ocrx_word' id='word_1_865' title='bbox 2325 5348 2434 5418; x_wconf 90' lang='lat' dir='ltr'><strong>Illi,</strong></span> <span class='ocrx_word' id='word_1_866' title='bbox 2466 5342 2706 5416; x_wconf 75' lang='lat' dir='ltr'><strong>scilicet,</strong></span> <span class='ocrx_word' id='word_1_867' title='bbox 2750 5349 2847 5418; x_wconf 90' lang='lat' dir='ltr'><strong>qui</strong></span> <span class='ocrx_word' id='word_1_868' title='bbox 2882 5350 3090 5419; x_wconf 81' lang='lat' dir='ltr'><strong>putant</strong></span> <span class='ocrx_word' id='word_1_869' title='bbox 3130 5343 3325 5419; x_wconf 83' lang='lat' dir='ltr'><strong>divum</strong></span> <span class='ocrx_word' id='word_1_870' title='bbox 3368 5342 3712 5419; x_wconf 24' lang='lat' dir='ltr'><strong>Paulum‘de</strong></span> 
     </span>
    </p>
   </div>
   <div class='ocr_carea' id='block_1_121' title="bbox 2068 5413 3711 5476">
    <p class='ocr_par' dir='ltr' id='par_1_121' title="bbox 2068 5413 3711 5476">
     <span class='ocr_line' id='line_1_123' title="bbox 2068 5413 3711 5476; baseline -0.004 0"><span class='ocrx_word' id='word_1_871' title='bbox 2068 5413 2932 5476; x_wconf 46' lang='lat' dir='ltr'><strong>testam&#39;ento&#39;hominisdixisse:</strong></span> <span class='ocrx_word' id='word_1_872' title='bbox 2950 5414 3254 5469; x_wconf 86' lang='lat' dir='ltr'><strong>Secundum</strong></span> <span class='ocrx_word' id='word_1_873' title='bbox 3271 5413 3545 5469; x_wconf 85' lang='lat' dir='ltr'><strong>hominem</strong></span> <span class='ocrx_word' id='word_1_874' title='bbox 3572 5415 3711 5471; x_wconf 85' lang='lat' dir='ltr'><strong>dico.</strong></span> 
     </span>
    </p>
   </div>
   <div class='ocr_carea' id='block_1_122' title="bbox 2140 5486 3713 5563">
    <p class='ocr_par' dir='ltr' id='par_1_122' title="bbox 2140 5486 3713 5563">
     <span class='ocr_line' id='line_1_124' title="bbox 2140 5486 3713 5563; baseline -0.003 -18"><span class='ocrx_word' id='word_1_875' title='bbox 2140 5494 2284 5563; x_wconf 82' lang='grc'>(905)</span> <span class='ocrx_word' id='word_1_876' title='bbox 2316 5492 2438 5547; x_wconf 91' lang='lat' dir='ltr'><strong>Non</strong></span> <span class='ocrx_word' id='word_1_877' title='bbox 2472 5494 2645 5547; x_wconf 87' lang='lat' dir='ltr'><strong>verba</strong></span> <span class='ocrx_word' id='word_1_878' title='bbox 2675 5492 2932 5563; x_wconf 90' lang='lat' dir='ltr'><strong>quidem,</strong></span> <span class='ocrx_word' id='word_1_879' title='bbox 2967 5487 3067 5540; x_wconf 88' lang='lat' dir='ltr'><strong>sed</strong></span> <span class='ocrx_word' id='word_1_880' title='bbox 3102 5488 3393 5542; x_wconf 88' lang='lat' dir='ltr'><strong>sententia</strong></span> <span class='ocrx_word' id='word_1_881' title='bbox 3425 5486 3539 5539; x_wconf 85' lang='lat' dir='ltr'><strong>divi</strong></span> <span class='ocrx_word' id='word_1_882' title='bbox 3582 5487 3713 5541; x_wconf 79' lang='lat' dir='ltr'><strong>Hie-</strong></span> 
     </span>
    </p>
   </div>
   <div class='ocr_carea' id='block_1_123' title="bbox 2070 5564 2594 5636">
    <p class='ocr_par' dir='ltr' id='par_1_123' title="bbox 2070 5564 2594 5636">
     <span class='ocr_line' id='line_1_125' title="bbox 2070 5564 2594 5636; baseline -0.002 -18"><span class='ocrx_word' id='word_1_883' title='bbox 2070 5564 2297 5636; x_wconf 89' lang='lat' dir='ltr'><strong>ronymi</strong></span> <span class='ocrx_word' id='word_1_884' title='bbox 2320 5565 2594 5636; x_wconf 78' lang='lat' dir='ltr'><strong>refertur.</strong></span> 
     </span>
    </p>
   </div>
   <div class='ocr_carea' id='block_1_124' title="bbox 2141 5628 3718 5717">
    <p class='ocr_par' dir='ltr' id='par_1_124' title="bbox 2141 5628 3718 5717">
     <span class='ocr_line' id='line_1_126' title="bbox 2141 5628 3718 5717; baseline -0.006 -24"><span class='ocrx_word' id='word_1_885' title='bbox 2141 5628 2287 5717; x_wconf 73' lang='lat'>(906)</span> <span class='ocrx_word' id='word_1_886' title='bbox 2319 5634 2425 5693; x_wconf 89' lang='lat' dir='ltr'><strong>Per</strong></span> <span class='ocrx_word' id='word_1_887' title='bbox 2452 5649 2707 5695; x_wconf 89' lang='lat' dir='ltr'><strong>errorem</strong></span> <span class='ocrx_word' id='word_1_888' title='bbox 2745 5631 2841 5701; x_wconf 82' lang='lat' dir='ltr'><strong>hic</strong></span> <span class='ocrx_word' id='word_1_889' title='bbox 2868 5628 3085 5706; x_wconf 82' lang='lat' dir='ltr'><strong>ﬁctum,</strong></span> <span class='ocrx_word' id='word_1_890' title='bbox 3118 5628 3170 5689; x_wconf 88' lang='lat' dir='ltr'><strong>ei</strong></span> <span class='ocrx_word' id='word_1_891' title='bbox 3220 5628 3395 5709; x_wconf 88' lang='lat' dir='ltr'><strong>paulo</strong></span> <span class='ocrx_word' id='word_1_892' title='bbox 3443 5629 3601 5691; x_wconf 80' lang='lat' dir='ltr'><strong>intra</strong></span> <span class='ocrx_word' id='word_1_893' title='bbox 3626 5631 3718 5709; x_wconf 37' lang='lat' dir='ltr'><strong>(at</strong></span> 
     </span>
    </p>
   </div>
  </div>
