4026 6168
385 365 506 422 519

1403 354 1745 415 ATTONIS
1793 352 2378 414 VEBCELLENSIS
2425 351 2773 415 EPISCOPI

3671 330 3790 415 320

390 496 609 550 braeum
641 491 802 563 quod,
827 489 1043 544 dicitur
1074 488 1252 543 berilh
1281 504 1393 542 non
1415 485 1832 557 (907)hominis
1855 489 2029 540 testa-
2059 487 2113 552 Α
2144 500 2452 550 annorum,
2478 483 2679 556 genuit
2707 481 2921 553 Joseph
2955 482 3104 555 (911)
3130 499 3142 551 ;
3176 483 3492 539 centesimo
3518 479 3658 539 vero
3687 486 3791 540 tri-

392 589 677 650 mentum,
710 580 808 635 sed
859 584 1094 650 pactum
1148 579 1294 649 (908)
1344 582 1532 632 sonat.
1580 574 1786 630 Nullus
1817 575 2032 630 etenim

383 672 669 740 interpres
700 668 868 724 aliter
898 666 1217 723 transtulit.
1244 665 1460 721 Verum
1483 665 1621 736 quia
1642 681 1756 719 non
1795 665 2034 734 profun-

384 760 670 822 dioribus,
706 758 805 814 sed
839 757 1007 828 quasi
1038 755 1379 827 vulgaribus
1410 771 1507 809 eos
1554 753 1744 808 verbis
1775 753 2029 824 alleque-

384 850 581 914 batur,
603 849 730 903 ideo
755 845 1034 917 praemisit
1054 844 1353 900 secundum
1372 844 1664 898 hominem.
1683 844 1832 897 Sane
1853 842 2034 897 scien-

389 939 532 992 dum
583 935 742 1007 quia,
775 935 1034 1005 quandiu
1087 934 1260 988 homo
1302 932 1442 986 vivit
1479 949 1612 986 cum
1658 936 2030 998 testamento,

386 1030 580 1098 potest
609 1023 804 1095 sperni
853 1028 1027 1093 atque
1083 1021 1417 1091 corrumpi;
1473 1021 1520 1075 si
1563 1037 1694 1075 vero
1728 1021 2031 1085 moriatur,

389 1131 504 1170 non
539 1111 833 1183 corrumpi
877 1127 1064 1182 neque
1096 1110 1311 1164 mutari
1342 1108 1514 1164 valet.

458 1201 604 1273 (909)
637 1200 944 1271 Sequitur:
996 1199 1234 1255 Abrahw
1263 1199 1425 1254 dictae
1460 1207 1588 1253 sunt
1625 1200 2032 1269 promissiones,

383 1297 490 1348 etc.
511 1289 822 1346 Sciendum
858 1288 996 1360 quia
1018 1290 1171 1359 quod
1191 1304 1349 1342 mors
1369 1288 1492 1358 agit
1513 1288 1569 1341 in
1593 1287 2035 1341 conﬁrmatione

385 1379 742 1444 testamenti,
775 1377 883 1432 hoc
905 1375 1393 1448 agitinviolabilis
1414 1375 1511 1430 Dei
1540 1375 1870 1446 promissio,
1897 1373 2035 1446 quia

386 1468 434 1524 si
463 1468 606 1522 illud
635 1466 932 1536 corrumpi
965 1481 1080 1520 non
1115 1470 1323 1534 potest,
1359 1465 1467 1518 hoc
1507 1465 1678 1519 verbo
1709 1464 1895 1518 multo
1927 1464 2033 1518 mi-

386 1574 518 1612 nus.
553 1557 684 1611 Sive
714 1554 852 1626 quia
876 1559 1058 1609 morte
1088 1553 1346 1609 hominis
1377 1557 1794 1608 testamentum
1827 1553 2037 1606 confir-

386 1650 600 1708 matur,
635 1647 824 1715 potest
854 1642 936 1698 sic
992 1641 1257 1713 intelligi,
1292 1646 1356 1696 ut
1399 1647 1582 1696 morte
1638 1642 1859 1698 Domini
1893 1642 2033 1696 Jesu

385 1731 639 1804 impletas
673 1733 791 1786 sint
817 1730 1236 1801 promissiones
1267 1737 1441 1801 atque
1471 1731 1844 1785 confirmatas.
1887 1729 2032 1784 Illud

385 1827 580 1876 autem
610 1820 935 1884 sciendum,
969 1819 1109 1889 quia
1147 1836 1279 1874 cum
1319 1821 1702 1889 promissiones
1734 1818 2036 1890 pluraliter

385 1909 680 1981 posuisset
718 1923 916 1962 semen
959 1923 1092 1962 vero
1125 1906 1506 1978 singulariter
1563 1909 1758 1978 posuit
1798 1907 2032 1976 idcirco,

385 1998 523 2069 quia
547 2014 661 2051 non
693 1995 996 2066 aequaliter
1027 1995 1108 2049 illi
1142 1996 1240 2066 qui
1275 1995 1619 2066 spiritaliter
1671 1997 1871 2050 vivunt
1901 2013 2033 2051 cum

385 2086 477 2142 his
491 2086 590 2157 qui
607 2084 868 2141 carnales
893 2090 1032 2139 sunt
1064 2084 1500 2139 benedicentur.
1521 2085 1664 2139 Nam
1679 2085 2036 2155 quicumque

383 2174 506 2230 vult
526 2174 783 2228 benedici
806 2189 1040 2228 necesse
1057 2178 1145 2228 est
1160 2178 1222 2227 ut
1244 2172 1473 2228 Christo
1492 2173 2037 2244 conj'ingatur.0m-

387 2280 490 2318 nes
506 2262 663 2316 enim
677 2261 822 2330 justi
841 2260 919 2314 illi
945 2262 1470 2331 conjunguntur,et
1484 2278 1707 2316 ommes
1722 2262 1880 2318 illius
1896 2267 2036 2318 sunt

389 2351 676 2413 membra,
697 2365 947 2419 quorum
970 2348 1146 2404 etiam
1173 2349 1298 2419 ipse
1319 2353 1408 2404 est
1423 2353 1479 2404 et
1499 2355 1691 2420 caput.
1721 2350 1865 2405 Nam
1890 2351 2037 2406 solet

386 2436 694 2511 Apostolus
725 2441 902 2508 caput
929 2441 987 2491 et
1018 2438 1280 2492 membra
1305 2454 1487 2492 unum
1523 2455 1781 2493 asserere
1801 2457 2032 2511 corpus.

457 2529 564 2582 Hoc
594 2529 772 2582 autem
821 2526 944 2582 dico
993 2529 1370 2581 testamentum
1411 2528 1800 2597 conﬁrmatum
1845 2545 1879 2583 a
1908 2530 2032 2583 Deo.

387 2619 460 2671 Et
481 2621 570 2672 est
601 2632 814 2670 sensus
839 2615 866 2669 ‘I
896 2615 1033 2670 Illas
1057 2615 1477 2686 promissiones
1499 2632 1628 2686 qua:
1651 2617 1719 2671 ad
1742 2617 2033 2672 Abraham

389 2705 549 2760 facta:
581 2709 741 2768 sunt,
775 2704 1213 2758 Testamentum
1245 2704 1374 2758 dico
1404 2721 1436 2758 a
1466 2705 1580 2759 Deo
1601 2707 2032 2762 conﬁrmatum.

390 2794 833 2848 Testamentum
875 2807 1132 2862 namque
1193 2791 1448 2847 hominis
1497 2795 1908 2849 confirmatum
1942 2795 2036 2850 Dei

389 2879 880 2953 promissionibus
912 2879 1282 2935 assimilavit.

457 2969 769 3040 Sequitur:
804 2969 937 3037 Qum
963 2972 1080 3039 post
1133 2969 1559 3040 quadringentos
1585 2975 1635 3025 et
1663 2973 1894 3041 triginta
1933 2989 2034 3026 an-

387 3073 504 3112 nos.
540 3058 650 3113 Sed
685 3075 718 3111 a
747 3057 950 3129 paucis
977 3063 1066 3113 est
1093 3057 1393 3114 inventum
1418 3061 1582 3131 (910).
1616 3061 2033 3116 Verumtamen

390 3147 697 3203 sciendum
725 3147 864 3215 quia
895 3145 1060 3201 facile
1091 3151 1281 3218 potest
1307 3148 1542 3219 agnosci
1575 3149 1681 3202 hoc
1715 3149 1904 3204 modo.
1941 3151 2034 3204 Se-

2145 573 2366 645 gesimo
2389 573 2669 644 anno,qui
2697 572 2805 627 fuit
2818 572 3157 643 trigesimus
3171 587 3361 628 nonus
3381 575 3528 641 (912)
3549 574 3790 645 Joseph,

2145 663 2447 734 ingressus
2488 666 2577 717 est
2614 661 2674 715 in
2713 661 3041 732 )Egyptum.
3095 659 3197 716 His
3237 661 3512 717 omnibus
3543 662 3791 733 junctis,

2147 753 2297 806 fiunt
2326 751 2561 806 ducenti
2593 751 2948 821 quindecim.
2973 748 3234 805 Totidem
3265 749 3442 806 etiam
3473 751 3645 807 annis
3673 765 3796 808 mo-

2145 841 2252 896 rati
2286 845 2426 896 sunt
2455 839 2555 894 filii
2591 839 2761 894 Israel
2793 839 2852 892 in
2885 838 3126 910 [Egypto
3151 855 3162 893 :
3188 839 3340 909 quod
3366 840 3597 910 probari
3616 835 3789 896 etiam

2143 930 2250 985 hoc
2280 930 2472 996 modo,
2509 933 2714 1000 potest.
2739 928 2876 982 Post
2897 927 3230 998 ingressum
3253 943 3508 1000 namque
3527 928 3709 984 Jacob
3731 929 3789 984 in

2143 1020 2451 1090 {Egyptum
2482 1018 2623 1071 vixit
2651 1016 2866 1088 Joseph
2899 1032 3083 1071 annos
3113 1015 3486 1089 septuaginta
3501 1022 3558 1072 et
3579 1031 3785 1074 unum.

2145 1109 2291 1179 (913)
2327 1109 2482 1162 Inter
2528 1111 2772 1161 mortem
2806 1119 3060 1176 namque
3089 1104 3303 1177 Joseph
3336 1111 3394 1160 et
3423 1097 3606 1178 Moysi
3647 1106 3789 1161 nati-

2144 1197 2377 1252 vitatem
2412 1197 2648 1249 fuerunt
2691 1195 2826 1248 anni
2876 1193 3177 1265 sexaginta
3233 1198 3290 1249 et
3327 1191 3581 1264 quatuor
3609 1195 3789 1267 (914);

2145 1287 2372 1357 Moyses
2404 1291 2597 1339 autem
2630 1281 3035 1355 octogenarius
3058 1287 3202 1348 erat,
3236 1283 3471 1354 quando
3502 1283 3791 1340 Pharaoni

2145 1373 2416 1446 apparuit
2439 1375 2561 1428 :bis
2585 1370 3102 1442 omnibusjunctis
3125 1371 3272 1427 fiunt
3294 1363 3526 1428 dueenti
3549 1373 3793 1444 quinde-

2145 1464 2256 1518 cim
2293 1479 2305 1518 :
2339 1480 2405 1518 ac
2436 1479 2542 1534 per
2561 1462 2670 1516 hoc
2702 1477 2836 1517 vera
2887 1469 3016 1516 esse
3066 1466 3432 1516 monstratur
3472 1461 3794 1533 apostolica

2143 1551 2452 1617 sententia,
2487 1566 2604 1621 qua
2647 1549 2737 1605 lex
2784 1554 2917 1621 post
2964 1546 3425 1621 quadringentos
3457 1555 3512 1605 et
3551 1548 3794 1623 triginta

2145 1657 2329 1695 annos
2363 1641 2512 1694 facta
2541 1638 2775 1694 dicitur.
2826 1638 2937 1694 Sed
2970 1636 3127 1706 huic,
3159 1637 3503 1708 narrationi,
3537 1653 3660 1710 qua
3689 1636 3790 1692 ﬁlii

2146 1729 2321 1784 Israel
2354 1728 2561 1784 morati
2593 1729 2873 1783 dicuntur
2889 1726 3058 1782 annis
3081 1725 3350 1782 ducentis
3368 1726 3712 1798 quindecim
3735 1726 3790 1782 in

2144 1823 2408 1890 Egypto,
2440 1817 2670 1872 videtur
2719 1815 2861 1871 illud
2901 1812 3281 1882 contrarium,
3316 1811 3474 1888 quod
3509 1809 3790 1872 Dominus

2147 1908 2228 1962 ait
2256 1906 2582 1977 Abraham:
2644 1901 2788 1961 Scito
2833 1917 3182 1970 praenoscens
3237 1905 3369 1976 quia
3423 1905 3788 1977 peregrinum

2145 1997 2250 2050 erit
2283 2011 2464 2050 semen
2496 1998 2651 2049 tuum
2703 1996 2764 2048 in
2792 2004 2942 2048 terra
2996 2009 3107 2049 non
3133 2009 3254 2058 sua,
3303 1999 3354 2048 et
3381 1990 3638 2064 afﬁigent
3666 2009 3792 2050 eum

2145 2087 2308 2140 annis
2337 2083 2750 2155 quadringentis
2779 2083 2934 2154 (Gen.
2965 2099 3058 2149 xv,
3093 2081 3202 2153 13).
3235 2082 3396 2146 Quod
3429 2089 3626 2138 autem
3659 2099 3792 2155 qua-

2146 2174 2471 2246 «lringentis
2503 2173 2673 2226 annis
2706 2171 3079 2243 peregrinum
3128 2187 3256 2226 esse
3287 2167 3522 2237 dicitur,
3556 2185 3676 2227 non
3708 2177 3792 2227 est

2144 2262 2522 2328 contrarium,
2559 2261 2605 2316 si
2638 2265 2693 2315 at
2721 2260 2883 2315 illam
2913 2259 3208 2331 intelligas
3239 2260 3790 2332 peregrinationem,

2147 2368 2261 2422 qua
2283 2351 2340 2406 in
2372 2355 2526 2406 terra
2555 2348 2850 2415 Chanaan,
2894 2348 3246 2420 peregrinati
3277 2354 3437 2420 sunt,
3467 2348 3614 2422 quia
3639 2354 3794 2406 terra

2145 2439 2417 2494 Chanaan
2443 2455 2558 2494 non
2580 2437 2815 2493 illorum
2839 2436 2967 2503 fuit,
2993 2436 3107 2492 nisi
3129 2441 3439 2509 pestquam
3461 2454 3589 2493 eam
3615 2438 3794 2495 Josue

2146 2529 2428 2584 sortiente
2459 2531 2811 2598 acceperunt
2853 2529 3042 2594 (Josue
3079 2527 3226 2597 xui).
3273 2525 3419 2582 Illud
3453 2527 3629 2582 etiam
3677 2533 3793 2584 nan

2145 2622 2236 2672 est
2266 2617 2644 2686 contrarium,
2695 2616 2851 2687 quod
2895 2614 3131 2686 legitur,
3180 2615 3436 2686 afﬂigant
3469 2631 3594 2672 eum
3623 2619 3795 2671 anuis

2145 2706 2580 2777 quadringentis,
2613 2705 2752 2776 quia
2798 2721 2900 2776 per
2951 2705 3312 2776 hyperbaton
3361 2705 3545 2778 accipi
3574 2711 3791 2778 potest,

2145 2804 2209 2854 ut
2239 2798 2317 2852 sit
2345 2812 2556 2851 sensus
2581 2813 2593 2850 :
2619 2794 2997 2866 Peregrinum
3019 2793 3130 2849 erit
3149 2810 3347 2850 semen
3370 2799 3537 2850 tuum
3561 2795 3620 2849 in
3639 2801 3793 2851 terra

2145 2904 2259 2942 non
2278 2903 2386 2941 sua
2400 2885 2570 2940 annis
2584 2885 2736 2954 quad
2745 2882 3112 2954 ringentis,et
3123 2883 3385 2955 afﬂigant
3399 2900 3532 2939 eum
3556 2885 3794 2952 (subau-

2144 2976 2325 3040 ditur,
2361 2974 2417 3027 in
2447 2979 2704 3027 extrema
2727 2978 2892 3044 parte
2913 2972 3243 3042 annorum).
3268 2972 3428 3036 Quod
3450 2971 3630 3028 etiam
3653 2973 3793 3028 Scri-

2144 3070 2318 3136 ptura
2345 3061 2698 3128 manifestat,
2734 3077 2860 3131 quae
2894 3060 3037 3114 dicit
3067 3061 3204 3132 quia
3236 3059 3493 3131 quandiu
3526 3061 3670 3116 vixit
3697 3062 3792 3118 Jo-

2143 3151 2309 3222 seph,
2342 3154 2399 3205 et
2429 3148 2511 3203 illi
2545 3150 2643 3220 qui
2677 3154 2961 3204 noverunt
2990 3166 3123 3204 eum
3147 3165 3260 3204 non
3287 3154 3426 3206 sunt
3456 3148 3662 3206 afﬂicti
3695 3150 3792 3205 ﬁlii

388 3238 696 3308 ptuaginta
717 3251 970 3306 namque
987 3241 1044 3290 et
1066 3235 1324 3307 quinque
1345 3243 1469 3292 erat
1490 3254 1777 3292 annorum
1794 3239 2031 3307 Abram,
2064 3222 2106 3288 C
2147 3239 2320 3297 Israel
2352 3238 2543 3307 (Exod.
2580 3239 2691 3310 1,7)
2718 3254 2729 3290 :
2766 3239 2938 3292 refert
2967 3237 3143 3293 eitam
3176 3237 3314 3310 quia
3344 3237 3591 3310 Moyses,
3611 3241 3714 3312 qui
3738 3239 3792 3294 in

388 3324 880 3395 quandojubente
903 3329 1015 3379 Deo
1037 3341 1309 3396 egressus
1327 3331 1414 3380 est
1441 3327 1512 3380 de
1535 3325 1611 3379 Ur
1630 3325 2034 3381 Chaldaeorum

387 3412 538 3483 (Gen.
572 3431 607 3467 x
633 3431 670 3478 ι,
707 3414 775 3467 4;
830 3419 960 3483 post
1015 3413 1135 3467 haec
1181 3414 1456 3469 vicesimo
1487 3415 1692 3484 quinto
1725 3431 1897 3482 anno,
1931 3416 2033 3486 qui

385 3501 774 3570 fuitejusdcm
797 3501 1404 3572 centesimus,accepit
1427 3507 1586 3556 Isaac
1617 3504 1770 3572 (Gen.
1806 3521 1921 3570 xxx,
1940 3505 2029 3574 5);

387 3588 548 3643 Isaac
577 3605 730 3655 vero,
762 3604 894 3642 cum
947 3595 1101 3643 esset
1141 3590 1442 3660 sexaginta
1491 3607 1798 3658 annorum,
1833 3595 2036 3662 genuit

383 3675 560 3731 Jacob
591 3675 741 3746 (Gen.
773 3693 902 3741 xxv,
933 3677 1062 3745 26):
1088 3678 1304 3748 quibus
1317 3679 1542 3746 junctis
1563 3679 1712 3734 ﬁunt
1743 3681 2034 3751 octoginta

387 3764 684 3836 quinque:
717 3764 896 3820 Jacob
913 3781 1064 3830 vero,
1087 3782 1221 3820 cum
1254 3771 1408 3822 esset
1424 3767 1742 3839 nonaginta
1771 3773 1828 3823 et
1856 3769 2030 3825 unius

383 3893 552 3958 ctum,
585 3889 819 3966 legitur.
852 3892 955 3966 Ast
999 3906 1103 3966 nec
1148 3890 1362 3966 ﬁctum,
1408 3907 1513 3966 nec
1542 3894 1769 3966 factum,
1803 3893 1901 3948 sed
1929 3911 2030 3966 pa-

383 3967 548 4037 ctum,
583 3961 1036 4037 utrobiquelcgi
1069 3963 1277 4037 debere
1308 3964 1515 4037 probat
1542 3961 1666 4037 :divi
1699 3961 2031 4037 Hieronymi

385 4033 790 4104 interpretatio
824 4034 880 4087 in
900 4033 1054 4086 hunc
1081 4033 1293 4104 locum,
1329 4034 1426 4089 ubi
1458 4035 1762 4090 Hebraeum
1786 4033 2029 4093 verb'um

386 4105 587 4172 berith,
617 4114 859 4175 pactum,
895 4121 1009 4159 non
1040 4107 1424 4160 testamentum
1453 4123 1660 4161 sonare
1693 4109 1922 4162 asserit.

455 4195 604 4263 (907)
634 4193 842 4247 Partic.
895 4195 1246 4264 negativam,
1296 4211 1423 4264 qua:
1454 4195 1670 4258 deerat,
1727 4202 1790 4249 ut
1830 4196 2032 4252 sensui

384 4269 440 4319 et
470 4265 602 4318 divo
634 4264 980 4334 Hieronymo
1013 4264 1394 4330 satisfaciam,
1427 4266 1759 4320 addendum
1795 4283 1940 4321 reor.

455 4352 604 4428 (908)
632 4353 840 4428 Autog.
863 4355 1090 4423 factum.
1116 4358 1346 4407 Pactum
1377 4352 1686 4425 legendum
1707 4371 1775 4409 ex
1792 4353 1884 4412 his
1906 4373 2031 4428 quae

386 4421 542 4477 dicta
572 4421 843 4494 superius
864 4421 1036 4478 sunt.

455 4495 606 4619 (90,9)
641 4495 699 4619 ltn
731 4500 926 4566 autog.
968 4511 1154 4565 marg.
1194 4494 1290 4549 hic
1345 4494 1594 4566 legitur:
1647 4497 1935 4552 Dominica
1967 4500 2032 4552 13

458 4582 482 4619 s
580 4582 643 4619 en
679 4607 690 4619 .

427 4575 506 4619 ost
537 4571 690 4620 Pent.

384 4583 1228 4711 pof9lt0§nlgivushieronymus
1259 4636 1329 4690 de
1363 4635 1470 4691 hac
1493 4653 1780 4692 annorum
1813 4657 2035 4711 suppu-

386 4708 606 4762 tatione
638 4709 754 4763 ita:
815 4708 929 4763 Non
961 4708 1108 4762 enim
1166 4723 1336 4778 parva
1395 4723 1478 4761 res
1533 4713 1630 4777 est,
1692 4718 1803 4765 eta
1843 4708 2038 4767 multis

383 4780 638 4848 quaesita,
671 4781 851 4834 nescio
883 4797 954 4833 an
989 4783 1056 4834 ab
1085 4779 1278 4850 aliquo
1307 4781 1380 4833 sit
1403 4780 1642 4835 inventa.

456 4865 602 4940 (911)
642 4870 712 4921 Ut
743 4871 900 4938 patet
929 4884 996 4922 ex
1023 4867 1164 4922 Gen.
1198 4884 1376 4932 xnvu,
1410 4867 1462 4922 9.
1494 4867 1709 4940 Joseph
1743 4870 1898 4925 enim
1933 4872 2037 4926 tri-

384 4938 675 5010 gesimum
701 4956 918 4992 annum
951 4940 1178 5010 agebat,
1213 4955 1344 4992 cum
1370 4940 1528 4993 stetit
1558 4938 1752 4994 coram
1787 4941 2034 4998 Pharao-

385 5025 480 5076 ne;
505 5009 642 5064 Fen.
675 5027 786 5074 xu,
811 5011 894 5064 46.
928 5009 1057 5065 ,Ιειιῐι
1094 5017 1316 5080 septem
1351 5011 1486 5064 anni
1520 5012 1804 5067 ubertatis
1835 5021 1891 5068 et
1921 5016 2035 5071 duo

384 5080 558 5154 famis
588 5083 934 5154 Egyptiacaa
965 5081 1147 5152 elapsi
1171 5087 1354 5147 erant,
1380 5099 1511 5136 cum
1534 5082 1710 5138 Jacob
1734 5102 1866 5139 cum
1900 5087 2037 5143 ﬁliis

385 5151 444 5206 in
475 5151 785 5225 .Egyptum
824 5151 1077 5208 venisset
1106 5171 1118 5220 ;
1171 5155 1311 5208 Gen.
1345 5170 1470 5228 va.
1502 5154 1536 5228 0
1567 5160 1624 5208 et
1657 5157 1740 5228 i1.
1778 5157 2033 5228 Trigesi-

385 5224 801 5309 mum’nOnum
826 5242 961 5309 ergo
993 5241 1212 5309 annum
1264 5226 1470 5309 agebat
1496 5224 1734 5309 Joseph,
1768 5224 1909 5309 cuni
1933 5231 2030 5285 Ja-

385 5295 489 5348 cob
523 5297 593 5349 ad
627 5313 762 5352 eum
793 5295 972 5362 venit,
1013 5301 1069 5351 et
1099 5313 1158 5350 se
1204 5295 1610 5370 cautissimum
1638 5295 2033 5370 trigesimum
2065 5316 2067 5318 ·

386 5381 604 5440 annum
640 5384 809 5440 agere
841 5383 1036 5423 coram
1068 5383 1202 5439 rege
1247 5366 1439 5440 aiebat
1487 5367 1586 5422 cit.
1618 5366 1946 5440 caprfxnvu,
1976 5373 2031 5426 9.

383 5434 441 5510 Si
473 5434 896 5510 subtrahantur
926 5457 959 5494 a
984 5434 1218 5494 centum
1240 5437 1484 5510 triginta
1511 5434 1882 5497 annis'Jacob
1897 5434 2034 5498 aeta-

384 5506 464 5560 tis
492 5507 705 5576 Josepb
739 5510 981 5585 triginta
1014 5526 1218 5585 novem
1251 5506 1412 5585 anni,
1438 5511 1814 5585 nonagesimo
1845 5515 2033 5585 primo

386 5592 497 5633 suo
529 5593 680 5631 anno
712 5579 1006 5635 constabit
1031 5582 1210 5636 Jacob
1240 5579 1516 5652 genuisse
1545 5579 1784 5653 Joseph.

458 5662 606 5752 (912)
635 5664 782 5726 Looo
812 5683 986 5728 nonus
1006 5669 1066 5726 in
1090 5670 1219 5730 cod.
1251 5668 1824 5748 legiturnatus,quod
1841 5689 2036 5733 emen-

2144 3329 2429 3402 principio
2463 3327 2796 3382 afﬂictionis
2837 3332 3008 3381 natus
3039 3331 3146 3391 est,
3179 3327 3474 3399 octoginta
3501 3345 3792 3384 annorum

2143 3424 2264 3474 erat
2296 3418 2530 3488 quando
2561 3416 2831 3488 apparuit
2853 3415 3137 3471 Pharaoni
3171 3415 3359 3486 (Exod.
3380 3433 3476 3482 vn,
3507 3417 3586 3488 7).
3621 3417 3794 3474 Vide-

2142 3513 2239 3562 tur
2266 3512 2324 3561 et
2362 3505 2506 3560 illud
2548 3504 2934 3559 nihilominus
2963 3505 3343 3574 contrarium,
3375 3505 3530 3576 quod
3565 3504 3793 3578 Moyses

2143 3597 2258 3651 ait:
2293 3597 2423 3652 Fui:
2469 3599 2650 3648 autem
2707 3595 2919 3648 mansio
2966 3595 3218 3664 ﬁliorum
3248 3595 3440 3661 Israel,
3470 3611 3580 3666 qua
3629 3611 3792 3650 man-

2139 3686 2329 3740 serunt
2360 3685 2420 3737 in
2445 3682 3244 3755 ngyplo,quadringentorum
3267 3682 3496 3754 triginta
3519 3697 3795 3740 annorum

2143 3774 2312 3843 (915),
2335 3777 2442 3828 etc.
2467 3772 2576 3826 Sed
2601 3787 2715 3826 non
2738 3777 2826 3826 est
2845 3771 3226 3840 contrarium,
3249 3772 3387 3843 quia
3407 3787 3510 3843 per
3529 3774 3792 3845 tropum,

2143 3895 2402 3950 dandum
2436 3899 2561 3949 tum
2611 3912 2841 3962 sensus,
2895 3899 3020 3950 tum
3079 3896 3516 3968 supputationis
3559 3897 3796 3968 veritas,

2142 3973 2268 4022 tum
2301 3983 2426 4037 quae
2459 3971 2781 4037 sequuntur
2814 3981 3070 4022 suasere.

2215 3983 2790 4109 £31333?“
2808 3983 3260 4110 ggisigielegitur
3281 4043 3583 4093 mortuum
3611 4038 3798 4094 fuisse

2143 4110 2358 4180 Joseph
2391 4111 2710 4165 centesimo
2730 4110 2954 4165 decimo
2976 4109 3129 4166 anno
3160 4109 3346 4165 aetatis
3377 4123 3500 4165 suae
3523 4127 3538 4176 ;
3561 4111 3612 4164 si
3641 4111 3797 4166 enim

2145 4181 2857 4254 subtrahantur_triginta
2902 4197 3107 4236 novem
3163 4181 3300 4254 anni
3334 4181 3524 4237 aatatis
3549 4181 3796 4254 Joseph,

2145 4269 2291 4323 quos
2315 4254 2438 4322 jam
2473 4251 2820 4327 expleverat,
2854 4259 2910 4307 ut
2943 4269 3120 4324 supra
3151 4251 3372 4327 dictum
3397 4257 3506 4327 est,
3534 4269 3674 4308 cum
3699 4251 3797 4327 pa-

2142 4328 2228 4377 ter
2261 4327 2331 4378 ad
2375 4339 2508 4378 eum
2569 4325 2744 4388 venit,
2785 4323 3134 4395 supererunt
3190 4323 3564 4397 septuaginta
3619 4323 3801 4380 su‘ra

2142 4411 2383 4451 annum.
2417 4395 2488 4449 ad
2521 4395 2926 4451 comnlendam
2969 4400 3193 4451 aetatem
3228 4397 3377 4451 eius.
3429 4400 3672 4450 centum
3698 4342 3796 4451 Se-

2141 4411 2383 4465 annum,
2417 4395 2488 4449 ad
2521 4395 2926 4466 complendum
2969 4400 3193 4451 aetatem
3228 4395 3377 4466 ejus,
3407 4395 3672 4450 ‘centum
3700 4395 3796 4452 de-

2143 4483 2266 4522 cem
2298 4481 2608 4522 annorum.

2219 4538 2363 4608 (914)
2399 4539 2459 4591 In
2492 4539 2620 4592 cod.
2668 4537 2882 4609 legitur
2913 4555 2981 4592 Lx
3013 4543 3069 4610 et
3097 4555 3172 4604 v1,
3207 4539 3360 4610 quod
3394 4541 3592 4610 tamen
3629 4554 3800 4594 sexa-

2067 4593 2112 4656 D
2147 4593 2310 4680 ginta
2333 4593 2601 4690 .quatupr
2629 4625 2698 4662 ex
2726 4593 3444 4735 supp‘utatione'sequenti
3476 4609 3798 4690 legendum

2148 4695 2367 4734 censux.
2405 4679 2962 4735 Scilicettacillimus
2981 4695 3141 4735 error
3161 4681 3240 4735 fui
3301 4679 3424 4735 loco
3457 4681 3798 4735 πέει-ώσω

2148 4678 2367 4734 censui.
2405 4678 2962 4735 Scilicettacillimus
2981 4695 3141 4736 error
3161 4678 3275 4735 fuit
3301 4679 3424 4736 loco
3457 4678 3800 4736 rv.§‘cribere

2148 4769 2224 4826 v1_.
2249 4750 2629 4826 Septuaginta
2647 4751 2824 4820 igitur
2845 4769 3023 4823 supra
3053 4768 3276 4826 annum
3293 4751 3483 4826 astatis
3501 4723 3693 4824 jo‘sph
3726 4749 3797 4807 ab

2149 4823 2400 4877 adventu
2431 4821 2874 4894 patrispartem
2922 4821 3359 4894 supputationis
3397 4821 3795 4878 certissimam

2147 4891 2749 5018 prmbentﬁOctoginta
2765 4895 2952 4949 aetatis
2975 4891 3178 5018 Μόἒεί,
3195 4893 3576 5017 cum‘Mo7yses
3597 4905 3794 4950 coram

2193 4965 2445 5018 baraone
2468 4970 2648 5018 stetit.
2681 4971 3044 5018 asseruntur-
3125 4966 3253 5018 xod.
3291 4983 3388 5018 vn.
3471 4983 3484 5018 :
3515 4981 3647 5018 quae
3682 4966 3794 5018 duo

2193 4965 2445 5019 baraone
2468 4965 2648 5036 stetit,
2681 4971 3045 5036 asseruntur,
3076 4965 3253 5020 Exod.
3291 4983 3388 5034 vn,
3421 4965 3484 5020 7:
3515 4981 3647 5036 quae
3682 4966 3796 5020 duo

2149 5038 2339 5107 spatia
2369 5035 2652 5090 circulum
2701 5035 3063 5109 componunt
3093 5043 3325 5093 centum
3361 5035 3798 5109 quinquaginta

2147 5125 2324 5180 supra
2341 5124 2524 5162 unum
2548 5123 2789 5164 annum.
2811 5109 3179 5164 Probandum
3199 5111 3797 5179 remaneretspatium

2147 5183 2446 5261 sexaginta
2468 5185 2721 5304 quatuor
2749 5197 3058 5246 annorum,
3093 5181 3246 5252 quod
3279 5185 3616 5252 superesset
3639 5189 3797 5235 mor-

2147 5257 2262 5304 tem
2296 5257 2447 5304 inter
2512 5251 2712 5304 oseohl
2745 5260 2800 5304 et
2846 5252 3201 5304 nativitatem
3234 5251 3439 5304 Movsi.
3485 5256 3546 5304 et
3576 5251 3650 5304 de
3681 5266 3797 5304 auo

2145 5257 2262 5306 tem
2296 5251 2447 5324 inter
2474 5251 2712 5321 Josephi
2745 5260 2800 5306 et
2846 5251 3207 5324 nativitatem
3234 5251 3439 5324 Moysi,
3485 5251 3650 5324 etde
3678 5266 3797 5324 quo

2146 5326 2231 5376 tot
2253 5321 2564 5396 popiniones
2595 5327 2736 5393 quot
2765 5323 2976 5396 capita.
3007 5323 3150 5378 Vide
3178 5321 3496 5396 Josephum
3528 5321 3797 5396 Flavium

2146 5392 2327 5464 antiq’.
2359 5393 2496 5464 Jud.
2524 5392 2649 5464 cap.
2685 5411 2805 5448 xm.
2837 5392 2981 5449 Mihi
3015 5399 3167 5450 certe
3197 5392 3414 5450 arridet
3438 5408 3642 5450 eorum
3671 5392 3799 5464 opi-

2146 5464 2241 5519 nio
2273 5463 2373 5535 qui
2405 5463 2636 5536 longius
2664 5469 2898 5536 tempus
2929 5469 3262 5533 assumunt,
3297 5465 3379 5522 uti
3414 5465 3575 5521 miris
3604 5463 3801 5521 Juda-

2146 5534 2322 5609 orurn
2348 5534 2820 5609 myltiplicationi
2852 5537 2993 5592 satis
3021 5538 3235 5609 aptius.

2221 5606 2363 5679 (915)
2395 5607 2574 5681 Exod.
2607 5624 2709 5676 xu,
2741 5607 2827 5681 40,
2856 5609 2954 5664 ubi
2988 5606 3113 5664 tum
3140 5611 3308 5681 juxta
3331 5607 3637 5681 Hebreum
3671 5613 3793 5681 tex-

2149 5678 2300 5752 tum,
2322 5682 2449 5737 tum
2478 5679 2880 5757 Septuaginta,
2913 5684 3039 5739 tum
3060 5678 3230 5764 juxta
3249 5679 3509 5762 codicem
3532 5678 3794 5765 sagari-
