4014 6174
222 295 315 358 521

809 293 1224 356 EXPOSITIO
1269 294 1345 354 IN
1394 293 1818 365 EPISTOLAS
1859 293 2223 355 PAULL—
2256 294 2333 355 IN
2378 297 2626 359 EPIST.
2674 298 2779 357 AD
2827 299 3003 358 GAL.

3492 303 3607 363 522

223 425 308 501 qui
351 424 563 481 dicitur
610 425 999 498 synecdoche,
1053 425 1497 499 intelligendum
1546 430 1655 482 est.
1711 426 1848 481 Pars
1878 426 1931 493 Α
1964 426 2197 497 populis
2228 443 2413 483 unum
2440 428 2721 500 populum
2743 429 2801 484 in
2836 445 2943 483 sua
2976 429 3088 485 fide
3118 432 3472 503 conjungat?
3498 434 3610 491 Iste

218 530 455 584 namque
484 514 712 569 numeri
744 518 930 569 totum
962 530 1279 570 numerum
1312 513 1483 585 capit.
1518 518 1647 569 Hinc
1684 531 1848 569 nam-

217 620 314 675 que
342 601 451 672 lex,
476 619 603 675 quaa
635 608 769 674 post
798 607 885 658 tot
912 619 1202 658 annorum
1238 604 1428 675 spatia
1453 603 1589 658 data
1617 608 1848 670 est,non

216 691 347 746 valet
379 690 800 761 promissiones
850 707 1148 761 evacuare,
1200 692 1341 763 quia
1390 708 1505 747 non
1552 690 1707 747 valet
1753 708 1851 747 eas

216 778 465 850 implere.

277 885 543 957 Sequitur
574 902 587 940 :
620 886 779 955 Nam,
812 888 862 940 si
910 902 979 941 ea:
1008 886 1124 957 lege
1153 886 1467 953 haereditas,
1501 891 1612 942 etc.
1645 888 1716 941 Et
1762 889 1853 942 est

214 991 412 1032 sensus
447 992 459 1029 :
488 974 547 1030 Si
576 972 667 1029 lex
699 974 1148 1045 promissionem
1180 975 1422 1046 implere
1454 976 1675 1047 posset,
1718 992 1847 1047 pro-

216 1062 405 1120 missio
438 1070 833 1127 evacueretur,
856 1068 914 1118 et
933 1080 1037 1135 per
1058 1062 1243 1135 legem
1267 1063 1575 1119 haereditas
1591 1064 1846 1119 daretur.

212 1154 313 1209 Sed
346 1169 462 1207 non
496 1157 586 1207 est
615 1151 719 1222 ita,
749 1153 887 1224 quia
916 1152 1173 1218 Abram,
1205 1153 1416 1224 inquit,
1434 1169 1535 1223 per
1554 1154 1849 1224 repromis-

212 1244 409 1298 sionem
440 1240 669 1296 donavit
695 1241 856 1295 Deus.
890 1240 1099 1296 Verum
1139 1240 1278 1311 quia
1327 1240 1489 1296 novit
1534 1241 1851 1313 Apostolus

212 1332 357 1404 quod
381 1330 496 1386 sibi
519 1329 735 1386 Galate:
761 1330 1011 1399 objicere
1032 1334 1272 1400 possent
1292 1345 1359 1384 ac
1379 1329 1570 1385 dicere
1594 1346 1607 1384 :
1636 1330 1681 1385 Ο
1702 1334 1852 1401 Apo-

209 1420 364 1487 stole,
398 1420 453 1475 si
484 1418 564 1475 ita
593 1422 683 1474 est
714 1422 779 1473 ut
809 1417 1046 1487 asseris,
1080 1433 1217 1491 ergo
1249 1418 1438 1474 otiosa
1468 1423 1558 1474 est
1587 1418 1698 1484 lex,
1720 1419 1850 1475 ideo

207 1508 477 1583 praevenit
506 1524 605 1564 eos
637 1524 651 1562 :
686 1507 835 1575 Quid
863 1508 1055 1577 igitur,
1083 1507 1437 1578 inquit,lea:?
1465 1514 1575 1564 etc.
1598 1512 1719 1564 Hoc
1739 1512 1848 1577 est,

208 1614 381 1669 quare
404 1598 546 1652 data
574 1600 664 1652 est
683 1595 711 1650 ?

271 1705 421 1775 (916)
451 1705 579 1775 Ipse
608 1702 799 1772 inquit
832 1719 843 1756 :
880 1703 1114 1772 Propter
1159 1704 1627 1773 transgressioms
1670 1706 1850 1776 posita

1959 515 2177 587 quippe
2210 516 2495 571 mediator
2525 518 2633 573 hoc
2663 518 2783 590 agit
2810 517 2963 573 inter
2982 518 3219 574 dantem
3240 524 3297 575 et
3318 520 3604 593 accipien-

1961 610 2102 667 tem,
2126 605 2281 675 quod
2313 603 2407 660 lex
2438 607 2647 677 agebat
2678 607 2828 661 inter
2856 606 3305 678 promissionem
3329 614 3385 664 et
3406 609 3611 681 imple-

1963 692 2199 748 tionem.

2030 799 2211 855 Paulo
2238 800 2532 871 superius,
2559 816 2629 855 ne
2658 801 2951 858 videretur
2971 803 3061 857 lex
3092 803 3301 869 otiosa,
3329 804 3613 874 objiciens

1964 888 2075 943 sibi
2126 889 2533 959 quaestionem,
2566 890 2758 943 dixit:
2792 892 2933 958 Quid
2981 892 3181 963 legitur
3221 892 3356 947 lere?
3400 893 3457 948 id
3502 898 3614 962 est,

1962 993 2144 1047 quare
2173 977 2309 1032 data
2337 977 2472 1032 est?
2496 982 2732 1048 Propter
2755 983 3225 1050 transgressiones,
3258 981 3473 1053 inquit.
3520 983 3616 1039 Sic

1963 1065 2138 1119 etiam
2176 1081 2332 1120 nunc
2365 1064 2650 1135 objiciens
2682 1067 2793 1121 sibi
2828 1086 2840 1123 :
2874 1071 2986 1123 Lex
3013 1085 3162 1139 ergo,
3198 1070 3613 1141 inquit,adoer-

1961 1170 2075 1220 sus,
2106 1155 2380 1223 promissa
2410 1154 2553 1209 Dei?
2581 1155 2756 1217 Quasi
2790 1156 3005 1211 diceret
3035 1175 3052 1210 :
3088 1158 3363 1229 Nunquid
3394 1160 3466 1214 ab
3512 1158 3614 1214 illo

1961 1259 2064 1314 per
2094 1259 2270 1313 quem
2304 1243 2468 1298 factae
2514 1247 2653 1298 sunt
2699 1244 3120 1315 promissiones
3167 1246 3303 1302 talis
3350 1246 3441 1303 lex
3488 1247 3614 1304 dari

1962 1330 2174 1402 potuit,
2200 1347 2327 1401 quae
2361 1331 2653 1386 contraria
2694 1336 2850 1387 esset
2898 1333 3428 1405 promissionibus?
3458 1337 3608 1404 Non,

1961 1419 2224 1490 inquam.
2241 1419 2481 1475 Duobus
2500 1436 2753 1491 namque
2776 1421 2967 1476 modis
3000 1426 3364 1479 monstratur
3381 1423 3473 1479 lex
3494 1442 3612 1481 non

1976 1524 2105 1563 esse
2156 1508 2448 1564 contraria
2495 1508 3009 1580 promissionibus.
3042 1509 3099 1563 Si
3132 1510 3286 1565 enim
3338 1516 3503 1566 tanta
3547 1529 3614 1568 ac

1962 1596 2095 1651 talis
2125 1601 2297 1666 esset,
2331 1614 2460 1668 quae
2490 1602 2689 1668 posset
2717 1597 2960 1669 implere
2998 1598 3441 1670 promissiones,
3473 1616 3610 1655 con-

1960 1686 2140 1741 traria
2173 1690 2329 1741 esset
2358 1686 2630 1754 omnino;
2662 1686 2783 1742 sive
2830 1703 2944 1741 non
2993 1691 3083 1742 est
3128 1688 3441 1753 contraria,
3474 1687 3614 1759 quia

204 1798 293 1850 est.
327 1774 489 1848 Sane
514 1792 819 1848 sciendum
849 1791 987 1861 quia
1018 1807 1152 1846 cum
1184 1808 1389 1847 omnes
1411 1793 1560 1864 (917)
1584 1774 1684 1864 per
1713 1793 1854 1848 lihe-
1882 1794 1929 1859 B
1963 1790 2076 1864 ξιοΠ
2109 1775 2275 1829 docet
2304 1774 2717 1864 “Mersa-NQ!“
2742 1775 2895 1864 δίφυί
2914 1776 3208 1864 baptisma
3228 1776 3472 1831 Joannis
3496 1792 3611 1832 Ποῐι

201 1899 326 1938 rum
360 1881 674 1937 arbitrium
706 1880 1036 1936 noluissent
1066 1880 1182 1935 Deo
1215 1880 1470 1947 obedire,
1503 1886 1560 1936 et
1587 1880 1733 1936 illud
1758 1898 1852 1953 pa-

200 1972 410 2028 tienter
468 1974 799 2040 exspectare
848 1976 1101 2039 tempus,
1162 1984 1279 2039 quo
1336 1985 1439 2041 per
1485 1970 1660 2025 ﬁdem
1710 1971 1851 2025 Jesu

196 2059 409 2115 Christi
433 2057 929 2129 justiﬁcarentur,
960 2057 1098 2114 data
1126 2063 1216 2112 est
1245 2056 1358 2127 lex,
1386 2073 1513 2128 quae
1542 2074 1641 2113 eos
1690 2074 1850 2113 coer-

192 2154 377 2215 ceret;
415 2151 550 2219 post
581 2145 1019 2203 fabricationem
1052 2146 1271 2217 quippe
1301 2145 1555 2214 vituli,ct
1583 2147 1711 2217 ejus
1742 2148 1854 2202 im-

193 2237 606 2305 molationem,
636 2240 694 2290 et
724 2234 1281 2303 murmurationem,
1314 2240 1373 2290 et
1404 2235 1665 2291 diversas
1709 2235 1854 2291 alias

193 2324 731 2398 transgressiones,
765 2324 901 2378 data
931 2328 1019 2379 est
1046 2322 1155 2378 lex.

262 2429 555 2501 Sequitur
588 2447 600 2483 :
636 2429 962 2500 Quousque?
986 2430 1164 2483 Donec
1188 2432 1414 2495 veniret,
1440 2430 1651 2502 inquit,
1674 2446 1854 2487 semen

193 2521 286 2575 cui
308 2520 691 2591 promiserat;
720 2516 828 2572 hoc
858 2521 967 2583 est,
1000 2516 1289 2586 Christus,
1324 2534 1426 2589 per
1470 2519 1639 2588 cujus
1677 2520 1853 2575 fidem

185 2608 688 2680 justiﬁcarentur.
726 2605 1006 2676 Sequitur
1028 2623 1042 2667 ς
1066 2604 1331 2660 Ordinum
1348 2622 1446 2676 per
1462 2607 1857 2677 angelos.Huic

196 2710 451 2752 concors
483 2700 574 2750 est
596 2699 655 2750 et
683 2694 784 2749 illa
820 2695 1133 2761 sententia,
1181 2709 1299 2765 qua
1340 2694 1422 2749 ait
1470 2694 1802 2767 Stephanus
1838 2714 1851 2752 :

196 2787 304 2854 Qui
330 2786 453 2859 fuit
488 2788 550 2840 in
580 2784 875 2840 solitudine
903 2786 964 2838 in
993 2784 1233 2840 Ecclesia
1260 2785 1358 2839 Dei
1378 2800 1497 2840 cum
1531 2787 1721 2856 angelo
1760 2789 1858 2857 qui

190 2876 532 2948 loquebatur
560 2875 669 2928 sibi
697 2874 833 2944 (Act.
868 2890 966 2939 vn,
999 2874 1110 2940 38).
1146 2873 1255 2927 Sed
1291 2874 1647 2929 contrarium
1695 2875 1852 2929 vide-

186 2969 285 3020 tur
316 2964 488 3036 quod
524 2963 737 3035 legitur
772 2978 785 3016 :
822 2961 933 3016 Lex
962 2961 1099 3016 data
1127 2965 1216 3016 est
1246 2977 1349 3032 per
1373 2962 1678 3017 Deum.Sic
1697 2965 1854 3018 enim

178 3054 408 3126 legitur
460 3053 603 3123 quia
648 3049 918 3105 descendit
970 3050 1239 3104 Dominus
1296 3052 1354 3103 in
1405 3059 1641 3106 montem
1697 3050 1858 3106 Sinai

1962 1863 2075 1917 fuit
2102 1863 2461 1918 contrarium
2494 1862 2854 1934 baptismati,
2880 1864 2979 1919 sed
3012 1862 3207 1934 potius
3241 1865 3612 1936 praeparatio,

1962 1951 2046 2007 sic
2076 1951 2167 2007 lex
2198 1968 2311 2006 non
2344 1952 2455 2006 fuit
2483 1951 2775 2007 contraria
2802 1951 3023 2023 gratiae,
3062 1953 3163 2007 sed
3215 1952 3412 2023 potius
3460 1954 3615 2023 ejus-

1962 2041 2095 2095 dem
2125 2040 2237 2094 fuit
2261 2039 2630 2111 praeparatio.

2033 2147 2181 2215 (919)
2213 2146 2533 2217 Sequitur:
2569 2146 2631 2200 Si
2657 2148 2802 2201 enim
2834 2146 2963 2203 data
3008 2151 3148 2202 esset
3190 2148 3299 2215 lex,
3350 2151 3460 2202 etc.
3512 2148 3613 2202 Se-

1965 2236 2224 2291 cundum
2248 2235 2501 2305 priorem
2523 2236 2904 2305 praecedentis
2922 2236 3221 2290 sententia
3243 2251 3483 2291 sensum
3510 2251 3612 2307 ρο·
3672 2272 3676 2275 -

1964 2330 2082 2380 test
2112 2323 2356 2395 intelligi
2390 2324 2544 2395 quod
2575 2323 2847 2394 sequitur
2877 2340 2890 2377 :
2922 2326 2973 2378 si
2999 2326 3147 2379 enim
3175 2323 3313 2380 data
3332 2332 3470 2380 esset
3499 2325 3612 2391 lex,

1965 2418 2097 2481 etc.;
2130 2413 2239 2468 hoc
2268 2417 2375 2484 est,
2409 2412 2455 2468 si
2489 2416 2653 2467 tanta
2682 2428 2747 2467 ac
2779 2412 2913 2466 talis
2943 2418 3119 2468 esset
3142 2412 3235 2468 lex
3274 2428 3400 2483 qua:
3437 2421 3615 2484 posset

1964 2500 2344 2571 viviﬁcare,id
2377 2507 2489 2568 est,
2524 2500 2672 2557 filios
2703 2501 2805 2556 Dei
2832 2502 3184 2573 facere(quia
3203 2507 3346 2557 tunc
3377 2500 3481 2555 filii
3504 2500 3606 2556 Dei

1965 2592 2356 2658 efﬁcerentur,
2390 2591 2440 2645 si
2479 2590 2953 2657 viviﬁcarentur),
2980 2589 3218 2646 omnino
3239 2606 3308 2645 ea:
3336 2591 3451 2661 lege
3465 2597 3604 2646 esset

1954 2682 2202 2751 justitia,
2236 2680 2375 2751 quia
2404 2696 2507 2752 per
2537 2678 2725 2751 legem
2758 2679 3072 2750 promissio
3104 2679 3467 2751 impleretur.

2034 2788 2349 2860 Sequitur:
2386 2786 2487 2842 Sed
2516 2787 2779 2841 conclusit
2805 2788 3079 2857 scriptura
3111 2786 3305 2841 omnia
3342 2786 3440 2840 sub
3486 2801 3613 2858 pec-

1964 2884 2105 2934 cato.
2141 2876 2289 2943 Quid
2321 2880 2411 2930 est
2441 2875 2594 2945 quod
2628 2874 2787 2938 dicit,
2820 2875 3106 2941 conclusit,
3134 2890 3271 2929 cum
3311 2874 3613 2944 Scriptura

1966 2984 2081 3022 non
2115 2964 2299 3037 possit
2329 2962 2716 3019 concludere?
2742 2961 3097 3018 Concludere
3124 2978 3260 3033 ergo
3293 2967 3383 3017 est
3428 2961 3614 3016 mani-

1967 3056 2195 3109 festare.
2229 3052 2505 3107 Homines
2554 3050 2751 3129 itaque
2799 3051 3051 3121 peccatis
3100 3051 3318 3118 caecati,
3355 3052 3495 3105 dum
3548 3065 3613 3104 se

178 3143 393 3214 (Exod.
431 3157 558 3209 xxx,
586 3141 715 3210 20);
748 3144 805 3194 et
834 3138 975 3193 item
1011 3154 1024 3193 :
1064 3139 1401 3208 Loquebatur
1422 3142 1690 3194 Dominus
1728 3155 1853 3195 cum
1883 3156 1925 3221 α
1964 3147 2294 3215 peccatores
2323 3157 2433 3195 non
2469 3144 2868 3211 agnoscerent,
2903 3155 2973 3194 ne
3004 3154 3063 3194 se
3086 3140 3281 3209 justos
3312 3144 3488 3210 atque
3519 3137 3615 3193 vi-

173 3232 362 3303 Moyse
395 3229 608 3301 (Exod.
645 3246 709 3295 ιι,
743 3228 831 3297 10)
865 3243 878 3280 ;
915 3232 971 3281 et
1002 3225 1187 3281 multa
1234 3227 1365 3282 alia.
1416 3230 1683 3283 Attamen
1736 3245 1852 3283 non

170 3327 265 3377 est
312 3317 723 3376 contrarium.
776 3315 931 3370 Deus
980 3315 1135 3369 enim
1187 3330 1321 3369 eum
1354 3313 1432 3369 sit
1459 3315 1769 3372 invisibilis
1801 3321 1859 3372 et

168 3413 608 3480 incorporeus,
639 3404 818 3459 videri
853 3419 967 3458 non
1002 3408 1209 3474 potest,
1245 3405 1347 3459 sed
1381 3420 1569 3476 neque
1599 3405 1860 3478 loqui,et

172 3501 316 3554 ideo
330 3512 448 3568 per
473 3494 805 3564 subjectam
830 3491 1180 3563 loquebatur
1199 3494 1659 3550 creaturam.Cui
1682 3495 1857 3550 etiam

171 3605 295 3644 non
353 3584 736 3641 contrarium
789 3581 943 3652 quod
992 3580 1117 3652 ipse
1164 3582 1305 3636 dicit
1346 3601 1358 3637 :
1404 3585 1631 3639 Dimitte
1657 3601 1763 3655 me,
1796 3588 1860 3638 ut

174 3681 483 3733 irascatur
535 3674 695 3743 [uror
742 3685 894 3726 meus
943 3669 1132 3740 (Exod.
1183 3686 1360 3739 xxxn,
1396 3673 1512 3745 10);
1546 3677 1647 3728 aut
1694 3692 1707 3729 :
1754 3675 1860 3728 Fac

173 3768 325 3823 mihi
380 3760 821 3821 tabernaculum
869 3759 1060 3826 (Exod.
1111 3776 1241 3826 xxv,
1273 3763 1326 3825 8,
1357 3760 1444 3831 9);
1494 3768 1596 3817 aut
1638 3761 1859 3833 aliquid

175 3856 317 3923 tale,
354 3852 513 3925 quia
548 3847 793 3921 angelus
821 3846 882 3902 in
913 3862 1162 3919 persona
1192 3849 1285 3904 Dei
1316 3847 1685 3919 loquebatur,
1709 3849 1863 3904 sicut

174 3944 389 4012 lector,
425 3956 578 3997 cum
610 3937 855 4009 legendo
886 3936 1028 3991 dicit
1060 3954 1073 3991 :
1108 3937 1213 4007 Ego
1236 3952 1357 3991 sum
1391 3940 1528 3992 Deus
1563 3937 1860 4006 Abraham,

174 4038 287 4088 etc.

245 4138 562 4211 Sequitur
594 4151 607 4189 :
644 4137 711 4189 In
742 4147 914 4186 manu
941 4131 1288 4192 mediatoris;
1323 4131 1377 4185 id
1405 4136 1512 4197 est,
1534 4131 1593 4187 in
1618 4136 1865 4204 potesta-

172 4234 229 4286 te
259 4229 423 4295 Filii,
464 4224 578 4297 qui
613 4220 903 4277 mediator
933 4220 1062 4287 fuit,
1097 4222 1195 4276 sed
1250 4237 1364 4274 non
1415 4220 1534 4288 Dei,
1574 4226 1629 4275 et
1673 4220 1862 4276 homi-

173 4334 347 4385 num,
386 4317 598 4371 donec
628 4308 889 4381 suscepit
920 4324 1153 4364 carnem
1207 4314 1417 4364 [108th
1471 4308 1861 4365 mortalitatis.

172 4408 307 4475 Qui,
343 4420 426 4461 ne
457 4403 716 4476 propter
746 4396 855 4453 hoc
882 4398 1143 4469 separari
1173 4398 1470 4453 videretur
1500 4415 1532 4453 a
1562 4397 1747 4453 Patris
1776 4398 1863 4452 di-

170 4497 453 4560 vinitate,
493 4487 818 4559 subjunxit
870 4503 883 4541 :
936 4487 1194 4543 Mediator
1240 4488 1402 4542 unius
1445 4505 1463 4575 ζ

170 4594 359 4641 autem
394 4596 565 4638 unus
600 4580 704 4644 est,
738 4576 876 4647 quia
905 4576 1011 4632 etsi
1046 4593 1160 4632 non
1193 4581 1279 4632 est
1313 4593 1464 4632 unus
1494 4577 1552 4631 in
1594 4592 1863 4648 persona,

171 4692 331 4731 unus
366 4676 471 4730 est
507 4677 718 4725 tamen
752 4665 811 4721 in
845 4665 1175 4721 divinitatis
1205 4666 1626 4721 substantia.ln
1651 4683 1716 4721 eo
1738 4683 1871 4722 vero

174 4766 334 4836 quod
372 4760 540 4818 dicit
578 4758 776 4822 unius,
810 4754 1165 4808 subauditur
1194 4755 1377 4826 partis
1407 4756 1583 4826 (918);
1630 4759 1687 4810 et
1739 4755 1875 4810 facit

170 4855 481 4910 adversus
514 4843 789 4913 Galatas,
822 4843 989 4914 quasi
1023 4843 1239 4898 diceret
1272 4860 1283 4897 :
1321 4843 1507 4906 Quare
1538 4860 1637 4898 vos
1670 4861 1874 4900 omnes

175 4960 370 4999 unum
409 4953 561 4996 esse
599 4931 783 4989 vultis
812 4930 1188 5003 p0pulum,id
1216 4932 1873 4999 est,circumcisos,cum

177 5032 493 5089 mediator
528 5040 662 5081 non
699 5021 775 5076 sit
804 5020 981 5075 unius
1014 5020 1326 5092 partis,sed
1358 5021 1553 5091 potius
1584 5035 1613 5074 e
1643 5021 1875 5077 duobus

168 5222 542 5297 tanum,qu_i
581 5220 701 5275 hos
735 5217 840 5297 439
872 5233 1057 5297 annos
1088 5232 1122 5270 a
1148 5214 1874 5297 peregrinationelahrahm

170 5288 620 5354 numerandos
653 5288 1009 5360 exprimunt,
1032 5288 1352 5360 tum_juxt_a
1383 5302 1585 5360 omnes
1618 5288 1736 5342 fere
1774 5289 1878 5360 Pa:

169 5375 292 5425 tres
316 5374 381 5424 et
402 5357 788 5442 Apostolum
811 5357 1293 5442 _ipsum,hoc'l_oco
1316 5358 1629 5442 legendum
1660 5358 1877 5442 eruditi

169 5447 400 5514 putant
428 5430 878 5514 :Y’eregrinatio
907 5434 1097 5514 autem
1109 5430 1683 5514 ﬁliorumhlsraelﬂui
1713 5432 1874 5503 (non,

168 5502 279 5585 qua
312 5502 686 5585 manserant
714 5504 773 5557 in
792 5502 1042 5585 A-Igyptoz
1065 5502 1377 5585 [uerat__«’i30
1404 5517 1697 5585 annorum.

242 5572 421 5661 (916)
448 5583 523 5641 In
563 5583 775 5647 autog.
808 5587 994 5644 marg.
1026 5572 1122 5628 hic
1152 5572 1363 5647 legitur
1391 5589 1517 5648 cap.
1551 5573 1696 5633 XIV.

480 5708 776 5771 ΡΑτιιοῐ..
825 5698 1143 5767 CXXXIV.

1965 3234 2168 3287 dentes
2192 3232 2505 3301 jactarent,
2536 3243 2601 3282 ac
2632 3227 2925 3282 medicum
2950 3228 3191 3283 minime
3221 3229 3610 3299 requirerent,

1968 3334 2072 3375 nec
2103 3319 2175 3373 ab
2201 3333 2267 3372 eo
2296 3315 2543 3371 salutem
2576 3318 2857 3387 peterent,
2893 3315 3022 3370 ideo
3052 3317 3187 3371 data
3217 3322 3305 3371 est
3336 3316 3447 3384 lex,
3479 3332 3606 3388 quae

1968 3423 2172 3464 omnes
2206 3404 2607 3461 manifestaret
2636 3408 2987 3475 peccatores,
3019 3410 3329 3475 quatenus,
3363 3405 3503 3460 dum
3544 3419 3608 3460 se

1967 3513 2171 3554 omnes
2204 3498 2532 3567 peceatores
2563 3498 2963 3565 agnoscerent,
2986 3494 3055 3548 ad
3090 3495 3381 3549 medicum
3416 3494 3614 3550 confu-

1967 3590 2186 3659 gerent.
2222 3584 2289 3638 Et
2319 3583 2427 3638 hoc
2454 3586 2562 3650 est,
2596 3582 2748 3654 quod
2776 3583 3044 3653 sequitur
3076 3602 3088 3638 :
3126 3585 3190 3639 Ut
3217 3586 3507 3656 promissio
3544 3599 3617 3640 ex

1969 3675 2075 3744 fide
2102 3675 2229 3730 Jesu
2252 3672 2472 3738 Christi,
2506 3675 2615 3727 etc.

2041 3780 2315 3852 Sequitur
2349 3795 2361 3832 :
2394 3780 2558 3832 Prius
2588 3788 2770 3833 autem
2800 3795 2968 3848 quam
3000 3782 3205 3834 veniret
3237 3779 3385 3845 ﬁdes,
3418 3778 3618 3834 videli-

1970 3874 2061 3925 cet
2102 3869 2241 3923 Jesu
2289 3866 2524 3935 Christi,
2576 3865 2683 3920 hoc
2732 3872 2840 3931 est,
2892 3866 3098 3921 notitia
3145 3866 3352 3937 ipsius,
3378 3867 3476 3920 sub
3500 3867 3616 3934 lege

1969 3956 2413 4013 custodz’ebamur
2466 3955 2737 4017 conclusi;
2792 3954 2900 4008 hoc
2958 3959 3067 4021 est,
3129 3955 3298 4024 quasi
3357 3968 3617 4009 carcera-

1972 4046 2074 4101 riis
2107 4041 2489 4114 (920)quidem
2514 4041 2761 4095 vinculis
2782 4040 3502 4113 constringebamur.lllud
3524 4044 3620 4095 ta-

1976 4149 2106 4189 men
2134 4131 2480 4198 notandum,
2513 4128 2651 4201 quia
2674 4129 2781 4198 lex,
2816 4146 2932 4201 qua
2955 4129 3137 4185 malos
3160 4130 3620 4202 constringehat,

1974 4238 2088 4277 non
2118 4220 2244 4275 ideo
2267 4224 2470 4274 auctor
2491 4217 2629 4273 mali
2647 4224 2789 4289 erat,
2822 4219 3101 4291 quoniam
3133 4220 3261 4290 ejus
3291 4222 3413 4274 erat
3442 4217 3621 4274 officii

1976 4310 2198 4367 malum
2224 4308 2547 4375 ostendere,
2582 4324 2695 4363 non
2720 4311 2915 4363 tamen
2940 4306 3166 4364 abolere
3199 4324 3212 4363 :
3248 4307 3617 4379 sicutjudex,

1976 4400 2074 4472 qui
2109 4398 2296 4454 malos
2320 4398 2375 4451 in
2400 4412 2687 4452 carcerem
2711 4398 3102 4470 retrudit,non
3125 4403 3328 4453 auctor
3348 4402 3437 4453 est
3460 4395 3620 4467 mali,

936 4487 1194 4543 Mediator
1240 4488 1402 4542 unius
1445 4504 1557 4542 non
1595 4492 1696 4557 est,
1730 4488 1867 4542 Deus
1899 4512 1943 4577 D
1976 4490 2076 4544 sed
2102 4488 2229 4559 ejus
2250 4486 2423 4542 ofﬁcii
2448 4485 2632 4543 malos
2656 4488 3330 4557 retrudere,utostendat
3350 4502 3447 4542 eos
3470 4500 3621 4555 reos;

1977 4582 2067 4633 est
2095 4582 2151 4632 et
2180 4576 2447 4648 potentiae
2492 4576 2726 4631 eosdem
2779 4574 3096 4631 absolvere.
3130 4574 3410 4630 Similiter
3438 4578 3495 4629 et
3523 4571 3626 4629 Dei

1983 4667 2093 4721 fuit
2124 4682 2226 4737 per
2255 4664 2441 4737 legem
2474 4664 2868 4733 manifestare,
2918 4663 3302 4735 ejusdemque
3350 4663 3627 4734 potentia

1986 4771 2086 4827 per
2110 4755 2284 4808 ﬁdem
2318 4751 2601 4823 unigeniti
2636 4751 2763 4805 Filii
2798 4751 2889 4806 sui
2939 4753 3173 4808 eosdem
3209 4753 3523 4808 absolvere’.
3556 4751 3628 4807 Et

1985 4844 2092 4897 hoc
2123 4847 2210 4897 est
2240 4842 2394 4913 quod
2428 4840 2586 4909 dicit,
2616 4842 2675 4894 in
2702 4840 2946 4896 eamdem
2975 4842 3123 4914 (921)
3151 4842 3332 4912 ﬁdem,
3382 4841 3491 4896 hoc
3538 4843 3629 4895 est

1984 4932 2166 4986 donec
2195 4930 2530 4985 veniremus
2558 4928 2630 4983 ad
2660 4945 2781 4984 eam
2809 4931 2968 5001 ﬁdem
2994 4946 3121 5003 quae
3150 4932 3447 4988 revelanda
3483 4929 3622 4983 erat.

1984 5020 2125 5075 Nam
2154 5035 2287 5074 cum
2311 5018 2453 5073 dicit
2475 5020 3050 5088 revelanda,ostendit
3078 5020 3217 5093 quia
3244 5021 3353 5076 fuit
3374 5016 3624 5074 occulta.

2057 5216 2205 5288 (917)
2238 5215 2507 5270 Fortasse
2539 5215 2805 5273 homines.

2059 5288 2204 5359 (918)
2240 5288 2300 5340 In
2333 5290 2528 5358 autog.
2561 5288 2769 5361 Patris.
2792 5288 3139 5361 ,Legendum
3186 5289 3379 5340 autem
3427 5287 3631 5360 partis,

1986 5376 2116 5431 quae
2146 5364 2477 5429 sequuntur
2506 5359 2650 5414 satis
2682 5359 2949 5431 probant.

2057 5430 2204 5501 (919)
2230 5426 2295 5484 ln
2329 5436 2524 5502 autog.
2560 5426 2745 5502 marg.
2779 5430 2870 5484 hic
2903 5430 3113 5499 legitur
3142 5444 3268 5500 cap.
3293 5426 3410 5485 XV.

2057 5502 2206 5574 (920)
2232 5506 2443 5574 Autog.
2476 5502 2874 5574 carceraribus.

2059 5573 2207 5645 (921)
2236 5571 2414 5646 Vulg:
2438 5588 2563 5631 eam
2592 5572 2773 5647 ﬁdem.

3280 5701 3357 5778 l7
