4014 6174
453 318 568 377 523

1467 310 1802 371 ATTONIS
1847 308 2429 369 VERCELLENSIS
2476 307 2827 369 EPISCOPI

3720 306 3834 364 524

526 442 802 515 Sequitur
835 460 847 498 :
880 444 1064 513 Itaque
1094 443 1184 498 lea:
1208 441 1527 513 pedagogus
1584 445 1767 496 noster
1804 443 1929 511 fuit.
1978 443 2092 494 Ρω-
2123 443 2177 507 Α
2206 445 2296 495 est
2325 441 2478 511 quod
2509 440 2678 495 nobis
2710 438 3106 495 necessarium
3138 439 3228 491 est
3259 434 3316 490 in
3349 433 3457 491 hac
3485 435 3624 503 vita,
3676 439 3835 508 quasi

454 533 688 602 dagogus
719 530 864 602 (922)
895 530 1159 586 Grecum
1192 532 1435 584 verbum
1466 534 1556 584 est
1585 530 1980 600 compositum
2031 545 2098 583 ex

455 619 708 686 duobus,
740 618 1008 674 videlicet
1045 635 1110 674 eo
1162 619 1316 690 quod
1361 633 1571 689 pueros
1594 622 1746 690 agat.
1782 617 2103 687 Restringit

455 724 710 780 namque
739 708 1132 764 lascivientem
1165 713 1486 774 etatem,ut
1516 722 1658 778 puer
1680 710 1751 762 ab
1776 706 1869 761 his
1889 723 1948 762 se
1971 706 2100 778 qui-

457 797 800 867 buscunque
821 795 1112 851 abstineat
1135 813 1261 868 que
1279 795 1649 867 cupit,donec
1679 795 1750 850 ad
1785 794 2095 866 perfectam

458 891 686 942 etatem
716 886 1030 957 perveniat.
1064 887 1428 958 Quapropter
1457 885 1603 940 bene
1649 885 1740 939 lex
1787 886 2099 957 paedagogo

460 974 839 1040 assimilatur,
872 974 1010 1045 quia
1039 974 1166 1029 ideo
1200 975 1337 1030 data
1367 979 1473 1038 est,
1508 979 1571 1027 ut
1602 973 1789 1028 malos
1819 974 2097 1045 restinge-

459 1062 938 1134 ret,lascivientes
969 1064 1242 1130 frenaret,
1273 1065 1456 1118 donec
1484 1063 1815 1118 veniremus
1847 1063 1917 1117 ad
1940 1063 2100 1118 Chri-

460 1159 641 1209 stum.
676 1156 744 1206 Et
772 1152 881 1207 hoc
912 1159 1000 1208 est
1030 1153 1184 1224 quod
1213 1153 1374 1218 dicit,
1409 1155 1466 1207 in
1498 1153 1730 1219 Christo,
1778 1152 1833 1207 id
1887 1158 1993 1224 est,
2027 1154 2098 1207 ad

457 1240 852 1306 Christum,ut
880 1257 946 1296 ex
979 1241 1091 1295 ﬁde
1121 1241 2102 1311 ejusjustiﬁearemur.Adveniente

459 1346 714 1400 namque
734 1329 987 1398 Christo,
1020 1331 1353 1385 recedentes
1385 1347 1417 1384 a
1447 1330 1780 1401 pedagogo,
1815 1330 1884 1383 ad
1927 1328 2100 1384 liber-

460 1422 641 1474 tatem
667 1417 1048 1473 transivimus
1079 1418 1294 1489 gratiae.
1326 1418 1392 1472 Et
1441 1417 1546 1472 hoc
1597 1424 1686 1472 est
1718 1418 1871 1489 quod
1906 1417 2099 1488 sequi-

459 1511 558 1560 tur
589 1523 601 1561 :
635 1508 701 1560 At
729 1507 825 1560 ubi
852 1507 999 1561 venit
1028 1507 1177 1576 ﬁdes,
1203 1512 1314 1561 etc.

531 1594 806 1666 Sequitur
837 1611 850 1651 :
884 1596 1078 1650 Omnes
1123 1596 1273 1651 enim
1320 1597 1448 1650 estis
1488 1595 1603 1664 ﬁlii
1633 1597 1746 1666 Dei,
1775 1599 1886 1650 etc.
1921 1596 1989 1650 Et
2018 1599 2107 1650 est

463 1698 674 1738 sensus
703 1699 716 1738 :
749 1683 793 1738 Ο
825 1682 1114 1750 Galate,si
1140 1685 1374 1754 nos,qui
1407 1684 1516 1739 sub
1549 1685 1858 1757 paedagogo
1883 1685 2105 1739 fuimus

463 1771 646 1826 donec
674 1772 971 1827 adveniret
1000 1772 1284 1836 Christus,
1320 1772 1417 1827 illo
1450 1773 1808 1843 adveniente,
1834 1774 2102 1828 receden-

459 1862 549 1915 tes
580 1877 614 1915 a
643 1861 1340 1933 pedagogo,credidimus
1368 1861 1426 1915 in
1461 1861 1771 1916 Dominum
1800 1862 2027 1927 Jesum,
2053 1867 2109 1916 et

458 1965 564 2020 per
594 1951 765 2004 ﬁdem
796 1951 924 2019 ejus
946 1951 1277 2019 justiﬁcati,
1327 1951 1427 2004 ﬁlii
1481 1951 1617 2006 facti
1662 1967 1891 2021 sumus,
1926 1967 2107 2022 quare

461 2055 586 2106 vos,
617 2038 716 2109 qui
749 2038 807 2092 in
840 2039 1120 2111 praeputio
1151 2039 1474 2109 credentes,
1509 2056 1712 2096 omnes
1742 2039 1846 2094 ﬁlii
1877 2040 1978 2095 Dei
2022 2041 2105 2095 fa-

464 2128 540 2183 cti
571 2127 731 2194 estis,
763 2129 872 2183 sub
906 2129 1220 2200 paedagogo
1251 2145 1378 2184 esse
1408 2129 1630 2184 vultis?

539 2216 687 2288 (923)
713 2217 992 2286 Sequitur
1024 2233 1037 2271 :
1075 2218 1390 2287 Quicunque
1419 2219 1567 2272 enim
1597 2220 1657 2272 in.
1690 2218 1901 2273 Christo
1930 2219 2106 2290 bapti-

465 2307 580 2361 πριιιὶ
611 2306 760 2375 estis,
793 2309 926 2372 etc.,
961 2305 1129 2375 quasi
1161 2305 1375 2362 diceret
1406 2323 1418 2359 :
1451 2306 1519 2360 Et
1550 2306 1598 2360 si
1629 2323 1750 2373 vos,
1793 2324 1824 2360 ο
1872 2307 2104 2376 Galate,

464 2411 570 2467 per
597 2394 844 2467 gratiam
876 2394 1062 2449 sancti
1092 2392 1430 2466 Spiritus,et
1475 2411 1690 2466 aquam
1734 2395 2107 2466 baptismatis

462 2485 651 2541 renati
685 2485 961 2540 Christum
989 2482 1270 2551 induistis,
1297 2500 1476 2556 quare
1519 2501 1552 2539 a
1596 2483 1863 2540 libertate
1908 2484 2106 2556 gratiae

459 2575 534 2630 ad
564 2573 712 2646 legis
741 2573 1079 2629 servitutem
1113 2572 1362 2628 transire
1395 2572 1609 2628 vultis?
1639 2573 1863 2639 Quibus
1913 2573 2104 2628 verbis

457 2662 718 2717 ostendit
744 2659 1058 2732 Apostolus
1081 2662 1235 2732 quod
1257 2659 1525 2716 Christus
1545 2661 1810 2716 omnium
1842 2661 2104 2716 ﬁdelium

460 2749 537 2805 sit
584 2750 1020 2815 indumentum,
1052 2754 1108 2805 et
1138 2766 1254 2804 non
1295 2749 1486 2804 solum
1516 2749 1630 2818 hic,
1665 2750 1765 2805 sed
1797 2750 1971 2805 etiam
2005 2750 2104 2805 ubi

459 2837 540 2893 ait
586 2855 599 2894 :
651 2837 961 2894 lnduimini
1015 2839 1312 2894 Dominum
1362 2841 1548 2894 Iesum
1600 2839 1872 2895 Christum
1930 2840 2102 2910 (Rom.

457 2927 718 2999 3111,14).
751 2926 892 2982 Vult
921 2927 1098 2983 etiam
1146 2927 1461 3000 Apostolus
1510 2927 1756 2984 latenter
1801 2929 2106 2984 ostendere

462 3015 602 3089 quia
633 3017 682 3072 si
723 3015 806 3070 illi
853 3017 953 3088 qui
997 3016 1366 3088 baptizantur
1407 3017 1703 3072 Christum
1753 3017 2102 3090 induuntur,

459 3103 545 3159 illi
577 3120 713 3178 ergo
745 3103 847 3177 qui
876 3121 988 3160 non
1016 3104 1390 3161 bantizantur
1438 3104 1735 3161 Christum
1777 3122 1890 3160 non
1939 3104 2104 3162 indui

459 3199 779 3251 merentur.

531 3285 718 3349 Quare
749 3282 851 3356 qui
881 3283 940 3339 in
971 3283 1198 3339 Christo
1251 3284 1624 3355 baptizantur
1671 3283 1965 3340 Christum
2014 3285 2102 3339 in-

459 3372 643 3428 duant
672 3371 878 3444 aperit,
910 3387 1044 3426 cum
1077 3372 1384 3443 subjungit
1414 3390 1426 3427 :
1460 3373 1576 3428 Non
1605 3377 1685 3428 est
1712 3373 1957 3444 Judseus,
2003 3388 2104 3428 ne-

459 3476 562 3530 que
593 3463 837 3516 Grecus.
861 3459 1129 3514 Ostendit
1157 3460 1312 3514 enim
1345 3461 1498 3530 quod
1535 3478 1647 3516 non
1683 3462 1874 3531 magis
1897 3461 2106 3516 habeat

458 3548 849 3603 circumcisus
880 3565 1058 3619 quam
1091 3546 1495 3620 preputiatus,
1530 3552 1761 3604 tantum
1807 3550 1857 3605 si
1909 3550 2105 3605 credat

459 3636 519 3690 in
550 3636 848 3691 Christum
880 3640 936 3691 et
965 3637 1310 3707 baptizatur.
1344 3635 1488 3690 Hinc
1519 3641 1608 3692 est
1637 3637 1793 3707 quod
1821 3636 1957 3692 alibi
1989 3637 2098 3692 ait:

456 3726 639 3798 Neque
665 3726 1032 3794 circumcisio,
1079 3741 1252 3796 neque
1292 3727 1634 3796 praeputium
1680 3725 1894 3796 aliquid
1940 3727 2100 3795 valet,

457 3819 566 3871 etc.
593 3815 639 3886 (Ι
667 3815 787 3870 Cor.
820 3831 923 3880 vn,
956 3815 1063 3882 19).

402 3968 415 3975 ,η
529 3904 808 3976 Sequitur
853 3904 1014 3958 :Non
1061 3905 1138 3958 est
1165 3918 1373 3973 servus,
1405 3919 1578 3974 neque
1628 3901 1808 3964 liber;
1839 3901 2106 3958 videlicet

458 3993 598 4067 quia
623 4009 739 4049 non
771 3993 1186 4048 discernuntur
1213 3991 1564 4060 conditione,
1598 3992 1699 4047 sed
1731 3991 1864 4046 ﬁdei
1898 3991 2104 4047 merito

459 4089 634 4155 atque
664 4081 1056 4137 ratione.Hinc
1072 4087 1160 4137 est
1181 4082 1334 4153 quod
1367 4097 1519 4152 saepe
1539 4081 1725 4154 magis
1756 4080 1977 4152 aliquid
2001 4081 2103 4137 ha-

458 4175 558 4228 bet
585 4187 789 4226 servus
819 4186 997 4240 quam
1029 4169 1323 4224 dominus.
1357 4169 1633 4240 Sequitur
1662 4187 1674 4224 :
1707 4173 1827 4226 Non
1857 4173 1933 4224 est
1978 4188 2102 4225 ma-

457 4258 668 4328 sculus,
699 4273 873 4328 neque
901 4256 1134 4329 femina.
1167 4257 1481 4312 Sciendum
1513 4259 1654 4328 quia
1696 4257 1998 4314 masculus
2047 4265 2101 4316 et

458 4347 679 4403 femina
709 4345 1122 4401 discernuntur
1151 4361 1288 4401 sexu
1322 4350 1495 4418 atque
1527 4345 1857 4418 fragilitate,
1876 4363 2104 4402 verum-

457 4440 655 4493 tamen
687 4451 801 4490 non
832 4434 1172 4488 dividuntur
1203 4434 1262 4488 in
1291 4434 1424 4499 ﬁde,
1457 4433 1595 4505 quia
1629 4435 1773 4490 ﬁdes
1803 4435 2100 4493 interioris

2208 533 2266 583 in
2298 528 2408 596 via,
2442 533 2497 584 et
2525 529 2680 583 aliud
2715 531 2804 583 est
2835 526 3006 582 nobis
3037 524 3456 590 necessarium,
3483 524 3554 578 ad
3577 525 3729 596 quod
3758 525 3837 581 vel

2210 634 2312 689 per
2341 619 2495 689 quod
2526 617 2829 672 veniamus
2863 616 2932 670 ad
2966 630 3232 686 regnum.
3261 614 3322 668 In
3345 613 3455 669 hac
3481 629 3711 684 quoque
3731 613 3840 670 vita

2210 707 2548 763 necessarie
2589 711 2730 760 sunt
2759 704 3157 772 discretiones,
3207 707 3263 757 et
3316 701 3530 757 idcirco
3579 702 3839 774 specialia

2209 797 2494 852 dederunt
2523 800 2826 868 precepta,
2862 810 2932 848 ne
2964 809 3174 848 nomen
3205 791 3555 859 Christi,aut
3583 791 3836 860 Cesaris,

2209 885 2471 939 doctrina
2500 883 3023 954 blasphemaretur.
3080 881 3225 935 Hinc
3262 884 3352 936 est
3381 881 3536 951 quod
3567 879 3838 936 Dominus

2209 975 2291 1028 ait
2335 975 2499 1028 Petro
2543 990 2554 1028 :
2601 973 2674 1027 Ne
2721 976 2906 1026 autem
2952 969 3394 1025 scandalizemus
3446 985 3552 1035 eos,
3601 968 3738 1024 vade
3778 969 3840 1023 ad

2212 1079 2380 1131 mare,
2430 1068 2540 1116 etc.
2593 1061 2796 1132 (Matth.
2837 1077 2976 1129 xvn,
3007 1060 3120 1128 26),
3153 1064 3210 1114 et
3238 1059 3375 1113 item
3413 1075 3425 1112 :
3461 1057 3686 1114 Reddite
3733 1073 3840 1130 quae

2209 1155 2335 1206 sunt
2386 1151 2616 1206 Cesaris
2661 1151 2880 1206 Caesari
2925 1147 3130 1218 (Matth.
3183 1164 3322 1216 XXII,
3377 1147 3476 1214 21;
3527 1148 3694 1202 Marc.
3755 1164 3840 1215 xu,

2214 1245 2306 1307 17;
2342 1242 2469 1294 Luc.
2500 1257 2594 1307 xx,
2627 1240 2748 1309 25);
2781 1242 2838 1292 et
2866 1242 3073 1293 Petrus
3104 1253 3117 1291 :
3151 1236 3383 1305 Subditi,
3427 1237 3644 1307 inquit,
3673 1245 3842 1303 estote,

2212 1335 2321 1383 etc.
2373 1329 2417 1398 (Ι
2458 1334 2605 1383 Petr.
2642 1346 2700 1396 ιι,
2739 1329 2855 1398 18);
2888 1331 2944 1381 et
2973 1326 3126 1380 idem
3177 1325 3394 1380 Paulus
3444 1343 3456 1380 :
3508 1324 3720 1394 Omnis,
3769 1325 3844 1380 in-

2213 1418 2359 1488 quit,
2391 1419 2578 1471 anima
2609 1415 2959 1487 potestatibus
2978 1414 3392 1469 sublimioribus
3410 1413 3625 1470 subdita
3639 1415 3737 1481 sit,
3751 1421 3844 1470 etc.

2213 1508 2386 1576 (Rom.
2421 1523 2544 1574 xm,
2577 1506 2654 1573 1.)
2683 1506 2870 1571 Quare
2918 1503 3080 1558 nulla
3127 1503 3206 1558 sit
3253 1503 3459 1558 divisio
3505 1503 3563 1558 in
3604 1502 3845 1573 Christo,

2214 1594 2489 1660 ostendit,
2541 1595 2682 1648 dum
2727 1593 3077 1664 subjungit:
3115 1591 3308 1647 Omnes
3355 1594 3503 1647 enim
3543 1608 3636 1648 vos
3685 1609 3847 1647 unum

2213 1685 2342 1738 estis
2373 1685 2432 1738 in
2461 1682 2716 1747 Christo;
2762 1682 2870 1737 hoc
2919 1685 3027 1750 est,
3077 1697 3263 1736 unum
3311 1697 3544 1753 corpus,
3577 1681 3843 1753 quoniam

2215 1777 2404 1827 mater
2431 1771 2688 1827 Ecclesia
2718 1787 2922 1827 omnes
2951 1771 3010 1825 in
3043 1787 3222 1826 unam
3257 1771 3410 1842 parit
3439 1771 3770 1826 infantiam.

2287 1861 2434 1931 (925)
2465 1861 2740 1932 Sequitur
2773 1879 2784 1915 :
2819 1860 2880 1915 Si
2900 1868 3089 1916 autem
3118 1875 3209 1914 vos
3240 1859 3462 1928 Christi,
3496 1865 3606 1915 etc.
3657 1861 3730 1914 Et
3771 1866 3846 1916 est

2215 1967 2427 2006 sensus
2461 1967 2473 2005 :
2504 1950 2562 2005 Si
2595 1966 2718 2018 vos,
2749 1966 2780 2004 ο
2811 1948 3046 2017 Galate,
3075 1948 3175 2018 qui
3208 1949 3265 2002 in
3297 1949 3579 2021 praeputio
3611 1951 3846 2005 credidi-

2217 2039 2343 2110 stis,
2372 2038 2642 2110 baptizati
2665 2039 2960 2094 Christum
2993 2037 3290 2105 induistis,
3311 2042 3368 2094 et
3398 2037 3504 2092 ﬁlii
3532 2039 3662 2109 ejus
3684 2040 3845 2095 estis:

2214 2144 2338 2198 ergo
2383 2129 2609 2183 Abrahae
2653 2143 2832 2183 semen
2884 2130 3048 2189 estis;
3097 2127 3235 2198 quia
3263 2132 3319 2182 et
3347 2127 3474 2198 ipse
3519 2145 3590 2184 ex
3616 2128 3845 2184 Abrahae

2216 2217 2460 2273 semine.
2483 2217 2826 2289 Quicunque
2856 2217 3011 2271 enim
3045 2221 3316 2288 suscepto
3340 2217 3689 2290 evangelice
3721 2235 3847 2290 pre-

2217 2306 2525 2362 dicationis
2555 2307 2779 2362 semine
2809 2307 2866 2360 in
2900 2305 3196 2361 Christum
3222 2307 3645 2372 credunt,dum
3674 2309 3848 2380 bapti-

2215 2396 2326 2450 zati
2358 2394 2652 2450 Christum
2685 2395 2958 2461 induunt,
2986 2395 3115 2465 ejus
3146 2395 3400 2467 profecto
3429 2401 3486 2450 et
3513 2396 3764 2452 Abrahe
3793 2396 3848 2450 ﬁ-

2215 2484 2298 2552 lii,
2333 2484 2441 2540 hoc
2471 2494 2578 2551 est,
2611 2501 2811 2540 semen
2842 2485 2914 2539 de
2943 2483 3168 2540 semine
3195 2484 3548 2540 efﬁciuntur.
3583 2485 3738 2541 Illud
3759 2503 3848 2542 au-

2215 2577 2332 2628 tem
2364 2573 2690 2642 sciendum,
2726 2573 2864 2644 quia
2892 2573 3161 2629 Christus
3180 2573 3410 2644 quoties
3441 2574 3619 2630 Filius
3643 2575 3849 2631 dicitur

2212 2662 2475 2728 Abrahae,
2508 2662 2822 2717 carnaliter
2848 2661 3264 2735 intelligendus
3293 2668 3409 2730 est;
3443 2664 3678 2735 quoties
3731 2682 3845 2721 vero

2214 2749 2449 2817 Galate,
2481 2750 2568 2805 vel
2600 2751 2787 2805 ceteri
2821 2750 3067 2822 gentiles
3096 2752 3399 2807 credentes
3446 2751 3551 2807 ﬁlii
3600 2754 3737 2823 ejus
3771 2754 3845 2809 di-

2214 2842 2448 2904 cuntur,
2482 2855 2598 2894 non
2630 2839 2960 2905 carnaliter,
2987 2840 3091 2894 sed
3123 2839 3466 2912 spiritaliter
3484 2839 3740 2914 intelligi
3767 2843 3848 2897 de-

2214 2927 2372 2982 bent.
2427 2925 2574 2983 Illud
2625 2929 2799 2984 etiam
2844 2930 3191 2997 notandum,
3229 2929 3366 3000 quia
3413 2931 3845 3002 promissiones,

2215 3031 2350 3070 cum
2380 3016 2450 3070 ad
2475 3014 2770 3071 Christum
2795 3017 2956 3072 facte
2979 3016 3273 3085 dicuntur,
3303 3017 3614 3088 pluraliter
3632 3036 3849 3091 ponun-

2214 3105 2342 3170 tur;
2377 3103 2532 3159 unde
2563 3120 2742 3175 supra
2774 3120 2786 3160 :
2820 3105 3050 3160 Abrahae
3079 3106 3236 3162 dicte
3263 3110 3413 3172 sunt,
3444 3111 3850 3174 etc.;cumau-

2136 3178 2178 3245 C
2217 3196 2337 3248 tem
2367 3193 2440 3248 ad
2473 3192 2696 3264 ﬁdeles,
2725 3193 3103 3266 singulariter
3131 3195 3444 3267 promissio
3495 3196 3757 3267 ponitur.
3794 3196 3855 3251 Et

2213 3280 2457 3352 pulchre
2487 3283 2724 3354 quidem
2756 3299 2790 3338 a
2823 3282 3032 3354 plurali
3067 3300 3309 3340 numero
3340 3285 3631 3348 transitur
3647 3287 3726 3342 ad
3747 3286 3853 3341 sin-

2212 3371 2497 3443 gularem,
2531 3371 2672 3444 quia
2717 3369 3147 3428 ecclesiasticus
3195 3371 3447 3445 papulus
3499 3388 3570 3428 ex
3618 3373 3852 3431 diversis

2212 3460 2509 3531 gentibus,
2542 3461 2779 3515 sexibus
2811 3465 2988 3533 atque
3017 3461 3285 3517 etalibus
3312 3461 3594 3518 collectus
3617 3467 3732 3519 est.

2283 3548 2429 3617 (926)
2462 3547 2621 3619 (Cap.
2668 3548 2786 3619 1V.)
2812 3548 3089 3620 Sequitur
3139 3567 3152 3605 :
3202 3551 3334 3607 Dico
3378 3554 3568 3606 autem
3599 3573 3620 3607 .-
3653 3557 3848 3623 quanto

2211 3639 2446 3706 tempore
2476 3635 2652 3692 haeres
2680 3637 2944 3708 parvulus
2970 3642 3070 3705 est,
3103 3642 3213 3694 etc.
3248 3643 3378 3694 Hec
3407 3639 3739 3696 similitudo
3761 3656 3848 3695 no-

2211 3723 2444 3781 tissima
2466 3741 2594 3780 esse
2615 3730 2840 3797 poterat
2860 3725 3216 3792 Galatis,nec
3237 3743 3349 3783 non
3373 3733 3432 3784 et
3451 3729 3852 3786 omnibus.Pa—

2210 3817 2300 3869 ter
2327 3813 2654 3885 enim,cum
2685 3814 2772 3869 vel
2803 3814 2863 3870 in
2895 3815 3280 3888 longinquam
3307 3817 3610 3890 regionem
3633 3817 3851 3891 proﬁci-

2214 3901 2581 3970 scitur,unde
2599 3900 2688 3955 vel
2711 3902 3184 3973 credendum,vel
3197 3909 3347 3960 certe
3361 3921 3477 3960 non
3508 3922 3641 3963 esse
3661 3909 3852 3962 ventu-

2213 3993 2476 4057 rum,aut
2495 3993 2808 4058 certe,cum
2831 4007 2990 4046 mors
3012 3991 3061 4046 ei
3085 3993 3443 4065 appropriat,
3461 3993 3654 4050 ﬁlium
3691 4009 3854 4051 suum

2210 4077 2506 4133 tutoribus
2523 4082 2701 4149 atque
2717 4078 3011 4135 actoribus
3029 4081 3423 4147 committit,et
3438 4086 3679 4156 tempus
3691 4083 3855 4140 etiam

2211 4165 2548 4232 constituit;
2583 4166 2972 4238 qui,quandiu
3002 4169 3113 4224 sub
3143 4171 3438 4226 tutoribus
3470 4173 3738 4243 est,nihil
3755 4172 3854 4241 dif-

2209 4256 2314 4325 fert
2342 4272 2379 4310 a
2404 4269 2575 4322 servo,
2606 4255 2746 4326 quia
2775 4255 2952 4311 simul
3002 4257 3402 4330 convivantur,
3453 4259 3640 4316 simul
3691 4260 3854 4316 etiam

2201 4344 2496 4414 jocantur,
2529 4348 2702 4416 atque
2724 4345 2834 4400 sub
2858 4362 2976 4401 una
3001 4346 3318 4419 disciplina
3345 4353 3778 4416 tenentur,cum
3795 4348 3860 4402 sit

2209 4433 2462 4489 dominus
2487 4435 2731 4488 omnium
2748 4435 3125 4505 (subauditur
3152 4437 3434 4509 futurus),
3449 4439 3645 4510 quoad
3679 4449 3857 4509 usque

456 4524 715 4581 hominis
745 4528 853 4594 est,
887 4527 942 4578 et
972 4522 1052 4578 ibi
1081 4526 1170 4578 est
1200 4523 1366 4588 ﬁdes,
1399 4522 1498 4578 ubi
1535 4522 1734 4578 nullus
1771 4529 1859 4580 est
1904 4543 2098 4582 sexus.
2131 4547 2177 4612 Ι)
2207 4521 2758 4594 veniat,preﬁnitum
2785 4527 2993 4595 tempus
3021 4541 3061 4581 α
3078 4533 3254 4596 patre.
3288 4529 3432 4581 Cum
3473 4530 3671 4582 autem
3715 4531 3860 4581 tem-

456 4613 602 4668 Hinc
632 4618 721 4668 est
748 4613 902 4685 quod
931 4629 1082 4684 sepe
1112 4613 1219 4666 viri
1250 4612 1566 4667 trahuntur
1595 4612 1665 4666 ad
1699 4613 1947 4669 salutem
2000 4632 2101 4686 per

457 4700 750 4768 mulieres,
783 4705 839 4755 et
867 4705 1103 4755 econtra
1154 4699 1428 4755 mulieres
1462 4717 1562 4772 per
1587 4700 1741 4756 viros
1775 4719 1788 4756 :
1825 4703 1978 4772 quod
2011 4703 2094 4759 la-

457 4787 575 4844 tius
605 4789 663 4842 in
697 4787 956 4859 Epistola
995 4789 1066 4842 ad
1097 4788 1428 4844 Corinthios
1457 4791 1624 4844 docet
1652 4790 1842 4860 (lbid.,
1880 4792 1985 4860 14).

528 4879 890 4950 Quapropter
918 4877 1097 4948 queri
1117 4882 1306 4949 potest
1352 4893 1533 4949 quare
1581 4880 1737 4933 dicat
1767 4881 1916 4951 (924)
1947 4882 2101 4952 quod

457 4983 646 5039 neque
673 4967 910 5022 Judeus
942 4982 1130 5038 neque
1161 4967 1392 5022 Grecus
1425 4968 1501 5023 sit
1530 4968 1750 5022 divisus
1774 4969 1831 5022 in
1851 4969 2099 5037 Christo,

457 5063 588 5127 etc.,
621 5072 756 5112 cum
788 5060 909 5110 tam
943 5055 1067 5126 ipse
1099 5071 1275 5126 quam
1308 5060 1362 5110 et
1391 5056 1583 5111 ceteri
1616 5057 1861 5128 apostoli
1883 5058 2102 5128 specia-

453 5145 533 5203 lia
565 5145 787 5202 monita
825 5143 1089 5199 dederint
1115 5144 1326 5200 Judeis
1381 5151 1437 5200 et
1484 5146 1780 5217 gentibus,
1822 5146 2002 5202 servis
2033 5163 2100 5202 ac

456 5235 732 5291 dominis.
769 5234 879 5290 Sed
910 5232 1019 5288 hoc
1051 5249 1164 5288 non
1195 5239 1283 5289 est
1313 5234 1697 5302 contrarium,
1752 5234 1891 5305 quia
1936 5233 2096 5290 aliud

524 5379 670 5450 (922)
703 5377 936 5434 Scilicet
958 5370 1309 5450 Παῖὂάγωγος
1369 5394 1403 5433 a
1431 5379 1548 5444 παῖ,
1584 5393 1748 5446 puer,
1772 5381 1828 5432 et
1851 5376 2092 5450 ἀγωγος,

452 5449 671 5599 du(199$)
701 5522 768 5599 _l_n
801 5522 998 5599 autog.
1033 5534 1216 5599 marg,
1248 5518 1342 5572 hic
1369 5517 1584 5599 legitur
1613 5533 1739 5599 cap.
1771 5518 1911 5574 XVI.

522 5589 670 5678 (924)
701 5592 908 5666 Verba,
942 5589 1343 5667 Quapropter...
1375 5589 1537 5660 dicat,
1572 5589 1626 5645 in
1678 5589 1796 5648 ima
1847 5607 1948 5648 ora
1996 5606 2093 5651 co-

2209 4627 2320 4682 pus
2352 4612 2735 4667 constitutum
2755 4613 2825 4667 ad
2837 4613 3007 4680 venit,
3030 4612 3157 4685 ipse
3177 4614 3386 4669 trabsit
3409 4615 3481 4670 ad
3507 4614 3860 4680 libertatem,

2207 4705 2479 4755 manente
2508 4717 2671 4756 servo
2702 4700 2760 4755 in
2793 4701 3255 4759 servitute.Hanc
3280 4706 3496 4759 etenim
3519 4702 3859 4759 similitudi-

2214 4805 2346 4843 nem
2375 4789 2499 4860 ipse
2529 4789 2766 4862 exponit
2794 4791 3134 4863 Apostolus,
3169 4809 3304 4848 cum
3336 4793 3478 4848 dicit
3511 4811 3524 4849 :
3558 4793 3639 4849 Ita
3672 4803 3725 4849 et
3745 4807 3859 4860 nos,

2211 4893 2338 4932 cum
2367 4893 2601 4934 essemus
2626 4881 2870 4951 parvuli,
2906 4897 3081 4936 sensu
3126 4881 3394 4937 videlicet
3439 4886 3497 4938 et
3541 4881 3862 4943 intellectu,

2211 4967 2357 5039 (927)
2385 4969 2483 5023 sub
2513 4967 2792 5024 elementis
2825 4970 3025 5025 mundi
3061 4987 3297 5026 eramus.
3331 4970 3636 5026 Elementa
3663 4977 3860 5026 autem

2210 5056 2474 5111 nonnulli
2508 5057 2945 5129 prophetas,alii
2979 5059 3384 5132 angelos,quia
3405 5055 3757 5132 angelorum
3780 5057 3861 5114 of-

2209 5145 2338 5200 ﬁcio
2352 5145 2616 5202 homines
2643 5163 2779 5219 regu
2791 5152 2944 5217 ntur;
2961 5150 3114 5204 unde
3137 5149 3653 5221 DominuszAngeli
3667 5163 3864 5204 eorum

2205 5251 2423 5306 semper
2452 5235 2632 5291 vident
2653 5239 2852 5306 faciem
2883 5238 3064 5293 Patris
3097 5241 3226 5294 mei.
3252 5243 3363 5295 etc.
3417 5238 3646 5311 (Matth.
3699 5252 3864 5302 xvui,

2207 5377 2354 5432 dicis
2386 5377 2682 5435 leguntur.

2277 5450 2424 5526 (ῼὲξ)
2457 5450 2519 5526 ln
2550 5457 2747 5524 autog.
2782 5468 2968 5524 marg.
3000 5453 3096 5526 hic
3126 5452 3339 5526 legitur
3367 5469 3498 5526 cap.
3531 5452 3706 5526 gem,

2455 5523 2517 5600 ln
2551 5521 2746 5600 autog.
2782 5521 2967 5597 marg.
2988 5524 3095 5600 hic
3115 5521 3338 5600 legitur
3367 5521 3498 5598 cap.
3520 5523 3738 5600 _XXIII.

2295 5531 2422 5667 ἓξὲξ
2453 5531 2517 5650 i3
2549 5531 2746 5669 ἓὲἒὲἓ
2774 5540 2967 5672 ἔὲἓιῗέ
2988 5531 3095 5655 ἒίίὲ
3114 5531 3338 5673 ι¹ἓὲἶέιέι¹ἔ
3357 5541 3473 5680 Eii
3483 5569 3498 5581 '
3517 5531 3652 5655 in?
