4014 6172
180 319 281 378 525

765 312 1181 375 EXPOSITIO
1226 312 1303 374 IN
1351 315 1774 378 EPISTOLAS
1821 314 2082 378 PAULI.
2117 353 2193 363 -—
2223 321 2297 380 IN
2344 322 2588 384 EPIST.
2639 326 2742 384 AD
2790 325 2962 386 GAL.

3440 325 3570 389 526

178 450 277 520 10),
301 447 381 503 alii
410 445 681 503 litteram
716 445 1452 518 Iegis,nonnulliejusdem
1477 449 1810 521 intelligunt
1839 453 1893 514 Α
1922 449 2053 505 nias
2085 452 2232 525 legis
2266 456 2581 513 nonnullos
2612 457 2932 530 intelligere
2962 461 3241 527 diximus,
3275 461 3433 532 quia,
3464 462 3571 517 sic-

178 536 541 603 caeremonias,
577 535 695 591 hoc
729 540 839 605 est,
876 535 1410 606 circumcisionem,
1444 544 1500 593 et
1540 539 1809 594 sabbato-

177 644 293 683 rum
319 624 666 689 custodiam,
705 628 817 679 etc.
854 624 965 680 Sed
1024 624 1279 680 litteram
1338 626 1481 697 legis
1523 627 1810 700 intelliga-

175 733 293 771 mus
317 712 777 785 elementa,quia
810 716 868 766 et
913 711 1131 767 litterae
1179 712 1466 771 elementa
1509 715 1807 771 dicuntur.

173 805 334 869 Quaeri
356 807 535 875 potest
557 818 748 873 quare
771 800 931 856 dicat
959 802 1181 867 mundi,
1229 802 1433 859 Mundi
1475 805 1636 872 dicit,
1672 804 1812 876 quia

172 895 308 950 ﬁunt
331 894 380 948 in
408 892 652 947 mundo.
678 891 827 946 Nam
864 892 1129 946 mundus
1170 908 1323 964 smpe
1362 894 1511 950 solet
1541 894 1674 966 poni
1708 909 1810 965 pro

178 983 263 1038 his
290 1000 395 1053 quis
424 980 572 1035 fiunt
603 979 669 1034 in
706 980 972 1046 mundo;
1010 980 1169 1034 unde
1200 985 1288 1034 est
1319 981 1463 1037 illud
1494 1000 1506 1037 :
1541 984 1658 1038 Non
1687 982 1814 1037 veni

171 1075 225 1125 ut
242 1070 452 1141 judicem
487 1074 774 1123 mundum
808 1070 991 1139 (Joan.
1027 1086 1131 1136 xu,
1165 1070 1253 1139 47)
1282 1087 1294 1137 ;
1344 1076 1401 1125 et
1443 1072 1584 1127 item
1613 1089 1624 1127 :
1658 1072 1810 1126 Mun—

170 1161 263 1215 dus
290 1176 397 1215 eum
422 1174 531 1213 non
560 1158 819 1225 cognovit
848 1158 1035 1225 (Joan.
1072 1176 1113 1223 1,
1142 1158 1253 1226 10).

227 1250 287 1302 At
311 1249 396 1303 ubi
422 1248 569 1301 venit
584 1246 884 1317 plenitudo
898 1244 1638 1317 temporis.Plenitudinem
1662 1254 1807 1303 tem-

173 1337 316 1410 poris
344 1335 634 1408 praeﬁxum
667 1339 905 1406 tempus
940 1351 976 1389 a
1006 1334 1178 1389 Patre
1207 1339 1525 1406 vocat,quo
1557 1338 1811 1408 praedes-

172 1427 425 1481 tinaverat
454 1422 668 1478 Filium
702 1439 875 1478 suum
909 1438 1018 1493 pro
1050 1423 1246 1479 salute
1270 1425 1505 1493 generis
1563 1425 1809 1481 humani

172 1515 237 1570 de
268 1513 409 1569 caelis
438 1512 673 1567 mittere
706 1512 779 1566 ad
811 1516 1022 1566 terras.

238 1603 369 1675 (928)
396 1601 703 1670 Sequitur:
738 1601 887 1656 Misit
945 1602 1089 1656 Deus
1138 1602 1351 1658 Filium
1379 1618 1578 1657 suum.
1611 1603 1812 1659 Missio

172 1692 280 1746 ista
303 1688 606 1745 incarnatio
630 1693 722 1745 est
744 1687 1129 1761 intelligenda
1154 1707 1167 1744 :
1196 1707 1331 1746 nam
1357 1708 1488 1762 quas
1511 1691 1596 1746 sit
1627 1691 1812 1747 mani-

172 1780 348 1845 festat,
365 1794 490 1834 cum
521 1778 638 1833 ait:
672 1780 904 1833 Factum
933 1794 1004 1833 ex
1052 1781 1308 1836 muliere.
1356 1782 1598 1835 Factum
1652 1780 1812 1847 dicit,

172 1873 393 1941 propter
410 1866 596 1922 carnis
620 1872 832 1923 nostris
856 1866 1334 1938 fragilitatem.Et
1354 1873 1501 1923 nota
1525 1868 1669 1940 quia
1695 1886 1810 1924 non

174 1957 303 2011 dicit
329 1972 426 2027 per
446 1955 1015 2028 mulierem,pr0pter
1036 1957 1343 2012 haereticos
1380 1958 1558 2028 (929),
1611 1958 1712 2014 sed
1743 1974 1814 2013 ex

172 2045 407 2109 muliere,
431 2045 535 2099 hoc
555 2049 665 2106 est.
690 2060 759 2099 ex
789 2046 1129 2101 substantia
1154 2052 1210 2101 et
1259 2046 1489 2102 semine
1522 2047 1810 2103 mulieris.

172 2133 454 2189 Mulierem
469 2149 666 2189 sexum
683 2134 917 2205 quidem
932 2134 1198 2205 intellige
1218 2151 1333 2189 non
1347 2136 1811 2206 corruptionem.

173 2222 446 2277 Hebraicae
476 2238 707 2294 quoque
739 2223 948 2295 linguae
975 2223 1310 2295 proprietas
1362 2227 1455 2278 est
1502 2222 1812 2278 mulierem

174 2328 364 2366 vocare
386 2316 619 2383 propter
640 2326 817 2367 sexus
840 2311 1284 2381 discretionem,
1319 2311 1473 2366 sicut
1512 2313 1648 2382 Eva,
1682 2328 1815 2367 mox

175 2404 235 2454 ut
262 2403 347 2455 est
375 2404 579 2466 creata,
616 2398 831 2455 mulier
859 2404 948 2455 est
976 2404 1186 2455 vocata
1216 2400 1369 2470 (Gen.
1404 2416 1468 2465 ιι,
1492 2401 1605 2471 22).

238 2486 538 2559 Sequitur:
572 2488 799 2543 Factum
828 2489 931 2543 sub
963 2490 1099 2560 lege.
1134 2487 1255 2543 Sub
1310 2487 1435 2559 lege
1476 2488 1666 2544 factus
1705 2494 1814 2558 est,

174 2576 303 2649 quia
334 2576 719 2631 circumcisus
749 2581 807 2632 et
834 2575 1045 2650 legalia
1067 2592 1314 2631 munera
1332 2592 1433 2648 pro
1456 2593 1520 2631 eo
1540 2575 1820 2647 oblata,et

171 2671 402 2720 caeteras
440 2662 655 2736 legales
706 2666 1087 2721 cmremonias
1133 2665 1417 2719 servavit:
1475 2665 1819 2737 parentibus

170 2753 339 2809 etiam
375 2769 565 2819 usque
595 2754 667 2808 ad
692 2754 1061 2809 tricesimum
1076 2754 1263 2809 aetatis
1290 2770 1408 2809 suae
1430 2770 1651 2809 annum
1674 2755 1820 2809 sub-

167 2843 317 2897 ditus
340 2840 735 2913 legitur(Luc.
760 2859 823 2912 11,
846 2843 959 2913 51).
985 2843 1093 2897 Sed
1146 2842 1265 2897 haec
1314 2843 1533 2907 omnia,
1567 2842 1819 2897 maxime

167 2931 422 2986 instante
447 2934 706 3002 tempore
733 2948 853 2986 suae
876 2930 1189 3002 passionis,
1213 2930 1352 3001 quia
1367 2931 1555 3001 gratia
1567 2935 1690 2985 erat
1702 2947 1820 2985 ma-

170 3019 523 3086 nifestanda,
547 3018 1055 3082 destruxit.Quare
1080 3019 1189 3074 sub
1214 3017 1341 3089 lege
1372 3018 1562 3074 factus
1601 3019 1698 3085 sit,
1733 3036 1822 3075 os-

162 3109 385 3163 tendit:
413 3110 480 3164 Ut
509 3124 615 3175 eos,
648 3110 747 3179 qui
776 3110 877 3163 sub
910 3111 1026 3177 lege
1083 3115 1263 3175 erant,
1306 3108 1616 3162 redimeret.
1674 3108 1820 3171 Quid

1921 542 1986 593 ut
2014 540 2077 595 in
2111 541 2274 597 cultu
2307 543 2598 600 idolorum
2649 547 2899 603 servitus
2960 554 3103 620 erat,
3136 549 3218 605 sic
3277 553 3335 604 et
3364 548 3421 603 in
3455 549 3571 605 ritu

1920 626 2204 701 legalium
2238 634 2735 691 ceremoniarum.

1993 718 2053 772 Si
2086 724 2283 775 autem
2316 721 2437 776 haec
2467 721 2972 791 similitudo,sicut
2987 730 3044 782 et
3073 726 3356 798 superior,
3372 727 3442 781 ad
3464 727 3569 781 Ju-

1919 805 2079 862 daaos
2110 809 2417 877 referatur,
2451 810 2704 866 maxime
2733 813 2871 883 quia
2904 814 2975 869 de
3012 814 3458 870 circumcisione
3486 812 3571 869 lo-

1921 896 2234 965 quebatur,
2268 914 2339 952 ne
2370 899 2516 953 forte
2544 899 2881 956 viderentur
2910 902 3157 973 gentiles
3184 903 3399 958 exclusi
3411 902 3570 970 ,sub-

1920 983 1937 1053 j
1949 985 2155 1041 unxit:
2192 986 2460 1053 Quoniam
2489 991 2673 1042 autem
2702 991 2829 1045 estis
2859 1006 3040 1047 omnes
3057 992 3202 1062 (931)
3232 992 3343 1061 ﬁlii
3360 1008 3381 1051 ,·
3402 990 3572 1062 quasi

1921 1071 2162 1127 diceret:
2191 1073 2356 1129 Sicut
2378 1091 2543 1142 nos,o
2558 1075 2900 1148 Galatae,qui
2923 1079 3032 1133 sub
3046 1078 3348 1133 elementis
3367 1076 3571 1132 mundi

1920 1178 2163 1217 eramus
2194 1164 2536 1234 servientes,
2567 1165 2706 1235 quia
2736 1168 3089 1222 recessimus
3120 1168 3191 1222 ab
3223 1167 3329 1232 eis,
3360 1170 3418 1221 et
3457 1182 3575 1220 cre-

1920 1251 2117 1306 dendo
2150 1252 2288 1306 facti
2322 1269 2530 1307 sumus
2560 1252 2665 1306 filii
2700 1252 2795 1307 Dei
2822 1272 2834 1319 ;
2869 1254 2952 1309 sio
2982 1258 3039 1310 et
3065 1272 3167 1310 vos
3198 1254 3256 1309 in
3289 1253 3572 1325 prmputio

1921 1340 2252 1407 credentes,
2279 1356 2483 1395 omnes
2518 1340 2621 1394 ﬁlii
2655 1341 2755 1396 Dei
2787 1342 2972 1398 ell'ecti
2994 1344 3155 1398 estis.
3189 1345 3376 1408 Quare
3435 1357 3572 1413 ergo

1920 1428 1992 1481 ad
2028 1427 2174 1499 legis
2210 1427 2547 1483 servitutem
2578 1430 2830 1485 transire
2856 1430 3031 1486 vultis
3051 1431 3078 1485 ‘I

1995 1515 2256 1578 Qualiter
2288 1517 2420 1571 facti
2456 1517 2672 1572 fuerint
2704 1517 2807 1572 filii
2840 1519 3116 1584 ostendit,
3147 1535 3280 1574 cum
3322 1518 3572 1589 subjun-

1923 1603 2044 1676 git:
2082 1603 2231 1659 Misit
2262 1604 2536 1676 Spiritum
2594 1606 2725 1661 Filii
2768 1610 2879 1672 sui,
2912 1611 3021 1663 etc.
3073 1608 3224 1662 Sane
3270 1606 3575 1662 sciendum

1923 1693 2063 1763 quia
2094 1695 2454 1749 consuetudo
2486 1698 2610 1749 erat
2640 1694 2698 1748 in
2731 1694 3052 1765 primordio
3074 1694 3343 1751 Ecclesiae
3365 1698 3431 1750 ut
3450 1710 3574 1750 cre-

1926 1781 2200 1837 dentibus
2244 1782 2727 1838 manifestissime
2772 1783 3011 1838 daretur
3058 1784 3291 1854 aliquod
3326 1781 3576 1853 speciale

1926 1871 2147 1925 donum
2182 1870 2369 1924 sancti
2392 1870 2668 1942 Spiritus.
2692 1870 2810 1926 Hoc
2832 1872 2985 1926 dono
3006 1876 3063 1927 et
3083 1872 3274 1943 gratia
3307 1885 3573 1941 compes-

1925 1959 2047 2014 cuit
2076 1958 2286 2013 beatus
2318 1958 2521 2013 Petrus
2550 1958 2758 2013 fratres
2815 1964 3256 2014 murmurantes
3287 1974 3468 2030 quare
3498 1958 3571 2012 ad

1923 2046 2114 2103 virum
2163 2045 2511 2116 praeputium
2569 2046 2881 2101 habentem
2949 2046 3271 2102 introierit:
3321 2048 3449 2117 Ego,
3482 2048 3572 2101 in-

1927 2135 2073 2207 quit,
2092 2135 2213 2204 quis
2244 2150 2415 2205 eram,
2449 2135 2545 2206 qui
2569 2150 2779 2205 possem
2806 2136 3094 2206 prohibere
3122 2136 3291 2190 Deum
3320 2135 3456 2206 (Act.
3488 2152 3569 2207 χι,

1929 2224 2039 2293 17),
2074 2226 2138 2276 ut
2168 2238 2280 2276 non
2314 2222 2753 2292 baptizarentur
2780 2222 2840 2277 hi
2872 2225 2974 2294 qui
2996 2223 3279 2295 Spiritum
3302 2227 3572 2278 sanctum

1932 2309 2314 2382 acceperant?
2344 2310 2438 2365 His
2467 2310 2692 2375 auditis,
2714 2316 3020 2377 tacuerunt,
3043 2316 3152 2367 etc.
3172 2312 3219 2383 (1
3229 2311 3342 2367 bid.
3368 2311 3573 2383 18).Fi-

1931 2400 1999 2455 lii
2029 2398 2298 2470 Spiritum
2334 2398 2474 2453 dicit
2516 2399 2797 2454 adversus
2846 2398 3168 2470 haereticos,
3201 2406 3267 2455 ut
3306 2400 3577 2456 ostendat

1931 2488 2071 2559 quia
2102 2487 2257 2542 sicut
2287 2503 2320 2542 a
2353 2488 2517 2543 Patre
2549 2487 2829 2559 procedit,
2861 2488 2945 2543 sic
2976 2490 3152 2545 etiam
3185 2506 3219 2544 θ.
3248 2487 3418 2544 Filio.
3451 2488 3576 2543 Cla-

1930 2580 2175 2631 mantem
2204 2574 2312 2630 dici
2324 2575 2429 2645 t,id
2454 2581 2543 2631 est
2565 2575 2816 2631 clamare
2839 2577 3168 2633 facientem.
3202 2577 3351 2632 Abba
3381 2592 3577 2633 sermo

1932 2664 2207 2720 Hebraeus
2233 2667 2342 2729 est,
2372 2669 2545 2736 atque
2575 2665 2791 2734 Syrus;
2826 2670 2991 2737 pater
3039 2682 3172 2723 vero
3210 2665 3447 2722 Graecus
3492 2669 3580 2721 at-

1933 2769 2045 2823 que
2078 2751 2342 2808 Latinus.
2376 2752 2629 2823 Ideoque
2659 2757 2977 2824 utrumque
3009 2753 3208 2826 posuit
3236 2752 3579 2825 Apostolus,

1933 2840 2071 2912 quia
2099 2840 2448 2911 praevidebat
2478 2856 2682 2896 omnes
2712 2846 2916 2911 gentes
2946 2843 3297 2909 crediturae,
3332 2847 3396 2896 ut
3434 2858 3580 2896 una-

1934 2943 2179 2999 quaeque
2203 2926 2612 2997 proprietatem
2627 2928 2839 3000 lingua:
2853 2934 3277 3000 agnosceret,et
3295 2930 3352 2983 in
3376 2930 3579 2985 eadem

1933 3017 2117 3072 Deum
2150 3016 2433 3071 laudaret.

2004 3105 2313 3175 Sequitur:
2348 3106 2534 3175 Itaque
2578 3106 2701 3175 jam
2728 3122 2837 3161 non
2861 3115 2943 3160 est
2998 3121 3207 3174 servus,
3235 3104 3328 3158 sed
3381 3105 3579 3159 Filius.

164 3196 407 3261 mirum,
442 3197 490 3252 si
525 3198 714 3252 factus
748 3202 839 3252 est
892 3197 1001 3251 sub
1060 3195 1205 3268 lege,
1239 3200 1304 3249 ut
1360 3196 1672 3251 redimeret
1718 3197 1819 3266 qui
1852 3182 1895 3248 C
1934 3192 2109 3256 Quasi
2142 3192 2399 3248 diceret:
2431 3192 2475 3247 0
2504 3193 2739 3260 Galatae,
2785 3193 2926 3264 quia
2971 3191 3255 3263 Spiritum
3310 3196 3581 3246 sanctum

164 3286 273 3341 sub
304 3285 436 3356 lege
468 3291 650 3351 erant,
686 3303 824 3340 cum
879 3286 1072 3340 factus
1121 3286 1199 3341 sit
1238 3284 1527 3351 mortalis,
1560 3290 1624 3339 ut
1654 3301 1760 3340 nos
1791 3303 1825 3341 a

167 3379 363 3431 morte
395 3373 721 3431 liberaret?

237 3462 525 3535 Sequitur
550 3479 561 3516 :
592 3465 652 3520 Ut
670 3463 1029 3535 adoptionem
1050 3463 1299 3531 ﬁliorum
1320 3465 1696 3533 reciperemus.
1722 3462 1826 3518 His

172 3552 373 3608 verbis
397 3557 654 3607 nostram
687 3552 1034 3624 dignitatem
1066 3552 1138 3606 ab
1171 3550 1329 3606 illius
1351 3551 1828 3624 distinguit,quia

169 3640 271 3696 ille
289 3640 479 3696 Filius
502 3641 774 3713 proprius
797 3640 1173 3711 quidem,nos
1196 3645 1391 3695 autem
1410 3640 1661 3712 adoptivi
1691 3659 1703 3707 ;
1730 3640 1829 3696 ille

171 3735 411 3797 natura,
438 3746 547 3785 nos
568 3728 776 3801 gratia.
802 3730 869 3784 Et
892 3734 1030 3785 nota
1051 3728 1191 3799 quia
1220 3745 1334 3783 non
1367 3729 1509 3785 dicit
1540 3730 1825 3801 accipere-

172 3818 441 3887 mus,sed
464 3818 853 3889 reciperemus.
879 3817 1109 3889 Accipit
1136 3816 1291 3872 enim
1324 3817 1498 3872 homo
1528 3817 1679 3886 quod
1712 3834 1826 3873 non

169 3906 367 3977 habet,
397 3907 606 3977 recipit
638 3908 793 3979 quod
826 3906 1046 3963 amisit.
1076 3906 1226 3978 Ergo
1266 3908 1633 3977 reciperemus
1663 3905 1826 3975 dicit,

172 3995 336 4051 illam
370 3994 599 4051 scilicet
632 3996 981 4068 dignitatem
1004 4011 1182 4065 quam
1206 3995 1265 4048 in
1290 3995 1475 4050 Adam
1498 3994 1825 4049 amisimus.

171 4085 225 4139 Si
258 4089 466 4141 autem
500 4084 621 4139 haec
653 4083 978 4140 similitudo
1010 4084 1296 4138 referatur
1324 4083 1393 4138 ad
1443 4084 1708 4156 gentiles,
1740 4086 1829 4137 est

171 4173 317 4230 alter
350 4174 571 4229 exitus.
604 4172 781 4230 Paulo
815 4172 1088 4244 superius
1118 4171 1303 4243 legem
1346 4170 1692 4228 assimilavit
1716 4188 1829 4243 pm-

171 4262 653 4336 dagogo,deinde
677 4265 904 4317 tutores
935 4264 992 4315 et
1022 4264 1247 4315 actores
1272 4261 1473 4316 mundi
1504 4259 1827 4316 elementis.

164 4352 284 4409 Iste
296 4368 446 4424 ergo
462 4352 656 4407 minor
667 4347 1703 4421 populus,idestecclesiasticus,quia
1716 4364 1830 4403 non

165 4458 235 4497 ex
263 4441 527 4507 uno.sed
558 4458 626 4497 ex
655 4440 908 4505 duobus,
963 4437 1242 4495 collectus
1284 4444 1372 4495 est
1401 4438 1669 4510 populus,
1703 4438 1833 4495 ideo

164 4535 422 4602 propter
437 4530 673 4586 Judaaos
686 4528 874 4601 legem
899 4528 1473 4600 pmdagogo,propter
1484 4526 1728 4600 gentiles
1741 4533 1832 4584 tu-
1865 4547 1912 4611 D

162 4626 329 4675 tores
352 4617 713 4675 assimilavit
728 4616 1199 4688 elementis,quia
1227 4616 1531 4673 elementis
1557 4617 1837 4673 deservie-

1936 3280 2270 3352 accepistis,
2302 3285 2357 3335 et
2387 3280 2492 3335 filii
2522 3282 2623 3337 Dei
2654 3280 2839 3338 effecti
2871 3280 3035 3348 estis,
3065 3295 3245 3351 quare
3274 3296 3308 3335 a
3349 3278 3584 3336 liberta-

1932 3375 1988 3425 te
2022 3370 2093 3424 ad
2127 3369 2472 3425 servitutem
2504 3371 2758 3427 transire
2807 3369 2987 3425 vultis
3008 3368 3036 3423 ‘?
3065 3368 3173 3431 Qui
3204 3366 3475 3437 etiam,si
3515 3369 3581 3423 fi-

1933 3459 1998 3513 lii
2029 3459 2171 3515 estis
2202 3462 2259 3513 et
2290 3458 2572 3528 haeredes,
2607 3462 2751 3531 quia
2781 3458 2917 3513 ﬁliis
2973 3458 3217 3513 debetur
3252 3456 3581 3514 haereditas.

1936 3548 2047 3604 Sed
2081 3551 2146 3603 ut
2176 3546 2375 3602 omnia
2421 3546 2760 3606 excluderet
2815 3545 3148 3619 Apostolus,
3181 3552 3422 3619 excepta
3449 3563 3583 3620 gra-

1936 3638 2035 3706 tia,
2070 3636 2301 3692 addidit
2325 3652 2429 3706 per
2459 3642 2638 3693 Deum
2662 3657 2685 3702 ;
2720 3637 2887 3710 quasi
2921 3636 3172 3691 diceret:
3204 3635 3329 3692 Non
3374 3637 3584 3693 vestris

1936 3726 2183 3791 meritis,
2219 3740 2408 3794 neque
2438 3730 2629 3781 vestro
2695 3730 2930 3791 conatu,
2981 3741 3167 3795 neque
3214 3742 3315 3797 per
3371 3725 3579 3797 legem,

1936 3814 2036 3869 sed
2068 3829 2171 3883 per
2198 3813 2447 3883 gratiam
2481 3814 2599 3869 Dei.

2007 3900 2111 3954 Sed
2141 3904 2271 3954 tunc
2301 3902 2543 3970 quidem,
2577 3908 2694 3959 etc.
2757 3902 2930 3966 Quasi
2987 3903 3237 3959 diceret:
3297 3908 3436 3958 Cum
3478 3920 3580 3959 vos

1936 3990 2274 4062 ignorantes
2307 3989 2489 4045 Deum
2519 3991 2930 4058 essetis,idolis
2951 3991 3307 4060 serviebatis,
3331 3997 3387 4047 et
3406 3991 3579 4046 idcir-

1937 4095 2003 4135 co
2036 4081 2175 4132 tunc
2206 4077 2374 4133 facile
2404 4077 2836 4149 indulgentiam
2876 4080 3385 4151 promerebamini.
3418 4083 3582 4135 Atro-

1937 4169 2065 4224 cius
2094 4166 2175 4220 illi
2210 4166 2547 4239 punientur,
2580 4168 2682 4238 qui
2714 4168 2965 4224 scienter
2994 4174 3448 4241 peccant,quam
3480 4169 3582 4240 qui

1940 4257 2296 4330 ignoranier.
2332 4257 2402 4310 Et
2430 4255 2542 4311 tale
2600 4260 2689 4311 est
2745 4257 2853 4312 hoc
2884 4257 3055 4328 quale
3087 4262 3143 4314 et
3173 4257 3318 4313 illud
3347 4258 3583 4315 Abime-

1939 4345 2066 4400 lech
2099 4344 2439 4415 accipientis
2470 4345 2676 4399 Saram
2710 4361 2946 4401 uxorem
2971 4346 3233 4415 Abrahae,
3258 4345 3428 4416 cujus
3459 4344 3582 4400 vul-

1940 4450 2072 4489 vam
2104 4433 2318 4488 domus
2348 4449 2484 4489 eum
2517 4434 2905 4502 percussisset
2934 4435 3358 4506 Deus(932),ait
3381 4452 3393 4490 :
3417 4436 3582 4504 Num,

1943 4523 2188 4588 Domine,
2221 4526 2436 4591 gentem
2482 4522 2693 4592 justam
2745 4527 2799 4575 et
2858 4525 3206 4592 ignorantem
3244 4523 3586 4593 interﬁcies?

1946 4612 2098 4683 (Gen.
2132 4628 2224 4679 xx,
2258 4611 2336 4678 4.)
2367 4608 2544 4676 Quasi
2573 4609 2826 4664 diceret:
2855 4610 2911 4663 Si
2966 4611 3303 4682 ignoranter
3331 4610 3586 4683 peccavi,

166 4715 329 4775 rant,
372 4708 433 4764 id
470 4712 582 4777 est,
615 4706 723 4762 soli
754 4711 812 4762 et
841 4707 1016 4772 lunae,
1049 4710 1105 4761 et
1134 4707 1374 4762 caeteris.
1398 4706 1616 4762 Verum
1636 4707 1686 4761 si
1713 4706 1835 4762 hmc
1946 4717 2074 4771 quae
2100 4698 2331 4769 justitia
2362 4706 2470 4767 est,
2503 4702 2567 4752 ut
2594 4697 3023 4769 indulgentiam
3057 4716 3170 4755 non
3210 4699 3587 4772 promerear?

160 4799 232 4853 ad
267 4797 541 4872 gentiles
574 4796 878 4866 referatur,
913 4813 1029 4851 non
1064 4796 1236 4851 debet
1268 4795 1447 4851 videri
1480 4796 1833 4850 contrarium
1947 4790 2108 4855 Quod
2142 4806 2258 4845 non
2292 4787 2485 4844 solum
2517 4787 2587 4841 de
2617 4786 2746 4855 hac,
2778 4787 2850 4842 de
2882 4804 3234 4861 unaquaque
3265 4805 3324 4844 re
3373 4787 3586 4844 intelli-

164 4889 332 4958 quod
371 4886 545 4952 dicit,
580 4886 662 4941 ita
691 4887 742 4939 et
768 4900 885 4951 nos,
920 4884 1056 4956 quia
1087 4884 1210 4956 ipse
1241 4885 1443 4939 doctor
1471 4889 1528 4939 et
1557 4884 1839 4957 magister
1942 4878 2201 4949 gendum
2231 4883 2339 4933 est.

166 4992 351 5031 suam
389 4990 709 5048 personam
742 4973 1011 5045 personis
1040 4972 1276 5028 sociavit
1333 4973 1693 5028 auditorum.
1726 4973 1837 5028 Nec
2018 4966 2299 5039 Quomodo
2329 4965 2722 5022 convertimini
2748 4966 2974 5033 iterum,
3007 4972 3118 5023 etc.
3172 4967 3452 5038 Superius
3497 4964 3587 5018 di-

159 5063 348 5120 debet
384 5063 570 5120 etiam
602 5061 743 5117 illud
776 5061 956 5117 videri
989 5061 1369 5126 contrarium,
1397 5060 1553 5131 quod
1602 5059 1840 5115 nomine
1949 5060 2112 5112 xerat
2137 5071 2148 5111 :
2174 5056 2469 5120 Elementa,
2495 5056 2551 5108 et
2570 5053 2957 5123 subjunxerat
2979 5074 2991 5123 ;
3017 5056 3204 5111 Mundi
3226 5073 3239 5123 ;
3265 5070 3418 5108 nunc
3455 5065 3588 5104 vero

159 5151 617 5209 elementorum
651 5150 859 5206 mundi
903 5150 1054 5221 (930)
1111 5147 1362 5204 litteram
1420 5152 1521 5204 aut
1577 5163 1843 5203 caremo-
1949 5162 2127 5201 vacua
2156 5144 2298 5199 dicit
2322 5159 2333 5197 :
2361 5143 2433 5197 ob
2456 5142 2585 5210 hoc,
2604 5142 2743 5213 quia
2761 5142 3020 5215 primum
3050 5144 3385 5216 ignorantes
3406 5139 3591 5194 Deum

1952 5306 2034 5360 tia
2063 5303 2424 5359 censuimus.

2027 5376 2175 5446 (931)
2210 5376 2463 5431 Verbum
2496 5389 2680 5431 omnes
2710 5376 2769 5429 in
2800 5372 2969 5443 Vulg.
3005 5388 3123 5446 non
3153 5368 3388 5446 legitur.

2027 5439 2176 5515 (932)
2223 5449 2363 5502 Gen.
2422 5464 2516 5513 xx,
2577 5446 2663 5513 18,
2722 5439 2984 5515 fortasse
3015 5440 3328 5515 legendum
3377 5439 3598 5513 perclu-

1953 5509 2130 5577 sisset.
2160 5509 2520 5576 'Concluserat
2551 5509 2726 5575 habet
2749 5514 2920 5584 Vulg.
2952 5509 3154 5570 Sed'et
3180 5509 3262 5568 ita
3290 5509 3465 5593 recte.

158 5306 161 5307 ⁷
226 5314 405 5383 (928)
430 5312 503 5383 In
530 5314 729 5383 autog.
767 5308 1079 5383 margr.__hic
1109 5307 1321 5383 legitur
1352 5325 1481 5380 cap.
1511 5308 1622 5383 XX.

238 5378 417 5455 (929)
451 5378 809 5455 Marcionem
862 5378 1105 5455 séilicet_
1136 5378 1191 5455 et
1248 5378 1544 5450 alios,'qui
1575 5379 1845 5455 volebant

168 5450 537 5527 putativam
572 5453 785 5527 _Christi
810 5467 1049 5527 _carnem
1083 5450 1283 5527 fuisse,
1317 5467 1564 5521 quorum
1598 5452 1847 5507 haereses

176 5521 533 5603 praevenire
563 5525 707 5603 forte
735 5521 920 5603 voluit
947 5522 1278 5603 Apostolus.

239 5599 423 5682 (939)
454 5596 669 5667 Verba,
698 5592 906 5677 quod...
937 5591 1153 5669 mundi,
1184 5592 1451 5651 addenda
1479 5607 1689 5653 sensus
1714 5609 1847 5669 gra-
