4026 6168
196 334 302 407 ῦβθ

778 332 1189 399 EXPOSITIO
1231 333 1310 398 ΙΝ
1355 332 1783 398 EPISTOLAS
1828 329 2081 397 PAULI.
2119 368 2198 381 --
2224 332 2303 399 IN
2344 334 2596 402 EPIST.
2640 337 2745 401 AD
2792 337 2965 402 GAL.

3456 334 3579 405 530

196 469 306 539 sed,
365 469 563 525 iterum
592 468 870 541 quoniam
902 470 1143 526 docente
1173 470 1449 542 Apostolo
1470 470 1682 527 Galatae
1704 488 1825 527 ore-
1858 468 1912 536 A
1943 474 2042 525 aut
2071 487 2228 525 nunc
2259 471 2401 537 haec,
2438 489 2593 529 nunc
2622 472 2723 529 illa
2751 472 3152 546 exaggerando
3200 472 3484 546 proferre.
3520 473 3590 533 Et

199 560 475 625 didernut,
526 575 591 614 ac
651 562 923 630 suscepto
975 560 1320 632 evangelicae
1394 560 1822 631 praedicationis

192 648 396 706 semine
426 651 740 719 conceptus
773 651 861 703 est
890 646 1160 703 Christus
1191 648 1249 702 in
1283 666 1482 704 eorum
1515 650 1817 707 cordibus:

189 739 277 795 sed
307 736 445 809 (941)
478 736 618 808 quia
648 753 761 791 non
796 736 907 791 fuit
962 739 1398 805 corroboratus,
1461 738 1590 795 ideo
1654 739 1822 795 facile

189 827 449 884 falsorum
532 826 939 897 praedicatione
998 828 1400 898 apostolorum
1456 830 1817 886 exstinctus:

188 919 525 991 quapropter
554 914 874 981 laborabat,
910 920 976 971 ut
1006 917 1199 973 denuo
1233 918 1575 974 reformaret
1603 919 1820 975 exstin-

187 1012 351 1063 ctum.
383 1004 717 1061 Notandum
750 1004 951 1070 etiam,
980 1006 1120 1076 quia
1166 1007 1264 1077 qui
1324 1009 1506 1078 patris
1565 1009 1824 1080 suscepit

186 1098 463 1159 effectum,
523 1094 809 1151 dicendo:
870 1096 974 1149 Per
1023 1097 1386 1163 Evangelium
1414 1113 1512 1165 ego
1542 1114 1631 1153 vos
1657 1101 1826 1166 genui

186 1188 235 1257 (Ι
260 1184 355 1240 Cor
407 1199 478 1250 IV,
515 1184 628 1254 15),
676 1183 801 1253 ipse
861 1184 1065 1240 matris
1121 1185 1391 1253 assumit,
1452 1202 1585 1241 cum
1641 1186 1817 1241 dicit:

182 1274 428 1330 Parturio
456 1271 699 1343 quippe,
732 1279 796 1328 ut
826 1289 887 1328 se
935 1289 1177 1329 suorum
1237 1274 1661 1330 demonstraret
1721 1292 1820 1346 pa-

182 1369 339 1432 trem,
362 1365 418 1418 et
466 1365 718 1417 matrem
778 1362 1134 1429 auditorum,
1199 1364 1505 1435 utriusque
1565 1364 1821 1436 parentis

180 1450 422 1522 suscepit
451 1450 749 1505 affectum.
783 1450 1195 1508 Verumtamen
1228 1454 1362 1523 quis
1392 1453 1581 1509 verbis
1614 1470 1819 1525 paren-

180 1544 296 1596 tum
325 1539 616 1611 explicare
644 1539 796 1595 valet
826 1540 1100 1595 aﬁ'ectum
1120 1542 1148 1597 ?
1177 1541 1339 1598 Unde
1370 1543 1647 1616 Origenes
1672 1560 1685 1598 :
1711 1547 1823 1597 Hu-

181 1646 345 1685 mana
374 1633 717 1685 naturanon
740 1636 829 1685 est
848 1628 1137 1685 horrenda
1186 1631 1285 1686 sed
1309 1632 1638 1687 veneranda
1661 1632 1823 1702 :quis

182 1720 327 1774 enim
358 1717 851 1790 comprehendere
881 1722 1071 1789 potest
1101 1720 1258 1791 quod
1288 1720 1665 1785 studium,vel
1691 1720 1822 1792 quis

1933 560 2061 616 ideo
2093 561 2361 616 dicebat:
2399 562 2595 618 Vellem
2643 571 2826 618 autem
2876 578 2988 619 esse
3040 563 3202 619 modo
3256 563 3403 635 apud
3456 580 3587 633 vos;

1935 650 2101 721 quasi
2136 651 2387 706 diceret:
2422 650 2655 723 Nequeo
2688 656 2850 707 tanta
2872 653 3370 724 scribere,quanta
3400 668 3589 711 mere-

1933 739 2077 794 mini
2132 739 2351 809 audire,
2414 743 2491 806 et,
2550 740 2663 796 nisi
2719 741 2969 799 vinculis
3028 742 3409 799 confessionis
3440 744 3587 816 (942)

1933 828 2169 883 strictus
2201 833 2448 891 tenerer,
2473 834 2737 900 optarem
2769 848 2898 887 esse
2927 832 3080 903 apud
3111 848 3235 898 vos,
3270 839 3321 887 et
3374 836 3589 889 mutare

1930 933 2114 973 vocem
2142 934 2346 972 meam.
2399 917 2606 973 Mutata
2665 918 2824 987 dicit,
2887 925 2951 974 ut
3007 921 3105 992 qui
3163 935 3261 975 eos
3314 920 3467 977 ﬁlios
3493 938 3589 977 vo-

1933 1012 2183 1072 caverat,
2247 1023 2317 1062 ne
2404 1006 2567 1062 duris
2656 1007 3152 1080 increpationibus
3209 1010 3587 1069 scandalizati

1933 1096 2247 1151 deteriores
2278 1096 2499 1161 ﬁerent,
2534 1096 2582 1150 si
2614 1096 2738 1167 ipse
2762 1098 3041 1153 adversus
3064 1115 3163 1155 eos
3183 1115 3378 1155 vocem
3400 1100 3585 1156 incre-

1933 1184 2188 1257 pationis
2221 1189 2569 1251 assumeret,
2603 1187 2917 1241 ostendens
2962 1185 3097 1242 illos
3151 1205 3266 1243 non
3320 1205 3448 1246 esse
3499 1187 3586 1244 di-

1932 1298 2079 1355 gnos
2110 1286 2270 1338 tanto
2302 1282 2540 1347 honore,
2574 1286 2638 1337 ut
2667 1283 2795 1353 ejus
2826 1282 2931 1337 ﬁlii
2980 1289 3343 1340 vocarentur.
3403 1287 3590 1350 Quare

1934 1375 2188 1426 mutaret
2214 1387 2415 1426 vocem
2461 1371 2754 1427 ostendit:
2837 1373 3115 1440 Quoniam
3168 1374 3471 1443 confundor
3526 1377 3593 1431 in

1932 1461 2098 1516 vobis.
2129 1460 2445 1515 Parentum
2478 1460 2696 1531 quippe
2725 1460 3127 1532 imprudentes
3188 1461 3342 1517 ﬁlios
3396 1462 3583 1534 repel-

1931 1549 2070 1612 lere,
2102 1564 2173 1603 ne
2204 1549 2675 1604 confundantur:
2696 1549 2805 1605 hoc
2830 1550 3003 1604 modo
3026 1549 3202 1606 dicit:
3230 1550 3585 1621 Con/under:

1934 1639 1993 1693 in
2024 1638 2236 1694 Grecis
2268 1637 2719 1710 exemplaribus,
2752 1639 3043 1695 invenitur
3060 1655 3227 1710 egens
3245 1656 3368 1695 sum
3398 1640 3546 1711 [945]
3570 1683 3585 1708 ,

1934 1728 2033 1784 sed
2062 1729 2219 1783 idem
2253 1744 2462 1783 sensus
2493 1728 3108 1799 est.Confusionempe
3132 1733 3257 1785 erat
3290 1730 3583 1800 Apostolo,

182 1806 1824 1900 sitlaborparentibus,dumvelgignitpater,velconcipit
1855 1835 1903 1900 Β
1934 1817 2072 1888 quia
2103 1818 2232 1887 ejus
2282 1816 2547 1872 doctrina
2596 1835 2712 1872 non
2771 1818 3109 1873 abundabat
3165 1819 3225 1872 in
3280 1818 3420 1883 illis,
3482 1818 3586 1875 sed

183 1912 241 1952 ac
272 1896 523 1968 parturit
551 1901 738 1953 mater
756 1896 784 1951 ?
812 1898 1036 1961 Quibus
1057 1898 1231 1953 etiam
1255 1914 1370 1954 non
1385 1899 1582 1954 minus
1595 1904 1682 1954 est
1702 1904 1825 1955 stu-

181 1984 336 2040 dium
384 1984 446 2041 in
507 1986 856 2041 nutriendo:
912 1986 1063 2041 sicut
1119 1987 1274 2042 enim
1334 2004 1534 2043 semen
1591 1988 1821 2059 seritur,

180 2074 335 2131 sulco
356 2074 702 2139 suscipitur,
730 2078 889 2130 terra
917 2075 1194 2146 cperitur,
1244 2078 1548 2145 germinat,
1590 2077 1821 2133 crescit-

180 2180 284 2235 que
310 2164 369 2219 in
401 2164 617 2219 herbas
646 2168 702 2219 et
732 2162 977 2231 culmos,
1013 2169 1071 2219 et
1102 2181 1288 2236 usque
1317 2165 1389 2220 ad
1422 2165 1676 2222 fructum
1703 2184 1716 2232 ;
1741 2166 1823 2221 sic

177 2257 227 2309 et
253 2252 520 2308 hominis
553 2269 753 2307 semen
784 2251 955 2307 vulva
997 2253 1229 2321 seritur,
1290 2254 1423 2308 dein
1478 2254 1822 2325 concipitur,

169 2340 270 2397 hoc
301 2358 337 2396 a
372 2340 609 2413 proprio
639 2340 884 2397 humore
905 2340 1256 2397 exsiccatum
1282 2343 1744 2415 compaginatur,
1769 2350 1826 2400 et

169 2430 667 2497 formatur,donec
699 2430 1132 2485 diﬁ'undaturin
1149 2430 1338 2486 lucem
1359 2432 1676 2493 ,‘diﬁ'usum
1690 2449 1822 2488 vero

166 2520 423 2574 nutritur
448 2535 461 2572 :
496 2517 769 2574 similiter
798 2524 855 2574 et
883 2535 1083 2574 semen
1112 2520 1271 2575 verbi
1303 2520 1400 2575 Dei
1436 2522 1493 2575 in
1538 2522 1709 2576 corde
1731 2538 1819 2577 se-

166 2608 330 2674 ritur,
366 2612 427 2663 et
459 2607 544 2663 sic
573 2607 838 2663 Christus
868 2606 927 2662 in
962 2613 1157 2663 mente
1180 2609 1821 2681 concipitur,acdeinde

166 2697 477 2753 formatur.
512 2702 675 2752 Hunc
707 2714 961 2769 namque
994 2703 1301 2769 parentum
1334 2699 1603 2755 affectum
1644 2700 1820 2756 latius

164 2787 399 2859 expauit
428 2787 637 2843 beatus
669 2803 819 2859 papa
847 2787 1161 2859 Gregorius
1192 2788 1251 2843 in
1284 2805 1348 2844 eo
1385 2788 1531 2859 loco,
1592 2790 1690 2844 ubi
1741 2790 1822 2845 ait

162 2875 451 2932 Dominus
510 2877 583 2931 ad
635 2877 781 2932 Job:
842 2877 1098 2947 Nunquid
1154 2880 1300 2933 nosti
1362 2882 1575 2946 tempus
1626 2890 1819 2949 partus

161 2965 368 3021 ibicum
400 2966 467 3021 in
490 2968 687 3036 petris,
719 2970 821 3021 etc.
856 2966 978 3037 (Job
1008 2967 1600 3039 xxxix,1).Apostolus
1622 2974 1817 3023 autem

159 3070 327 3111 cerva
359 3054 468 3110 Dei
498 3059 642 3123 erat,
674 3058 732 3109 et
760 3054 1200 3119 incurvabatur,
1248 3059 1313 3109 ut
1369 3060 1616 3124 pareret.
1670 3056 1816 3111 Illud

158 3148 357 3199 autem
378 3142 584 3197 sciend
595 3159 692 3196 um
707 3139 1174 3213 quiadifﬁcultas
1188 3147 1503 3212 conceptus
1516 3142 1601 3196 vel
1617 3150 1819 3214 partus

156 3232 486 3305 aliquando
512 3248 581 3287 ex
606 3248 784 3287 causa
813 3230 1265 3301 viri,aliquando
1296 3248 1365 3285 ex
1386 3231 1821 3297 mulieris,non-

153 3337 475 3393 nunquam
489 3337 558 3375 ex
574 3320 885 3392 utriusque
900 3320 1083 3391 partis
1104 3338 1118 3385 ;
1141 3319 1413 3375 similiter
1433 3326 1489 3375 et
1502 3336 1827 3392 congruen-

148 3412 254 3478 tia,
286 3410 379 3465 sic
411 3408 593 3464 etiam
625 3414 681 3464 et
702 3408 757 3462 in
785 3408 1597 3480 praedicatoribushocipsum
1614 3410 1825 3481 agitur.

150 3501 267 3555 Iste
298 3496 531 3553 etenim
563 3498 808 3552 idoneus
839 3502 964 3553 erat
992 3497 1354 3568 praedicator,
1390 3503 1445 3551 et
1475 3498 1688 3553 Galatae
1708 3498 1829 3553 ido-

151 3588 245 3643 nei
279 3585 633 3641 auditores:
670 3590 1073 3640 verumtamen
1106 3586 1435 3656 ignorantia
1458 3586 1681 3657 decepti
1707 3588 1825 3641 tue-

153 3680 307 3732 rant.
345 3674 505 3730 Illud
537 3673 712 3729 etiam
745 3675 1067 3730 notandum
1117 3675 1256 3745 quia
1306 3676 1490 3730 donec
1546 3680 1709 3730 tenor
1739 3679 1829 3731 est

158 3770 392 3836 partus,
422 3761 592 3818 facile
621 3762 914 3835 exstingui
942 3766 1170 3834 potest:
1204 3766 1260 3818 et
1294 3763 1432 3834 quia
1490 3781 1604 3819 non
1641 3764 1829 3819 fuerat

159 3854 443 3910 Christus
472 3851 532 3907 in
563 3852 839 3907 cordibus
860 3851 1293 3916 Galatarum,ut
1314 3853 1534 3907 dictum
1556 3858 1665 3920 est,
1700 3870 1827 3908 cor-

159 3945 500 4007 roboratus,
528 3940 744 3996 idcirco
800 3939 967 3995 facile
1020 3945 1109 3995 est
1164 3940 1522 4007 exstinctus;
1581 3941 1828 4012 ideoque

161 4032 421 4088 multum
458 4030 735 4086 studebat
763 4029 1082 4101 Apostolus
1116 4045 1284 4099 posse
1316 4030 1587 4085 eumdem
1636 4030 1826 4086 denuo

160 4122 509 4177 reformare.
548 4120 609 4174 In
642 4136 758 4189 quo
790 4118 941 4173 facto
966 4122 1278 4173 monentur
1308 4119 1827 4189 praedicatores,ut,

160 4210 207 4266 si
240 4210 509 4267 viderint
537 4207 596 4262 in
622 4207 819 4279 aliquo
844 4224 1088 4262 suorum
1120 4207 1456 4262 auditorum
1508 4208 1831 4279 quamlibet

168 4302 529 4356 exstinctam
557 4296 855 4362 virtutem,
889 4312 1003 4351 non
1034 4295 1231 4351 minus
1290 4296 1410 4351 sint
1464 4297 1733 4369 studiosi,
1767 4302 1831 4353 ut

163 4393 427 4445 recreant
459 4404 612 4451 eam,
637 4403 812 4457 quam
837 4386 1071 4440 fuerunt
1102 4386 1173 4440 ad
1202 4387 1540 4442 creandum.

231 4476 561 4548 Sequitur:
600 4476 799 4531 Vellem
827 4478 1015 4534 autem
1043 4490 1157 4530 esse
1199 4475 1348 4545 apud
1379 4491 1469 4529 vos
1523 4476 1710 4541 modo,
1780 4479 1831 4530 et

1936 1906 2131 1979 potius
2163 1906 2388 1977 egebat.

2005 1995 2283 2066 Sequitur
2307 2013 2317 2050 :
2351 1996 2525 2050 Dicite
2554 1995 2700 2050 mihi
2726 1996 2821 2066 qui
2847 1996 2946 2051 sub
2977 1997 3094 2065 lege
3120 1997 3283 2052 vultis
3307 2010 3440 2064 esse,
3474 1999 3585 2052 etc.

1934 2086 2145 2157 Magna
2174 2089 2298 2141 erat
2319 2085 2607 2150 dicturus,
2641 2101 2707 2140 ac
2738 2084 2923 2157 legem
2974 2086 3499 2158 interpretaturus:
3532 2090 3591 2143 et

1933 2174 2062 2229 ideo
2093 2173 2412 2246 praemisit:
2448 2174 2623 2229 Dicite
2650 2175 2812 2243 mihi,
2843 2174 3151 2245 etc.,quasi
3175 2174 3425 2231 diceret:
3455 2173 3585 2242 Vos,

1934 2279 1965 2316 o
1996 2262 2229 2328 Galatae,
2260 2262 2360 2332 qui
2392 2263 2501 2317 sub
2525 2261 2649 2333 lege
2681 2262 2857 2317 vultis
2889 2278 3039 2327 esse,
3072 2279 3249 2332 quare
3271 2280 3385 2318 non
3443 2263 3585 2335 legi-

1935 2350 2043 2406 stis
2076 2350 2268 2423 legem
2289 2351 2316 2404 ?
2345 2353 2456 2405 Aut
2486 2350 2535 2405 si
2568 2350 2817 2421 legistis,
2850 2368 3032 2422 quare
3080 2368 3193 2407 non
3252 2352 3588 2408 attendistis

1932 2440 2071 2510 quid
2104 2440 2196 2494 lex
2222 2438 2423 2494 dicat?
2453 2437 2595 2494 Nam
2626 2439 2795 2510 quasi
2826 2440 3071 2496 dixisset
3123 2440 3338 2512 aliquis
3397 2442 3589 2513 profer

1931 2528 2140 2600 legem,
2175 2528 2300 2600 ipse
2328 2528 2556 2599 inquit:
2605 2529 2856 2600 Sciplum
2909 2534 2991 2584 est
3050 2531 3225 2595 enim,
3285 2534 3394 2586 etc.
3428 2529 3581 2603 [Gem

1927 2635 2044 2683 xw,
2080 2619 2206 2688 15]:
2246 2622 2382 2673 nota
2415 2618 2554 2689 quia
2582 2617 2888 2673 historiam
2933 2618 3068 2674 libri
3127 2619 3367 2675 Genesis
3396 2619 3585 2693 legem

1928 2706 2217 2778 appellat:
2251 2710 2307 2761 et
2338 2706 2444 2761 hoc
2476 2707 2754 2762 adversus
2781 2724 2880 2763 eos
2910 2708 3011 2779 qui
3065 2707 3257 2780 legem
3289 2724 3418 2764 esse
3477 2710 3573 2763 di-

1927 2800 2068 2850 cunt
2097 2795 2595 2863 solummodo,ubi
2628 2795 2850 2866 aliquid
2874 2798 3122 2867 jubetur
3153 2796 3238 2852 vel
3303 2796 3581 2868 prohibe-

1926 2888 2045 2939 tur.
2082 2885 2149 2938 Et
2181 2884 2320 2954 quid
2357 2884 2595 2947 mirum,
2631 2885 2678 2938 si
2713 2884 3020 2941 historiam
3049 2884 3180 2940 libri
3225 2884 3467 2941 Genesis
3498 2884 3580 2941 le-

1926 2988 2058 3043 gem
2090 2971 2563 3042 appellavit,cum
2586 2972 2767 3027 totius
2784 2973 3005 3027 Veteris
3017 2973 3379 3028 Testamenti
3407 2974 3589 3030 series

1926 3047 2019 3115 lex
2043 3060 2272 3114 dicatur
2292 3060 2319 3112 ‘?

2003 3147 2312 3218 Sequitur:
2364 3147 2469 3201 Sed
2494 3148 2593 3218 pui
2637 3148 2702 3202 de
2762 3149 2971 3203 ancilla
3027 3149 3333 3204 secundum
3387 3164 3592 3204 carnen

1936 3243 2104 3291 natus
2134 3246 2233 3303 est,
2268 3236 2375 3292 hoc
2404 3241 2512 3305 est,
2546 3237 2871 3291 secundum
2903 3237 3198 3293 carnalem
3221 3237 3594 3294 consuetudi-

1938 3342 2094 3391 nem,
2128 3329 2184 3380 et
2217 3325 2989 3394 conjunctionem,videlicet
3020 3325 3201 3381 maris
3231 3330 3289 3380 et
3320 3326 3550 3381 femina:
3570 3345 3595 3392 ;

1936 3420 1992 3470 et
2021 3415 2149 3469 ideo
2182 3414 2339 3469 ﬁlius
2369 3414 2562 3469 carnis
2594 3419 2858 3469 vocatur.
2890 3414 3200 3485 Sequitur:
3253 3415 3355 3483 Qui
3411 3419 3596 3470 autem

1937 3504 2011 3559 de
2027 3504 2333 3572 libera,per
2349 3501 3121 3573 repromissionem,videlicet
3132 3508 3189 3558 et
3202 3520 3271 3559 ex
3283 3519 3397 3559 anu
3411 3507 3468 3559 et
3479 3507 3594 3559 ste-

1936 3592 2026 3645 rili
2061 3595 2234 3647 natus
2261 3596 2378 3658 est;
2416 3596 2473 3646 et
2504 3592 2632 3647 ideo
2661 3590 2818 3646 ﬁlius
2851 3590 3260 3663 promissionis
3285 3596 3374 3648 est
3396 3591 3594 3664 appel-

1933 3678 2128 3746 latus;
2164 3680 2255 3735 cui
2291 3680 2651 3735 contrarium
2683 3697 2798 3735 non
2822 3686 2912 3736 est
2930 3679 3259 3752 illud,quod
3309 3680 3595 3753 scriptum

1936 3774 2059 3824 est:
2097 3770 2243 3832 Quia
2274 3768 2540 3840 angelus,
2603 3786 2738 3823 cum
2770 3770 3090 3825 invenisset
3110 3776 3267 3842 Agar
3294 3770 3354 3824 in
3388 3770 3594 3826 solitu-

1936 3857 2092 3921 dine,
2126 3858 2270 3912 dixit
2299 3858 2351 3912 ei
2382 3876 2393 3911 :
2426 3860 2618 3911 Parios
2643 3858 2850 3924 ﬁlium,
2883 3862 2935 3911 et
2963 3858 3176 3913 vocabis
3217 3874 3422 3913 nomen
3477 3860 3594 3929 ejus

1936 3946 2152 4011 Ismael,
2187 3950 2294 3999 etc.
2331 3945 2481 4014 [Gem
2507 3946 2736 4014 xv1,tt].
2770 3944 2955 4007 Quare
2984 3961 3121 4015 ergo
3152 3961 3268 3999 non
3298 3950 3356 3999 et
3387 3943 3592 4000 Ismael

1938 4032 2094 4088 ﬁlius
2126 4032 2561 4103 promissionis?
2579 4032 2857 4101 Videlicet
2874 4032 3011 4103 quia
3039 4032 3212 4103 longe
3242 4031 3421 4087 distat
3451 4049 3589 4104 pro-

1940 4121 2143 4176 missio
2179 4121 2275 4175 Dei
2310 4138 2343 4175 a
2374 4121 2761 4191 promissione
2792 4119 3018 4191 angeli:
3053 4120 3274 4175 oriente
3336 4137 3591 4192 namque

1938 4211 2082 4278 sole,
2113 4210 2532 4265 obtenebratur
2561 4208 2719 4264 luna.
2751 4209 2861 4263 Sed
2895 4208 3033 4263 huic
3064 4208 3344 4263 solutioni
3403 4212 3594 4281 potest

1939 4299 2084 4354 illud
2116 4298 2297 4354 videri
2312 4298 2856 4369 contrarium,quod
2876 4296 3003 4369 ipse
3016 4298 3305 4352 Dominus
3321 4298 3595 4369 promisit

1942 4388 2202 4443 Abrahae.
2238 4388 2335 4441 Ait
2363 4387 2446 4441 illi
2473 4405 2485 4442 :
2520 4389 2586 4442 Et
2605 4404 2770 4458 super
2793 4387 2989 4443 Ismael
3017 4388 3284 4443 exaudiui
3313 4394 3401 4449 te;
3446 4388 3591 4442 mul-

1941 4480 2197 4548 tiplicans
2233 4478 2614 4549 multiplicabo
2672 4478 3033 4541 vehementer,
3094 4480 3204 4543 etc,
3266 4476 3418 4546 (Gen.
3451 4493 3589 4531 xvu.

164 4572 384 4621 mutare
414 4580 603 4621 vocem
631 4564 1066 4619 meam.Sciebat
1089 4580 1321 4634 quoque
1343 4563 1657 4634 Apostolus
1680 4564 1828 4619 Scri-
1861 4573 1907 4636 D
1939 4568 2049 4635 20).
2083 4568 2241 4631 Quod
2277 4584 2346 4621 ne
2401 4566 2759 4622 contrarium
2818 4566 3104 4634 videatur,
3166 4563 3471 4619 sciendum
3503 4568 3594 4620 est

167 4660 372 4725 pturas
406 4654 712 4727 prodesse,
745 4670 879 4708 cum
912 4652 1207 4725 leguntur,
1241 4653 1341 4707 sed
1403 4652 1587 4709 multo
1643 4653 1831 4726 magis

168 4745 471 4814 prodesse,
506 4758 641 4797 cum
672 4741 891 4813 aliquid
922 4742 1050 4796 viva
1078 4757 1217 4796 voce
1242 4743 1724 4805 commendatur;
1756 4744 1832 4797 vi-

167 4830 380 4887 delicet
410 4830 559 4903 quia
590 4847 702 4885 non
735 4834 825 4886 est
851 4830 939 4884 vis
966 4830 1397 4901 Scripturarum
1422 4831 1680 4887 dolorem
1704 4849 1829 4887 cor-

167 4919 257 4974 dis
289 4920 815 4988 manifestare,aut
840 4934 1037 4974 vocem
1065 4919 1476 4991 increpationis
1508 4938 1826 4992 assumere,

235 5027 491 5099 (9M)ln
526 5026 652 5081 cod.
686 5024 901 5097 legitur
929 5041 1064 5096 seq.,
1117 5026 1270 5095 quod
1313 5028 1560 5099 sequitur
1606 5027 1828 5098 signiﬁ-

164 5112 297 5153 care
326 5097 532 5164 vellet,
566 5102 623 5152 et
648 5101 928 5169 tanquam
960 5113 1217 5169 errorem
1245 5097 1573 5169 emendavi.

242 5168 399 5252 (942)
434 5170 706 5252 Fortasse
732 5166 1394 5252 G'Laecorumcodicumh
1414 5166 1829 5252 s‘ubscriptioni

171 5238 423 5311 adhesit
454 5243 611 5305 Atto,
633 5257 759 5311 quae
794 5240 975 5295 Roma
1006 5238 1248 5294 missam
1283 5238 1405 5293 vult
1436 5238 1586 5294 hane
1616 5240 1829 5311 episto-

158 5308 289 5383 lam
317 5332 332 5377 ς
371 5312 534 5383 quod
570 5308 765 5365 minus
795 5310 1108 5383 verisimile
1139 5314 1385 5376 est,cum
1410 5311 1469 5366 in
1494 5311 1599 5366 hac
1634 5308 1834 5383 vincu-

171 5380 365 5437 lorum
392 5380 768 5437 'mentionem
803 5400 916 5438 non
943 5382 1133 5446 faciat,
1185 5399 1458 5453 quorum,
1493 5382 1549 5437 in
1611 5382 1835 5438 cmteris

173 5452 447 5526 epistolis
470 5454 766 5526 meminit,
800 5471 946 5525 quas
978 5455 1161 5509 Roma
1204 5452 1239 5507 e
1271 5452 1519 5509 vinculis
1578 5454 1832 5526 scripsit.

224 5524 581 5581 erisimilius
610 5524 833 5591 autem,
862 5532 916 5579 et
948 5525 1336 5580 communiter
1394 5526 1464 5580 ab
1500 5524 1835 5580 auctoribus

174 5595 419 5669 Epheso
448 5597 664 5669 scripta
683 5601 1113 5663 censetur,cum
1130 5597 1207 5651 ibi
1233 5597 1289 5651 in
1305 5596 1505 5669 schola
1521 5598 1834 5669 cujusdam

181 5667 425 5739 tyranni
460 5667 892 5741 per'biennium
912 5671 1319 5727 moraretur.et
1334 5667 1658 5725 rescivisset
1671 5669 1836 5725 Gala-

1942 4655 2098 4712 aliud
2132 4672 2259 4711 esse
2291 4656 2447 4727 loqui
2468 4656 2539 4709 de
2571 4652 2965 4725 concepto,vel
2994 4656 3129 4707 nato
3154 4670 3166 4719 ;
3195 4656 3252 4707 et
3271 4652 3430 4707 aliud
3458 4670 3589 4725 pro-

1940 4746 2169 4801 mittere
2200 4744 2671 4816 concipiendum,
2706 4743 2826 4797 sive
2858 4741 3013 4796 aliud
3049 4746 3140 4797 est
3199 4740 3591 4814 multiplicare

1938 4834 2327 4901 vehementer,
2360 4837 2415 4886 et
2444 4829 2862 4902 temporalibus
2891 4829 3060 4885 bonis
3108 4829 3311 4885 ditare.
3345 4833 3403 4886 et
3429 4830 3587 4885 aliud

1940 4940 2071 4977 cum
2108 4922 2299 4991 aliquo
2331 4924 2683 4975 testamento
2713 4923 2966 4974 statuere
2997 4918 3164 4988 (9M).

1937 5034 2030 5083 tas
2064 5045 2096 5080 a
2126 5026 2290 5081 falsis
2323 5026 2601 5083 fratribus
2632 5027 2923 5097 deceptos.
2967 5027 3195 5081 Vincula
3227 5024 3407 5097 igitur
3440 5039 3581 5097 con-

1940 5100 2193 5170 fessionis
2241 5098 2394 5179 quid.
2442 5098 2551 5179 sibi
2587 5093 2801 5179 “velint
2857 5098 3193 5179 obscurum2
3253 5093 3367 5179 nisi
3418 5093 3584 5179 debi-

1940 5164 2068 5226 tum
2104 5164 2530 5240 pradicationis
2546 5169 2800 5224 ofﬁcium
2836 5185 2941 5240 pro
2961 5168 3121 5223 hisce
3142 5164 3391 5240 vinculis
3413 5164 3583 5240 intel-

1940 5233 2119 5314 ligere
2147 5240 2414 5314 voluerit,
2446 5240 2533 5295 vel
2563 5233 2900 5314 confusionis
2931 5238 3055 5314 loco
3113 5235 3472 5314 confessionis
3500 5233 3585 5289 le-

1943 5307 2172 5386 gamus,
2205 5329 2273 5386 ex
2296 5307 2410 5377 his,
2442 5329 2566 5386 qua;
2599 5307 2877 5386 inferius:
2912 5308 3217 5386 confundor
3246 5307 3509 5386 inpagis.

2015 5376 2168 5453 (943)
2193 5376 2633 5459 Οτξβουφῖθηίω
2657 5383 2902 5459 _vcrbum
2934 5376 3273 5459 Ἀἐτὸρρυμαι
3316 5376 3586 5459 indigen-

1944 5447 2107 5521 tiam,
2141 5447 2243 5509 seu
2274 5455 2530 5527 inopiam
2554 5455 2950 5527 potius,quam
2972 5447 3374 5527 confusionem
3406 5447 3589 5520 signi-

1947 5520 2102 5592 ﬁcat,
2132 5544 2259 5599 quae
2291 5520 2521 5599 αἰσχύνη
2556 5520 2676 5580 sive
2702 5520 2965 5599 adv—xum»:
2998 5520 3227 5599 dicitur.

2088 5588 2165 5681 ίιᾶ)
2195 5599 2334 5681 Gen.
2368 5588 2758 5681 x§11,'22,‘ub.i
2781 5588 3006 5681 puelli":
3034 5588 3494 5673 1egitur,scilicet
3514 5590 3585 5671 ab

1946 5661 2225 5727 Hebraico
2256 5669 2473 5737 Berith,
2494 5661 2659 5739 'quo’d
2691 5661 2857 5721 divus
2891 5661 3359 5737 Hieron‘ymusdn
3389 5678 3498 5719 sua
3526 5661 3586 5717 in
