4014 6172
364 254 477 319 531

1386 252 1722 318 ATTONIS
1765 247 2348 317 VERCELLENSIS
2386 246 2744 310 'EPISCOPI

3663 249 3784 313 532

435 387 743 461 Sequitur:
781 386 908 456 Quae
935 391 1066 444 sunt
1089 403 1192 461 per
1221 388 1545 458 allegoriam
1575 387 1744 454 dicta,
1775 384 2010 453 etc,Hoc
2040 385 2094 450 Α
2124 380 2379 453 gendum
2407 380 2506 446 sit,
2535 396 2647 436 vos.
2669 381 2741 435 Et
2767 379 2877 436 hoc
2907 395 3024 436 non
3067 381 3159 436 est
3213 380 3603 450 contrarium,
3649 383 3786 454 quia

363 477 491 535 loco
520 476 774 533 ostendit
821 476 1232 549 allegorizandi
1283 481 1342 532 et
1399 477 1617 550 ﬁguras
1677 472 2016 546 requirendi
2123 467 2438 540 Apostolus
2468 469 2678 541 spiritu
2713 469 3051 541 prophetico
3083 470 3423 541 praeviderat
3447 471 3692 528 Galatas
3721 475 3787 530 ad

363 564 716 637 exemplum.
750 571 859 621 Per
889 572 1108 622 matres
1152 583 1427 638 namque,
1487 570 1545 621 et
1603 563 1754 620 filios
1811 578 2013 619 earum

365 654 622 710 ostendit
651 653 899 727 intelligi
918 655 1254 711 debereduo
1277 657 1712 723 testamenta,et
1756 653 1906 708 duos
1922 668 2019 723 po-

367 741 578 814 pulos:
611 744 668 799 in
699 760 813 815 quo
843 760 1047 800 omnes
1081 745 1454 800 consentiunt
1483 747 1776 808 auctores,
1829 757 2018 813 quan-

367 846 546 902 quam
579 832 888 904 Apostolus
919 851 1034 889 non
1067 837 1263 906 aperte
1293 833 1724 903 interpretetur,
1748 832 1850 886 sed
1882 834 2017 884 tan-

368 922 495 976 tum
525 920 834 993 vestigium
864 922 1283 995 interpretandi
1329 921 1618 978 ostendat.

443 1010 927 1082 SequiturzSina
983 1014 1134 1067 enim
1168 1029 1326 1067 mons
1386 1019 1463 1066 est
1511 1011 1571 1064 in
1628 1011 1852 1074 Arabia,
1909 1013 2018 1064 etc.

369 1103 665 1164 Quantum
686 1101 755 1156 ad
776 1101 1079 1156 historiam
1105 1099 1610 1171 pertinet,Arabici
1626 1103 1853 1154 montes
1891 1114 2024 1152 con-

364 1189 559 1260 juncti
591 1193 731 1244 sunt
758 1188 1701 1261 JerosolymitanisMyeticevero,
1724 1204 1826 1259 per
1846 1186 2026 1241 diver-

374 1277 611 1334 sitatem
644 1277 906 1333 locorum
940 1277 1198 1334 ostendit
1218 1278 1559 1333 distantiam
1573 1277 1823 1331 duorum
1844 1280 2025 1330 testa-

376 1371 734 1424 mentorum.
769 1366 1012 1422 Pulchre
1034 1381 1288 1437 namque
1305 1365 1395 1421 lex
1417 1365 1737 1420 transitura
1755 1381 1855 1436 per
1874 1365 2029 1435 Agar

377 1455 743 1528 designatur,
777 1459 835 1510 et
861 1457 1014 1527 Agar
1044 1454 1465 1526 interpretatur
1491 1455 1786 1520 iaculatus,
1813 1468 1913 1508 seu
1935 1467 2029 1522 pe-

375 1545 678 1613 regrinatio
710 1543 878 1612 (945).
896 1543 1037 1607 Quis
1067 1544 1224 1598 enim
1255 1542 1486 1614 ignorat
1510 1543 1664 1614 quod
1698 1538 2029 1613 peregrina-

373 1632 455 1688 tio
483 1631 655 1704 longe
685 1632 865 1687 distat
893 1649 926 1686 a
952 1636 1230 1703 perpetua
1253 1631 1588 1687 haereditate
1609 1631 1636 1685 ‘2
1660 1631 1832 1685 Recte
1852 1629 2028 1684 etiam

375 1721 505 1792 ipsa
534 1719 625 1776 lex
654 1720 713 1776 in
744 1720 884 1774 Sina
911 1723 967 1774 et
997 1719 1054 1774 in
1079 1719 1289 1774 Arabia
1317 1719 1527 1786 datur;
1563 1719 1703 1790 quia
1724 1719 1865 1773 Sina
1913 1726 2028 1772 ten—

373 1811 525 1865 tatio.
557 1808 774 1864 Arabia
803 1825 936 1864 vero
966 1809 1192 1864 occidua
1215 1808 1798 1880 interpretatur.ldeo
1831 1811 2026 1861 autem

378 1897 557 1954 dicit:
621 1898 961 1969 Conjunctus
1018 1903 1099 1953 est
1154 1899 1226 1965 ei,
1259 1913 1384 1969 quae
1453 1914 1601 1952 nunc
1682 1897 2025 1962 Jerusalem;

377 1987 518 2058 quia
567 1985 666 2042 ille
720 1985 992 2059 populus,
1021 1985 1123 2058 qui
1179 1985 1335 2042 circa
1385 1985 1584 2041 Sinam
1671 1984 1859 2057 legem
1929 1999 2030 2038 ac-

376 2075 550 2147 cepit,
582 2075 875 2131 habitator
929 2075 1223 2131 terrestris
1268 2073 1593 2131 Jerusalem
1652 2073 2030 2146 postmodum

379 2163 621 2219 exstitit.

449 2252 760 2324 Sequitur:
797 2252 898 2307 Illa
929 2256 1132 2317 autem,
1164 2266 1291 2323 qua
1316 2267 1536 2306 sursum
1563 2259 1665 2316 est,
1695 2251 2030 2320 Jerusalem,

381 2341 558 2397 libera
587 2348 663 2396 est
691 2344 799 2396 etc.
835 2338 1159 2412 Distinguit
1186 2343 1523 2395 terrestrem
1545 2339 2033 2409 Jerusalem,quae

378 2431 552 2486 seruit
580 2445 704 2485 cum
733 2429 870 2500 ﬁliis
899 2429 1037 2494 suis,
1067 2429 1140 2483 ab
1171 2427 1272 2482 illa
1303 2428 1522 2484 cmlesti
1547 2445 1559 2483 :
1595 2428 2034 2498 namqueJeru-

379 2519 562 2576 salem
593 2522 796 2574 sancta
826 2517 1083 2573 Ecclesia
1113 2521 1203 2572 est
1230 2515 1627 2588 intelligenda,
1662 2533 1788 2588 qua:
1823 2515 2035 2587 partim

381 2606 785 2678 peregrinatur
811 2606 871 2660 in
904 2605 1450 2676 terra,partimcum
1486 2606 1596 2660 Deo
1621 2614 1824 2676 regnat
1850 2605 1906 2659 in
1930 2622 2039 2659 cce-

380 2694 492 2751 lis:
527 2699 582 2750 et
613 2693 748 2750 licet
770 2695 830 2749 in
862 2698 1018 2750 terra
1039 2693 1542 2758 habitet,ccelestis
1563 2694 2037 2764 est,tamen,quia

383 2783 512 2854 ejus
542 2783 903 2839 conversatio
935 2782 994 2836 in
1027 2781 1186 2837 caelis
1209 2785 1298 2837 est
1325 2798 1337 2836 :
1373 2798 1498 2852 quae
1530 2782 1709 2836 etiam
1738 2782 1881 2837 bene
1911 2799 2035 2837 om-

385 2888 551 2928 nium
582 2871 844 2927 fidelium
869 2876 1056 2926 mater
1077 2870 1461 2942 dieitur,quia
1475 2887 1678 2926 omnes
1696 2887 1800 2942 per
1823 2887 2036 2942 aquam

384 2959 830 3034 baptismatisin
861 2976 1039 3016 unam
1062 2959 1371 3015 infantiam
1389 2964 1554 3031 partu
1564 2960 1732 3014 rit.Et
1751 2961 1891 3032 quia
1904 2961 2039 3015 dua-

390 3066 525 3106 rum
558 3053 814 3105 matrum
875 3049 1092 3105 fecerat
1129 3049 1508 3114 mentionem,
1562 3047 1745 3104 voluit
1772 3049 2037 3122 exemplo

2127 558 2437 630 pristinam
2461 558 2635 613 fidem
2664 574 2996 614 reversuros
3027 576 3040 626 ;
3071 558 3324 616 maxime
3354 561 3497 631 quia
3519 577 3640 617 non
3673 568 3789 618 stu-

2126 646 2242 712 dio,
2275 647 2376 702 sed
2408 647 2738 719 ignorantia
2759 653 3179 720 peccaverunt.

2197 735 2508 806 Sequitur:
2587 737 2703 792 Sed.
2758 735 3024 807 quomodo
3082 744 3210 791 tunc
3297 739 3612 794 secundum
3667 756 3790 796 car-

2127 839 2254 878 nem
2281 828 2443 879 natus
2495 825 2700 894 fuerat,
2757 828 2870 879 etc.
2912 829 3031 880 Hoc
3063 841 3178 880 non
3209 823 3424 898 legitur
3453 826 3515 882 in
3549 827 3792 886 historia

2130 910 2262 967 libri
2291 913 2569 979 Genesis;
2601 913 2870 968 videlicet
2901 914 3054 984 quod
3087 915 3293 969 lsmael
3331 922 3691 986 persecutus
3729 921 3796 977 sit

2132 1001 2329 1056 Isaac:
2363 1007 2765 1056 verumtamen
2797 1001 3031 1074 legitur,
3095 1004 3272 1074 quod,
3331 1021 3466 1060 cum
3527 1001 3795 1064 luderent

2133 1090 2306 1144 ambo
2338 1089 2537 1144 simul.
2585 1090 2839 1162 graviter
2869 1090 2977 1146 hoc
3031 1092 3250 1164 accepit
3295 1094 3458 1159 Sara,
3513 1101 3576 1150 et
3639 1096 3793 1151 dixit-

2133 1179 2279 1250 Ejice
2335 1178 2596 1233 ancillam
2651 1183 2702 1233 et
2748 1180 2932 1249 ﬁlium
2975 1181 3093 1251 ejus
3139 1187 3246 1237 etc.
3295 1183 3454 1252 (Gen.
3517 1201 3646 1251 xxx,
3701 1187 3797 1254 10)-

2135 1267 2304 1322 lllum
2339 1284 2596 1340 namque
2625 1267 2823 1324 lusum
2844 1269 3160 1341 Apostolus
3190 1272 3672 1340 persecutionem
3703 1290 3796 1345 ap-

2138 1356 2355 1429 pellat;
2390 1357 2488 1412 sed
2533 1357 2852 1413 videndum
2910 1362 3001 1413 est
3057 1375 3257 1430 quare.
3317 1359 3616 1416 Videlicet
3664 1362 3794 1435 legis

2139 1445 2341 1501 doctor
2369 1449 2492 1501 erat
2511 1461 2680 1501 secus
2712 1446 2887 1517 pedes
2935 1446 3273 1503 Gamalielis
3331 1448 3523 1519 legem
3585 1448 3797 1504 didice-

2141 1539 2263 1601 rat;
2294 1538 2351 1588 et
2378 1533 2518 1605 quia
2546 1533 2832 1589 intellexit
2867 1533 2984 1589 vim
3015 1533 3160 1608 legis
3191 1535 3388 1607 ipsum
3423 1535 3637 1592 lusum
3695 1554 3796 1594 non

2142 1623 2327 1677 fuisse
2358 1622 2686 1694 simplicem
2713 1641 2726 1688 ;
2759 1622 3009 1694 ideoque
3041 1625 3509 1695 persecutionem
3558 1627 3796 1682 vocavit.

2142 1713 2286 1768 Sara
2319 1728 2553 1784 quoque
2577 1711 2860 1768 intellexit
2882 1713 3037 1784 quod
3070 1713 3214 1769 forte
3227 1712 3397 1769 vellet
3416 1730 3557 1769 eum
3578 1715 3801 1772 trahere

2142 1802 2214 1856 ad
2247 1799 2760 1871 scurrilitatequt
2789 1801 3002 1856 similis
3033 1801 3145 1857 sibi
3171 1803 3355 1869 ﬁeret,
3379 1808 3439 1859 et
3469 1803 3534 1858 in
3558 1804 3794 1860 hmredi~

2139 1895 2259 1946 tate
2288 1891 2541 1962 praeferri
2572 1895 2768 1962 posset
2796 1909 2809 1958 ;
2827 1894 2929 1946 aut
2949 1894 3102 1946 certe
3122 1890 3294 1946 vellet
3314 1907 3454 1947 eum
3481 1893 3720 1949 trahere
3738 1895 3796 1949 ad

2140 1979 2364 2036 idolum
2389 1998 2402 2048 ;
2436 1983 2554 2045 aut,
2576 1980 2730 2051 quod
2756 1979 2946 2052 magis
2967 1980 3642 2052 doctoresfsuspicantur
3662 1983 3797 2052 (949)

2143 2068 2530 2142 primogenita
2602 2068 2714 2124 sibi
2772 2068 2946 2124 vellet
2997 2068 3327 2126 vindicare:
3378 2075 3437 2125 et
3497 2069 3635 2126 ideo
3685 2088 3800 2144 gra-

2142 2157 2287 2213 viter
2315 2157 2554 2230 accepit.
2590 2160 2808 2213 Verum
2833 2157 2990 2229 quod
3041 2157 3158 2212 ait:
3227 2159 3309 2213 lla
3361 2162 3418 2213 et
3467 2175 3649 2225 nunc,
3707 2176 3802 2231 po-

2142 2251 2257 2301 test
2339 2245 2535 2301 referri
2620 2247 2691 2301 ad
2753 2246 3011 2313 Galatas,
3071 2250 3128 2300 et
3183 2247 3330 2319 legis
3401 2247 3802 2314 aemulatores,

2145 2351 2250 2390 nec
2309 2352 2423 2390 non
2479 2335 2550 2389 ad
2606 2339 2787 2390 totam
2845 2334 3164 2391 Ecclesiam
3239 2341 3299 2390 et
3385 2352 3598 2393 omnes
3681 2355 3803 2393 car-

2147 2421 2332 2478 nales.

2217 2512 2531 2584 Sequitur;
2566 2512 2674 2568 Sed
2702 2511 2837 2583 quid
2867 2511 3004 2568 dicit
3041 2513 3342 2583 Scriptura
3363 2514 3392 2568 ?
3447 2514 3810 2570 Deterrentis

2145 2605 2233 2657 est
2263 2618 2475 2657 sermo.
2511 2602 2595 2656 Ad
2628 2603 3006 2657 deterrendos
3033 2602 3250 2674 quippe
3273 2601 3514 2659 Galatas
3536 2603 3655 2660 hoc
3679 2605 3812 2660 sub-

2139 2690 2337 2760 junxit
2364 2689 2696 2761 exemplum
2725 2708 2739 2757 ;
2769 2689 2940 2761 quasi
2973 2689 3187 2746 diceret
3213 2707 3226 2744 :
3269 2694 3389 2746 Vos
3415 2709 3429 2759 ;
3451 2692 3556 2763 qui
3583 2692 3815 2748 filiian-

2147 2777 2295 2833 cillm
2323 2795 2452 2834 esse
2483 2779 2680 2845 vultis,
2715 2795 2896 2851 quare
2941 2797 3056 2835 non
3114 2779 3422 2836 attenditis
3453 2781 3606 2853 quid
3669 2783 3814 2837 dicat

2147 2867 2496 2939 Scriptura?
2526 2869 2848 2938 Quatenus,
2881 2869 3025 2922 dum
3064 2867 3148 2922 illi
3205 2867 3483 2925 audirent
3539 2870 3810 2926 ancillam

2147 2956 2482 3026 ejectam,et
2513 2956 2698 3011 tilium
2726 2957 2878 3028 ejus,
2908 2961 3264 3013 terrerentur
3293 2966 3347 3014 et
3378 2957 3665 3015 timerent
3693 2975 3759 3014 ne
3781 2976 3814 3013 a

2150 3049 2429 3116 perpetua
2457 3044 2794 3101 haereditate
2815 3045 3444 3102 excluderentur.lllud
3470 3065 3618 3104 sane
3633 3049 3814 3104 scien-

385 3155 554 3195 suam
585 3139 934 3194 confirmare
965 3137 1394 3204 narrationem;
1419 3137 1666 3209 ideoque
1697 3137 2037 3208 subjunxit:
2071 3117 2113 3184 Ο
2154 3133 2295 3188 dum
2329 3134 2486 3205 qnia,
2519 3151 2859 3206 quanquam
2891 3134 3172 3208 iniquitas
3204 3134 3572 3202 sublevetur.
3633 3154 3813 3210 quan-

383 3227 661 3299 Scriptum
688 3231 767 3282 est
795 3229 876 3297 (ιιι
911 3226 1062 3282 Isaia
1100 3224 1342 3296 scilicet)
1369 3244 1383 3294 ;
1418 3227 1646 3295 Latere,
1676 3227 1900 3282 sterilis.
1929 3230 2040 3283 etc.

385 3316 537 3386 (Isai.
571 3333 681 3382 LIV,
709 3316 759 3385 1)
793 3314 1094 3370 Hortantis
1108 3319 1198 3370 est
1221 3315 1798 3370 sermo.Hortabatur
1828 3315 2044 3387 quippe

389 3403 692 3475 propheta,
725 3407 790 3456 ut
818 3401 1132 3466 laetaretur,
1161 3406 1220 3456 et
1251 3408 1604 3474 erumperet,
1637 3408 1694 3457 et
1723 3401 2040 3463 clamaret:

391 3492 539 3559 Quia
560 3492 723 3545 multi
746 3490 857 3559 ﬁlii
884 3489 1124 3559 deserta,
1159 3494 1267 3555 etc,
1299 3491 1537 3546 Deserta:
1580 3489 1737 3558 dicit,
1772 3508 1806 3546 a
1856 3491 2044 3562 primo

397 3577 620 3634 scilicet
647 3577 886 3632 homine
914 3581 1210 3648 peccante,
1243 3577 1343 3647 qui
1375 3593 1510 3632 mox
1539 3582 1603 3632 ut
1637 3579 1910 3649 peccavit,
1943 3597 2042 3635 su-

393 3682 711 3739 pernorum
741 3664 954 3721 civium
978 3665 1335 3721 consortium
1352 3666 1766 3722 deseruit.Sive
1795 3667 2042 3736 desertae,

393 3753 534 3826 quia
563 3758 799 3826 tempus
830 3753 1094 3825 pariendi
1121 3771 1233 3809 non
1284 3754 1569 3822 habebat;
1597 3771 1892 3828 synagoga
1913 3773 2045 3814 vero

327 3867 339 3879 ο
393 3842 601 3899 habuit
627 3843 904 3910 virum,et
935 3842 1196 3914 pariendi
1222 3847 1540 3915 tempus,et
1572 3845 1789 3900 multos
1811 3851 2046 3903 sanctos

391 3931 786 4005 peperit.Nam
809 3930 1111 3986 sciendum
1135 3932 1274 4004 quia
1295 3933 1477 3988 donec
1502 3934 1794 3989 Abraham
1818 3951 1932 3990 non
1947 3951 2046 4008 ge-

392 4021 523 4077 nuit
552 4021 734 4088 Isaac,
766 4019 825 4075 id
851 4025 943 4076 est
977 4022 1124 4077 Deus
1159 4025 1327 4077 Pater
1355 4038 1458 4093 pro
1515 4023 1754 4078 humani
1816 4024 2046 4095 generis

2153 3237 2331 3293 quam
2362 3221 2644 3291 hmretici,
2679 3229 2782 3278 aut
2811 3228 3078 3295 potentes
3109 3225 3394 3280 adversus
3425 3225 3714 3297 humiles,
3767 3230 3821 3280 et

2153 3328 2440 3383 pauperes
2471 3311 2774 3382 inflentur,
2805 3317 3210 3368 verumtamen
3243 3313 3393 3369 servi
3429 3319 3596 3381 sunt,
3626 3320 3688 3370 et
3715 3332 3816 3370 an-

2153 3398 2301 3454 cilla)
2333 3399 2461 3454 filii.
3185 3425 3188 3428 ’

2224 3489 2432 3560 Itaque,
2475 3491 2698 3560 fratres,
2758 3506 2868 3546 non
2923 3507 3115 3547 sumus
3166 3491 3396 3548 ancillae
3455 3494 3591 3562 ﬁlii,
3622 3492 3729 3548 Vel
3758 3492 3822 3548 de

2155 3593 2237 3646 se,
2270 3578 2512 3649 suisque
2543 3578 2838 3635 similibus
2867 3580 3034 3646 dicit,
3067 3585 3130 3635 ut
3158 3597 3338 3652 supra
3369 3582 3523 3652 (950)
3547 3581 3636 3637 vel
3676 3585 3822 3638 certe

2154 3684 2324 3722 suam
2356 3683 2664 3739 personam
2697 3668 2916 3724 Galatis
2947 3669 3270 3742 coniungit,
3294 3670 3436 3742 quia
3466 3671 3824 3742 pravidebat

2155 3773 2250 3812 eos
2313 3773 2670 3813 reversuros.
2728 3758 2798 3812 Et
2855 3763 2920 3812 ut
2972 3759 3307 3814 ostenderet
3362 3776 3570 3830 aquo,
3602 3760 3700 3816 vel
3732 3775 3825 3831 per

2156 3860 2328 3915 quem
2364 3845 2517 3901 facta
2547 3845 2755 3902 fuisset
2782 3845 2912 3918 ipsa
2942 3845 3203 3903 libertas.
3255 3846 3578 3904 excludens
3621 3848 3827 3904 omnia

2157 3938 2363 4004 praeter
2392 3935 2666 4006 gratiam,
2697 3935 3008 4006 subjunxit
3035 3953 3047 3990 :
3084 3936 3199 4004 Qua
3225 3936 3477 3992 libertate
3503 3953 3601 3992 nos
3672 3937 3827 3992 Chri-

2155 4031 2269 4077 stus
2301 4023 2595 4090 liberavit;
2629 4023 2802 4094 quasi
2832 4023 3094 4085 diceret;
3129 4023 3252 4080 Non
3287 4025 3521 4094 merita,
3561 4041 3689 4080 non
3721 4024 3826 4091 lex,

393 4109 582 4164 salute
613 4109 825 4164 Filium
857 4127 1032 4165 suum
1075 4110 1146 4164 ad
1176 4114 1362 4165 terras
1393 4127 1508 4164 non
1533 4111 1718 4177 misit,
1752 4129 2050 4185 synagoga
2159 4127 2346 4182 neque
2377 4111 2768 4174 circumcisio,
2820 4112 2921 4166 sed
2973 4111 3264 4181 Christus,
3326 4112 3439 4168 hoc
3496 4117 3602 4181 est,
3674 4111 3832 4185 quod

394 4197 648 4252 fecunda
677 4196 785 4252 fuit
807 4215 820 4263 ;
846 4197 1190 4253 adveniente
1215 4215 1348 4252 vero
1378 4197 1632 4269 illo,quaa
1653 4204 1778 4255 erat
1806 4201 2044 4268 sterilis,

395 4285 547 4341 facta
576 4289 666 4341 est
699 4284 965 4340 fecunda.
999 4285 1139 4356 quia
1167 4302 1269 4357 per
1298 4286 1474 4341 fidem
1505 4287 1732 4344 Christo
1782 4289 2044 4345 inhaesit:

393 4373 497 4430 illa
523 4389 679 4440 vero,
713 4391 840 4446 quis
866 4378 990 4429 erat
1018 4374 1284 4430 fecunda.
1319 4374 1618 4431 inﬁrmata
1645 4377 1911 4451 est,quia
1947 4396 2050 4451 per

2158 4200 2284 4271 ipse
2339 4199 2417 4254 ait
2441 4217 2454 4264 ;
2545 4199 2606 4254 Si

2159 4305 2278 4355 vm,
2313 4290 2422 4356 36).

2690 4202 2847 4270 ﬁlius
2931 4217 3026 4257 vos
3111 4200 3394 4272 liberavit,
3457 4206 3564 4257 etc.
3618 4204 3826 4270 (Joan.

2232 4379 2382 4448 (CAP.
2415 4378 2507 4450 ν.)
2538 4378 2684 4433 State
2714 4377 2859 4443 Quia
2897 4395 3011 4434 non
3064 4395 3133 4434 ex
3187 4384 3307 4435 toto
3366 4379 3735 4436 ceciderant.
3771 4380 3837 4434 Et

394 4461 800 4552 infidelitatem
831 4479 865 4517 a
893 4462 1122 4518 Christo
1153 4463 1414 4528 recessit,
1445 4468 1503 4519 et
1532 4465 1813 4521 virtutum
1840 4484 2046 4540 propo-
2082 4487 2127 4552 Ι)
2160 4467 2312 4535 ideo,
2344 4467 2572 4539 quoties
2602 4467 2909 4537 sermo,vel
2941 4467 3267 4523 admonitio
3283 4469 3356 4524 ad
3381 4470 3568 4524 bonos
3599 4468 3702 4538 fit,
3724 4469 3836 4524 isto

397 4552 575 4608 situm
607 4551 841 4619 amisit;
878 4552 1032 4607 unde
1089 4552 1412 4625 propheta:
1474 4553 1934 4626 Exspectantibus
1963 4573 2050 4614 me
2088 4551 2095 4552 ί
2162 4559 2365 4611 utatur
2395 4571 2703 4624 sermone;
2737 4556 2808 4612 ad
2840 4555 3028 4612 malos
3062 4573 3214 4612 vero.
3248 4573 3511 4629 surgere.
3564 4557 3632 4613 Et
3674 4558 3838 4630 quod

396 4641 587 4696 multis
659 4639 847 4697 diebus
905 4642 1074 4712 (946],
1106 4645 1218 4698 etc.
1249 4641 1397 4697 Hinc
1428 4644 1694 4714 estquod
1727 4645 1808 4699 ait
1836 4651 2044 4701 Anna:

400 4727 616 4784 Slerilis
641 4731 854 4800 peperit
882 4735 1084 4800 septem
1114 4731 1286 4801 (947),
1319 4735 1427 4786 etc.

467 4816 918 4888 Sequitueros
946 4822 1128 4874 autem
1182 4820 1407 4892 fratres,
1458 4824 1566 4877 etc.
1626 4823 1706 4878 De
1766 4838 1828 4878 se
1879 4824 2047 4896 (948),

396 4903 637 4976 suisque
667 4904 963 4962 similibus
996 4907 1446 4982 dicit.0rigenes
1475 4927 1609 4966 vero
1627 4911 1769 4966 dicit
1790 4913 1942 4982 quod
1968 4912 2048 4968 le-

393 5047 545 5103 hanc
576 5047 894 5121 Epistolam
908 5049 1452 5122 expositione,hunc
1480 5057 1701 5109 textum
1725 5053 2044 5123 adducens,

395 5123 816 5176 testamentum
847 5127 1031 5177 vocat.

465 5192 612 5262 (945)
647 5191 841 5262 Greece
869 5190 1144 5262 παροινία.

471 5211 612 5262 L340)
647 5211 841 5247 υἲωῦθ
869 5211 944 5244 πα
983 5211 1144 5246 οινια.

471 5262 618 5336 (946)
649 5261 780 5336 Οὲθ,
816 5280 900 5328 III.
929 5211 983 5329 Ξ
1016 5265 1144 5336 dies
1177 5263 1396 5320 multos
1428 5266 1758 5336 expectabis
1790 5283 1902 5323 me.

443 5334 616 5410 “(967)
651 5333 832 5410 I_Reg_.
867 5352 928 5390 ιι.
961 5337 1034 5402 5;
1063 5335 1182 5410 Jer.
1217 5352 1307 5410 ἓν,
1339 5337 1392 5404 9,
1428 5333 1710 5410 numerus
1738 5338 2048 5410 seplemle-

442 5403 554 5483 itur
583 5403 640 5455 in
669 5403 867 5483 lergin
895 5411 1050 5462 textu
1085 5405 1182 5464 cit.
1226 5403 1386 5478 Reg.
1417 5412 1613 5464 autem
1664 5403 1806 5466 loco'
1845 5413 2049 5483 septem

422 5475 612 5542 egitur
639 5475 920 5543 plurimos.

473 5543 618 5615 (948)
649 5544 1284 5606 Pronomenseintextu
1319 5567 1434 5606 non
1458 5549 1670 5624 legitur
1699 5552 2044 5610 Addendum

2159 4649 2314 4699 stare
2343 4645 2416 4701 ad
2448 4645 2652 4713 bonos,
2679 4645 2994 4718 propheta:
3035 4648 3171 4702 Vivit
3214 4647 3505 4712 Dominus,
3571 4647 3635 4702 in
3669 4648 3838 4716 cujus

2156 4737 2442 4805 conspectu
2472 4739 2556 4789 sto
2589 4736 2681 4806 (IV
2707 4736 2831 4805 Reg.
2866 4752 2920 4803 ν,
2955 4726 3082 4805 16);
3115 4740 3172 4790 et
3200 4734 3491 4790 Dominus
3543 4736 3620 4790 ad
3679 4739 3845 4806 Moy-

2159 4838 2261 4876 sen
2292 4839 2304 4876 :
2341 4823 2436 4876 Sla
2463 4830 2524 4876 tu
2541 4822 2632 4878 hic
2659 4839 2871 4879 mecum
2899 4824 3083 4894 (Deut.
3117 4839 3204 4890 ιιι,
3263 4823 3395 4894 31);
3455 4827 3516 4879 et
3575 4824 3839 4896 Stepha-

2159 4927 2308 4966 nus:
2347 4911 2504 4967 Vzdeo
2532 4912 2706 4966 Jesem
2733 4915 2969 4966 stantem
3001 4913 3136 4983 (Act.
3180 4929 3281 4978 vn,
3313 4911 3443 4982 35);
3503 4912 3651 4983 quia
3720 4919 3845 4969 sta-

2156 5059 2350 5130 tamen
2386 5058 2515 5108 tum
2547 5056 2737 5130 textus
2767 5053 2918 5125 ipse,
2948 5058 3073 5109 tum
3105 5053 3279 5109 divus
3327 5054 3742 5130 Hieronymus
3774 5057 3837 5112 in

2157 5125 2312 5181 hunc
2343 5131 2560 5180 textum
2596 5123 2742 5180 mihi
2776 5123 3112 5182 suaserunt.

2227 5197 2376 5268 (949)
2423 5197 2645 5268 Supino
2702 5213 2897 5252 errore
2951 5196 3011 5251 in
3070 5196 3176 5251 cod
3235 5195 3453 5269 legitur
3511 5199 3848 5270 suscipian-

2159 5276 2371 5411 ‘w(959)
2399 5339 2460 5396 Ul
2479 5354 2648 5410 supra
2668 5337 2980 5411 legendum
3011 5338 3211 5394 censui
3234 5339 3654 5411 compendiose
3686 5340 3850 5396 scri-

2157 5414 2287 5490 ptas
2317 5408 2558 5466 litteras
2576 5408 3155 5534 usp.:'_potissimu_m
3213 5426 3344 5464 cum
3365 5408 3382 5410 “
3404 5409 3587 5481 paulo
3643 5428 3847 5492 supe-

2159 5498 2281 5534 rius
2343 5481 2412 5534 de
2473 5481 2589 5534 ﬁlio
2649 5480 2895 5534 ancllae-
2957 5487 3013 5534 et
3073 5482 3286 5534 liberie.
3367 5486 3441 5534 et.
3511 5482 3583 5534 de
3638 5488 3847 5534 inter-

2159 5480 2281 5536 rius
2343 5481 2412 5536 de
2473 5481 2589 5537 ﬁlio
2649 5480 2895 5553 ancillae,
2957 5487 3013 5538 et
3073 5482 3286 5553 liberie,
3367 5480 3441 5536 et.
3511 5482 3583 5537 de
3638 5480 3849 5539 infer-

2159 5553 2482 5624 pretatione
2507 5554 2620 5624 sui,
2654 5552 3017 5625 suorumque
3048 5552 3329 5611 similium
3361 5569 3560 5611 sermo
3605 5553 3723 5610 sit.
