4014 6174
239 340 345 404 537

823 339 1236 405 exrosmo
1277 341 1358 402 IN
1405 321 1830 403 EPISTQLAS
1875 341 1882 401 i

2010 321 2234 404 ΠΛ.-
2264 309 2344 402 in
2389 338 2640 404 EPIST.
2689 338 2792 400 AD
2839 313 3015 400 αλιι.

3502 330 3619 395 538

301 479 433 548 Ergo
461 479 790 532 evacuatum'
815 472 960 547 (967)
987 479 1070 530 est
1097 476 1446 545 scandalum,
1470 480 1579 530 etc.
1601 476 1866 546 Namque
1896 473 1949 544 Α
1980 473 2269 531 similiter.
2305 475 2373 528 Et
2405 475 2542 546 quia
2565 476 2691 544 jam
2723 489 2840 527 una
2870 473 3084 544 pendet
3115 436 3184 526 ex
3212 470 3413 538 altera,
3448 484 3626 540 quare

240 566 578 642 praedicabat
610 565 926 637 Apootolus
957 565 1250 619 Christum
1283 565 1483 620 Jesum
1508 563 1872 630 crucifixum,

240 654 383 730 quod
412 653 622 710 Judwis
655 653 871 726 quidem
900 653 1222 708 scandalum
1247 658 1387 718 erat,
1412 654 1666 722 gentibus
1687 657 1878 707 autem

239 744 472 803 stultitia
502 743 547 813 (ι
578 742 699 797 Cor.
734 760 772 808 1,
805 742 918 813 23),
951 758 1066 796 non
1099 742 1498 798 credentibus.
1535 742 1601 796 Et
1631 743 1760 796 ideo
1789 742 1874 795 di-

239 835 344 891 cit:
376 835 516 903 Ergo
547 839 871 887 evacuatum
925 834 1030 898 est,
1087 837 1196 886 etc.
1251 831 1397 894 Quia
1428 832 1477 886 si
1509 831 1876 886 circumcisio

240 939 346 980 non
377 923 585 988 salvat,
629 920 864 975 frustra
904 917 1151 992 praedico
1202 919 1712 975 circumcisionem
1746 936 1875 991 pro-

237 1013 420 1068 desse.

305 1100 523 1157 Utinam
551 1108 604 1153 et
631 1098 1006 1165 absciduntur,
1039 1103 1146 1153 etc.
1193 1098 1306 1153 Sed
1340 1114 1521 1169 quare
1552 1099 1662 1152 iste
1694 1097 1875 1151 disci-

233 1187 404 1263 pulus
432 1185 700 1243 veritatis
731 1186 912 1255 illius,
946 1187 1047 1258 qui
1079 1187 1302 1242 dixerat
1331 1204 1342 1241 :
1378 1187 1535 1242 Orate
1564 1203 1660 1258 pro
1687 1201 1873 1257 perse-

231 1277 521 1350 quentibus
575 1284 628 1331 et
681 1276 1170 1331 calumniantibus.
1209 1291 1298 1331 vos
1357 1275 1562 1346 (Matth.
1616 1291 1669 1339 v,
1729 1275 1818 1345 44)
1862 1293 1875 1343 ;

232 1372 285 1423 et
321 1367 479 1421 idem
541 1364 886 1437 Apostolus:
949 1365 1258 1419 Benedicite
1311 1364 1760 1436 persequentibus
1794 1379 1880 1419 vos

229 1457 396 1527 (Rom.
431 1469 538 1518 xu,
575 1454 703 1520 14);
737 1458 831 1508 et:
867 1455 1057 1524 Neque
1083 1452 1351 1508 maledici
1378 1469 1608 1523 regnum
1631 1454 1728 1508 Dei
1752 1469 1879 1524 pos-

227 1543 480 1600 sidebant
509 1543 560 1612 (1
612 1542 739 1596 Cor.
799 1559 878 1608 vr,
934 1544 1064 1610 10);
1123 1558 1303 1612 quare
1354 1543 1708 1614 imprecetur
1737 1541 1880 1597 istos

228 1630 503 1688 abscidi?
531 1631 643 1686 Sed
678 1629 940 1686 solvitur.
991 1630 1183 1686 Potuit
1226 1630 1381 1686 enim
1417 1631 1537 1686 fieri
1569 1637 1634 1685 ut
1665 1631 1881 1686 condo-

226 1720 350 1776 lens
381 1718 627 1776 Galatas
656 1720 950 1790 deceptos,
985 1718 1084 1789 qui
1116 1717 1371 1789 pretioso
1402 1719 1687 1790 sanguine
1717 1719 1880 1775 Chri-

1985 581 2098 620 non
2125 564 2468 636 pr0ponitur
2491 563 2719 618 dilectio
2747 562 2841 618 Dei
2867 565 2876 620 !
2907 561 2989 616 Ob
3021 561 3150 624 hoc,
3195 560 3331 631 quia
3356 558 3627 632 probabi-

1984 653 2093 708 lior
2122 653 2382 707 redditur
2411 653 2584 707 homo
2615 652 2922 707 dilectione
2973 649 3240 722 proximi,
3292 665 3468 719 quam
3501 648 3621 703 Dei.

1984 743 2130 797 Nam
2163 748 2352 813 potest
2383 741 2515 812 quis
2547 741 2773 796 dicere:
2828 741 3015 812 Diligo
3068 741 3286 806 Deum;
3320 743 3394 800 et,
3429 737 3475 792 si
3509 753 3623 791 non

1987 831 2196 902 diligit,
2229 830 2570 901 ignoratur;
2605 830 2653 884 si
2684 847 2815 884 vero
2841 829 3102 901 proximo
3134 826 3362 890 dixerit,
3397 825 3626 881 facilius

1987 920 2218 992 probari
2253 922 2459 990 potest,
2495 920 2794 989 quoniam,
2824 918 2869 971 si
2905 917 3059 972 mala
3108 934 3234 988 quae
3267 918 3454 987 potest
3480 915 3626 969 irro-

1987 1015 2105 1082 gat,
2139 1014 2194 1064 et
2231 1010 2384 1063 bona
2415 1025 2540 1079 quae
2574 1012 2762 1078 potest
2791 1025 2905 1062 non
2934 1007 3288 1078 impertitur,
3339 1009 3532 1076 aperte
3565 1020 3626 1058 se

1988 1098 2324 1154 manifestat
2347 1115 2458 1151 non
2487 1097 2724 1168 diligere
2749 1096 3098 1167 proximum.
3124 1096 3190 1149 Et
3214 1096 3340 1149 ideo
3367 1091 3626 1148 dilectio-

1989 1204 2121 1243 nem
2158 1186 2402 1259 proximi
2437 1187 2651 1257 posuit,
2685 1202 2799 1240 non
2831 1186 2954 1240 Dei.

2059 1277 2211 1344 Quod
2242 1278 2298 1330 in
2334 1278 2567 1330 invicem
2612 1275 2898 1340 mordetis,
2933 1279 3041 1328 etc.
3076 1273 3152 1328 Ex
3185 1273 3428 1328 diversis
3458 1287 3627 1326 nam-

1990 1382 2103 1437 que
2133 1365 2650 1436 disputationibus,
2677 1363 2806 1418 aliis
2828 1363 3160 1418 dicentibus
3183 1361 3478 1416 meliorem
3503 1376 3629 1415 esse

1989 1453 2174 1526 legem
2208 1453 2414 1525 gratia,
2448 1451 2578 1507 aliis
2609 1452 2905 1507 meliorem
2955 1467 3082 1506 esse
3113 1449 3364 1504 litteram
3397 1447 3628 1519 spiritu,

1991 1543 2121 1598 aliis
2153 1541 2450 1597 meliorem
2475 1545 2737 1612 apertum
2761 1539 3157 1603 Judaismum,
3180 1538 3308 1592 aliis
3331 1536 3630 1592 meliorem

1991 1631 2306 1695 occultum,
2331 1635 2462 1700 etc.,
2487 1629 2656 1685 variae
2680 1629 3016 1684 oriebantur
3038 1627 3496 1682 contrarietates.
3521 1625 3629 1678 Sed

1983 1723 2108 1792 jam
2142 1719 2406 1774 nonnulli
2440 1720 2568 1774 ideo
2600 1737 2660 1774 se
2691 1717 3203 1781 circumcidebant,
3239 1721 3302 1770 ut
3333 1713 3463 1770 aliis
3496 1729 3636 1784 pree-

229 1810 301 1866 sti
333 1809 572 1864 fuerant
624 1808 933 1879 redempti,
995 1806 1397 1862 stomachatus
1455 1813 1511 1863 et
1539 1808 1882 1880 indignatus
1914 1844 1961 1907 B
1994 1811 2300 1878 ferrentur,
2334 1813 2390 1862 et
2433 1807 2540 1862 hoc
2593 1807 2854 1861 faciendo
2908 1805 3267 1870 invidebant,
3302 1810 3358 1858 et
3387 1802 3531 1857 alios
3563 1801 3630 1856 ad

228 1899 490 1954 diceret:
530 1899 749 1954 Utinam
769 1897 1136 1957 absidantur;
1169 1897 1226 1950 id
1276 1902 1384 1961 est,
1420 1896 1643 1952 utinam
1680 1899 1883 1968 perde—

227 1991 455 2051 rentur,
490 1986 590 2058 qui
623 2002 724 2041 vos
755 1985 1126 2052 conturbant,
1159 1985 1230 2039 de
1262 1985 1451 2039 medio
1481 1986 1676 2049 vestri,
1703 1993 1765 2040 ut
1784 2003 1885 2040 vos

226 2074 632 2131 salvaremini.
671 2073 798 2128 Alio
831 2089 1048 2128 sensu:
1101 2072 1338 2128 Utinam
1379 2074 1793 2140 abscidantur;
1825 2075 1884 2128 id

222 2168 331 2229 est,
359 2163 410 2218 si
437 2162 640 2234 aliqua
659 2161 900 2217 salvatio
938 2166 1027 2216 est
1064 2161 1123 2214 in
1157 2161 1623 2228 circumcisione,
1661 2163 1884 2217 utinam

222 2252 644 2307 abscideretur
664 2250 807 2305 illud
836 2251 1189 2313 membrum,
1213 2249 1271 2304 in
1291 2266 1404 2322 quo
1427 2254 1516 2305 est
1537 2251 1798 2318 salvatio,
1823 2255 1887 2305 ut

217 2339 602 2397 eunuchizati
662 2339 1078 2405 redderentur;
1140 2339 1294 2393 unde
1325 2339 1648 2394 Dominus:
1683 2342 1885 2395 Metius

219 2434 300 2486 est
358 2445 496 2484 cum
550 2446 660 2485 uno
715 2429 888 2494 oculo,
948 2431 1056 2482 etc.
1118 2428 1326 2498 (Matth.
1386 2445 1549 2494 xvm,
1604 2431 1681 2495 9;
1723 2429 1884 2483 Marc.

215 2535 298 2584 1x,
334 2517 457 2588 46).

293 2611 407 2662 Vos
440 2606 595 2660 enim
639 2606 700 2659 in
758 2606 1066 2660 libertatem
1123 2605 1295 2660 vocati
1352 2607 1506 2674 estis,
1538 2611 1645 2662 etc.
1674 2624 1687 2673 ;
1721 2607 1888 2678 quasi

217 2694 492 2750 diceret:
553 2694 658 2757 Qui
722 2694 794 2748 ad
853 2692 1186 2748 libertatem
1247 2693 1536 2760 transitis,
1597 2695 1785 2750 videte
1818 2713 1891 2750 ne

213 2788 471 2856 propter
499 2781 828 2837 libertatem
853 2782 1181 2836 secundum
1199 2781 1432 2837 libitum
1455 2787 1714 2838 vestrum
1740 2786 1892 2839 viva-

213 2871 320 2928 tis.
367 2870 509 2927 Sive
561 2869 700 2941 quia
759 2871 828 2924 ad
889 2869 1221 2925 libertatem
1279 2871 1566 2941 transitis,
1600 2872 1786 2928 videte
1822 2890 1892 2928 ne

209 2959 408 3016 libere
442 2959 517 3014 ad
550 2958 1061 3014 circumcisionem
1085 2960 1422 3027 transeatis,
1447 2961 1616 3030 (968),
1641 2966 1694 3015 et
1717 2978 1889 3031 pseu-

211 3047 601 3120 doapostolis
633 3047 910 3118 parcatis,
943 3051 1010 3101 ut
1046 3046 1165 3101 illis
1212 3047 1584 3114 subdamini;
1641 3065 1774 3104 nam
1807 3049 1893 3104 illi

209 3137 352 3193 ideo
387 3135 607 3192 volunt
626 3152 730 3190 vos
750 3136 821 3190 ad
855 3135 1364 3190 circumcisiouem
1387 3137 1658 3204 transire,
1683 3143 1747 3192 ut
1777 3138 1895 3194 illis

206 3224 605 3290 subdamini,
626 3229 920 3296 quatenus
937 3224 1092 3294 quod
1113 3223 1456 3294 impenditis
1479 3242 1582 3295 per
1599 3227 1897 3295 timorem,
1929 3208 1971 3274 C

199 3312 594 3386 impendatis
618 3329 718 3388 per
737 3327 1018 3368 amorem.
1044 3312 1112 3366 Et
1139 3312 1267 3367 ideo
1297 3313 1604 3385 subjungit
1628 3333 1640 3369 :
1666 3314 1776 3370 Sed
1801 3332 1901 3386 per

196 3404 386 3460 citari
389 3405 592 3467 tatem,
626 3405 736 3455 etc.

280 3489 461 3562 (969)
525 3488 676 3543 Dicit
733 3489 890 3544 enim
947 3489 1154 3544 beatus
1209 3490 1562 3561 Gregorius:
1597 3493 1761 3547 Tunc
1796 3510 1901 3548 nos

197 3580 496 3637 charitas
527 3595 559 3632 a
579 3578 725 3649 jugo
756 3576 1054 3632 servitutis
1083 3578 1374 3649 perfectos
1428 3580 1640 3648 reddit,
1669 3581 1900 3651 quoties

199 3685 316 3725 nos
339 3669 564 3722 nostro
587 3665 846 3720 vicissim
870 3681 973 3738 per
992 3682 1253 3722 amorem
1273 3667 1508 3723 servitio
1529 3669 1729 3725 subdit
1749 3688 1762 3735 ;
1781 3671 1902 3726 sive

198 3762 358 3813 tunc
386 3771 515 3811 no
546 3771 580 3809 a
602 3754 747 3826 jugo
780 3753 1078 3808 servitutis
1107 3755 1391 3826 perfectos
1424 3757 1636 3827 reddit,
1672 3760 1900 3828 quoties

199 3862 318 3903 nos
349 3847 577 3900 nostra
603 3842 758 3897 bona
780 3841 912 3896 aliis
942 3841 1400 3913 impertimus,et
1422 3845 1672 3900 aliorum
1698 3850 1902 3902 nostra

200 3936 619 4007 deputamus.

278 4023 501 4080 Omnis
533 4020 686 4075 enim
742 4033 862 4087 rex,
920 4021 1027 4073 etc.
1088 4017 1264 4083 Quasi
1318 4019 1554 4074 diceret.
1588 4020 1901 4092 OGalatae,

201 4129 403 4184 quare
444 4109 531 4166 ad
565 4106 784 4180 legales
817 4107 1251 4162 observationes
1272 4109 1524 4164 transire
1544 4108 1742 4176 vultis,
1769 4127 1901 4164 cum

202 4201 429 4257 omnia
469 4213 599 4253 uno
631 4211 901 4252 sermone
931 4195 1388 4266 compleantur?
1439 4198 1505 4252 Et
1535 4199 1668 4269 quis
1700 4199 1776 4252 sit
1808 4198 1904 4254 ille

197 4306 441 4358 sermo,
478 4284 829 4357 subjungit:
851 4285 1057 4355 Diliges
1069 4286 1388 4354 proximum
1414 4292 1594 4353 tuum,
1617 4292 1723 4341 etc.
1744 4287 1906 4342 Sicut

197 4379 373 4435 enim
412 4378 486 4432 in
523 4373 792 4446 Epistola
823 4373 895 4428 ad
929 4373 1227 4429 Romanos
1257 4375 1430 4429 dicit:
1461 4376 1690 4431 Dilectio
1707 4378 1903 4447 proxi-

191 4471 281 4525 mi
307 4469 562 4524 malum
585 4479 695 4520 non
724 4467 986 4534 operatur
1013 4463 1188 4535 (Rom.
1245 4481 1371 4530 xm,
1428 4466 1514 4536 10)
1539 4482 1552 4531 ;
1587 4470 1679 4519 et:
1710 4466 1901 4520 Pleni-

1994 1898 2374 1953 invidentiam
2391 1897 2721 1961 trahebant,
2737 1894 2913 1949 ethoc
2928 1893 3188 1948 faciendo
3207 1891 3633 1946 consumeban-

1994 1993 2108 2042 tur.
2137 1987 2205 2040 Et
2225 1987 2354 2041 ideo
2373 1986 2479 2040 hoc
2495 1982 3071 2053 dicebatApostolus.
3093 1981 3219 2036 Alio
3253 1997 3429 2036 sensu
3457 1978 3638 2048 :Quod

1994 2079 2047 2131 si
2075 2077 2311 2131 invicem
2339 2075 2597 2128 mordclis
2619 2091 2639 2134 ;
2671 2073 2728 2127 id
2761 2076 2867 2137 est,
2903 2072 2950 2126 si
2984 2071 3053 2127 ad
3077 2068 3366 2124 carnalem
3391 2068 3635 2122 circum-

1997 2166 2278 2221 cisionem
2313 2163 2459 2234 legis
2489 2161 2864 2227 transieritis,
2894 2159 3138 2214 invicem
3173 2156 3472 2220 mordetis,
3505 2157 3641 2228 quia

1995 2253 2315 2308 vindictam
2371 2251 2632 2323 exigetis.
2695 2250 2840 2305 Nam
2901 2248 2991 2304 lex
3049 2249 3227 2302 dicit:
3290 2246 3515 2302 Oculum
3543 2261 3642 2315 pro

1997 2343 2172 2410 oculo,
2206 2346 2315 2395 etc.
2348 2343 2539 2408 (Levit.
2573 2357 2719 2405 xxiv,
2749 2341 2880 2406 20,;
2916 2343 2972 2392 et
3015 2337 3156 2392 dum
3190 2335 3507 2389 vindictam
3541 2350 3642 2390 ex-

1999 2431 2215 2502 petitis,
2251 2429 2699 2490 consumemini,
2735 2428 3012 2500 quoniam
3047 2443 3160 2481 non
3187 2425 3311 2496 jam
3345 2441 3519 2491 unus,
3545 2423 3640 2477 sed

2000 2520 2114 2574 duo
2147 2523 2410 2590 pereunt.
2443 2519 2552 2573 Sed
2578 2519 2872 2588 quomodo
2925 2513 3396 2588 poterantJudaai
3447 2514 3518 2568 ab
3552 2512 3644 2566 his

2000 2609 2273 2664 omnibus
2307 2606 2598 2680 praedictis
2645 2623 2705 2660 se
2762 2622 2982 2670 eruere,
3035 2604 3147 2659 nisi
3192 2601 3531 2675 spiritaliter
3560 2591 3666 2655 vi-i

1998 2701 2199 2752 verent
2214 2697 2240 2750 ?

2071 2785 2220 2856 (971)
2253 2787 2316 2840 Et
2347 2787 2475 2841 ideo
2535 2786 2876 2856 subjungit:
2935 2785 3154 2853 Spiritu
3206 2782 3510 2838 ambulate.
3545 2780 3648 2836 llle

2003 2875 2158 2928 enim
2187 2873 2394 2945 spiritu
2419 2874 2706 2942 ambulat,
2732 2875 2829 2945 qui
2853 2890 3026 2944 opera
3047 2872 3240 2926 carnis
3260 2888 3376 2926 non
3391 2871 3644 2942 perlicit;

2003 2966 2060 3016 et
2080 2960 2178 3016 ille
2201 2977 2374 3015 carne
2397 2979 2508 3015 non
2535 2961 2819 3026 ambulat,
2844 2962 2943 3033 qui
2980 2977 3154 3032 opera
3175 2960 3367 3014 carnis
3389 2976 3503 3014 non
3525 2975 3651 3030 per-

2004 3049 2148 3114 ficit,
2172 3049 2495 3104 reluctante
2518 3050 2747 3120 spiritu.
2782 3051 2924 3104 Item
2947 3054 3085 3104 tunc
3112 3065 3288 3119 opera
3309 3047 3502 3102 carnis
3535 3063 3650 3100 non

2008 3139 2418 3211 perficiuntur,
2442 3155 2573 3193 cum
2601 3138 2922 3193 reluctatur
2943 3137 3184 3208 spiritus
3208 3155 3219 3203 ;
3245 3141 3300 3191 et
3323 3141 3461 3191 tunc
3483 3151 3655 3203 opera

2009 3226 2256 3297 spiritus
2287 3227 2692 3297 perficiuntur,
2727 3244 2860 3281 cum
2894 3226 3095 3281 nullus
3133 3231 3328 3280 motus
3363 3223 3654 3279 reluctans

2010 3314 2205 3370 carnis
2237 3314 2296 3368 in
2343 3315 2511 3370 nobis
2572 3315 2883 3370 invenitur.
2939 3315 3100 3381 Quod
3160 3315 3316 3370 enim
3349 3313 3443 3368 hic
3475 3313 3652 3367 dicit:

2008 3403 2292 3458 Desideria
2313 3405 2499 3458 carnis
2529 3420 2637 3459 non
2655 3405 2972 3474 perﬁcietis,
2995 3403 3112 3458 tale
3135 3407 3222 3457 est
3243 3401 3413 3474 quale
3435 3406 3490 3456 et
3509 3400 3654 3456 illud

2010 3491 2069 3546 in
2095 3491 2346 3562 Epistola
2367 3493 2438 3546 ad
2472 3493 2782 3552 Romanos.
2826 3493 2924 3547 ubi
2969 3492 3144 3547 dicit:
3179 3492 3314 3546 Nam
3346 3492 3481 3546 velle
3508 3490 3661 3559 adja-

2009 3587 2090 3636 cet
2120 3580 2282 3647 mihi,
2316 3582 2582 3651 perﬁcere
2611 3591 2799 3637 autem
2843 3584 3040 3636 bonum
3090 3597 3203 3635 non
3234 3582 3454 3636 invenio
3486 3581 3658 3651 (Rom.

2009 3685 2108 3735 vn,
2147 3671 2252 3740 l8).
2289 3670 2453 3725 Sicut
2475 3672 2631 3726 enim
2655 3671 2732 3726 ibi
2773 3673 2842 3726 de
2871 3671 3063 3738 bonis,
3094 3670 3176 3726 ita
3196 3675 3252 3726 et
3274 3671 3368 3724 hic
3399 3668 3662 3741 loquitur

2011 3757 2082 3811 de
2115 3757 2309 3812 malis.

2083 3846 2191 3899 Sed
2228 3848 2550 3900 notandum
2612 3848 2749 3917 quia
2775 3847 2934 3902 aliud
2993 3854 3082 3902 est
3116 3849 3301 3903 facere
3333 3849 3570 3910 bonum,
3605 3851 3661 3901 et

2013 3933 2171 3988 aliud
2204 3935 2502 4004 perficere.
2541 3935 2746 3988 Facere
2778 3951 3033 4005 namque
3080 3935 3295 3989 bonum
3329 3940 3419 3989 est
3455 3950 3663 3988 concu-

2014 4021 2315 4092 piscentiis
2348 4022 2656 4086 resistere;
2717 4024 3011 4092 perﬁcere.
3054 4041 3166 4077 non
3227 4023 3658 4094 concupiscere.

2014 4111 2173 4164 Sicut
2197 4111 2352 4164 aliud
2379 4115 2468 4165 est
2499 4128 2611 4164 non
2638 4127 2898 4182 peccare,
2922 4117 2979 4167 et
3002 4111 3159 4165 aliud
3184 4112 3405 4182 absque
3430 4115 3661 4181 peccato

2013 4216 2160 4255 esse.
2193 4199 2315 4253 Non
2350 4216 2587 4271 peccare
2623 4217 2962 4271 possumus,
2988 4201 3045 4255 id
3068 4205 3155 4255 est
3177 4198 3663 4270 concupiscentiis

2013 4290 2284 4344 resistere
2312 4313 2324 4354 ;
2350 4289 2571 4358 absque
2594 4294 2826 4358 peccato
2849 4305 2978 4344 esse
3010 4307 3121 4344 non
3157 4305 3496 4360 possumus,
3526 4287 3664 4359 quia

2015 4377 2508 4449 concupiscimus.
2568 4377 2847 4433 Similiter
2904 4384 2962 4433 et
3007 4379 3101 4432 hic
3146 4377 3302 4432 aliud
3336 4381 3420 4432 est
3448 4377 3662 4431 habere

2013 4466 2301 4521 desideria
2334 4466 2547 4532 carnis,
2581 4469 2636 4520 et
2667 4465 2826 4521 aliud
2860 4484 2973 4522 non
3027 4466 3321 4538 perficere.
3364 4464 3663 4520 Desideria

195 4559 337 4614 tudo
372 4556 537 4627 legis
596 4557 674 4608 est
731 4551 953 4608 dilectio
1012 4552 1137 4622 (ld.,
1199 4553 1360 4624 ibid.)
1389 4571 1401 4619 ;
1436 4554 1516 4608 ita
1545 4557 1604 4609 et
1636 4553 1747 4609 hic.
1792 4555 1902 4610 Sed
1937 4572 1984 4636 Ι)
2015 4571 2271 4626 namque
2290 4555 2482 4610 carnis
2501 4571 2615 4609 non
2642 4554 2853 4610 habere
2875 4572 2987 4610 non
3016 4570 3355 4625 possumus,
3380 4553 3514 4624 quia
3533 4569 3665 4607 con-

192 4662 398 4720 quare
445 4641 840 4701 solummodo
871 4640 932 4695 in
963 4641 1276 4697 dilectione
1309 4642 1556 4713 proximi
1590 4642 1908 4714 plenitudi-

193 4752 339 4791 nem
376 4735 564 4790 dicat
592 4746 721 4786 esse
754 4729 921 4801 legis,
951 4745 1084 4784 cum
1119 4731 1276 4785 dicat
1307 4730 1681 4803 Evangelium
1716 4733 1862 4803 (970)
1889 4749 1903 4788 :

190 4827 310 4882 Leu:
334 4823 594 4898 pendet,
626 4823 676 4874 et
700 4819 985 4890 prophetae
1004 4822 1029 4871 .9
1060 4819 1192 4874 Ideo
1211 4863 1224 4885 ,
1287 4821 1424 4890 quia
1483 4838 1593 4874 una
1624 4837 1692 4875 ex
1724 4820 1906 4876 altera

191 4915 455 4987 pendet,
497 4915 568 4966 et
601 4924 720 4974 una
749 4908 875 4963 sine
915 4906 1098 4964 altera
1125 4924 1256 4964 esse
1293 4925 1407 4962 non
1454 4913 1662 4980 potest.
1697 4911 1776 4964 Ac
1805 4926 1906 4981 per

188 5003 306 5060 hoc
341 5001 460 5076 qui
499 4995 705 5069 diligit
736 4995 1091 5067 proximum,
1126 4996 1314 5052 Deum
1349 4996 1558 5069 diligit,
1594 4998 1733 5068 quia
1755 5016 1902 5070 pm-

189 5097 459 5164 ceptum
497 5089 643 5159 ejus
675 5083 889 5157 diligit.
916 5088 1278 5155 Praeceptum
1302 5101 1556 5156 namque
1577 5085 1677 5151 Dei
1700 5091 1790 5141 est
1811 5087 1901 5142 di-

184 5180 387 5255 ligere
422 5175 825 5252 proximum:
861 5178 920 5229 et
948 5173 1051 5246 qui
1088 5175 1268 5229 Deum
1319 5173 1532 5246 diligit,
1565 5175 1898 5245 proximum

259 5288 434 5360 (967)
474 5286 557 5342 In
607 5281 735 5360 cod.
795 5280 1224 5360 emetiendum;
1258 5282 1444 5360 __quod
1489 5281 1668 5360 juxta
1693 5299 1898 5360 omnes

185 5351 435 5426 textus,
471 5361 618 5413 tum
675 5351 922 5424 Gracos,
981 5357 1109 5408 tum
1169 5351 1406 5408 Latinos
1466 5351 1896 5410 emendandum

186 5447 448 5576 οϐῗδὲἑὶ
475 5493 973 5576 Α;είνειιηιει’δίοηθ
994 5494 1170 5576 habet
1195 5495 1372 5576 είὶᾴθῗί
1397 5512 1409 5561 ἓ
1436 5497 1589 5567 q‘md
1614 5501 1680 5576 “At
1696 5512 1896 5553 eme"-

187 5565 501 5630 da'vimus
535 5567 856 5639 legendum
889 5582 1015 5638 quae
1048 5565 1386 5624 immediate
1410 5565 1742 5638 sequuntur
1763 5586 1894 5640 pro-

189 5646 369 5702 bant.

2019 4643 2412 4715 cupiscimus;
2439 4645 2537 4699 sed
2564 4649 2760 4700 tamen
2784 4661 2895 4699 non
2923 4642 3278 4714 periicimus,
3305 4643 3663 4714 quiaconcu-

2019 4733 2323 4804 piscentiis
2355 4733 2686 4787 resistimus
2708 4751 2720 4797 ;
2746 4734 2843 4786 sed
2876 4737 3016 4786 tunc
3040 4732 3309 4804 perfecte,
3330 4749 3463 4787 cum
3482 4733 3664 4787 absor-

2010 4825 2106 4893 pta
2137 4823 2316 4892 fuerit
2345 4838 2491 4875 mors
2539 4824 2598 4874 in
2659 4822 2897 4875 victoria
2946 4822 2994 4891 (Ι
3023 4821 3147 4876 Cor.
3179 4840 3269 4886 xv,
3302 4822 3414 4891 54),
3449 4827 3506 4876 et
3534 4837 3662 4876 cum

2014 4911 2246 4965 mortale
2275 4914 2375 4963 hoc
2405 4909 2646 4963 induerit
2678 4911 3146 4965 immortalitatem
3178 4911 3302 4981 (111.,
3339 4911 3516 4980 ibid).

2089 4998 2228 5052 Caro
2258 5000 2410 5052 enim
2440 5001 2793 5070 concupiscit,
2827 5003 2934 5053 etc.
2956 5001 3090 5064 Quae
3115 4999 3410 5065 nolumus,
3433 5013 3499 5052 ea
3522 4995 3659 5050 faci-

2015 5105 2149 5142 mus
2178 5087 2354 5158 (Rom.
2389 5104 2488 5156 vu,
2526 5089 2632 5158 16),
2662 5093 2720 5143 et
2771 5088 3264 5159 concupiscimus.
3299 5090 3411 5142 Isto
3443 5084 3658 5139 etenim

2014 5177 2186 5232 modo
2218 5176 2569 5247 generaliter
2599 5178 2865 5233 doctores
2913 5179 2981 5232 ad
3035 5175 3537 5232 conﬁrmationem
3568 5171 3662 5227 sui

2084 5283 2230 5389 (969)
2264 5283 2324 5337 In
2359 5286 2554 5354 autog.
2585 5300 2770 5365 marg.
2803 5283 2896 5338 hic
2929 5283 3309 5363 legiturcap.
3345 5277 3587 5362 XXVIIII.

2084 5355 2210 5389 1070
2269 5354 2536 5389 ΔΑΑοηΛσι
2563 5371 2899 5389 ηοηοιιιι-ηηο
2924 5355 3088 5389 νοπιπιῃ
3115 5353 3260 5389 ΛιρηΙ
3286 5351 3587 5389 Fununolnr

2082 5351 2230 5421 (970)
2261 5351 2541 5409 Addenda
2563 5351 2742 5411 censu
2749 5356 2900 5409 imus
2924 5351 3094 5408 verba
3115 5353 3260 5405 dicat
3281 5351 3658 5421 Evangelium,

2010 5425 2260 5480 Matthzei
2296 5425 2517 5481 scilicet
2545 5443 2684 5489 xxu,
2738 5429 2828 5492 40,
2890 5428 2947 5479 in.
2979 5424 3063 5477 his
3119 5423 3328 5478 duobus
3357 5423 3656 5488 mandatis,

2009 5496 2228 5551 scilicet
2258 5496 2316 5551 in
2350 5496 2655 5552 dilectione
2688 5497 2780 5550 Dei
2814 5501 2868 5550 et
2899 5494 3166 5564 proximi,
3198 5500 3310 5549 etc.

2081 5568 2231 5640 (971)
2262 5569 2364 5624 llic
2398 5570 2456 5623 in
2490 5573 2681 5640 autog.
2748 5582 2931 5636 marg.
2991 5565 3204 5637 legitur
3235 5582 3361 5640 cap.
3399 5565 3569 5622 XXIX
3599 5568 3657 5618 et

2011 5639 2309 5697 Dominica
2342 5641 2466 5696 XIV
2498 5639 2821 5712 post’Pent.
