4014 6174
317 295 432 359 539

1331 300 1668 363 ATTONIS
1710 299 2292 364 VERCELLENSIS
2339 301 2689 366 EPISGOPI

3597 299 3711 377 540

313 430 424 488 hoc
455 431 781 504 exemplum
812 436 1042 491 tranere
1073 434 1282 492 solent.
1332 438 1440 493 Sed
1482 435 1646 494 valde
1678 436 1949 493 laboran-
1978 435 2035 502 Α
2064 435 2341 492 venisset.
2374 437 2441 492 Et
2495 453 2610 492 non
2643 441 2734 492 est
2791 434 3153 493 contrarium
3209 430 3366 507 quod
3401 431 3542 489 dicit
3568 431 3718 490 vobis

317 521 477 588 dum,
511 538 581 576 ne
611 523 878 578 videatur
905 525 1217 597 Apostolus
1247 545 1279 582 a
1308 532 1498 598 empta
1527 527 1844 582 intentione
1868 543 1954 581 re-

316 611 560 667 cessisse
592 611 844 669 insolite.
877 615 1022 670 Nam
1057 615 1320 671 soletille
1343 615 1694 689 praelibando
1718 632 1956 671 causam

315 704 574 771 tangere,
602 719 778 774 quam
809 704 864 757 in
900 705 1282 775 sequentibus
1331 711 1658 777 exaggerat.
1691 707 1801 761 Sed
1829 706 1960 760 talis

321 795 408 844 est
429 789 693 845 intentio.
717 792 976 863 Cmperat
996 794 1296 849 destruere
1318 794 1578 849 carnales
1599 794 1744 865 legis
1766 796 1959 849 obser-

318 878 619 946 vationes;
653 881 843 936 adhuc
871 881 931 936 in
981 883 1300 937 intentione
1352 900 1748 954 perseverans,
1782 883 1956 938 dicit:

316 970 521 1038 spiritu
542 969 846 1037 ambulate;
869 971 922 1025 id
943 976 1051 1038 est,
1071 971 1610 1044 spiritaliterlegem
1634 972 1961 1043 intelligite,

319 1058 458 1126 quia
481 1057 526 1109 si
562 1058 834 1126 feceritis,
868 1060 1155 1114 desideria
1185 1061 1378 1116 carnis
1409 1078 1523 1116 non
1547 1062 1876 1131 perficietis,
1903 1061 1961 1115 id

321 1150 408 1200 est
430 1145 741 1201 vindictam
768 1165 882 1202 non
905 1149 1167 1219 exigetis.
1209 1149 1352 1205 Caro
1394 1150 1770 1221 concupiscit,
1794 1151 1852 1203 i'l
1875 1153 1964 1205 est

322 1251 568 1289 carneus
619 1253 831 1290 sensus
890 1238 1170 1292 adversus
1218 1237 1564 1308 spiritalem,
1597 1243 1655 1293 et
1683 1237 1964 1310 spiritalis

321 1324 600 1379 adversus
631 1325 946 1379 carnalem.
971 1326 1041 1379 Et
1069 1325 1116 1379 si
1140 1326 1448 1397 contigerit
1488 1331 1553 1380 ut
1577 1326 1829 1381 carnalis
1860 1343 1962 1381 su-

323 1417 559 1482 peretur
588 1414 734 1483 (972)
767 1431 799 1468 a
821 1413 1089 1484 spiritali,
1115 1418 1275 1469 totus
1301 1415 1474 1469 homo
1495 1414 1712 1470 dicitur
1737 1415 1966 1486 spirita-

329 1501 438 1567 lis;
465 1501 737 1556 similiter
761 1508 814 1556 et
840 1501 1079 1558 alterno.
1105 1505 1265 1567 Quod
1291 1521 1405 1560 non
1429 1504 1619 1560 solum
1653 1505 1709 1558 in
1735 1504 1964 1559 duobus

323 1590 686 1657 hominibus,
725 1592 824 1646 sed
857 1591 915 1645 in
951 1608 1064 1646 uno
1093 1611 1104 1659 ;
1139 1610 1272 1647 nam
1323 1592 1465 1648 solet
1513 1592 1741 1647 evenire
1771 1598 1836 1647 ut
1861 1592 1965 1647 ali-

323 1679 556 1748 quando
581 1678 844 1749 praeferat
865 1680 1011 1750 (973)
1053 1681 1333 1750 spiritalis
1371 1681 1612 1747 carnali,
1640 1687 1695 1737 et
1715 1681 1965 1737 carnalis

2072 525 2213 596 quia
2241 525 2519 581 omnibus
2551 525 2821 582 Ecclesiis
2851 543 2989 581 suas
3019 524 3256 596 scripsit
3285 522 3594 595 Epistolas.

2144 617 2368 671 Fracta:
2402 619 2586 672 autem
2613 617 2868 686 spiritus,
2890 619 2999 670 etc.
3045 614 3192 669 Nota
3221 612 3360 684 quia
3379 612 3521 667 vitia
3542 628 3720 684 opera

2069 705 2264 759 carnis
2294 703 2570 776 appellat.
2592 704 2837 775 spiritus
2861 704 3031 774 (976),
3052 701 3318 769 virtutes,
3343 700 3483 772 quia
3501 699 3598 754 illa
3616 701 3719 756 de-

2071 794 2219 848 strui
2243 797 2510 864 possunt,
2539 793 2652 848 ista
2699 809 2832 847 vero
2857 791 3187 863 proficiunt.
3242 791 3509 846 Adversus
3532 789 3722 861 hujus-

2069 881 2218 938 modi
2243 899 2354 937 non
2385 890 2461 936 est
2487 883 2597 948 leas,
2623 898 2738 937 non
2762 881 2903 936 dicit
2923 881 3204 935 adversus
3224 879 3368 947 haec,
3392 895 3464 934 ne
3484 878 3722 933 videan-

2073 977 2169 1026 tur
2186 977 2391 1026 czetera
2411 970 2662 1026 exclusa.
2687 971 2984 1025 Adversus
3005 968 3345 1039 hujusmodi
3367 984 3484 1023 non
3503 966 3724 1034 estlex,

2075 1059 2234 1127 dicit,
2260 1060 2399 1132 quia
2432 1059 2517 1114 illi
2539 1060 2638 1132 qui
2660 1059 2720 1114 in
2741 1059 2959 1114 talibus
2984 1061 3290 1113 morantur
3311 1073 3425 1112 non
3449 1062 3590 1111 sunt
3610 1055 3728 1110 sub

2074 1149 2221 1221 lege,
2247 1149 2385 1221 quia
2403 1149 2490 1204 lex
2513 1167 2627 1204 non
2659 1154 2748 1204 est
2770 1148 3173 1219 positajustis,
3199 1146 3300 1202 sed
3321 1145 3578 1216 injustis,
3601 1145 3732 1199 sive

2074 1239 2442 1310 spiritalibus
2463 1243 2520 1292 et
2541 1236 3226 1308 spiritaliterviventibus
3240 1251 3356 1291 non
3375 1238 3466 1290 est
3484 1233 3592 1290 lex.
3608 1234 3730 1289 Sed

2074 1327 2378 1384 sciendum
2407 1327 2547 1398 quia
2569 1327 2844 1398 superius
2871 1325 3186 1397 praeposuit
3208 1323 3368 1390 vitia,
3389 1322 3598 1379 deinde
3616 1321 3735 1377 vir-

2075 1422 2254 1472 tutes.
2290 1417 2356 1471 Et
2386 1433 2621 1472 necesse
2650 1420 2739 1470 est
2771 1420 2836 1470 ut
2864 1414 3122 1486 primum
3151 1413 3293 1468 vitia
3322 1413 3732 1484 destruantur,

2075 1506 2288 1561 deinde
2323 1507 2473 1560 bona
2503 1509 2878 1576 peragantur,
2938 1507 3003 1558 ut
3059 1501 3410 1558 Psalmista:
3440 1500 3668 1556 Declina
3697 1517 3733 1554 a

2073 1598 2238 1663 malo,
2273 1600 2382 1650 etc.
2416 1595 2592 1660 (Psal.
2645 1611 2838 1659 xxxvr,
2867 1594 2958 1664 27)
3011 1596 3068 1647 et
3117 1590 3404 1647 Jeremias
3434 1605 3448 1646 :
3480 1591 3652 1645 Posui
3678 1593 3734 1644 te

2075 1695 2136 1739 ut
2165 1684 2388 1753 evellas,
2420 1688 2528 1738 etc.
2563 1683 2686 1753 (Job
2720 1700 2756 1748 1,
2793 1683 2880 1748 10)
2905 1700 2918 1749 ;
2945 1685 3002 1737 et
3019 1680 3274 1736 Jacobus
3297 1697 3310 1734 :
3336 1680 3568 1749 Propter
3585 1676 3736 1748 quod

323 1766 592 1836 spiritali.
627 1771 748 1822 Non
780 1784 1117 1841 quaecunque
1145 1771 1330 1836 vultis,
1382 1775 1515 1839 etc.;
1549 1772 1605 1825 id
1638 1775 1746 1834 est,
1779 1771 1964 1827 vindi-
1996 1804 2045 1867 B
2076 1774 2390 1845 abjicientes
2414 1788 2633 1827 omnem
2664 1771 3084 1826 immunditiam
3113 1771 3248 1840 (Jac.
3284 1786 3323 1840 ι,
3352 1769 3464 1838 21).

321 1860 471 1910 ctam
508 1873 619 1911 non
651 1858 950 1927 expctatis.

392 1945 541 2012 Quod
568 1947 621 2000 si
647 1948 850 2016 spiritu
902 1947 1190 2015 ducimini,
1243 1953 1373 2017 etc.,
1439 1949 1494 2004 id
1528 1955 1633 2015 est,
1668 1949 1716 2005 si
1744 1949 1967 2021 Spiritu

323 2033 422 2088 Dei
449 2034 754 2106 agitamini
786 2040 842 2090 et
873 2037 1206 2102 movemini,
1237 2055 1342 2093 non
1375 2041 1505 2094 estis
1534 2041 1634 2094 sub
1659 2041 1810 2110 lege;
1833 2039 1970 2110 quia

324 2121 414 2177 lex
429 2139 541 2178 non
567 2127 655 2178 est
675 2124 1062 2194 positajustis
1085 2145 1096 2194 ;
1122 2126 1242 2180 sive
1272 2127 1489 2197 Spiritu
1517 2128 1612 2183 Dei
1639 2128 1968 2199 agitamini,

324 2211 374 2264 si
406 2210 746 2282 spiritaliter
773 2211 960 2283 legem
996 2213 1352 2285 intelligetis,
1387 2232 1492 2270 non
1546 2218 1678 2271 estis
1706 2217 1803 2271 sub
1835 2218 1968 2285 lege,

328 2299 467 2370 quia
489 2298 770 2355 ultionem
796 2317 908 2355 non
932 2303 1269 2372 exquiretis,
1295 2321 1430 2358 nam
1454 2321 1585 2360 caro
1612 2305 1808 2360 afficta
1830 2305 1969 2376 quid

325 2387 481 2443 aliud
517 2389 832 2454 desiderat,
866 2390 978 2446 nisi
1009 2391 1324 2448 vindictam
1347 2393 1374 2446 ?
1401 2394 1507 2448 Sed
1531 2394 1870 2465 spiritaliter
1889 2394 1974 2448 in-

326 2475 628 2549 telligatis,
660 2495 773 2533 non
809 2480 1116 2551 expetatis.

396 2568 680 2638 Manifesta
705 2573 889 2623 autem
915 2573 1039 2624 sunt
1068 2587 1235 2640 opera
1281 2573 1483 2636 carnis,
1530 2577 1640 2627 etc.
1675 2573 1783 2628 Sed
1816 2589 1971 2643 quae-

330 2655 576 2709 rendum
599 2661 689 2711 est
711 2674 889 2728 quare
910 2658 1066 2712 dicat
1086 2658 1399 2730 Apostolus
1422 2660 1533 2715 ista
1567 2661 1764 2715 omnia
1783 2660 1976 2716 carnis

333 2760 481 2811 esse,
515 2762 648 2799 cum
681 2747 949 2816 quaedam
992 2747 1234 2818 spiritus
1283 2764 1410 2804 esse
1439 2749 1765 2815 videantur,
1799 2750 1854 2804 id
1887 2755 1978 2806 est

332 2831 753 2903 aemulationes,
786 2834 1141 2902 inﬂationes,
1171 2841 1279 2892 etc.
1315 2837 1424 2892 Sed
1449 2837 1571 2892 haec
1591 2838 1833 2909 quaestio
1856 2839 1978 2894 sol-

329 2921 485 2974 vitur
504 2937 608 2992 per
629 2926 861 2993 tropum
884 2939 998 2994 quo
1022 2941 1157 2995 pars
1181 2930 1402 2996 partem
1428 2926 1888 2998 comprehendit,
1913 2931 1980 2982 ut

328 3025 460 3064 caro
491 3026 595 3081 pro
626 3014 746 3065 toto
775 3010 1011 3067 homine
1043 3013 1380 3085 accipiatur,
1423 3019 1714 3086 quatenus
1737 3015 1872 3071 talis
1904 3016 1980 3072 sit

330 3115 540 3154 sensus
567 3115 578 3152 :
614 3098 909 3172 Manifesta
940 3105 1066 3156 sunt
1103 3119 1264 3172 opera
1294 3105 1500 3172 carnis,
1524 3102 1581 3158 id
1606 3109 1694 3159 est
1714 3105 1978 3176 cujusvis

331 3187 608 3242 hominis.
635 3189 741 3244 Sed
772 3190 1035 3244 nonnulli
1069 3191 1272 3246 dicunt
1309 3209 1540 3248 carnem
1573 3209 1701 3248 esse
1731 3192 1975 3248 incenti-
2009 3165 2054 3232 α

332 3293 470 3331 vum
490 3281 547 3332 et
568 3277 852 3350 originem
875 3280 1140 3335 omnium
1169 3281 1463 3336 vitiorum.
1484 3281 1595 3337 Sed
1615 3282 1756 3338 dicit
1775 3283 1981 3338 beatus

335 3365 736 3437 Augustinus:
774 3366 861 3421 Illi
888 3369 987 3437 qui
1015 3368 1121 3423 hoc
1147 3369 1436 3435 dixerunt,
1462 3387 1577 3425 non
1600 3371 1863 3427 ordinem
1889 3387 1985 3426 na-

335 3459 478 3508 tura:
498 3453 910 3509 intellexerunt
934 3473 947 3522 ;
973 3472 1108 3510 nam
1144 3473 1256 3512 non
1279 3474 1412 3512 caro
1435 3458 1832 3529 corruptibilis
1857 3460 1982 3514 ani-

342 3557 499 3596 mam
525 3541 657 3595 fecit
677 3558 803 3596 esse
825 3542 1227 3613 peccatricem,
1272 3546 1372 3600 sed
1417 3546 1612 3600 anima
1631 3547 1852 3602 exstitit
1881 3565 1984 3602 au-

342 3629 490 3684 ctrix
537 3635 754 3699 peccati
814 3631 1008 3686 carnis
1065 3633 1482 3704 corruptibilis,
1543 3652 1670 3706 quas
1702 3640 1790 3690 est
1819 3652 1989 3707 paena

344 3717 585 3789 peccati.
641 3717 859 3773 Tamen
918 3719 1093 3774 habet
1174 3737 1307 3776 caro
1391 3722 1606 3777 fastum
1665 3723 1987 3795 gravitatis,

345 3823 459 3878 quo
491 3805 640 3877 (974)
674 3806 871 3862 anima
899 3813 1192 3879 gravetur,
1252 3814 1317 3864 ut
1374 3810 1533 3866 aliud
1569 3829 1581 3866 :
1617 3811 1821 3884 Corpus
1850 3814 1991 3884 quod

343 3897 742 3966 corrumpitur,
802 3906 1068 3966 aggravet
1121 3901 1390 3967 animam,
1441 3905 1548 3956 etc.
1581 3902 1730 3974 (Sap.
1767 3921 1840 3972 1x,
1877 3903 1989 3974 45.)

346 3984 496 4039 Dicit
527 3985 680 4039 enim
716 3985 841 4056 ipse
869 4003 882 4041 :
917 3987 1272 4042 Ascribenda
1295 3989 1577 4046 sunthaec
1598 3991 1736 4046 vitia
1759 3993 1988 4063 animae,

348 4091 418 4129 ne
448 4074 714 4130 videatur
742 4075 1010 4130 diabolus
1043 4092 1246 4133 carens
1279 4094 1451 4134 carne
1488 4081 1560 4135 ab
1592 4080 1686 4136 his
1718 4083 1993 4138 omnibus

347 4163 595 4218 excludi.
622 4164 768 4218 Nam
788 4164 1000 4219 dicitur
1015 4165 1263 4230 adulter,
1282 4167 1597 4239 homicida,
1617 4170 1689 4224 ob
1709 4169 1835 4237 hoc,
1857 4171 1996 4241 quia

348 4257 551 4306 auctor
573 4257 629 4306 et
651 4253 917 4308 incentor
945 4258 1033 4308 est
1065 4255 1353 4326 omnium,
1385 4262 1441 4312 et
1471 4256 1563 4312 his
1595 4257 1832 4313 similia.
1868 4259 1994 4316 Non

349 4340 503 4394 enim
529 4340 671 4395 dicit
698 4340 816 4395 hazc
841 4343 1008 4412 (975),
1033 4359 1104 4398 ne
1123 4343 1434 4399 videantur
1471 4344 1569 4400 illa
1592 4347 1840 4419 excludi,
1869 4365 1995 4419 qua:

350 4427 620 4482 homines
649 4445 683 4482 a
713 4443 890 4499 regno
922 4435 1215 4500 separant.

2146 1861 2318 1917 Plura
2340 1861 2538 1932 posuit
2559 1860 2699 1915 vitia
2720 1876 2898 1932 quam
2921 1859 3191 1928 virtutes,
3217 1856 3357 1929 quia
3380 1856 3550 1928 plura
3567 1859 3734 1911 sunt.

2079 1951 2189 2006 Sed
2214 1949 2347 2021 quis
2370 1966 2486 2005 non
2512 1949 2942 2005 animadvertat
2963 1946 3196 2019 singula
3209 1945 3351 2001 vitia
3365 1944 3620 2017 singulis
3634 1945 3740 1999 de-

2081 2040 2228 2094 strui
2252 2038 2569 2093 virtutibus
2590 2038 2618 2092 ?
2637 2035 2962 2093 Fornicatio
2985 2051 3245 2106 namque
3268 2033 3408 2106 quid
3430 2033 3592 2087 aliud
3619 2036 3736 2102 est,

2080 2129 2191 2184 nisi
2209 2127 2540 2188 adulterina
2552 2125 2824 2198 cogitatio
2838 2141 2964 2196 quae
2995 2124 3264 2180 homines
3277 2127 3560 2194 separata
3573 2127 3689 2176 Deo
3707 2120 3737 2174 ?

2081 2217 2191 2273 Sed
2211 2215 2371 2271 nulla
2388 2215 2604 2271 virtute
2625 2214 2837 2270 melius
2878 2211 3203 2269 destruitur
3240 2211 3454 2266 virtute
3478 2210 3738 2266 Charita-

2081 2305 2178 2361 tis.
2202 2304 2609 2373 Immunditia,
2629 2301 3088 2374 etimpudicitia,
3106 2305 3542 2374 etczetera,qme
3557 2298 3742 2370 pudet

2083 2393 2378 2464 apostolos
2408 2366 2714 2447 nominare
2744 2366 2960 2462 (iphes.
2993 2407 3049 2457 v,
3075 2366 3153 2458 ‘3;
3205 2366 3528 2455 Coloss._m,
3558 2366 3635 2458 5),
3671 2391 3740 2442 ut

2083 2482 2165 2537 illi
2191 2483 2474 2553 pudentes
2499 2480 2858 2536 verecundos
2881 2479 3136 2535 facerent
3163 2478 3309 2548 (977)
3340 2476 3493 2532 ﬁlios
3536 2474 3738 2545 Israel,

2085 2587 2200 2627 non
2232 2569 2444 2625 melius
2473 2570 2861 2625 destruantur
2894 2583 3074 2639 quam
3106 2565 3300 2640 gladio
3334 2563 3601 2636 epiritali.

2157 2660 2266 2728 Qui
2291 2667 2471 2714 autem
2501 2667 2632 2714 sunt
2674 2658 2904 2726 Christi,
2961 2661 3068 2712 etc.
3129 2656 3407 2728 Origenes
3437 2653 3593 2708 enim
3621 2651 3742 2708 hoc

2087 2749 2259 2804 modo
2300 2747 2457 2802 hunc
2503 2747 2696 2802 locum
2750 2745 3037 2818 superiori
3092 2743 3434 2816 conjungit:
3468 2741 3744 2798 Adversus

2086 2835 2401 2907 hujusmodi
2428 2851 2536 2891 non
2567 2839 2649 2890 est
2678 2836 2786 2901 lex,
2819 2837 2917 2907 qui
2945 2850 3171 2890 carnem
3210 2832 3422 2888 Christi
3447 2832 3744 2901 στασίμω-

2089 2935 2237 2980 runt.
2270 2924 2610 2980 Notandum
2641 2923 2798 2979 enim
2838 2924 2980 2995 quia
3007 2923 3264 2978 Verbum
3297 2921 3420 2991 Dei,
3450 2921 3743 2976 sumendo

2088 3030 2346 3079 carnem,
2377 3029 2483 3068 nos
2515 3012 2628 3068 sibi
2657 3012 2936 3068 sociavit:
2992 3029 3130 3067 nam
3160 3027 3294 3067 caro
3339 3014 3544 3067 nostra
3573 3008 3740 3064 illius

2089 3109 2197 3173 est,
2224 3107 2280 3157 et
2305 3103 2573 3158 membra
2593 3106 2794 3158 nostra
2816 3100 2995 3157 illius.
3018 3102 3165 3173 Ergo
3187 3117 3322 3156 cum
3353 3098 3453 3154 illo
3479 3098 3746 3154 cruciﬁxi

2091 3208 2336 3259 sumus;
2370 3207 2506 3264 ergo
2538 3208 2653 3246 non
2682 3190 2931 3247 terrenis
2977 3190 3265 3246 debemus
3296 3188 3600 3254 inhaerere,
3633 3187 3742 3242 sed

2091 3279 2463 3354 spiritalibus
2480 3279 2802 3346 immorari,
2827 3279 2898 3334 ad
2913 3278 3248 3350 exemplum
3267 3277 3429 3333 illius
3443 3275 3547 3349 qui
3561 3275 3745 3331 dixit:

2091 3371 2348 3426 Memento
2374 3371 2505 3428 mei,
2539 3369 2793 3437 Domine,
2825 3372 2934 3424 etc.
2977 3368 3132 3439 (Luc.
3183 3383 3344 3434 χχιιι,
3381 3367 3492 3437 42),
3525 3365 3576 3420 si
3607 3380 3747 3420 vero

2093 3457 2405 3528 separatim
2437 3458 2636 3512 dicas:
2671 3456 2906 3512 Carnem
2959 3472 3143 3522 suam,
3201 3460 3334 3520 etc.,
3383 3470 3499 3509 non
3530 3452 3748 3508 Christi

2095 3551 2183 3602 est
2204 3545 2673 3617 intelligendum,
2692 3545 2794 3601 sed
2816 3544 3091 3606 alterius:
3117 3544 3284 3617 Quasi
3311 3543 3561 3599 diceret:
3585 3545 3630 3597 Ο
3645 3558 3752 3598 vos

2097 3634 2334 3701 Galatae,
2359 3650 2493 3689 cum
2515 3651 2616 3690 vos
2635 3635 2760 3706 jam
2785 3633 3183 3700 crucifixistis,
3204 3649 3386 3704 quare
3407 3633 3481 3687 ad
3505 3631 3756 3686 circum-

2098 3722 2376 3779 cisionem
2410 3723 2660 3780 transire
2691 3722 2888 3790 vultis,
2921 3739 3055 3778 cum
3094 3721 3243 3776 nihil
3274 3720 3462 3793 prosit
3493 3719 3753 3776 circum-

2099 3813 2242 3868 cisio
2267 3812 2561 3868 crucifixis
2581 3811 2608 3866 ?

2171 3903 2322 3974 (978)
2356 3901 2416 3957 Si
2440 3903 2672 3956 vivimus
2699 3901 2920 3972 spiritu,
2953 3902 3064 3955 etc.
3097 3899 3242 3965 Quid
3278 3901 3368 3954 est
3397 3898 3553 3970 quod
3586 3896 3757 3963 dicit,

2099 3990 2187 4046 vel
2218 3991 2352 4062 quis
2383 3991 2527 4045 dicit
2557 3989 2712 4045 hoc?
2743 3989 2988 4045 Interior
3017 3987 3217 4055 homo,
3249 3986 3419 4060 quasi
3439 3986 3760 4058 contigerit

2103 4085 2170 4135 ut
2193 4079 2292 4136 ille
2311 4079 2488 4135 homo
2513 4083 2849 4151 separetur:
2874 4095 2908 4133 a
2929 4076 3139 4150 spiritu
3165 4076 3380 4132 dicitur
3400 4073 3757 4148 spiritualis,

2104 4169 2256 4224 sicut
2277 4185 2312 4222 a
2332 4185 2504 4222 carne
2525 4165 2796 4222 carnalis.
2821 4169 3018 4222 Potest
3041 4165 3172 4235 quis
3193 4164 3279 4220 uti
3302 4164 3414 4220 isto
3443 4162 3757 4234 versiculo,

2104 4257 2154 4313 si
2185 4256 2395 4312 viderit
2423 4254 2678 4326 aliquem
2712 4253 3024 4310 carnaliter
3052 4253 3400 4310 conversari.

2176 4349 2290 4403 Non
2322 4347 2654 4416 efﬁciamur,
2684 4348 2816 4413 etc.,
2847 4360 2916 4399 ex
2936 4341 3337 4415 superioribus
3356 4341 3593 4414 pendet,
3619 4341 3762 4413 quia

2107 4436 2367 4491 dixerat:
2399 4435 2461 4490 Si
2505 4435 2743 4489 vivimus
2786 4434 3012 4504 spiritu,
3068 4441 3121 4488 et
3158 4431 3500 4487 ambulemus
3527 4431 3759 4502 spiritu,

427 4519 554 4585 Quae
580 4519 822 4590 praedico
852 4520 1022 4576 vobis.
1073 4520 1360 4588 Praedixit,
1386 4538 1519 4576 cum
1543 4523 1776 4579 adesset
1798 4541 1998 4596 corpo-
2030 4532 2077 4597 D
2106 4542 2218 4582 non
2247 4525 2562 4595 efﬁciamur
2585 4523 2776 4577 inanis
2804 4522 3018 4592 gloriae,
3047 4524 3155 4577 etc.
3180 4523 3568 4576 Provocantes
3595 4534 3763 4574 nam-

353 4607 461 4662 rali
483 4610 814 4680 praesentia,
838 4614 893 4665 et
914 4609 1173 4681 praedicit
1198 4626 1300 4681 per
1321 4609 1472 4665 hanc
1492 4611 1812 4682 Epistolam
1844 4632 1856 4681 ;
1883 4615 2002 4670 sive
2111 4631 2224 4686 que
2244 4618 2302 4667 et
2323 4611 2711 4666 individentes
2737 4614 2923 4681 erant,
2947 4609 3078 4665 aliis
3101 4609 3432 4665 dicentibus
3453 4606 3762 4664 meliorem

356 4697 696 4766 prmdixerat
716 4697 774 4751 in
798 4697 1053 4768 Epistola
1077 4700 1146 4752 ad
1173 4699 1525 4768 Corinthios,
1569 4702 1668 4756 ubi
1690 4702 1804 4758 ista
1825 4703 1998 4758 dinu-

355 4790 564 4852 merat,
587 4787 725 4857 quia
752 4787 944 4858 potuit
977 4786 1103 4842 ﬁeri
1134 4792 1198 4843 ut
1226 4789 1297 4844 ad
1330 4805 1542 4846 manus
1574 4791 1836 4863 ipsorum
1868 4808 1997 4864 per-

423 4949 573 5014 (972)
605 4949 668 5002 In
702 4951 896 5020 autog.
931 4957 1232 5019 separetur.

421 5020 572 5090 (963)
599 5023 808 5091 Autog.
844 5026 1064 5089 referat.

426 5093 573 5168 (974)
607 5093 666 5168 in
701 5099 896 5168 autog.
931 5092 1182 5168 legitur:
1225 5093 1390 5168 Habet
1433 5097 1796 5168 carofastum
1823 5098 2005 5168 gravi-

351 5165 500 5239 tatis,
529 5165 728 5234 quibus
761 5167 1256 5239 animagravetur.
1293 5165 1438 5220 Loco
1472 5167 1664 5239 quibus
1679 5165 2001 5239 legendum

353 5235 630 5320 duximus
659 5252 760 5320 quo
784 5236 975 5319 ;.quid
1009 5240 1202 5318 autem
1235 5235 1507 5320 profastu
1529 5235 2002 5320 intelligendum,

355 5321 470 5382 non
503 5305 956 5382 valde’robvium,
989 5307 1102 5382 nisi
1127 5305 1448 5382 cum_Alin_o
1469 5323 1536 5361 ex
1561 5305 1779 5366 Latinis
1798 5305 2004 5382 fastum

350 5378 653 5455 facerepro
683 5381 953 5448 injuriam
979 5379 1235 5455 irrogare
1259 5377 1682 5455 intelligamus,
1708 5387 1772 5435 ut
1792 5377 2004 5438 sensus

353 5449 431 5500 sit
457 5463 468 5499 :
507 5450 680 5523 Habet
712 5467 838 5506 caro
866 5455 1100 5522 fastum,
1136 5449 1191 5523 id
1223 5454 1318 5523 est
1349 5453 1573 5523 patitur
1602 5468 1728 5506 caro
1759 5455 2004 5523 iniurias

353 5521 651 5646 gféwtitatis
681 5524 834 5592 quod
867 5521 935 5578 ex
965 5527 1121 5578 textu
1155 5521 1398 5577 inferius
1430 5521 1605 5578 citato
1637 5521 2003 5596 comprobari

353 5606 407 5646 v1
455 5606 482 5645 e
515 5608 603 5646 ur.

351 5606 603 5648 VIOGLUI‘.

2108 4719 2238 4759 esse
2262 4701 2451 4773 legem
2471 4715 2649 4772 quam
2671 4698 2942 4771 gratiam,
2965 4703 3024 4755 et
3042 4701 3267 4765 caetera,
3286 4698 3440 4754 sicut
3458 4695 3761 4770 superius,

2109 4797 2168 4849 et
2187 4791 2297 4846 hoc
2317 4789 2611 4846 faciebant
2631 4788 2732 4860 qui
2755 4786 3116 4844 invidebant.
3145 4792 3224 4843 De
3247 4786 3358 4843 isto
3392 4785 3614 4842 etenim
3635 4801 3760 4841 ser-

2182 4951 2330 5024 (975)
2361 4951 2424 5007 Id
2456 4954 2564 5024 est,
2595 4950 2884 5024 nonenim
2911 4948 3046 5024 dicit
3077 4948 3212 5024 hac,
3243 4947 3300 5002 id
3331 4951 3423 5024 est
3443 4963 3560 5024 n_on
3583 4962 3765 5019 opera

2108 5019 2341 5080 tantum
2374 5019 2567 5078 carnis
2597 5019 3015 5093 intelligendus
3041 5024 3130 5075 est
3157 5020 3328 5093 divus
3354 5019 3577 5093 Paulus
3602 5033 3767 5074 com-

2110 5111 2456 5159 memorare,
2485 5109 2556 5149 ne
2581 5090 2874 5148 videantur
2897 5092 2998 5147 illa
3044 5091 3288 5158 excludi,
3314 5090 3494 5164 idest
3524 5093 3768 5164 peccata

2112 5169 2384 5240 spiritus,
2398 5165 2682 5240 superius
2713 5168 3193 5240 commemorata,
3225 5179 3344 5236 quae
3368 5163 3636 5227 homines,
3669 5176 3771 5216 ne-

2112 5237 2225 5311 que
2256 5255 2321 5293 ac
2352 5237 2487 5311 illa,
2506 5254 2540 5291 a
2566 5252 2736 5311 regno
2765 5237 2864 5311 Dei
2890 5243 3171 5311 separant.

2183 5311 2327 5391 (986)
2357 5309 2618 5363 Verbum
2648 5309 2873 5379 spiritus
2911 5305 3303 5377 desideratur,
3334 5308 3393 5361 et
3423 5304 3766 5361 addendum

2112 5398 2334 5523 0623;];
2366 5451 2552 5510 Facite
2582 5449 2737 5523 quod
2766 5448 2892 5523 loco
2921 5449 3162 5523 facerent
3188 5446 3403 5523 legitur
3432 5448 3493 5504 in
3524 5445 3655 5514 col.,
3677 5443 3769 5500 ita

2113 5517 2502 5581 em'end'adum
2534 5517 2756 5579 censui.
2787 5522 2875 5576 An
2901 5517 3072 5590 recte,
3114 5517 3348 5586 videsis,
3379 5517 3581 5590 lector.

2185 5596 2332 5670 (978)
2364 5600 2429 5654 In
2461 5598 2656 5667 autog.
2689 5609 2882 5667 marg.
2915 5590 3010 5650 hic
3037 5588 3254 5665 legitur
3291 5607 3421 5666 cap.
3453 5588 3617 5651 XXX.
