4014 6174
265 357 371 427 541

857 368 1269 432 EXPOSITIO
1313 369 1389 431 IN
1437 352 1861 429 EPlb'l‘OLKS
1907 365 2163 427 PAULI.
2194 398 2272 409 —
2301 366 2380 426 ΙΝ
2424 364 2674 428 EPIST.
2725 367 2825 426 AD
2870 357 3044 425 GAL.

3529 353 3649 418 542

269 515 450 571 mone,
484 515 601 572 quo
631 505 720 557 est
745 502 944 573 gloria,
978 502 1147 558 multi
1167 503 1300 558 libri
1324 507 1552 559 exstant
1571 500 1898 575 gentilium.
1936 505 1983 568 Α
2016 506 2126 567 est,
2160 517 2277 556 una
2306 518 2438 557 cum
2467 501 2560 557 Dei
2585 495 2882 572 adjutorio
2907 497 3054 567 (982)
3079 513 3092 564 ;
3116 499 3342 552 tentare
3369 507 3658 560 vero,non

267 590 563 647 Invenitur
591 591 768 647 etiam
799 596 856 646 et
883 591 942 646 in
987 592 1217 648 divinis.
1253 595 1361 648 Sed
1396 592 1631 664 ponitur
1659 592 1717 647 in
1751 593 1904 647 bono

268 685 321 738 et
347 679 404 734 in
437 679 629 734 malo:
663 680 723 734 in
757 680 931 744 malo,
964 686 1029 736 ut
1058 686 1146 737 est
1174 681 1316 737 illud
1344 697 1356 736 :
1392 683 1588 738 Omnia
1617 697 1787 750 opera
1807 698 1906 735 sua

264 770 472 842 faciant
499 773 562 822 ut
580 769 985 840 glori/iocatur,
1017 771 1163 842 (979)
1183 772 1250 826 ab
1281 771 1595 826 hominibus
1611 788 1630 831 ;
1662 771 1721 825 in
1752 771 1906 825 bono

265 862 327 914 ut
337 861 426 912 est
443 855 592 911 illud
618 873 631 911 :
656 859 763 926 Qui
779 860 1145 928 gloriatur,in
1169 862 1402 916 Domino
1417 859 1690 928 glorietur
1710 861 1757 931 (Ι
1778 859 1903 914 Cor.

266 965 303 1012 ι,
334 947 422 1011 31,
454 946 505 1000 ll
532 945 653 1001 Cor.
688 963 743 1014 x,
804 949 930 1017 17);
963 953 1056 1004 et:
1117 954 1233 1021 Ego
1282 950 1525 1016 gloriam
1582 965 1764 1003 meum
1796 965 1904 1002 non

263 1049 442 1107 quaero
471 1035 648 1104 (Joan.
678 1052 800 1105 vm,
831 1037 944 1106 50).
978 1039 1045 1092 Et
1074 1037 1203 1093 ideo
1233 1038 1371 1109 quia
1414 1043 1472 1093 et
1501 1038 1557 1092 in
1588 1039 1738 1092 bono
1761 1042 1817 1092 et
1845 1037 1905 1091 in

263 1121 413 1179 malo
446 1123 702 1193 ponitur,
735 1139 868 1178 cum
901 1125 1225 1195 adjectione
1256 1127 1453 1197 posuit
1480 1129 1706 1192 inanis,-
1737 1126 1909 1180 debe-

263 1228 392 1266 mus
424 1227 680 1283 namque
709 1229 836 1268 esse
892 1214 1111 1285 cupidi,
1147 1216 1246 1270 sed
1299 1232 1412 1270 non
1461 1215 1652 1270 inanis
1684 1213 1900 1285 gloriae.

260 1299 431 1355 Verbi
461 1301 648 1371 gratia
677 1301 814 1356 facit
843 1301 1058 1374 aliquis
1107 1303 1532 1376 eleemosynam
1562 1320 1573 1357 :
1609 1303 1658 1358 si
1708 1303 1905 1358 studio

261 1387 528 1460 placendi
558 1389 919 1459 hominibus,
951 1391 1184 1445 inanem
1213 1409 1225 1457 ;
1262 1392 1310 1446 si
1335 1398 1466 1453 Deo.
1501 1392 1748 1448 solidam
1781 1389 1903 1461 glo-

261 1477 406 1533 riam
442 1477 804 1549 quieritAdit
829 1480 960 1551 quis
982 1482 1328 1553 martyrium
1359 1499 1371 1535 :
1401 1482 1445 1537 si
1471 1483 1598 1548 deo,
1633 1486 1697 1535 ut
1726 1497 1907 1536 mem-

260 1565 364 1621 bra
391 1565 557 1622 illius
579 1568 935 1623 venerationi
972 1569 1320 1634 habeantur,
1379 1573 1436 1624 et
1466 1575 1530 1624 ut
1558 1569 1654 1625 ille
1687 1572 1908 1641 martyr

260 1654 508 1722 dicatur,
543 1655 653 1710 iste
683 1655 916 1712 inanem
952 1657 1200 1730 gloriam
1224 1659 1450 1730 quaerit.
1472 1659 1635 1713 Unde
1665 1659 1764 1714 ubi
1800 1675 1906 1713 nos

258 1741 516 1799 dicimus
539 1760 552 1799 :
577 1744 637 1799 Si
656 1745 929 1802 tradidero
944 1763 1139 1818 corpus
1157 1763 1360 1817 meum,
1383 1751 1446 1802 ut
1469 1749 1691 1802 ardeam
1706 1749 1749 1819 (l
1777 1751 1901 1804 Cor.

251 1848 368 1899 xm,
391 1832 474 1902 3),
499 1831 710 1888 melius
733 1835 789 1888 in
815 1835 1010 1935 Graeco
1037 1835 1303 1903 habetur,
1346 1838 1406 1890 in
1445 1837 1632 1935 gloria
1653 1836 1802 1906 (980)
1824 1854 1835 1890 :
1854 1836 1904 1890 si
1941 1872 1986 1935 Β

252 1936 400 1990 vero,
442 1926 507 1976 ut
535 1939 568 1976 a
597 1927 711 1977 Deo
742 1923 1186 1979 retributionem
1219 1924 1484 1996 accipiat,
1531 1923 1629 1979 ille
1660 1924 1906 1979 solidam

251 2007 508 2082 gloriam
544 2012 769 2082 quarit.

322 2099 479 2171 (981)
509 2101 662 2172 (CAP.
695 2101 816 2174 VI.)
847 2104 1081 2168 Fratres,
1133 2104 1184 2158 el
1212 2104 1262 2158 si
1300 2111 1708 2175 prwoccupatus
1737 2106 1911 2174 fuerit

251 2186 408 2244 homo
420 2189 793 2254 ,etc.Fratres
807 2191 1060 2262 appellat
1074 2190 1368 2262 spiritales
1385 2191 1701 2247 :hominem
1719 2191 1910 2264 appel-

249 2276 328 2331 lat
345 2275 643 2349 fragilem,
657 2282 714 2332 et
731 2278 792 2333 in
815 2279 942 2350 ipso
956 2280 1191 2336 nomine
1209 2281 1465 2336 ostendit
1485 2280 1651 2335 illum
1677 2281 1904 2336 veniam

250 2368 308 2420 et
334 2364 767 2438 indulgentiam
800 2367 1136 2438 promereri.
1172 2368 1316 2423 Nam
1350 2369 1648 2424 hominem
1680 2369 1906 2438 dicit,id

251 2457 358 2519 est,
393 2455 665 2527 fragilem
699 2460 758 2510 et
789 2461 1168 2526 peccatorem.
1197 2458 1266 2512 Et
1307 2462 1442 2512 nota
1468 2459 1607 2528 quia
1633 2473 1908 2528 praeoccu-

249 2545 411 2614 patus
449 2543 609 2598 dicit.
644 2543 743 2600 Ille
774 2551 1231 2617 praeoccupatur,
1264 2547 1364 2617 qui
1395 2563 1510 2603 non
1542 2546 1758 2616 studio,
1791 2564 1906 2602 non

253 2633 662 2701 meditatione,
696 2650 809 2688 non
843 2633 1263 2690 deliberatione
1292 2641 1510 2707 peccat,
1539 2637 1638 2692 sed
1672 2641 1909 2693 casu.Et

248 2725 412 2788 nota,
453 2722 591 2792 quia
621 2739 733 2777 non
764 2723 938 2778 dicit:
970 2724 1034 2778 In
1055 2725 1261 2789 multis,
1286 2726 1384 2779 sed
1413 2726 1468 2779 in
1510 2726 1696 2795 aliquo
1717 2744 1736 2786 ;
1768 2727 1908 2798 quia

249 2808 370 2873 ille,
404 2810 509 2882 qui
548 2816 986 2884 praeoccupetur
1013 2814 1070 2868 in
1104 2813 1299 2884 aliquo
1333 2816 1391 2869 in
1419 2816 1626 2885 spiritu
1659 2816 1907 2871 lenitatis

245 2898 470 2971 corrigi
502 2899 691 2955 debet.

322 2991 432 3044 Vos
462 2990 558 3058 qui
611 2991 894 3060 spiritales
951 2992 1116 3054 estis;
1173 2991 1230 3044 id
1289 2995 1396 3058 est,
1444 3007 1563 3056 vos,
1619 2992 1719 3062 qui
1753 2992 1908 3048 ultra

246 3075 528 3132 homines
558 3077 720 3143 estis,
771 3081 1032 3133 instruite
1090 3079 1148 3133 in
1177 3080 1378 3149 spiritu
1413 3079 1674 3145 lenitatis,
1709 3080 1764 3133 id
1796 3085 1903 3148 est,

245 3165 756 3232 mansuetudinis,
779 3170 844 3221 ut
876 3182 990 3220 non
1014 3166 1096 3220 sis
1122 3167 1368 3238 rigidus,
1395 3167 1902 3236 saevus,crudelis;

2014 592 2243 661 tentati,
2277 592 2377 646 sed
2411 593 2681 646 testantis
2710 595 2800 645 est
2834 588 2892 643 in
2924 591 3232 660 potestate.

2085 682 2192 737 Sed
2225 682 2369 735 forte
2399 680 2543 735 dicit
2567 679 2922 752 aliquisjam
2952 677 3124 749 longo
3147 675 3308 731 senio
3339 673 3659 741 confectus,

2017 772 2116 826 sed
2149 770 2278 825 ideo
2311 770 2480 824 timet
2528 769 2741 823 acriter
2771 767 3059 838 corrigere
3090 764 3237 835 (983)
3265 782 3277 832 ;
3311 779 3417 835 ego
3441 765 3566 833 jam
3595 762 3656 816 in

2017 863 2183 932 portu
2208 856 2652 928 tranquillitatis
2682 855 3175 920 consisto,acriter
3197 852 3504 922 corrigere,
3532 867 3662 922 pos-

2015 947 2288 1004 sum.Sed
2321 947 2368 1001 si
2392 945 2490 1001 ille
2522 947 2708 1013 timet,
2736 963 2807 999 ne
2827 943 3323 1008 tentetur,acriter
3346 942 3658 1011 corrigere,

2016 1036 2201 1091 multo
2233 1036 2421 1105 magis
2449 1035 2560 1089 iste
2591 1035 2761 1089 facit:
2813 1033 2951 1105 quia
2997 1031 3280 1104 cogniscit
3310 1047 3412 1101 per
3434 1033 3574 1100 quot
3603 1033 3660 1084 et

2015 1131 2236 1197 quanta
2257 1126 2512 1196 pericula
2533 1125 2602 1179 ad
2627 1122 3070 1195 tranquillitatis
3096 1125 3327 1192 portum
3360 1118 3659 1190 pervenire

2016 1216 2224 1285 potuit.
2261 1215 2393 1269 Adit
2421 1214 2553 1285 quis
2583 1214 2948 1284 martyrium,
2971 1216 3028 1266 et
3053 1209 3261 1278 evadit,
3283 1213 3339 1264 et
3364 1208 3521 1262 videt
3552 1205 3658 1261 ali-

2015 1322 2188 1378 quem
2221 1305 2466 1360 diversis
2517 1303 2874 1358 cruciatibus
2926 1300 3210 1356 afilictum
3259 1312 3508 1368 negare:
3543 1313 3658 1350 non

2015 1395 2266 1450 miratur
2296 1394 2450 1464 quod
2507 1391 2603 1447 ille
2637 1390 2888 1464 negavit,
2951 1389 3051 1444 sed
3096 1386 3387 1458 quomodo
3417 1385 3658 1441 evadere

2015 1485 2224 1556 potuit.
2817 1520 2820 1524 -

2084 1572 2240 1627 Alter
2268 1574 2516 1627 alterius.
2549 1570 2834 1626 Salutaris
2864 1571 2954 1624 est
2982 1567 3102 1621 haec
3132 1563 3475 1620 admonitio.
3495 1565 3659 1618 Tunc

2014 1662 2227 1717 etenim
2259 1678 2436 1716 onera
2467 1665 2788 1732 portamus,
2822 1674 2955 1713 cum
2985 1659 3187 1711 nostra
3217 1653 3492 1708 ﬁrmitate
3521 1651 3658 1706 alte-

2015 1751 2138 1805 rius
2169 1751 2592 1813 inﬁrmitatem,
2613 1753 2670 1804 et
2692 1745 2981 1819 sapientia
2999 1743 3398 1816 insipientiam
3424 1745 3655 1796 susten-

2017 1845 2230 1894 tamus.
2263 1843 2338 1894 Et
2361 1841 2442 1894 sic
2490 1839 2881 1908 adimplebitis,
2911 1840 3022 1890 etc.
3055 1837 3253 1899 Legem
3315 1830 3524 1885 Christi
3553 1846 3658 1900 ap-

2020 1928 2199 2000 pellat
2229 1931 2581 1999 przeceptum
2628 1925 2864 1988 Christi,
2917 1922 3060 1976 illud
3094 1921 3318 1992 utique,
3353 1920 3506 1973 unde
3536 1919 3661 1987 ipse

2019 2017 2160 2072 dicit
2184 2035 2196 2071 :
2232 2019 2339 2072 Hoc
2357 2025 2436 2072 est
2461 2024 2804 2086 prwceptum
2830 2029 3032 2081 meum,
3065 2017 3128 2065 ut
3148 2010 3398 2078 diligatis
3427 2009 3663 2061 invicem

2017 2107 2194 2178 (Joan.
2228 2124 2317 2174 xv,
2343 2108 2450 2176 l2),
2485 2105 2648 2170 Quod
2681 2106 3034 2174 praeceptum
3067 2100 3123 2154 in
3157 2100 3485 2170 exaggerat,
3507 2098 3570 2148 ut
3598 2094 3657 2148 in

2018 2196 2401 2267 sequentibus
2430 2195 2585 2249 dicat
2642 2193 2824 2262 (981i):
2885 2193 2942 2246 In
2977 2191 3073 2246 hoc
3100 2190 3416 2256 cognoscent
3458 2199 3658 2250 omnes,

2017 2286 2148 2354 quia
2176 2286 2288 2339 mei
2314 2284 2572 2354 discipuli
2601 2283 2750 2345 estis,
2781 2283 2888 2335 etc.

2087 2374 2226 2428 Nam
2254 2375 2309 2427 si
2339 2375 2480 2442 quis,
2513 2377 2622 2426 etc.
2641 2370 2814 2425 Verbi
2847 2367 3034 2438 gratia
3054 2366 3209 2420 videt
3229 2364 3443 2434 aliquis
3465 2378 3664 2433 quem-

2017 2461 2171 2532 piam
2203 2461 2602 2532 insipientem,
2627 2476 2694 2514 ex
2715 2458 2876 2512 illius
2898 2455 3236 2527 insipientia
3256 2452 3380 2508 vult
3411 2468 3540 2507 esse
3569 2468 3662 2506 sa-

2016 2550 2183 2621 piens
2209 2569 2221 2617 ;
2243 2549 2516 2605 similiter
2534 2549 2846 2618 injustum,
2869 2550 2975 2601 etc.
3003 2547 3144 2600 Cum
3164 2544 3258 2598 ille
3280 2541 3492 2612 aliquid
3510 2541 3662 2597 aesti-

2014 2647 2129 2694 mat
2156 2655 2212 2694 se
2238 2655 2368 2704 esse,
2429 2646 2480 2693 et
2505 2637 2657 2692 nihil
2693 2645 2792 2698 est,
2847 2635 3055 2690 seducit
3108 2649 3166 2687 se
3187 2650 3204 2686 :
3237 2635 3430 2702 potest
3460 2627 3659 2684 referri

2015 2729 2083 2783 ad
2117 2728 2507 2799 superiora,ut
2528 2728 2606 2782 sit
2625 2742 2835 2781 sensus
2858 2724 2934 2780 :Si
2959 2722 3092 2793 quis
3122 2720 3418 2776 existimat
3438 2716 3660 2789 aliquid

2014 2834 2142 2872 esse
2172 2817 2232 2870 in
2255 2816 2716 2881 circumcisione,
2742 2831 2875 2870 cum
2909 2813 2987 2866 sit
3008 2809 3175 2875 nihil,
3210 2808 3436 2864 seducit
3465 2823 3543 2862 se.
3570 2806 3655 2860 Ad

2015 2904 2315 2974 superiora
2329 2905 2533 2958 attinet
2545 2904 2698 2975 quod
2715 2902 2938 2956 subdit:
2962 2902 3106 2970 Opus
3117 2903 3296 2953 autem
3315 2913 3497 2960 suum,
3513 2899 3621 2950 etc.
3640 2915 3654 2959 :,

2015 2992 2180 3061 quasi
2215 2992 2466 3046 diceret:
2503 2993 2551 3045 si
2582 2991 2859 3045 interiora
2888 3006 2996 3042 sua
3028 2990 3431 3059 perscrutatus
3461 2982 3658 3046 fuerit,

2016 3095 2328 3150 agnoscere
2361 3085 2568 3150 potest,
2615 3093 2964 3150 cognoscere
3009 3074 3162 3130 valet
3193 3074 3251 3128 in
3283 3089 3368 3138 se,
3399 3071 3446 3126 si
3482 3071 3660 3126 habet

2019 3170 2172 3224 unde
2203 3167 2655 3239 glorietur.Nam
2707 3164 2904 3221 nullus
2957 3166 3008 3219 oi
3038 3163 3280 3218 vicinior
3309 3165 3398 3216 est
3426 3161 3575 3232 ipso,
3606 3162 3662 3214 et

243 3253 395 3324 quia
429 3252 479 3308 si
511 3269 748 3310 severus
803 3259 860 3308 et
889 3254 1144 3309 crudelis
1201 3254 1438 3320 existas,
1470 3271 1585 3309 non
1616 3273 1678 3310 es
1708 3256 1905 3310 imita-
1939 3240 1980 3305 C
2019 3257 2148 3312 ideo
2181 3258 2230 3311 si
2252 3261 2548 3312 scrutatus
2571 3255 2762 3320 fuerit,
2785 3272 2895 3309 non
2922 3270 3060 3308 suas
3081 3253 3232 3307 vires
3253 3249 3495 3306 alterius
3525 3248 3662 3302 viri-

239 3345 342 3396 tor
371 3339 669 3412 illius,qui
700 3343 771 3396 de
795 3341 938 3397 caelo
961 3342 1262 3397 descendit
1283 3344 1352 3398 ad
1387 3348 1570 3399 terras
1593 3361 1692 3412 pro
1719 3345 1906 3400 salute

240 3428 507 3483 humani
531 3429 896 3498 generis.Sed
946 3430 1132 3485 oritur
1179 3431 1421 3502 quaestio
1454 3449 1634 3503 quare
1665 3433 1818 3488 dicat
1847 3434 1904 3488 in

237 3516 470 3587 spiritu
503 3516 774 3572 lenitanis
804 3518 1036 3590 corrigi,
1070 3535 1204 3574 cum
1235 3519 1295 3574 in
1328 3520 1582 3591 Epistola
1603 3521 1674 3576 ad
1706 3521 1905 3576 Corin-

235 3605 409 3661 thios
445 3605 634 3661 dicat:
668 3610 734 3660 In
764 3607 929 3674 virga
970 3610 1188 3662 veniam
1225 3608 1295 3662 ad
1326 3625 1436 3675 vos,
1471 3613 1580 3664 etc.
1617 3610 1663 3678 (l
1693 3610 1798 3664 Cor
1828 3627 1902 3678 1v,

233 3695 356 3766 21).
395 3693 512 3748 Sed
543 3694 712 3750 facile
743 3695 1006 3751 solvitur.
1042 3696 1186 3762 Quia
1208 3697 1314 3764 illi,
1335 3697 1433 3769 qui
1465 3697 1679 3768 studio,
1716 3699 1905 3754 medi—

236 3785 476 3839 tatione
501 3787 558 3838 et
586 3783 1002 3840 deliberatione
1049 3791 1311 3856 peccant,
1365 3803 1600 3842 necesse
1631 3791 1719 3841 est
1742 3787 1906 3859 virga

235 3871 586 3928 severitatis
606 3873 1011 3944 corrigantur;
1037 3874 1122 3928 illi
1145 3875 1405 3944 vero,qui
1434 3876 1660 3942 casu,in
1693 3876 1905 3946 spiritu

236 3959 536 4016 lenitatis.
568 3961 762 4016 Potest
793 3961 994 4016 referri
1026 3962 1097 4016 ad
1135 3963 1529 4033 superiora,ut
1552 3963 1627 4017 sit
1655 3980 1902 4018 sensus:

237 4049 300 4104 Si
334 4049 565 4120 aliquis
595 4050 799 4106 tardus
829 4066 896 4105 ex
917 4050 1241 4123 gentilitate
1273 4050 1360 4105 vel
1385 4067 1454 4104 ex
1480 4051 1787 4106 Judaismo
1817 4066 1909 4106 ve-

239 4140 401 4195 nerit
434 4139 512 4194 ad
547 4138 744 4205 ﬁdem,
777 4138 1115 4194 tolerandos
1145 4144 1251 4207 est,
1279 4156 1587 4212 quousque
1620 4140 1902 4212 proﬁciat.

236 4229 310 4285 Et
339 4244 539 4301 quare
561 4227 785 4283 dixerat
809 4246 822 4282 :
849 4229 908 4282 In
926 4229 1130 4299 spiritu
1164 4227 1435 4292 lenitatis,
1459 4230 1689 4284 subdit:
1725 4231 1902 4284 Consi.

235 4318 458 4374 durans
490 4319 542 4372 te
572 4319 772 4388 ipsum,
828 4321 963 4382 etc.,
995 4317 1162 4388 quasi
1223 4318 1457 4372 diceret.
1509 4319 1824 4374 Considera
1851 4326 1908 4376 te

235 4405 557 4462 hominem
589 4421 718 4461 esse
738 4403 1026 4478 fragilem,
1050 4421 1289 4477 peccare
1315 4423 1505 4477 posse,
1538 4413 1594 4461 et
1625 4409 1902 4478 potuisse.

235 4497 308 4551 Et
339 4499 490 4552 nota
520 4494 678 4566 quia,
713 4511 826 4549 non
859 4494 1038 4550 dicit:
1070 4495 1147 4549 Ne
1164 4498 1222 4549 tu
1241 4496 1426 4562 cadas,
1451 4497 1574 4564 sed,
1605 4513 1674 4552 ne
1702 4506 1761 4553 tu
1792 4503 1906 4553 ten-

2017 3347 2128 3401 bus
2155 3346 2449 3401 metiatur.

2090 3436 2483 3505 Unusquisque,
2517 3438 2626 3488 etc.
2690 3431 3056 3487 Contrarium
3114 3433 3203 3485 est
3233 3428 3340 3483 hoc
3371 3425 3663 3498 superiori

2016 3522 2166 3585 loco,
2201 3522 2297 3576 ubi
2347 3522 2608 3576 dixerat:
2645 3522 2791 3576 Alter
2846 3521 3094 3584 alterius,
3147 3521 3256 3572 etc.
3291 3516 3400 3570 Sed
3435 3531 3548 3569 non
3581 3517 3670 3568 est

2015 3610 2394 3676 contrarium,
2429 3611 2567 3681 quia
2599 3609 2678 3664 ibi
2725 3611 2795 3664 de
2825 3608 3100 3680 operibus
3144 3604 3377 3678 pietatis
3406 3611 3458 3659 et
3490 3602 3662 3658 casti-

2013 3700 2151 3754 tatis
2181 3699 2546 3769 loquebatur,
2579 3697 2672 3752 hic
2701 3714 2832 3753 vero
2863 3698 2934 3751 de
2961 3694 3188 3763 merito,
3212 3699 3276 3750 ut
3307 3694 3384 3748 sit
3412 3707 3622 3747 sensus
3648 3706 3660 3744 :

2019 3790 2394 3858 Unusquisque
2425 3804 2562 3842 onus
2605 3804 2768 3841 suum
2786 3787 3063 3856 portabit;
3104 3785 3162 3838 id
3195 3788 3302 3848 est,
3337 3780 3660 3852 unusquis-

2015 3895 2128 3948 que
2159 3877 2480 3931 secundum
2539 3875 2836 3946 pr0prium
2899 3874 3174 3927 meritum
3221 3871 3466 3940 accipiet
3496 3869 3664 3923 retri-

2016 3966 2335 4019 butionem.
2391 3965 2586 4018 Potest
2616 3963 2814 4017 referri
2876 3962 2974 4016 ubi
3008 3961 3169 4024 dicit,
3224 3959 3377 4013 alter
3404 3958 3657 4023 alterius,

2017 4061 2081 4107 ut
2110 4053 2186 4106 sit
2216 4069 2461 4107 sensus:
2506 4053 2588 4104 Tu
2653 4051 2786 4120 quis
2843 4049 2950 4104 es?
2983 4065 3095 4102 non
3154 4047 3391 4101 dubitas
3421 4045 3663 4098 alterius

2015 4141 2417 4195 inﬁrmitatem
2451 4144 2798 4204 sustentare,
2824 4136 2965 4207 quia
2987 4153 3101 4191 non
3124 4135 3244 4189 vice
3274 4133 3436 4187 illius
3466 4132 3658 4202 inqui-

2016 4228 2269 4293 naberis,
2303 4228 2579 4299 quoniam
2630 4228 3004 4297 unusquisque
3049 4241 3181 4279 onus
3209 4240 3373 4277 suum
3399 4221 3658 4293 portabit.

2017 4323 2211 4373 Potest
2267 4317 2465 4372 referri
2521 4317 2592 4370 ad
2625 4316 2732 4370 hoc
2788 4316 2943 4386 quod
3004 4313 3144 4368 dicit
3168 4315 3228 4367 in
3259 4314 3458 4381 altera,
3493 4316 3556 4364 ut
3586 4311 3664 4365 sit

2017 4425 2259 4463 sensus:
2295 4407 2418 4461 Non
2451 4405 2725 4460 laudibus
2757 4404 2996 4459 alterius
3036 4401 3354 4465 extollaris,
3389 4404 3453 4453 ut
3481 4398 3660 4454 talem

2017 4500 2077 4550 tu
2111 4512 2238 4550 esse
2271 4495 2472 4550 credas
2523 4493 2713 4565 qualis
2756 4493 2987 4557 diceris,
3037 4491 3174 4563 quia
3205 4496 3262 4545 et
3291 4495 3352 4544 tu
3383 4493 3574 4556 tuum,
3607 4492 3664 4543 et

234 4587 389 4641 teris.
427 4585 582 4641 Nam
612 4583 934 4654 cadere,vel
963 4601 1078 4640 non
1110 4586 1316 4640 cadere
1348 4590 1560 4640 nostrae
1593 4587 1902 4658 potestatis
1933 4605 1980 4669 D
2014 4584 2110 4639 ille
2139 4601 2313 4639 suum
2345 4600 2492 4639 onus
2524 4582 2799 4654 portabit.

310 4729 477 4803 (979)
508 4725 683 4803 Vulg.
699 4727 1022 4803 _videan_tur.
1057 4728 1185 4803 Ipse
1211 4732 1402 4803 autem
1436 4727 1604 4803 divus
1633 4729 1907 4803 Hierony-

237 4797 381 4856 mus
415 4797 482 4855 in
515 4797 670 4870 hanc
699 4797 1046 4870 Epistolam,
1075 4797 1232 4854 hunc
1256 4799 1484 4854 Mathazi
1517 4805 1735 4856 textum
1771 4797 1906 4858 alle-

237 4888 416 4944 gans,
452 4869 603 4944 legit
629 4869 1028 4944 gloriﬁcentur.

311 4940 474 5015 (980)
511 4940 641 5015 Non
689 4943 750 4996 in
803 4940 1013 5015 gloria,
1066 4941 1415 5015 sed‘glorier
1470 4942 1644 4998 habet
1674 4945 1906 5000 Graecus

237 5012 471 5080 tentus,
507 5012 678 5088 facile
708 5013 1046 5088 autem_fuit
1072 5012 1412 5088 ueniit-count
1465 5018 1521 5068 et
1553 5017 1904 5088 οιαψχήᾳομαι

236 5102 510 5158 quorum
546 5085 794 5140 alterum
817 5083 1063 5158 ardeam,
1085 5085 1292 5158 glorier
1318 5083 1561 5158 alterum
1594 5083 1902 5156 signiﬁcat,

235 5154 293 5214 et
323 5175 463 5230 quae
501 5173 621 5230 una
641 5159 869 5211 tantum
902 5154 1095 5210 littera
1124 5155 1455 5228 distinguit,
1481 5154 1668 5210 unum,
1696 5174 1798 5227 pro
1829 5154 1908 5213 al-

236 5228 365 5286 tero
399 5228 695 5286 accipere.

307 5301 467 5373 (981)
507 5297 613 5373 llic
641 5299 702 5354 in
735 5301 927 5370 autog.
965 5297 1402 5373 ma_rg._legitur
1431 5315 1556 5370 cap.
1591 5298 1782 5373 XXXl.

310 5367 476 5441 (982')
509 5370 654 5426 Vide
710 5385 828 5440 qua
878 5367 1123 5425 cautela
1163 5367 1428 5425 hauserit
1482 5367 1705 5425 textum
1750 5370 1906 5425 hunc

240 5449 457 5499 auctor
479 5447 684 5514 noster
703 5457 833 5514 vere
852 5441 1334 5514 Augustunianus
1357 5459 1389 5514 a
1410 5441 1540 5514 divo
1561 5441 1905 5513 Hieronymo

239 5516 301 5570 in
338 5516 535 5586 hujus
565 5511 1161 5586 Epistolao,e_tcapitis
1194 5512 1584 5586 expositione:
1619 5514 1715 5568 ubi
1751 5511 1905 5568 enim

239 5583 840 5658 divus'Hieronymus
862 5583 978 5638 ait:
1015 5586 1174 5640 Vinci
1187 5586 1404 5656 quippe,
1429 5583 1518 5658 uel
1541 5587 1754 5641 vincere
1774 5601 1908 5640 non-

240 5663 548 5738 nunquam
579 5659 637 5712 in
674 5657 881 5714 nostra
933 5662 1009 5711 est
1056 5660 1344 5728 potestate,
1376 5657 1540 5712 addit
1593 5659 1760 5715 Atto:
1794 5673 1908 5713 una

2013 4745 2135 4784 cum
2167 4729 2268 4783 Dei
2296 4727 2592 4798 adjutorio.

2087 4801 2233 4870 (985).
2267 4793 2488 4853 Sensus
2519 4797 2612 4852 hic
2661 4795 3026 4870 aliquantum
3061 4795 3383 4870 obscurior.
3409 4793 3661 4870 Videtur

2017 4867 2159 4926 mihi
2178 4871 2310 4924 talis
2331 4886 2457 4924 esse
2480 4870 2618 4923 ordo
2638 4869 3028 4931 verborum,et
3044 4883 3280 4923 sensus:
3301 4867 3438 4923 Dicit
3453 4867 3659 4936 aliquis

2013 4945 2166 4997 senio
2181 4944 2485 5011 confectus;
2504 4940 2620 4995 ideo
2638 4941 2790 4994 timet
2814 4941 3034 5010 .4postol
3042 4956 3104 4994 us
3143 4942 3345 4995 acriter
3365 4940 3654 5011 corrigere,

2016 5015 2144 5085 quia
2176 5009 2378 5068 tentari
2409 5014 2599 5066 timet:
2632 5027 2728 5080 ego
2758 5009 2938 5065 autem
2958 5013 3080 5082 jam
3109 5013 3170 5065 in
3196 5020 3355 5085 portu
3384 5009 3617 5085 consisto
3637 5022 3657 5065 ,'

2012 5081 2231 5155 possum
2264 5085 2436 5153 igitur
2490 5085 2698 5138 acriter
2741 5081 3028 5151 corrigere,
3090 5081 3400 5154 respondet
3455 5081 3659 5155 auctor

2017 5147 2212 5210 noster
2236 5173 2246 5209 :
2283 5147 2374 5209 sed
2403 5155 2498 5208 ille
2525 5157 2697 5224 timet,
2729 5147 2905 5210 multo
2933 5156 3106 5221 magis
3153 5147 3271 5220 iste,
3298 5166 3470 5224 senex
3497 5147 3652 5202 vide-

2017 5229 2163 5292 licet,
2195 5228 2329 5298 quia
2359 5228 2651 5296 cognoscit,
2682 5223 2789 5282 etc.
2819 5252 2832 5294 ;
2857 5225 2986 5280 vide
3010 5225 3208 5279 divum
3243 5223 3656 5291 Hieronymum

1957 5343 1961 5346 .
2018 5299 2075 5352 in
2108 5299 2264 5352 hunc
2299 5303 2544 5352 textum.

2087 5371 2234 5441 (984)
2267 5370 2498 5424 Scilicet
2556 5369 2614 5423 in
2663 5368 3044 5441 sequentibus
3069 5440 3072 5441 ν
3099 5380 3210 5417 non
3253 5365 3441 5441 textus
3473 5362 3660 5430 citati,

2017 5435 2115 5495 sed
2149 5435 2284 5496 huic
2315 5441 2547 5506 similis,
2582 5458 2704 5510 xm,
2724 5435 2826 5493 371:
2864 5435 3439 5510 scilicctmandatum
3459 5451 3660 5510 novum

2016 5512 2080 5566 do
2117 5513 2283 5579 vobis,
2320 5522 2378 5567 ut
2409 5513 2666 5584 diligatis
2691 5505 2954 5584 invicem,
2991 5506 3095 5584 Qui
3131 5505 3386 5584 adhmret
3417 5523 3566 5584 vers.
3597 5507 3669 5560 35

2016 5578 2373 5650 immediate,
2407 5578 2668 5656 sequenti
2700 5584 2889 5636 textus
2935 5578 3083 5632 infra
3115 5578 3324 5633 citatus
3354 5581 3414 5632 in
3443 5580 3541 5634 hoc
3569 5593 3658 5632 eo-

2013 5660 2292 5726 gnoscent,
2317 5661 2423 5712 etc.
