4026 6168
355 325 471 390 843

1366 327 1702 392 ATTONIS
1750 319 2337 389 VERGELLENSIS
2382 317 2734 383 EPISCOPI

3637 319 3754 394 ωι

428 461 575 533 (985)
608 461 980 518 Communicet
1008 467 1214 530 autem,
1247 467 1353 521 etc.
1377 464 1668 520 Hactenus
1701 461 1991 518 allocutus
2019 455 2074 523 Α
2104 458 2169 512 ut
2197 455 2275 511 sit
2296 455 2656 519 sensuszoui
2684 470 2786 527 pro
2815 469 3014 510 amore
3041 451 3294 528 Spiritus
3314 450 3503 518 Sancti
3531 449 3762 527 aliquid

355 551 540 607 fuerat
572 553 768 616 fortes,
803 553 903 625 qui
961 554 1246 623 patienter
1301 553 1548 610 aliorum
1596 551 1999 607 inﬁrmitatem

355 645 624 713 poterant
654 640 921 697 tolerare.
957 643 1114 698 anc
1157 642 1477 716 alloquitur
1506 644 1820 713 subjectos,
1855 658 1998 712 qua-

353 727 485 784 liter
513 746 652 800 erga
701 747 838 786 suos
896 732 1302 802 prmdicatores
1359 733 1675 788 consistere
1724 732 1994 786 debeant.

355 819 497 874 Nam
537 819 684 875 solet
714 820 938 875 evenire
998 827 1082 885 ut,
1139 823 1278 877 dum
1338 822 1730 893 praedicationi
1762 837 1994 892 operam

355 908 516 978 dant,
549 908 808 979 inopiam
835 911 1230 980 patiantur.Et
1259 912 1387 966 ideo
1409 917 1725 966 monentur
1755 911 1824 965 ab
1856 913 2000 981 Apo-

355 997 524 1064 stolo,
561 1001 623 1053 ut
646 999 1079 1056 communicent
1099 1017 1160 1054 se
1191 1000 1488 1055 auditores
1519 999 1998 1072 praedicatoribus

354 1086 412 1142 in
445 1088 721 1143 omnibus
757 1089 946 1153 bonis,
982 1090 1037 1144 id
1091 1096 1201 1153 est,
1231 1090 1446 1144 victum
1495 1095 1552 1145 et
1584 1090 1994 1146 vestimentum

354 1175 631 1230 tribuant.
693 1177 852 1239 Quod
913 1178 1065 1232 idem
1125 1177 1440 1248 Apostolus
1497 1178 1673 1234 alibi:
1731 1179 1999 1233 Habentes

353 1268 553 1319 victum
583 1274 636 1320 et
666 1268 1052 1321 vestimentum
1083 1267 1168 1321 his
1193 1269 1434 1322 contenti
1468 1284 1656 1323 sumus
1685 1268 1852 1338 (986).

425 1355 533 1408 Sed
567 1355 870 1410 sciendum
905 1356 1043 1425 quia
1081 1357 1234 1411 bona
1281 1356 1624 1427 temporalia
1653 1356 1805 1411 idem
1838 1362 1995 1426 Apo-

357 1443 566 1512 stolus,
601 1445 924 1498 secundum
957 1445 1275 1500 humanam
1309 1445 1812 1509 consuetudinem,
1846 1446 1999 1500 bona

356 1546 483 1586 esse
512 1531 672 1586 dicit.
733 1533 802 1586 Et
855 1531 993 1602 quid
1055 1533 1269 1588 mirum
1327 1551 1461 1590 cum
1508 1534 1683 1589 etiam
1713 1533 1996 1589 Dominus

357 1620 606 1674 necdum
640 1621 905 1689 perfectis
945 1622 1250 1694 discipulis
1305 1625 1375 1678 ad
1409 1623 1624 1679 calcem
1658 1623 1993 1694 pervenien-

356 1708 515 1763 tibus
573 1709 717 1779 (987)
777 1710 968 1765 dicat:
1013 1711 1072 1765 Si
1126 1728 1274 1780 ergo,
1331 1729 1456 1767 cum
1511 1713 1635 1768 sitis
1692 1714 1851 1776 mali,
1884 1716 1992 1767 etc.

2112 545 2352 614 dederit,
2387 546 2458 600 ab
2505 543 2604 600 illo
2636 543 2878 616 accipiet
2928 543 3386 600 retributionem.
3437 543 3640 600 Potest
3666 561 3764 602 re-

2111 634 2244 690 ferri
2277 635 2348 689 ad
2383 633 2706 705 superiora,
2765 641 2827 688 ut
2857 634 2935 689 sit
2963 649 3175 689 sensus
3203 651 3216 688 :
3275 633 3381 699 Qui
3417 633 3671 690 seminat
3699 634 3764 691 in

2112 740 2284 780 carne
2316 741 2444 789 sua,
2477 723 2533 778 id
2566 729 2673 793 est,
2726 723 2826 795 qui
2884 722 3194 778 carnaliter
3238 722 3428 795 legem
3459 723 3761 792 intelligit,

2111 819 2288 869 metet
2317 813 2768 885 corruptionem,
2827 813 2968 884 quia
2997 830 3122 884 quas
3171 813 3261 868 lex
3294 813 3584 884 promittit
3612 819 3760 870 tem-

2110 901 2333 974 poralia
2359 907 2534 968 sunt;
2568 902 2668 973 qui
2701 907 2896 958 autem
2929 903 3182 958 seminat
3211 902 3268 956 in
3291 902 3526 973 spiritu,
3558 903 3615 957 id
3648 908 3760 974 est,

2110 991 2208 1062 qui
2241 990 2585 1062 spiritaliter
2613 990 2906 1061 intelligit,
2940 990 3117 1047 vitam
3141 994 3416 1048 aeternam
3447 996 3649 1047 metet.

2179 1085 2394 1137 Bonum
2414 1088 2599 1138 autem
2617 1082 2902 1150 facientes,
2929 1085 3039 1136 etc.
3064 1079 3347 1136 Salutaris
3375 1084 3466 1136 est
3491 1080 3765 1138 doctrina

2109 1168 2426 1240 apostolica
2450 1186 2462 1223 :
2497 1185 2631 1223 nam
2665 1168 2757 1223 bis
2786 1168 2979 1224 verbis
3006 1168 3273 1224 hortatur
3293 1185 3399 1225 nos
3428 1169 3501 1224 ad
3536 1169 3763 1226 bonum

2108 1257 2568 1331 perseverantia:-
2605 1258 2852 1313 Noverat
2894 1256 2991 1313 ille
3037 1257 3352 1316 nonnullos
3381 1258 3679 1324 inchoare,
3706 1265 3765 1316 et

2108 1365 2222 1405 non
2257 1350 2663 1419 perseverante
2695 1346 2808 1401 ﬁde
2838 1345 3166 1418 complere;
3199 1347 3328 1403 ideo
3369 1346 3564 1404 taliter
3595 1348 3760 1403 dicit.

2106 1437 2176 1492 Et
2201 1436 2340 1507 quia
2369 1439 2509 1490 sunt
2564 1435 2855 1505 nonnulli,
2915 1436 3015 1508 qui
3065 1436 3136 1491 de
3195 1436 3345 1492 bono
3388 1437 3546 1508 quod
3577 1441 3763 1509 agunt

2106 1525 2200 1581 hic
2230 1524 2676 1580 retributionem
2699 1528 3059 1596 exspectant,
3083 1524 3211 1581 ideo
3241 1525 3549 1596 subjunxit
3577 1544 3590 1581 :
3623 1530 3762 1582 tem-

2099 1631 2231 1687 pore
2262 1616 2412 1670 enim
2441 1630 2538 1670 suo
2595 1617 2880 1681 metemus,
2933 1616 3044 1669 etc.
3078 1631 3091 1680 ;
3145 1614 3312 1684 quasi
3351 1615 3546 1672 dicat:
3581 1615 3758 1672 Aliud

2105 1708 2195 1760 est
2221 1707 2455 1775 tempus
2511 1703 2776 1768 sationis,
2835 1706 2894 1758 et
2938 1701 3098 1758 aliud
3155 1703 3388 1768 messis,
3446 1721 3563 1760 non
3593 1706 3756 1762 enim

357 1798 563 1868 (Matth.
596 1815 693 1865 v11,
731 1799 816 1868 11)
839 1799 934 1854 ?Et
967 1801 1111 1856 forte
1131 1801 1242 1856 Job
1272 1801 1424 1856 bona
1452 1801 1676 1857 dixerat
1695 1817 1823 1857 esse
1846 1802 1998 1856 bona
2027 1828 2074 1893 B
2106 1810 2223 1850 uno
2253 1798 2515 1893 tempore
2575 1792 2940 1893 seminamus
2969 1796 3026 1848 et
3053 1792 3349 1893 metimus.
3390 1793 3672 1893 Similiter
3699 1800 3757 1852 et

353 1887 698 1956 temporalia
739 1889 810 1942 ad
869 1888 1249 1944 intentionem
1304 1907 1420 1946 suae
1481 1891 1676 1947 uxoris
1705 1890 1989 1946 dicentis:

353 1975 586 2028 Benedic
614 1975 717 2030 Deo
774 1984 824 2030 et
876 1993 1087 2032 morere
1153 1981 1286 2048 (Job,
1351 1997 1410 2046 11,
1469 1980 1989 2050 9);respondens:

354 2064 416 2117 Si
447 2065 583 2118 bona
611 2067 966 2135 suscepimus,
1026 2071 1130 2121 etc.
1196 2069 1385 2135 (Ibid.,
1443 2068 1550 2138 10).
1587 2068 1745 2123 Bona
1772 2068 1996 2122 dixerat

355 2152 544 2223 panis.
564 2157 740 2208 Erant
767 2153 919 2209 mala
942 2173 1066 2226 quae
1089 2157 1438 2212 sustinebat.
1463 2161 1818 2230 Cognoverat
1838 2157 1996 2212 enim

352 2241 450 2296 ille
479 2242 566 2296 vir
594 2242 714 2307 Dei,
748 2247 804 2297 et
857 2243 972 2298 Deo
1032 2244 1259 2315 plenus,
1294 2246 1444 2301 bona
1510 2247 1622 2301 dici
1655 2263 1770 2301 non
1803 2263 1993 2318 posse,

357 2329 467 2384 nisi
501 2330 771 2399 virtutes,
827 2348 954 2402 quae
1014 2349 1121 2388 nos
1178 2334 1380 2389 beatos
1440 2335 1710 2400 reddunt,
1734 2339 1789 2389 et
1821 2333 1992 2400 mala,

357 2435 482 2490 qua:
538 2419 804 2475 miseros.
843 2421 951 2476 Sed
981 2423 1304 2477 secundum
1328 2423 1650 2478 humanam
1690 2427 1997 2478 consuetu-

355 2507 552 2563 dinem
582 2508 948 2579 loquebatur.
1011 2511 1155 2566 Nam
1206 2515 1440 2583 quando
1499 2529 1663 2568 sacra
1699 2513 2000 2584 Scriptura

355 2597 676 2652 secundum
711 2615 887 2654 suum
920 2601 1160 2654 modum
1193 2606 1251 2656 et
1279 2601 1539 2673 linguam
1578 2600 1856 2671 loquitur,
1884 2600 1996 2656 vir-

356 2688 512 2740 tutes
543 2691 644 2740 aut
673 2685 830 2753 vitia,
866 2687 1018 2743 bona
1042 2688 1130 2742 vel
1164 2689 1318 2744 mala
1348 2706 1476 2745 esse
1507 2689 1830 2744 confirmat.

429 2774 608 2830 Nolite
636 2791 840 2840 errare,
873 2780 980 2831 etc.
1005 2777 1074 2831 Et
1102 2778 1242 2848 quia
1265 2782 1488 2849 poterat
1517 2777 1729 2849 aliquis
1759 2794 1998 2849 respon-

357 2863 492 2918 dere
521 2867 578 2918 et
606 2864 832 2919 dicere:
868 2865 911 2919 Ο
941 2865 1235 2937 Apostole,
1255 2866 1363 2922 hoc
1395 2882 1565 2938 agere
1587 2884 1699 2922 non
1733 2883 1995 2938 possum,

356 2951 636 3023 quoniam
669 2967 806 3025 ager
837 2970 1002 3010 meus
1061 2955 1168 3010 hoc
1199 2971 1352 3011 anno
1396 2955 1657 3011 siccitate
1685 2956 1876 3023 aruit;
1909 2955 1997 3010 vi-

357 3057 530 3096 neam
568 3057 760 3097 meam
791 3044 1011 3114 grando
1053 3045 1451 3116 consumpsit;
1496 3060 1736 3100 censum
1780 3043 2000 3099 tributa

2107 1899 2264 1939 nunc
2293 1881 2574 1937 debemus
2629 1881 2852 1952 operari
2912 1881 3154 1946 bonum,
3210 1883 3586 1952 postmodum
3618 1898 3754 1939 vero

2101 1971 2543 2027 retributionem
2604 1970 2918 2042 percipere.
2980 1970 3125 2024 Nam
3157 1969 3253 2024 ille
3306 1971 3405 2041 qui
3436 1971 3533 2026 hic
3563 1973 3755 2042 perci-

2105 2061 2208 2133 pit,
2238 2061 2296 2114 in
2323 2060 2520 2115 futuro
2554 2059 2818 2115 mercede
2877 2058 3160 2131 privatur.
3220 2058 3384 2122 Unde
3424 2059 3752 2117 Dominus:

2103 2155 2440 2220 Receperunt
2491 2148 2793 2203 mercedem
2846 2164 3006 2203 suam
3052 2147 3270 2219 (Matth.
3328 2165 3404 2215 vr,
3447 2150 3500 2216 5,
3540 2151 3629 2220 16)
3655 2174 3672 2217 ;
3699 2155 3757 2206 et

2106 2239 2381 2296 Salomon
2406 2253 2418 2292 :
2453 2237 2759 2295 Haereditas
2789 2236 2859 2292 ad
2887 2253 3051 2308 quam
3077 2238 3398 2308 festinatur,
3428 2241 3538 2294 etc.
3573 2239 3754 2308 (Prov.

2106 2345 2200 2394 xx,
2231 2329 2342 2393 21).
2402 2327 2472 2382 Et
2503 2331 2642 2382 nota
2694 2325 2832 2397 quia
2861 2342 2971 2384 non
3027 2325 3342 2395 deﬁciamus
3371 2325 3534 2393 dicit,
3565 2335 3618 2383 et
3649 2343 3758 2384 non

2105 2416 2441 2488 deﬁcientes,
2492 2415 2633 2486 quia
2687 2413 2772 2468 illi
2823 2414 2922 2486 qui
2981 2413 3382 2472 indeﬁcienter
3435 2415 3590 2472 bona
3620 2432 3756 2489 ope-

2107 2510 2332 2568 rantur,
2365 2503 2768 2560 indeﬁcienter
2797 2501 3241 2559 retributionem
3273 2503 3610 2576 percipient.

2179 2595 2326 2665 (989)
2359 2592 2506 2657 Quia
2555 2591 2781 2648 dixerat
2807 2591 3117 2663 superius:
3168 2596 3310 2662 Quae
3337 2595 3480 2648 enim
3509 2595 3760 2650 salina-

2107 2684 2244 2740 verit
2274 2683 2452 2748 homo,
2495 2686 2630 2747 etc.,
2685 2696 2909 2752 usque:
2944 2685 3068 2739 Non
3097 2681 3428 2751 deﬁcientes,
3458 2682 3586 2738 ideo
3615 2683 3758 2740 sub-

2099 2772 2335 2844 junxit:
2395 2776 2533 2842 Ergo
2591 2770 2722 2826 dum
2779 2779 2989 2842 tempus
3045 2772 3326 2837 habemus,
3385 2776 3537 2837 etc.;
3585 2772 3758 2844 quasi

2107 2861 2324 2916 diceret
2357 2879 2369 2916 :
2402 2860 2460 2915 Si
2489 2864 2628 2914 tunc
2660 2859 2940 2914 debemus
2963 2858 3240 2931 recipere,
3260 2860 3433 2916 modo
3462 2861 3759 2918 seminare

2109 2951 2412 3015 debemus,
2445 2950 2546 3006 sed
2579 2948 2638 3004 in
2670 2949 2874 3021 pingui
2897 2965 3056 3019 arvo,
3079 2950 3404 3007 secundum
3437 2951 3597 3023 quod
3631 2968 3756 3024 pro-

2108 3039 2319 3112 pheta:
2375 3043 2581 3096 Novate
2634 3038 2850 3104 novate,
2929 3041 3062 3107 etc,,
3119 3046 3172 3094 et
3235 3037 3560 3096 circumdite
3615 3056 3756 3111 pra:-

356 3131 517 3202 regia
547 3131 977 3199 exhauserunt;
1040 3132 1168 3198 hoc,
1223 3135 1377 3204 quod
1437 3133 1603 3200 dicis,
1659 3149 1829 3205 agere
1880 3149 1996 3188 non
2037 3198 2068 3205 _
2103 3131 2344 3202 putium,
2377 3131 2484 3183 etc.
2545 3130 2762 3197 (Jerem,
2820 3143 2895 3194 ιν,
2927 3127 2999 3194 3;
3060 3128 3178 3183 Ose.
3207 3145 3263 3192 x,
3307 3128 3416 3199 12).
3447 3129 3669 3196 Omnes,
3700 3129 3757 3185 id

353 3198 636 3291 possum;
680 3221 752 3276 ad
809 3221 917 3277 hoc
973 3198 1310 3294 respondit:
1373 3224 1552 3278 Nolite
1591 3198 1794 3279 errare
1823 3222 1994 3294 (988),
2028 3198 2071 3264 (ἶ
2103 3198 2346 3285 est,tam
2370 3233 2628 3290 paganos
2649 3198 3589 3288 quamJudaeos,quoniamomnia
3608 3223 3759 3274 tem-

356 3309 524 3380 quasi
557 3310 806 3367 diceret:
843 3311 1029 3368 Nolite
1061 3312 1168 3366 hoc
1199 3312 1408 3381 dicere,
1447 3311 1722 3382 quoniam
1753 3312 1997 3368 dicendo

354 3413 535 3462 erras,
569 3398 706 3468 quia
735 3399 792 3452 in
853 3399 1150 3454 hominem
1205 3398 1382 3466 fallis,
1442 3404 1621 3455 Deum
1657 3399 1854 3455 fallere
1884 3417 1997 3455 non

357 3489 541 3556 potes.
574 3488 742 3541 Novit
771 3486 925 3540 enim
954 3487 1079 3557 ipse
1100 3487 1398 3554 horreum,
1422 3488 1746 3558 cellarium,
1765 3505 1998 3544 omnem

357 3589 424 3628 su
434 3572 777 3642 pellectilem
809 3579 996 3629 tuam.

432 3662 498 3716 Et
528 3678 598 3717 ne
627 3661 722 3718 ille
753 3668 985 3734 putaret
1015 3680 1076 3719 se
1107 3665 1346 3736 perdere
1376 3666 1529 3736 quod
1558 3665 1834 3734 dedisset,
1869 3665 1998 3721 ideo

360 3751 699 3820 subjunxit:
730 3756 870 3822 Quae
897 3754 1046 3808 enim
1073 3755 1425 3810 seminaverit
1453 3755 1632 3811 homo.
1664 3757 1798 3826 etc.,
1830 3753 1999 3826 quasi

361 3839 614 3895 diceret:
650 3841 731 3896 Ne
761 3846 930 3913 putes
959 3847 1015 3897 te
1046 3842 1314 3898 amittere
1351 3844 1505 3916 quod
1533 3844 1828 3910 concedis,
1854 3859 1998 3915 quo-

354 3929 518 3985 niam
553 3930 995 3986 retributionem
1057 3931 1359 4004 percipies.
1421 3936 1488 3988 Et
1527 3932 1829 3988 sciendum
1863 3932 2002 4004 quia

357 4018 474 4074 duo
505 4023 643 4074 sunt
670 4020 831 4092 agri:
894 4024 984 4076 est
1039 4021 1339 4092 spiritalis,
1399 4025 1488 4077 est
1545 4020 2000 4088 carnalis;cum

358 4108 646 4180 spiritalia
667 4109 982 4181 agimus.in
1008 4110 1255 4181 spiritali
1278 4128 1417 4183 agro
1442 4129 1455 4179 ;
1490 4117 1698 4166 etcum
1724 4109 2000 4178 carnalia,

358 4197 418 4251 in
450 4197 668 4252 carnali
700 4198 1083 4254 seminamus.

428 4285 496 4339 Et
527 4285 662 4356 quia
695 4286 796 4340 dat
823 4286 1272 4343 similitudinem
1305 4287 1813 4354 seminantis,vult
1845 4304 2003 4343 eam-

359 4373 490 4428 dem
523 4373 862 4430 dilucidare.
919 4375 1268 4446 Subjunxit:
1331 4377 1599 4444 Quoniam
1627 4379 1723 4449 qui
1759 4378 2006 4432 seminat

363 4463 422 4517 in
453 4479 617 4518 carne
644 4479 768 4530 sua,
828 4468 937 4519 etc.
997 4464 1060 4519 In
1127 4481 1298 4520 carne
1353 4465 1665 4533 seminant,
1725 4465 1824 4536 qui
1879 4465 2004 4520 suis

2107 3307 2329 3380 poralia
2347 3306 2739 3363 communiter
2758 3307 3064 3363 concessit.
3088 3306 3323 3365 Maxime
3341 3316 3548 3374 autem,
3567 3307 3628 3364 id
3650 3314 3760 3374 est,

2108 3397 2208 3468 qui
2223 3397 2398 3453 unius
2413 3394 2859 3468 suntreligionis
2872 3396 3197 3452 devotionis
3209 3396 3409 3453 etﬁdei
3424 3397 3759 3467 nobiscum,

2106 3491 2164 3542 et
2191 3491 2354 3542 tuam
2388 3485 2693 3552 familiam,
2727 3489 2784 3540 et
2815 3501 3299 3557 unumquemque
3319 3486 3379 3541 in
3399 3503 3507 3542 suo
3530 3487 3758 3544 ordine.

2107 3577 2240 3630 Haec
2269 3573 2426 3629 enim
2449 3574 2716 3629 doctrina
2743 3573 3060 3645 apostolica
3081 3589 3197 3632 non
3215 3580 3304 3630 est
3334 3575 3760 3648 parvipenden-

2108 3664 2203 3729 da,
2238 3663 2338 3718 sed
2371 3677 2744 3734 summopere
2788 3663 3132 3733 appetenda.
3168 3663 3346 3720 Debet
3374 3663 3536 3720 enim
3569 3681 3758 3722 unus.-

2109 3751 2360 3823 quisque
2392 3750 2683 3807 sollicitus
2710 3767 2842 3808 esse
2883 3751 3169 3819 laborare,
3201 3769 3274 3809 ne
3301 3757 3536 3826 tempus
3560 3753 3757 3810 indul-

2108 3845 2235 3896 tum
2266 3843 2441 3912 atque
2498 3857 2532 3896 a
2564 3845 2673 3896 Deo
2731 3856 3071 3897 concessum
3105 3841 3328 3913 perdat,
3371 3858 3586 3900 vacans
3619 3844 3759 3900 otio.

2110 3932 2258 3988 Nam
2289 3931 2431 3986 adeo
2463 3929 2712 3986 studiosi
2743 3930 2981 3986 fuerunt
3008 3930 3252 4002 quidam
3274 3946 3668 4004 paganorum,
3701 3937 3762 3988 ut

2107 4018 2434 4075 doluissent
2464 4035 2527 4074 se
2575 4034 2758 4074 unum
2789 4017 3114 4090 perdidisse
3155 4018 3332 4075 diem.
3369 4019 3577 4076 Fertur
3601 4022 3760 4078 enim

2110 4108 2275 4164 Titus
2302 4107 2644 4180 Vespasiani
2668 4105 3234 4180 ﬁlius,Jerosolymis
3256 4108 3765 4174 subversis,viotor

2105 4199 2356 4254 Romam
2423 4200 2737 4264 revertens,
2798 4197 3054 4267 quadam
3099 4201 3268 4253 nocte
3296 4197 3518 4254 dixisse
3545 4199 3677 4256 suis
3705 4200 3762 4257 in

2113 4303 2314 4342 coena:
2348 4286 2392 4340 Ο
2423 4285 2615 4350 amici,
2655 4285 2880 4358 perdidi
2937 4285 3114 4354 diem,
3148 4285 3207 4342 Si
3238 4285 3338 4343 ille
3364 4287 3463 4357 qui
3496 4303 3763 4361 paganus

2113 4383 2256 4442 erat,
2287 4392 2405 4430 non
2435 4374 2658 4430 habens
2689 4373 2876 4446 legem
2925 4389 3117 4446 neque
3158 4374 3494 4447 prophetas,
3527 4376 3766 4434 dolebat

2115 4481 2177 4520 se
2205 4463 2532 4537 perdidisse
2561 4463 2716 4519 diem
2765 4463 2826 4518 in
2859 4479 2972 4534 quo
3029 4479 3145 4519 non
3191 4463 3412 4536 aliquid
3438 4482 3544 4538 pro
3575 4467 3764 4523 stabi-

359 4551 694 4608 carnalibus
725 4551 1211 4608 delectationibus
1269 4553 1658 4622 satisfaciunt,
1709 4554 1764 4608 id
1793 4557 1900 4624 est,
1933 4553 2003 4608 li-
2035 4569 2081 4634 Ι)
2114 4552 2276 4609 litate
2307 4553 2469 4624 regni
2524 4556 2627 4606 aut
2683 4556 2856 4623 gente
2901 4551 3244 4623 laborasset,
3294 4569 3412 4624 qua
3454 4553 3648 4612 fronte
3675 4560 3760 4625 tu,

359 4639 609 4711 bidines,
641 4645 751 4696 etc.
809 4641 1034 4697 Metunt
1089 4645 1536 4714 corruptionem,-
1594 4641 1652 4696 id
1707 4646 1815 4710 est,
1866 4658 2004 4713 sup-

361 4729 605 4800 plicium
637 4734 864 4786 aeternae
908 4731 1329 4786 damnationzs.
1382 4732 1486 4800 Qui
1516 4739 1702 4786 autem
1731 4732 2007 4786 seminant

360 4817 421 4870 in
445 4816 670 4888 spiritu.
735 4817 819 4873 Illi
854 4818 913 4873 in
973 4819 1181 4888 spiritu
1239 4820 1551 4887 seminant,
1613 4819 1712 4890 qui
1760 4818 2005 4874 virtutes

359 4902 653 4958 scminant
679 4929 692 4970 ;
723 4910 780 4959 et
802 4905 1143 4961 seminando
1164 4905 1633 4974 virtutes,metent
1660 4909 1828 4962 vitam
1850 4911 2008 4964 scier-

356 4993 586 5048 nam.Et
607 4998 743 5049 nota
763 4994 903 5066 quia
923 5011 1054 5050 cum
1076 4995 1400 5067 adjectione
1422 4997 1562 5052 dicit
1581 5013 1803 5052 carnem
1826 5013 2004 5064 suam,

360 5081 626 5139 absolute
655 5099 788 5138 vero
819 5085 1064 5153 spiritu;
1100 5083 1249 5153 ideo,
1283 5086 1422 5156 quia
1455 5084 1670 5141 nostris
1702 5085 2006 5141 conatibus

347 5187 595 5241 peccare
621 5189 958 5244 possumus,
985 5173 1204 5228 bonum
1237 5191 1370 5230 vero
1407 5191 1578 5244 agere
1609 5190 2001 5245 nequaquam.

361 5259 636 5315 Nonnulli
684 5261 998 5317 voluerunt
1046 5261 1370 5334 intelligere
1399 5263 1678 5334 Spiritum
1710 5268 2001 5319 sanctum.

432 5365 580 5504 (985g
613 5366 674 5422 In
708 5372 902 5449 autog.
938 5385 1136 5494 marg),
1169 5367 1383 5434 legitur
1411 5386 1537 5440 cap.
1573 5368 1788 5425 XXXII.

453 5439 558 5489 686
615 5442 632 5490 l
666 5440 813 5495 Tum.
848 5457 922 5502 v1,
953 5442 1007 5503 8,
1043 5458 1075 5494 u
1125 5457 1139 5493 1
1167 5457 1178 5494 :
1211 5440 1474 5496 Habentes
1503 5450 1685 5496 autem
1718 5442 1788 5496 at:

453 5439 578 5512 686)
615 5442 632 5490 l
666 5439 813 5495 Tim.
848 5439 922 5502 vi,
953 5442 1007 5503 8,
1043 5439 1139 5494 ubi
1167 5457 1178 5494 :
1211 5439 1685 5496 Habentes’autem
1718 5442 2002 5512 alimenta,

362 5509 415 5560 et
443 5509 637 5579 quibus
668 5513 917 5579 tegamur
941 5513 1046 5576 his,
1079 5516 1186 5566 etc.

438 5577 844 5652 (987)_Sci1'icet
877 5583 1113 5651 montis,
1146 5582 1201 5637 in
1252 5583 1420 5652 cujus
1453 5581 1710 5638 culmine
1739 5582 2003 5652 sistebat,

366 5650 422 5703 et
450 5647 695 5703 docebat
722 5649 893 5707 Jesus
952 5647 1239 5724 Christus,
1283 5647 1452 5726 cujus
1504 5652 1717 5712 mentis
1749 5647 2000 5727 culmen,

2114 4643 2213 4714 qui
2235 4640 2605 4696 Christianus
2620 4655 2682 4696 es
2702 4640 2936 4695 ?Fertur
2956 4640 3131 4696 etiam
3155 4641 3762 4716 quodJoanneslongo

2115 4730 2276 4786 senio
2308 4729 2628 4793 confectus,
2686 4744 2803 4784 non
2851 4728 3050 4785 valens
3107 4746 3436 4786 sermonem
3467 4731 3666 4788 facere
3692 4732 3761 4788 ad

2115 4819 2438 4882 collectam,
2473 4817 2717 4883 dicebat,
2750 4834 2884 4872 cum
2916 4835 2951 4873 a
2981 4818 3610 4887 manibus,deferretur
3636 4837 3766 4878 suo-

2116 4925 2245 4964 rum
2273 4926 2284 4963 :
2318 4906 2745 4976 Filioliditigite
2775 4923 2862 4964 vos
2891 4909 3228 4964 alterutrum
3255 4907 3396 4980 ,-qui
3424 4925 3560 4966 cum
3585 4909 3764 4967 inter-

2115 5001 2418 5070 rogaretur
2437 5011 2616 5068 quare
2639 4995 2794 5050 hunc
2815 4995 3036 5051 diceret
3055 5011 3407 5068 sermonem,
3436 5011 3765 5071 congruum

2116 5086 2275 5142 dedit
2307 5101 2695 5158 responsum:
2734 5083 2943 5154 Filioli,
2976 5085 3116 5157 quia
3145 5091 3500 5158 pmceptum
3533 5085 3768 5144 Domini

2115 5175 2225 5231 hoc
2256 5175 2625 5231 solummodo
2658 5173 2896 5240 sufﬁcit,
2928 5173 2978 5230 si
3011 5173 3345 5247 impleatur.

2186 5265 2334 5336 (990)
2370 5263 2556 5320 Videte
2609 5263 2868 5335 qualibus
2927 5264 3146 5332 litteris,
3194 5268 3305 5321 etc.
3353 5265 3442 5321 Ah
3465 5265 3576 5323 hoc
3605 5267 3756 5322 enim

2156 5369 2766 5445 erfectionis__apicem
2801 5369 2992 5445 _divus
3051 5369 3439 5445 Hieronymus
3496 5371 3557 5427 in
3612 5372 3760 5428 hanc

2163 5441 2430 5524 plihsﬁt’olam
2463 5440 2768 5524 allegorice
2799 5440 3233 5524 interpretatur.

2365 5515 2428 5597 In
2460 5511 2652 5597 autog.
2689 5529 2873 5586 marg.
2895 5511 3246 5597 ‘bicdegitur
3273 5511 3685 5597 cap._.X"XX.I_iI.

2185 5581 2332 5660 (989)
2363 5589 2428 5660 In
2459 5581 2654 5658 autog.
2686 5581 2870 5659 marg.
2895 5584 2988 5660 hic
3009 5581 3221 5660 legitur
3239 5581 3367 5660 cap'.
3400 5581 3648 5660 Χλίέρν.

2185 5588 2311 5657 (989
2365 5589 2428 5640 In
2459 5591 2654 5658 autog.
2686 5601 2870 5659 marg.
2895 5588 2988 5654 hic
3009 5588 3221 5659 legitur
3239 5603 3367 5660 cap.
3400 5588 3648 5642 XXXIV.

2183 5588 2332 5732 (990i
2363 5658 2424 5715 In
2456 5662 2650 5730 autog.
2684 5673 2866 5730 marg.
2903 5655 2997 5716 hic
3025 5657 3239 5732 legitur
3275 5673 3404 5732 cap.
3435 5653 3648 5716 XXXV.
