4014 6172
254 364 373 424 545

820 358 1237 421 EXPOSITIO
1282 358 1359 421 IN
1406 363 1836 427 EPISTOLAS
1887 368 2349 434 PAULL—IN
2400 374 2655 435 EPIST.
2703 377 2806 438 AD
2854 380 3131 445 EPHES.

3576 395 3692 455 546

253 496 382 553 loco
404 508 599 567 usque
620 493 695 549 ad
731 492 912 583 tian
935 489 1060 546 suis
1092 491 1365 583 manibus
1392 495 1626 567 scripsit
1646 511 1714 552 ea
1733 497 1923 556 inten-
1950 504 2006 570 Α
2037 505 2276 572 mundo,
2302 512 2360 561 et
2384 509 2660 563 mortuus
2682 514 2771 566 est
2795 511 2911 568 illis
2934 517 3217 572 mundus.
3236 524 3311 574 De
3332 522 3545 580 talibus
3568 531 3689 583 erat

252 586 431 650 tione,
465 584 608 655 quia
639 578 912 637 nonnulli
952 584 1120 634 erant
1167 581 1264 652 qui
1319 583 1586 640 dicebant
1631 602 1767 642 eum
1801 606 1919 645 non

250 690 453 730 verum
502 688 638 728 esse
687 666 1049 743 apostolum,
1095 670 1236 739 quia
1288 670 1511 741 Petrus,
1558 674 1813 731 Jacobus
1863 682 1922 733 et

246 764 503 819 Joannes
522 760 846 817 carnaliter
862 757 1374 814 circumcisionem
1394 763 1711 833 praedicant
1730 771 1786 820 et
1804 783 1919 822 ser-

250 857 408 917 vant,
438 857 497 906 et
542 848 769 905 Paulus
818 862 998 903 suum
1040 845 1399 919 discipulum
1442 852 1829 925 circumcidit,
1863 860 1920 911 et

252 956 382 996 cum
432 939 659 994 Judasis
711 954 774 994 se
826 938 887 991 in
939 934 1161 1007 templo
1214 939 1563 1009 puriﬁcavit.
1598 943 1715 999 Isto
1760 944 1916 999 enim

254 1046 364 1085 uno
413 1029 661 1083 fuerunt
713 1026 798 1081 illi
849 1025 1117 1096 decepti;
1171 1030 1229 1081 et
1280 1027 1389 1083 hoc
1438 1030 1660 1087 crimen
1716 1033 1917 1089 volens

254 1117 345 1173 ille
375 1122 629 1188 tergere,
664 1114 940 1170 manibus
973 1114 1102 1169 suis
1132 1114 1374 1183 scribit;
1408 1123 1465 1173 et
1508 1120 1759 1176 maxime
1798 1121 1916 1177 illis

253 1206 549 1263 scribebat
602 1204 876 1259 manibus
922 1202 1072 1269 suis,
1106 1203 1262 1260 inter
1309 1222 1456 1276 quos
1506 1215 1745 1265 noverat
1790 1227 1917 1267 esse

254 1294 399 1351 tales
429 1292 533 1365 qui
566 1298 772 1348 contra
801 1290 1109 1347 veritatem
1160 1298 1216 1348 et
1265 1294 1593 1352 doctrinam
1636 1297 1796 1354 illius
1828 1299 1915 1353 di-

256 1384 563 1441 micarent.
599 1382 731 1437 Sive
780 1380 931 1450 ideo,
964 1388 1029 1435 ut
1075 1398 1246 1437 suam
1278 1384 1685 1441 auctoritatem
1717 1392 1917 1443 osten-

257 1474 414 1529 deret
458 1477 516 1527 et
566 1469 969 1526 manifestaret
1017 1486 1083 1526 se
1131 1487 1272 1527 suos
1325 1472 1744 1531 obtrectatores
1802 1492 1917 1531 non

256 1563 479 1628 timere,
512 1559 686 1631 quasi
736 1558 952 1613 diceret
987 1574 1001 1612 :
1060 1560 1106 1614 0
1153 1576 1258 1615 vos
1308 1560 1545 1633 Galatas,
1578 1563 1640 1618 in
1680 1564 1790 1619 hoc
1821 1581 1917 1620 co-

253 1666 531 1722 gnoscere
552 1647 805 1720 potestis
827 1646 964 1717 quia
995 1663 1141 1720 ergo
1175 1665 1336 1704 meos
1356 1650 1775 1709 obtrectatores
1803 1670 1919 1709 non

254 1740 451 1810 timeo,
492 1754 631 1794 cum
664 1736 936 1792 manibus
967 1737 1126 1793 meis
1159 1737 1382 1795 litteras
1414 1741 1645 1812 scripsi.

326 1830 646 1897 Quicunque
674 1826 883 1892 volunt,
916 1829 1032 1882 etc.
1092 1828 1155 1881 In
1202 1843 1388 1894 carne,
1420 1845 1598 1899 quam
1634 1829 1797 1901 dicit,
1829 1828 1921 1886 vel

253 1916 518 1975 carnales
537 1916 795 1985 Judaeos,
817 1912 902 1969 vel
925 1914 1260 1986 quemlibet
1279 1916 1597 1985 carnalem,
1621 1917 1711 1973 vel
1740 1920 1918 1973 etiam

253 2005 511 2065 carnalia
530 2004 670 2061 vitia
696 2003 841 2076 (991)
866 2002 1199 2077 intelligere
1221 2022 1560 2077 possumus.
1596 2008 1829 2063 Tantum
1859 2010 1923 2062 ut

250 2097 427 2152 crucis
450 2095 677 2161 Christi,
697 2098 803 2149 etc.
830 2093 1168 2149 Notandum
1195 2094 1336 2166 quia
1362 2094 1536 2151 Caius
1559 2096 1708 2167 (992)
1732 2100 1924 2152 Caesar

248 2193 309 2243 et
331 2184 681 2242 Octavianus
700 2186 1029 2255 Augustus,
1044 2187 1100 2239 et
1122 2200 1429 2240 successor
1449 2183 1919 2253 illiusTiberius,

252 2275 506 2349 publicis
528 2273 758 2347 legibus
780 2272 1169 2328 instituerunt
1186 2277 1251 2327 ut
1276 2273 1334 2327 in
1359 2279 1479 2329 toto
1498 2275 1637 2329 orbe
1652 2274 1921 2329 Romano

248 2364 440 2421 Judaei
462 2361 715 2436 propriis
737 2360 967 2434 legibus
996 2365 1332 2428 uterentur;
1362 2365 1417 2417 et
1446 2361 1578 2417 ideo
1611 2363 1921 2418 credentes

249 2453 523 2511 nonnulli
546 2454 619 2508 ad
643 2451 1151 2507 circumcisionem
1176 2451 1527 2518 transibant,
1555 2467 1628 2506 ne
1660 2451 1923 2506 scanda-

247 2544 373 2600 lum
396 2542 587 2599 crucis
614 2545 969 2613 paterentur.
996 2540 1177 2612 Neque
1201 2542 1353 2595 enim
1381 2543 1481 2611 qui
1499 2540 1918 2595 circumcidun-

244 2643 362 2700 tur,
393 2638 525 2703 etc.,
550 2631 717 2703 quasi
749 2630 1003 2685 diceret:
1042 2628 1166 2685 Non
1198 2628 1326 2685 ideo
1357 2629 1805 2685 circumcidunt
1834 2644 1918 2698 se,

246 2728 314 2778 ut
339 2722 525 2794 legem
547 2719 898 2788 custodiant,
924 2717 1065 2789 quia
1084 2716 1175 2772 lex
1196 2717 1511 2774 carnaliter
1532 2716 1779 2789 impleri
1803 2734 1919 2773 non

242 2815 472 2884 potest;
508 2807 848 2881 spiritaliter
874 2812 1071 2862 autem
1096 2804 1304 2861 nolunt
1326 2806 1670 2878 intelligere,
1699 2815 1779 2863 ut
1806 2808 1919 2862 im-

243 2900 467 2973 pleant.
493 2896 595 2954 Sed
616 2898 804 2954 volunt
824 2912 915 2952 vos
935 2894 1278 2965 circumcidi,
1302 2902 1412 2951 etc.
1444 2894 1620 2961 Quasi
1644 2896 1917 2953 diceret:

240 2991 383 3045 Ideo
415 2991 633 3061 cogunt
661 3003 762 3042 vos
791 2983 1153 3052 circumcidi,
1190 2988 1252 3039 ut
1282 2985 1352 3039 de
1392 2983 1559 3056 signo
1592 2983 1921 3040 circumci-

245 3078 437 3135 sionis
468 3078 529 3131 in
560 3074 848 3148 pudendis
880 3072 1161 3129 membris
1190 3072 1531 3144 glorientur.
1564 3072 1634 3126 Et
1672 3074 1802 3130 tale
1831 3077 1923 3129 est

250 3169 363 3223 hoc
387 3165 563 3239 quale
585 3165 643 3219 in
660 3162 917 3235 Epistula
937 3163 1008 3217 ad
1032 3162 1345 3230 Romanos,
1371 3162 1470 3217 ubi
1494 3161 1715 3232 legitur
1742 3182 1756 3219 :
1785 3164 1924 3232 Quo-

250 3274 378 3313 rum
406 3234 550 3311 Deus
575 3234 763 3310 venter
790 3261 888 3319 est,
913 3256 1045 3319 etc.,
1069 3251 1218 3323 (993)
1249 3250 1594 3305 Gaudebant
1622 3251 1790 3306 enim
1824 3250 1921 3306 isti
1953 3234 1995 3300 Β

255 3365 322 3404 se
355 3345 573 3401 multos
594 3344 807 3399 habere
834 3341 1173 3413 discipulos.
1198 3340 1342 3396 Nam
1369 3356 1487 3411 qua
1516 3338 1804 3396 aviditate
1838 3340 1924 3395 illi

257 3435 487 3493 vellent
502 3435 574 3490 ad
606 3432 1105 3489 circumcisionem
1133 3430 1382 3496 trahere,
1412 3427 1702 3483 Dominus
1729 3431 1922 3485 mani-

254 3526 460 3589 festat,
494 3524 688 3579 dicens
724 3539 735 3578 :
792 3522 875 3578 Vae
920 3521 1089 3591 vobis,
1138 3519 1340 3574 Scriba:
1389 3526 1440 3573 et
1484 3515 1790 3590 Pharismi,
1826 3520 1925 3591 qui

252 3616 514 3671 circuitis
541 3628 692 3668 mare
743 3616 794 3665 et
840 3609 1074 3678 aridam,
1107 3612 1167 3663 ut
1195 3607 1420 3680 faciatis
1465 3622 1639 3659 unum
1666 3610 1921 3681 prosety-

250 3715 396 3770 tum,
422 3708 533 3759 etc.
553 3700 759 3771 (Matth.
779 3715 937 3767 mn,
962 3698 1070 3769 15).
1091 3698 1156 3752 Et
1178 3696 1227 3752 si
1248 3696 1548 3751 habebant
1571 3695 1918 3753 aviditatem

248 3809 444 3851 unum
463 3790 755 3859 trahendi,
782 3787 965 3843 multo
990 3787 1177 3858 magis
1201 3790 1382 3841 totam
1411 3782 1778 3855 provinciam
1808 3788 1919 3841 Ga-

244 3882 482 3938 latiam.
1389 3943 1396 3949 _

324 3971 475 4043 (994)
506 3968 645 4024 Mihi
672 3976 856 4023 autem
886 3966 1051 4033 absit,
1085 3968 1191 4018 etc.
1220 3959 1547 4032 Distinguit
1575 3960 1734 4015 enim
1761 3963 1912 4034 Apo-

246 4060 445 4119 stolus
480 4074 651 4114 suam
700 4054 1108 4129 gloriationem
1156 4056 1215 4107 et
1262 4050 1500 4105 illorum
1552 4047 1647 4103 bis
1694 4051 1910 4118 verbis,

244 4150 422 4223 quasi
453 4149 706 4203 diceret:
744 4144 829 4201 Illi
856 4145 911 4198 in
949 4139 1396 4198 circumcisione
1422 4137 1771 4209 gloriantur,
1806 4156 1910 4211 ego

242 4241 310 4295 in
344 4254 556 4304 cruce;
592 4240 656 4291 ut
685 4234 871 4289 illud:
906 4233 1062 4287 Ibant
1088 4229 1383 4299 gaudentes
1406 4230 1545 4298 (Act.
1580 4242 1631 4293 ν,
1662 4226 1772 4297 41),
1796 4234 1908 4284 etc.

244 4329 321 4384 Et
350 4327 409 4382 in
445 4326 618 4395 cujus
648 4338 817 4378 cruce
848 4320 1187 4375 manifestat
1217 4316 1418 4371 dicens
1452 4333 1463 4370 :
1515 4317 1578 4369 In
1614 4330 1774 4370 cruce
1805 4318 1908 4373 Do-

240 4418 418 4471 mini.
452 4413 789 4469 Notandum
842 4408 998 4465 enim
1050 4408 1191 4479 quia
1242 4410 1383 4461 sunt
1434 4404 1533 4476 qui
1576 4404 1909 4461 moriuntur

320 4531 475 4603 (991)
511 4528 748 4603 Legitur
779 4527 837 4603 in
871 4525 995 4581 cod.
1020 4541 1031 4579 :
1059 4523 1390 4603 carnalibus
1419 4521 1587 4603 vitiis.
1624 4519 1904 4603 Deditum,

236 4592 339 4659 vel
368 4592 938 4657 dediwsaddendum
972 4598 1296 4668 putassem,
1319 4592 1432 4668 nisi
1456 4594 1583 4661 jam
1616 4592 1900 4661 carnales,
1934 4600 1979 4664 Ι)

233 4676 381 4741 hoc,
408 4679 474 4728 ut
502 4688 654 4736 reor,
688 4687 865 4727 sensu
896 4666 1277 4723 nominasset.
1312 4666 1672 4735 Quapropter
1699 4680 1897 4721 emen-

235 4747 514 4802 dandum
545 4742 767 4798 censui.

316 4812 973 4891 (992)9ivusﬁi9mnu
1010 4810 1277 4891 ίέαίιρο..
1391 4878 1406 4891 .
1464 4878 1503 4891 ,κ
1772 4880 1786 4891 .
1839 4879 1851 4891 .

316 4878 469 4958 (993)
501 4887 719 4941 Textus
751 4884 846 4958 hic
871 4898 990 4958 non
1023 4882 1082 4935 in
1125 4880 1313 4958 Epist,
1340 4878 1442 4958 ad”
1464 4878 1655 4943 Rom.,
1689 4880 1789 4958 sed
1826 4879 1896 4958 in

228 4950 349 5014 illa
378 4950 459 5033 ad.
490 4958 741 5028 Philipp.
772 4955 987 5026 legitur
1015 4969 1111 5033 In,
1137 4950 1222 5033 19.
1257 4950 1896 5033 Similisautemnhuic,

233 5037 303 5086 et
338 5031 410 5086 ad
445 5046 568 5085 rem
602 5022 862 5083 nostram
891 5041 1055 5097 seque
1087 5024 1313 5097 faciens
1334 5022 1581 5097 habetur
1621 5022 1678 5075 in
1712 5022 1892 5093 Epist.

232 5102 319 5158 ad
355 5103 526 5157 Rom.
559 5117 671 5170 xv1,
705 5100 792 5166 18,
836 5097 918 5151 ibi
954 5094 977 5152 ε’
1020 5095 1228 5150 Christo
1280 5094 1507 5148 Domino
1558 5096 1740 5148 nostro
1786 5110 1897 5151 non

2031 593 2370 665 Apostolus.

2101 684 2162 737 In
2194 682 2410 737 Christo
2451 685 2605 738 enim
2645 688 2791 743 Jesu.
2829 691 2889 744 In
2939 692 3047 748 hoc
3097 693 3223 751 loco
3273 704 3467 769 aperte
3516 720 3685 758 suam

2029 772 2287 826 ostendit
2317 772 2730 841 intentionem,
2764 780 2933 848 quasi
2983 782 3201 838 diceret
3233 802 3245 838 :
3298 788 3415 858 Ego
3446 790 3684 857 Paulus,

2029 860 2127 930 qui
2177 860 2461 930 superius
2511 860 2801 933 dictando,
2846 869 3025 923 altero
3074 872 3352 944 scibsnte,
3390 878 3528 943 dixi,
3560 880 3685 950 ipse

2029 947 2303 1003 manibus
2327 949 2481 1002 meis
2504 949 2714 1017 scribo,
2733 958 2795 1007 ut
2815 960 3179 1027 cognoscatis
3203 978 3292 1017 me
3315 980 3476 1020 meos
3498 947 3686 1023 obtre-

2028 1040 2277 1091 ctatores
2310 1053 2431 1090 non
2466 1037 2691 1094 timere.
2725 1042 2885 1105 Quod
2919 1061 3051 1100 vero
3093 1048 3232 1103 dicit
3265 1067 3279 1105 :
3332 1054 3519 1124 Neque
3572 1059 3684 1112 cir-

2026 1125 2289 1179 cumcisio
2321 1126 2490 1195 valet,
2524 1133 2654 1197 etc.,
2688 1130 2839 1184 sicut
2867 1135 3140 1203 superius
3168 1154 3180 1203 ;
3215 1155 3420 1195 novam
3453 1151 3685 1200 creatu-

2028 1228 2153 1266 ram
2172 1212 2433 1282 appellat
2454 1215 2914 1273 ecclesiasticum
2939 1224 3217 1292 p0pulum
3241 1244 3341 1296 per
3357 1246 3686 1289 sacramen-

2026 1305 2156 1354 tum
2176 1300 2465 1370 baptismi
2495 1312 2855 1361 renovatum.
2882 1308 2990 1363 Sed
3022 1314 3163 1367 tunc
3193 1314 3341 1370 valet
3362 1316 3484 1373 haec
3518 1338 3684 1378 reno-

2026 1388 2204 1455 vatio,
2228 1388 2279 1442 si
2312 1392 2470 1459 quod
2496 1396 2828 1463 promiserit
2852 1403 3045 1454 servat
3070 1425 3083 1466 ;
3118 1418 3252 1458 nam
3281 1405 3329 1459 si
3354 1414 3681 1481 recesserit,

2029 1477 2088 1531 in
2120 1476 2228 1531 hac
2259 1481 2635 1537 renovatione
2665 1501 2779 1539 non
2812 1488 3162 1543 continetur.

2102 1567 2168 1619 Et
2189 1566 2505 1659 quicunque
2527 1571 2669 1626 hanc
2690 1576 2957 1645 regulam,
2983 1582 3091 1632 etc.
3118 1579 3263 1635 Nota
3284 1584 3423 1654 quia
3442 1589 3687 1659 Aposto-

2030 1655 2126 1709 lus
2144 1659 2333 1709 totum
2354 1658 2427 1711 ad
2449 1660 2710 1729 regulam
2729 1663 2944 1734 dirigit,
2963 1670 3027 1720 ut
3048 1666 3098 1721 si
3114 1668 3335 1741 aliquid
3354 1655 3685 1733 tortuosum

2030 1741 2121 1797 vel
2144 1758 2485 1812 perversum
2510 1749 2703 1813 fuerit,
2719 1752 2961 1807 auferat.
2978 1759 3125 1809 Nam
3151 1760 3411 1828 regulam
3430 1766 3688 1836 appellat

1952 1868 1998 1931 Β
2032 1831 2364 1887 doctrinam
2388 1836 2799 1905 apostolicam;
2827 1844 2883 1894 et
2904 1840 2961 1896 in
2994 1842 3103 1898 hoc
3128 1861 3350 1919 magna
3373 1831 3685 1910 auctorita-

2033 1919 2110 1974 tis
2140 1935 2269 1975 esse
2299 1924 2651 1991 ostenditur,
2686 1943 2817 1981 cum
2850 1929 3028 1986 dicit:
3065 1932 3173 1999 Qui
3201 1936 3341 1991 hanc
3369 1940 3687 1999 doctrinam

2030 2010 2241 2078 fuerint
2270 2014 2465 2081 secuti,
2497 2015 2568 2067 sit
2614 2031 2776 2086 super
2812 2018 2936 2073 illos
2972 2036 3105 2090 paw,
3138 2028 3245 2078 etc.
3281 2025 3394 2080 Pax
3424 2034 3533 2095 est,
3570 2048 3687 2101 qua

2034 2097 2405 2153 reconciliam
2416 2117 2487 2154 ur
2499 2101 2613 2157 Deo
2630 2128 2643 2169 ;
2662 2104 3060 2163 misericordia
3082 2116 3191 2177 est,
3207 2128 3325 2183 qua
3346 2097 3687 2183 peccata-re-

2035 2185 2323 2242 laxantur.
2340 2189 2518 2260 Super
2538 2194 2706 2248 Israel
2721 2195 2817 2251 Dei
2838 2197 2998 2263 dicit,
3014 2200 3084 2253 ad
3112 2200 3541 2259 distinctionem
3566 2224 3688 2263 car-

2034 2274 2185 2329 nalis
2212 2275 2412 2344 Israel,
2444 2296 2579 2335 nam
2612 2288 2702 2337 est
2724 2284 2918 2351 Israel,
2946 2304 3059 2342 non
3088 2288 3190 2343 Dei
3215 2307 3228 2355 ;
3267 2292 3419 2346 unde
3450 2294 3506 2348 in
3532 2298 3684 2367 Apo-

2033 2363 2247 2458 calypsi
2279 2367 2436 2458 :_Qui
2463 2368 2649 2426 dicunt
2677 2388 2734 2426 se
2758 2375 2971 2430 Judwos
2995 2394 3132 2441 esse,
3157 2383 3263 2433 etc.
3290 2381 3471 2452 (Apoc.
3510 2363 3682 2458 11,—9).

2104 2452 2251 2523 (995)
2281 2454 2359 2509 De
2402 2467 2621 2526 cauere,
2666 2466 2815 2529 etc.;
2856 2467 3023 2534 quasi
3058 2467 3279 2522 diceret
3315 2486 3327 2522 :
3378 2452 3687 2532 Manifesta

2032 2540 2500 2611 veritate,nullus
2520 2566 2611 2603 me
2629 2551 2698 2604 ad
2718 2551 3176 2621 disputationem
3194 2564 3552 2628 provocet.Et
3570 2566 3685 2623 tale

2032 2636 2122 2685 est
2146 2630 2253 2685 hoc
2276 2634 2449 2703 quale
2481 2636 2539 2689 in
2564 2638 2819 2710 Epistola
2846 2643 2913 2696 ad
2941 2643 3306 2703 Corinthios:
3342 2650 3403 2704 Si
3420 2655 3543 2724 quis
3564 2672 3689 2712 con-

2028 2722 2294 2775 tentiosus
2314 2730 2392 2777 est
2414 2726 2559 2780 inter
2576 2743 2665 2782 vos
2685 2729 2948 2799 (lCor.)“,
2968 2734 3076 2803 16).
3098 2734 3260 2791 Unde
3277 2722 3451 2795 etiam
3477 2744 3688 2804 melius

2030 2810 2089 2863 in
2122 2809 2315 2865 Graeco
2345 2811 2599 2869 habetur
2630 2835 2643 2871 :
2677 2817 2843 2873 Nemo
2877 2822 3019 2876 mihi
3048 2822 3293 2880 laborem
3324 2830 3556 2899 ingerat.

2100 2899 2219 2997 Ego.
2239 2901 2389 2954 enim
2417 2904 2703 2971 stigmata,
2736 2911 2842 2960 etc.
2881 2908 3028 2964 Nota
3058 2913 3201 2981 quia
3228 2917 3491 2983 stigmata
3522 2924 3684 2997 dicit,

2032 3004 2145 3041 non
2162 2988 2666 3059 circumcisionem;
2693 2998 2749 3047 et
2767 2995 2892 3048 Jesu
2913 2995 3075 3064 dicit,
3092 3015 3206 3054 non
3230 3003 3364 3073 legis
3384 2988 3681 3082 stigmata,

2032 3091 2287 3146 namque
2334 3083 2476 3132 sunt
2526 3086 2669 3135 notas
2702 3081 2851 3152 (995)
2899 3099 3227 3156 poenarum,
3262 3094 3478 3161 quibus
3531 3081 3683 3156 servi

2033 3166 2402 3220 denotantur.
2427 3168 2712 3239 Stigmata
2742 3169 2798 3224 in
2830 3186 3066 3242 corpore
3100 3192 3206 3230 suo
3237 3182 3491 3249 appellat
3522 3188 3681 3256 peri-

2035 3252 2166 3309 cula
2187 3269 2507 3321 carcerum,
2533 3256 2937 3327 lapidationes,
2962 3266 3018 3314 et
3040 3265 3363 3337 naufragia,
3388 3276 3444 3324 et
3472 3252 3677 3334 caetera

2035 3360 2160 3415 quae
2194 3342 2250 3395 in
2285 3342 2546 3415 catalogo
2577 3345 2807 3401 virtutis
2838 3346 2998 3402 illius
3031 3359 3361 3410 narrantur.

2105 3431 2313 3499 Gratia,
2358 3438 2468 3487 etc.
2500 3433 2627 3489 Non
2673 3435 2806 3505 tegis
2852 3436 3012 3503 dicit,
3044 3441 3143 3493 sed
3176 3442 3440 3507 Domini;
3472 3454 3527 3505 et
3556 3468 3673 3509 non

2028 3537 2153 3576 cum
2205 3537 2389 3587 carne,
2440 3522 2542 3576 sed
2595 3540 2720 3578 cum
2767 3526 2971 3595 spiritu
3028 3527 3207 3596 dicit;
3266 3536 3333 3587 et
3378 3552 3492 3591 non
3542 3541 3672 3610 qui-

2032 3610 2395 3679 buscunque,
2431 3610 2526 3665 sed
2562 3611 2877 3679 fratribus;
2914 3619 2970 3668 et
2998 3632 3113 3669 non
3146 3617 3299 3686 aliis,
3334 3624 3436 3678 sed
3478 3628 3670 3686 veris:

2031 3698 2187 3763 quod
2218 3704 2305 3754 est
2333 3715 2536 3762 amen.-
2566 3717 2703 3756 nam
2743 3718 2901 3757 amen
2940 3704 3353 3775 interpretatur
3382 3729 3523 3783 vere,
3554 3717 3675 3774 sive

2028 3788 2293 3843 ﬁdeliter.
2319 3789 2435 3844 Isto
2458 3806 2726 3846 sermone
2746 3792 3058 3863 Apostolus
3083 3812 3249 3851 suam
3275 3804 3671 3863 narrationem

2027 3878 2411 3947 conﬁrmavit,
2436 3878 2615 3933 veluti
2642 3880 2927 3937 Dominus
2951 3882 3008 3936 in
3036 3882 3221 3938 Veteri
3257 3888 3628 3950 Testamento
3654 3912 3669 3951 :

2033 3966 2155 4019 Vivo
2177 3982 2292 4035 ego,
2320 3966 2451 4020 dicit
2484 3969 2748 4022 Dominus
2778 3969 2963 4035 (Nam.
2988 3987 3099 4034 xw,
3124 3972 3249 4039 28);
3284 3981 3340 4030 et
3368 3977 3429 4031 in
3462 3981 3617 4036 Novo
3650 3999 3664 4038 :

2022 4054 2209 4108 Amem
2230 4070 2388 4109 amen
2408 4054 2527 4109 dico
2547 4056 2696 4109 vobis
2717 4057 2894 4122 (Joan.
2930 4075 2967 4122 ι,
2996 4059 3107 4127 51).
3135 4060 3419 4119 Similiter
3450 4072 3506 4121 et
3534 4068 3663 4127 iste.

2023 4143 2091 4196 Et
2121 4143 2275 4213 quod
2307 4159 2408 4213 pro
2429 4159 2555 4198 vere
2578 4149 2850 4213 ponatur,
2874 4145 2934 4199 in
2957 4146 3215 4216 Epistola
3238 4151 3309 4203 ad
3335 4154 3665 4214 Corinthios

2020 4230 2099 4284 ibi
2134 4231 2282 4301 (997)
2335 4232 2519 4287 dicit:
2566 4233 2836 4299 Quomodo
2886 4234 3030 4289 dicet
3078 4253 3239 4292 amen
3292 4257 3458 4312 super
3510 4248 3663 4301 tuam

2018 4320 2444 4376 benedictionem
2464 4326 2490 4374 .9

2400 4411 2638 4481 Explicit
2667 4412 2907 4483 Epistota
2937 4414 3007 4469 ad
3038 4415 3275 4472 Galatas.

2014 4526 2277 4587 serviunt,
2311 4527 2401 4580 sed
2429 4543 2526 4581 suo
2556 4530 2750 4583 ventri.

2262 4597 2323 4675 in
2356 4603 2551 4675 autog.
2586 4615 2770 4670 marg.
2805 4600 2899 4675 hic
2932 4600 3142 4675 legitur
3171 4621 3293 4675 cap.
3328 4606 3571 4666 XXXVI.

2261 4669 2323 4748 In
2357 4674 2551 4748 autog.
2587 4669 2772 4747 marg.
2808 4669 3148 4748 hiclegitur
3178 4669 3302 4748 cap.
3337 4680 3608 4739 XXXVII.

2078 4670 2229 4810 (995)
2261 4670 2323 4723 in
2357 4674 2551 4740 autog.
2587 4687 2772 4747 marg.
2808 4671 2902 4725 hic
2933 4670 3148 4744 legitur
3178 4670 3302 4748 cap.
3337 4680 3608 4739 XXXVII.

2099 4740 2224 4819 996)
2262 4742 2317 4794 In
2352 4744 2476 4819 eqd.
2509 4742 2755 4819 legitur:
2792 4745 2921 4819 nodi
2944 4761 3257 4815 ptenarum,
3283 4752 3481 4819 quibus
3509 4757 3657 4810 servi

2006 4810 2611 4896 deuodra_atur.‘Beatus
2634 4810 2997 4896 Augustinus
3028 4834 3161 4872 vero
3288 4810 3437 4878 hanc
3468 4826 3649 4896 Epist.

2008 4882 2089 4935 ait
2113 4883 2429 4964 {Stigmata
2458 4884 2605 4964 euim
2634 4882 2894 4964 dicuntur
2922 4896 3061 4964 notae
3091 4891 3345 4961 quaedam
3368 4882 3652 4964 pcendrum

2006 4954 2465 5017 servitium,etc.;
2492 4953 2741 5024 ideoque
2762 4960 2982 5014 textum
3008 4960 3067 5014 in
3092 4953 3218 5017 cod.
3247 4953 3442 5021 nostro
3462 4983 3651 5021 emen-

2007 5024 2266 5078 dandum
2301 5025 2657 5079 censuimus.

2078 5094 2224 5165 (997)
2257 5096 2520 5150 Fortasse
2550 5096 2713 5167 idem,
2747 5098 2832 5153 vel
2867 5101 2942 5155 id.
2976 5107 3000 5155 Ι
3039 5104 3166 5158 Cor.
3200 5122 3315 5171 xxv,
3350 5107 3433 5160 16.

778 5326 1240 5425 INCIPIT
1309 5326 1438 5419 IN
1506 5327 2215 5422 EPISTOLAM
2283 5330 2448 5422 AD
2508 5330 3121 5426 EPHESIOS

801 5573 1338 5634 ARGUMENTUM.

316 5674 552 5753 Ephesii
591 5678 730 5733 sunt
756 5667 976 5735 Asiani.
1010 5664 1101 5737 Hi,
1134 5668 1371 5739 accepto
1401 5663 1575 5723 verbo
1603 5665 1887 5741 veritatis,

2002 5577 2385 5649 perstiterunt
2412 5578 2471 5635 in
2503 5580 2634 5636 ﬁde.
2671 5577 2785 5635 Hos
2816 5579 3108 5637 collaudat
3145 5582 3481 5655 Apostolus,
3507 5588 3650 5645 scri-

2001 5667 2146 5729 bens
2196 5668 2282 5727 eis
2325 5670 2508 5729 Roma
2538 5670 2608 5729 de
2641 5684 2887 5727 carcere.
2922 5670 3137 5730 Ferunt
3170 5673 3459 5749 nonnulli,
3496 5678 3651 5757 quod
