4014 6172
385 366 500 425 54⁷7

1409 345 1745 410 A'PTONIS
1789 339 2378 406 VERCELLENSIS
2423 339 2770 400 EPISCOPI

3673 340 3783 398 5&8

381 497 454 552 ab
487 495 597 550 alio
643 489 934 563 praedicati
991 488 1063 542 ab
1116 483 1392 556 Apostolo
1427 483 1566 536 sunt
1595 475 1870 533 roborati.
1903 474 2025 529 Non
2058 474 2114 540 Α
2141 471 2432 563 locusiste
2448 471 2760 543 dupliciter
2777 468 2889 542 legi
2911 471 3124 542 potest,
3145 467 3350 540 utjam
3367 467 3786 526 adCorinthios

381 585 626 639 deerunt
659 579 759 650 qui
792 579 1009 638 dicant,
1034 574 1188 645 quod
1223 573 1296 627 ab
1321 568 1598 642 Apostolo
1628 567 1868 621 verbum
1895 563 2028 650 ﬁdei

379 671 636 744 primum
671 649 1052 740 perceperint.
1087 663 1198 718 Sed
1231 659 1526 732 quomodo
1559 673 1653 711 res
1684 671 1744 709 se
1775 649 2030 708 habeat?

377 760 797 816 Verumtamen
823 753 1148 816 sciendum,
1175 750 1329 821 quod
1353 753 1471 802 tam
1499 744 1824 804 exJudaeis,
1849 756 2026 812 quam

377 865 446 904 ex
467 847 740 918 gentibus
763 843 1144 898 crediderant.
1173 838 1334 894 Unde
1357 836 1612 907 primum
1635 833 1866 887 Judaeos
1888 828 2027 884 allo-

378 938 602 1010 quitur,
624 949 916 1004 exponens
945 930 1030 985 eis
1049 928 1264 983 Christi
1299 927 1690 986 sacramenta,
1719 921 1776 974 id
1807 924 1916 982 est,
1939 919 2028 971 in-

381 1009 756 1092 carnationis,
771 1027 827 1076 ct
843 1019 1085 1090 reliqua.
1109 1017 1322 1072 Deinde
1343 1011 1698 1068 convertitur
1715 1009 1782 1062 ad
1804 1013 2025 1078 gentes,

379 1121 438 1170 et
469 1115 736 1168 hortatur
793 1127 914 1172 eos,
947 1124 1018 1161 ne
1085 1105 1265 1160 tantis
1317 1100 1611 1156 beneﬁciis
1643 1097 1759 1152 sint
1793 1094 2023 1166 ingrati.

381 1201 758 1258 Postmodum
784 1195 1174 1252 communiter
1195 1195 1277 1247 eis
1307 1191 1484 1246 tradit
1509 1185 1856 1243 moralitatis
1877 1185 2024 1254 (998)

377 1294 682 1364 praecepta,
705 1303 834 1358 quae
869 1301 986 1339 non
1021 1282 1212 1337 solum
1247 1280 1382 1344 illis,
1413 1279 1508 1332 sed
1544 1277 1718 1331 etiam
1751 1273 2025 1330 omnibus

377 1361 710 1450 congruunt
733 1373 1104 1430 Christianis.
1135 1375 1292 1424 Inter
1311 1385 1434 1438 quae
1457 1368 1642 1430 docet,
1667 1363 1808 1434 quid
1837 1361 2022 1416 domi-

376 1487 484 1524 nos
533 1471 586 1522 et
640 1481 856 1532 servos,
901 1466 1093 1533 patres
1147 1463 1204 1513 et
1251 1457 1424 1526 ﬁlios,
1465 1455 1620 1509 viros
1673 1457 1730 1508 et
1777 1451 2026 1506 feminas

379 1560 642 1628 oporteat
671 1569 860 1625 agerc.
893 1557 1137 1605 Summa
1165 1563 1296 1602 vero
1345 1547 1404 1599 in
1453 1542 1738 1616 principio
1771 1541 1884 1596 ista
1913 1544 2020 1606 est,

379 1653 444 1702 ut
495 1644 764 1700 ostendat
812 1640 1108 1696 Christum
1156 1641 1289 1690 ante
1323 1633 1608 1688 mundum
1643 1631 1843 1696 fuisse,
1878 1633 1934 1683 et
1963 1629 2020 1682 in

377 1737 505 1808 ipso
527 1749 692 1805 spem
714 1745 842 1785 esse
865 1728 1192 1784 locandam.
1211 1729 1286 1778 De
1309 1721 1724 1786 admonitione,
1742 1717 2022 1790 quoniam

2141 561 2361 616 dictum
2395 565 2504 615 est.

2210 667 2527 739 Sequitur:
2565 667 2670 734 Qui
2691 665 2973 721 benedixit
2997 681 3115 735 nos,
3139 669 3248 720 etc.
3275 669 3355 722 De
3376 681 3464 732 eo,
3485 665 3646 737 quod
3675 681 3785 722 non

2141 757 2196 811 in
2235 774 2373 822 una,
2407 756 2506 811 sed
2539 757 2598 809 in
2625 754 2821 822 omni;
2855 755 2910 809 id
2944 758 3052 822 est,
3077 771 3192 809 non
3225 752 3568 826 aliquantis,
3593 755 3696 810 sed
3729 754 3783 810 in

2139 846 2453 910 omnibus;
2503 861 2607 899 nec
2647 844 2706 898 in
2739 843 3008 910 terrenis,
3043 843 3140 898 sed
3177 843 3234 897 in
3267 842 3660 915 spiritalibus.
3695 844 3789 900 Est

2137 939 2369 988 terrena
2399 934 2748 988 benedictio.
2783 931 3115 987 Benedictio
3159 937 3390 987 terrena
3437 935 3528 986 est
3579 931 3786 988 habere

2139 1023 2313 1086 ﬁlios,
2337 1023 2636 1077 abundare
2659 1021 2895 1086 divitiis,
2922 1021 3194 1090 sanitate,
3214 1027 3272 1074 et
3293 1019 3512 1075 honore
3534 1021 3788 1092 gaudere

2137 1113 2328 1179 (Leuit.
2363 1127 2512 1176 xxvi,
2545 1111 2622 1180 9),
2674 1127 2802 1180 quae
2851 1110 2910 1163 in
2959 1109 3106 1164 libro
3157 1107 3405 1164 Levitico
3459 1109 3788 1166 cultoribus

2138 1199 2283 1271 legis
2319 1199 2780 1270 promittuntur;
2815 1198 2870 1251 id
2903 1201 3012 1259 est,
3035 1197 3288 1252 externis
3319 1197 3603 1269 gentibus
3637 1198 3788 1255 fenc-

2139 1305 2286 1354 rare,
2313 1287 2486 1358 plena
2507 1303 2634 1342 esse
2658 1286 2864 1341 horrea
2889 1287 3198 1352 frumento,
3223 1291 3328 1342 etc.
3353 1285 3524 1341 Tales
3561 1287 3788 1342 benedi-

2137 1377 2360 1431 ctiones
2393 1393 2504 1430 non
2537 1381 2675 1430 sunt
2707 1374 3000 1445 spiritales
3024 1421 3038 1444 ,
3073 1375 3226 1430 unde
3259 1391 3373 1431 non
3405 1375 3516 1431 bas
3567 1375 3786 1432 habue-

2137 1471 2294 1530 runt,
2318 1465 2419 1536 qui
2445 1465 2504 1518 in
2533 1463 2785 1530 melotis,
2809 1463 2868 1517 in
2893 1462 3144 1534 pellibus
3167 1463 3424 1535 caprinis
3445 1469 3788 1520 erraverunt

2134 1554 2192 1610 in
2216 1558 2490 1626 egestate.
2513 1553 2572 1606 in
2595 1551 2916 1624 speluncis,
2937 1555 3374 1622 persecutorum
3397 1552 3666 1624 impetus
3695 1553 3783 1608 de-

2135 1643 2418 1698 clinantes
2449 1641 2627 1713 (Hebr.
2663 1657 2740 1708 x1,
2765 1641 2876 1710 37).
2901 1640 3248 1712 Spiritaliter
3275 1657 3411 1713 ergo
3445 1641 3784 1713 accipienda

2134 1737 2274 1786 sunt
2315 1731 2534 1796 omnia,
2565 1734 2622 1786 et
2670 1729 2964 1801 spiritaIia
3011 1746 3126 1784 non
3173 1730 3232 1784 in
3281 1729 3564 1798 terrenis,
3597 1730 3702 1786 sed
3731 1731 3782 1786 in

380 1807 594 1888 omnis,
624 1821 720 1892 qui
745 1819 974 1891 proﬁcit
995 1833 1194 1880 sensu,
1223 1815 1394 1867 debet
1417 1815 1474 1866 et
1502 1825 1699 1902 amore
1723 1807 2017 1902 proﬁcere,
2050 1839 2096 1902 Β
2133 1821 2464 1876 ρωιθειίδυε
2497 1825 2636 1873 sunt
2664 1819 3074 1890 exspectanda.

374 1913 701 1970 secundum
735 1908 876 1962 illud
907 1923 917 1961 :
957 1907 1060 1973 Qui
1091 1904 1314 1974 apponit
1343 1901 1650 1968 scientiam,
1673 1899 1896 1968 apponit
1924 1895 2016 1950 do-

375 2005 549 2058 lorem
580 2000 726 2071 (999)
763 2015 773 2052 ;
818 2011 991 2068 quem
1023 1993 1282 2048 dolorem
1303 1991 1330 2044 ‘?
1364 1991 1456 2044 Uti
1489 1987 1724 2042 sibimet
1751 1985 2018 2056 indigne-

372 2098 489 2162 tur,
524 2103 702 2160 seque
731 2089 1010 2147 coerceat,
1038 2087 1214 2152 atque
1245 2079 1437 2134 doleat
1469 2077 1621 2148 quod
1654 2077 1708 2128 in
1745 2073 2017 2146 periculis

373 2178 572 2237 saeculi
605 2176 917 2232 detinetur.
949 2171 1094 2226 Cum
1125 2171 1246 2223 haec
1277 2165 1606 2222 necessaria
1653 2165 1774 2218 sint
1827 2163 2019 2218 homi-

374 2269 550 2323 nibus
572 2261 941 2330 Christianis,
957 2259 1208 2312 maxime
1227 2261 1424 2310 tamen
1448 2257 1778 2324 congruunt
1803 2257 2014 2322 myste-

373 2357 460 2412 ria
488 2354 914 2424 Scripturarum
951 2345 1445 2419 perquirentibus.

901 2436 1157 2492 INCIPIT
1197 2432 1494 2488 TEXTUS.

449 2533 606 2605 (ΟΑΡ.
660 2529 730 2596 Ι.)
780 2529 988 2582 Paulus
1033 2523 1309 2595 apostolus
1357 2521 1570 2576 Christi
1616 2522 1760 2576 Jesu.
1819 2519 1896 2574 De
1951 2536 2014 2574 eo

377 2623 530 2696 quod
561 2621 742 2692 (1000)
777 2615 890 2670 tale
913 2614 1048 2668 facit
1077 2611 1401 2674 exordium,
1427 2615 1489 2662 ut
1517 2613 1574 2663 et
1600 2609 1898 2663 Christum
1927 2607 2013 2661 in-

379 2712 664 2770 sinuet,et
683 2723 816 2761 eum
836 2720 896 2758 se
919 2700 1312 2771 evangelizare
1333 2697 1684 2762 manifestat,
1701 2703 1839 2751 nota
1861 2699 2015 2767 quod

374 2802 446 2857 ad
479 2801 772 2854 Romanos
815 2792 1061 2848 scribit:
1113 2789 1322 2843 Paulus
1375 2802 1562 2840 servus
1615 2785 1824 2840 Christi
1865 2789 2011 2842 Jesu.

375 2890 584 2944 Confer
613 2887 744 2950 ista,
769 2881 1027 2936 invenies
1057 2877 1216 2932 illius
1247 2893 1372 2930 esse
1395 2892 1528 2930 eum
1561 2875 1888 2946 apostolum
1913 2892 2013 2929 cu-

368 2980 470 3049 jus
501 2981 590 3032 est
621 2989 842 3030 servus.
865 2973 970 3024 Per
999 2969 1330 3023 voluntatem
1359 2965 1455 3018 Dei
1485 2964 1644 3032 dicit,
1675 2963 1825 3017 sicut
1853 2968 1910 3018 et
1941 2965 2011 3018 ad

374 3065 628 3134 Galatas,
653 3065 717 3117 ut
747 3059 1034 3123 ostendat,
1060 3071 1121 3112 se
1154 3071 1266 3109 non
1300 3069 1426 3120 sua,
1453 3053 1552 3107 sed
1589 3052 1684 3106 Dei
1717 3051 2013 3106 voluntate

372 3159 702 3211 mutatum:
741 3165 926 3220 neque
955 3146 1110 3201 enim
1143 3149 1339 3199 nostro
1372 3147 1606 3210 conatu,
1641 3141 1738 3196 sed
1777 3141 1870 3195 Dei
1903 3141 2011 3194 mi-

369 3207 654 3302 seratione
677 3207 998 3296 salva‘ntur.
1025 3235 1134 3290 Sed
1163 3249 1342 3304 quare
1363 3231 1505 3285 dicit
1526 3207 1730 3286 sanctis
1757 3235 1810 3286 et
1833 3233 2012 3302 ﬁdeli-
2045 3207 2086 3272 C

373 3335 488 3402 bus,
515 3330 626 3386 nisi
649 3329 788 3400 quia
809 3331 949 3382 sunt
973 3323 1192 3388 ﬁdeles,
1217 3321 1316 3392 qui
1349 3338 1464 3376 non
1493 3327 1630 3375 sunt
1661 3321 1870 3388 sancti,
1897 3322 2011 3378 vel-

373 3424 459 3477 uti
493 3415 916 3480 catechumeni,
951 3413 1050 3482 qui
1085 3411 1256 3464 ﬁdem
1289 3409 1528 3472 habent,
1562 3410 1661 3462 sed
1713 3425 1827 3463 non
1877 3415 2014 3465 sunt

287 3525 290 3528 λ
375 3509 610 3564 renati?
655 3505 836 3558 Aliter
867 3519 880 3556 :
937 3501 1060 3555 Non
1103 3498 1378 3554 omnibus
1409 3497 1630 3560 scribit,
1665 3499 1762 3550 sed
1797 3501 2010 3554 sancti-

371 3602 552 3652 tatem
593 3596 648 3648 in
699 3593 810 3646 ﬁde
853 3588 1244 3644 servantibus.
1277 3586 1472 3640 Potest
1518 3591 1576 3638 et
1623 3585 1858 3656 gentilis
1887 3603 2015 3643 esse

373 3685 581 3751 ﬁdelis,
605 3684 654 3738 si
689 3682 894 3737 reddat
919 3676 1394 3732 commendatum
1419 3675 1622 3741 (1001),
1647 3673 1694 3727 si
1727 3681 2012 3731 secretum

371 3791 485 3830 non
517 3773 758 3844 prodat;
791 3773 847 3824 et
877 3773 1074 3821 tamen
1107 3781 1218 3818 non
1251 3767 1506 3824 sanctus,
1535 3761 1670 3832 quia
1691 3779 1804 3818 non
1833 3765 2017 3818 credit

369 3863 428 3918 in
461 3863 780 3917 Christum.
813 3856 994 3911 Aliter
1028 3871 1040 3910 :
1094 3852 1318 3924 Ligavit
1349 3850 1482 3906 illos
1527 3851 1596 3905 ad
1633 3857 1848 3906 certam
1881 3853 2014 3908 reli-

372 3954 626 4024 gionem,
659 3966 792 4003 cum
827 3963 924 4002 eos
955 3948 1188 4000 sanctos
1238 3945 1296 3996 et
1349 3939 1547 3996 ﬁdeles
1594 3940 1735 3994 dicit
1781 3957 1908 3997 esse
1955 3942 2013 3996 in

371 4041 618 4108 Christo,
647 4057 719 4094 ne
751 4052 962 4093 novum
993 4033 1171 4098 aliud,
1195 4031 1347 4103 quod
1383 4047 1494 4085 non
1528 4031 1832 4086 conveniat
1851 4032 2012 4086 Chri-

373 4139 484 4198 sto,
505 4129 850 4200 suscipiant.
879 4124 1162 4188 Quoniam
1189 4121 1288 4192 qui
1313 4121 1370 4174 in
1391 4119 1615 4175 Christo
1643 4125 1882 4176 sanctus
1903 4129 2012 4185 est,

373 4220 543 4286 nihil,
579 4219 688 4272 nisi
720 4217 1040 4277 Christum,
1073 4212 1245 4266 debet
1291 4225 1488 4264 amare
1539 4214 1714 4279 atque
1747 4209 2008 4282 diligere.

371 4311 450 4366 De
482 4325 547 4362 eo
576 4306 728 4377 quod
757 4303 1010 4376 gratiam
1041 4301 1156 4354 illis
1187 4297 1348 4366 dicit,
1379 4301 1436 4352 et
1465 4313 1664 4368 pacem
1692 4315 1705 4364 ;
1735 4299 2010 4369 quoniam

370 4397 557 4470 gratia
575 4394 764 4449 Patris
785 4396 890 4458 est,
907 4406 1040 4444 cum
1068 4387 1246 4443 mittit
1269 4385 1478 4441 Filium
1502 4403 1674 4441 suum
1698 4387 1770 4441 ad
1795 4393 2005 4456 terras;

367 4503 481 4558 pax
502 4501 632 4540 vero
657 4483 803 4548 Filii,
821 4497 952 4536 cum
981 4495 1080 4550 per
1103 4478 1294 4548 ipsum
1320 4475 1604 4546 redempti
1631 4475 2012 4532 conciliamur

369 4581 482 4630 Deo
513 4572 686 4638 Patri,
721 4572 790 4626 de
835 4586 900 4624 eo
950 4567 1102 4638 quod
1149 4565 1405 4619 Trinitas
1437 4563 1492 4617 in
1525 4563 1813 4618 solutione
1845 4582 2012 4620 mon-
2043 4577 2088 4640 D

368 4667 607 4728 strator,
641 4659 918 4732 quoniam
953 4656 1204 4727 Spiritus
1235 4658 1475 4708 sanctus
1503 4651 1703 4723 gratia:
1737 4653 2012 4726 pacisque

369 4749 604 4806 nomine
621 4745 1265 4818 designatur,quoniam
1288 4743 1409 4814 ipse
1425 4741 1640 4794 donum
1657 4739 1754 4794 Dei
1776 4740 2008 4798 dicitur.

442 4837 765 4908 Sequitur:
819 4834 1139 4890 Benedictus
1185 4833 1342 4900 Deus,
1395 4835 1502 4884 etc.
1547 4833 1726 4884 Aucto
1777 4829 2009 4902 ingenio

365 4929 438 4984 ad
471 4927 707 4981 laudem
729 4923 830 4979 Dei
861 4927 1132 4995 provocat
1152 4937 1289 4975 suos
1311 4919 1628 4974 auditores.
1655 4919 1734 4972 De
1765 4935 1831 4972 eo
1853 4919 2008 4990 quod

435 5071 582 5142 (998)
613 5065 1232 5142 Autog._mortalitatis.
1267 5064 1530 5117 Errorem
1563 5065 1684 5116 tam
1731 5060 2008 5116 manifes-

357 5135 488 5210 tum
523 5135 956 5196 emendandum
989 5135 1210 5210 censui.

438 5215 583 5280 (999)
619 5211 770 5268 Eccl.
827 5227 866 5278 ι,
924 5211 1033 5263 18;
1092 5209 1188 5280 qui
1233 5205 1380 5261 addit
1425 5205 1738 5274 scientiam,
1771 5203 1930 5259 addit
1960 5207 2010 5258 et

371 5285 631 5423 10200101.).
657 5356 727 5409 De
755 5369 816 5424 eo
843 5353 1002 5424 quod.
1027 5353 1108 5407 Ad
1143 5347 1420 5424 litecvide
1452 5364 1576 5424 qua;
1601 5345 2008 5424 adnotavimus

371 5417 615 5495 in‘capf
651 5441 710 5478 in
761 5417 938 5492 hujus
973 5423 1237 5495 Epistolas
1267 5421 1328 5472 in
1359 5434 1426 5472 ea
1453 5420 1628 5472 verba
1655 5417 1718 5472 de
1747 5417 2010 5487 exemplis

371 5501 625 5560 istorum,
659 5500 777 5548 not.
823 5497 978 5550 1037.

361 5583 368 5588 δ
439 5557 882 5640 (1001)_Scilicet
913 5583 1030 5622 rem
1055 5561 1506 5640 commendatam,
1541 5563 1604 5613 ut
1635 5557 1808 5640 habet
1839 5558 2010 5640 divus

359 5629 613 5718 Hieron.'
639 5635 748 5698 hoc
795 5636 918 5698 loco
955 5655 967 5696 :
1019 5637 1140 5694 sive
1185 5632 1524 5710 legendum,
1553 5629 1960 5688 commodatum
1987 5647 2007 5692 .’

2200 1927 2505 1998 Sequitur:
2530 1925 2681 1980 Sic-ul
2703 1927 2864 1994 elegit
2881 1941 2976 1981 nos
3015 1927 3072 1980 in
3097 1927 3230 1996 ipso,
3251 1929 3360 1982 etc.
3386 1926 3783 1998 Augustinus.

2128 2015 2286 2082 Quis,
2313 2017 2574 2087 inquam,
2599 2014 2718 2068 huic
2776 2013 2978 2068 audiat
3012 2013 3322 2086 diligenter
3351 2019 3412 2069 et
3445 2013 3781 2088 intelligen-

2127 2111 2238 2170 tcr,
2261 2109 2318 2159 et
2346 2105 2555 2159 audeat
2587 2103 2656 2158 de
2687 2101 2814 2166 hac,
2842 2119 3018 2174 quam
3052 2103 3448 2167 defendimus,
3473 2109 3600 2158 tam
3631 2103 3782 2160 clara

2127 2211 2174 2246 Vi.
2203 2193 2370 2248 ritate
2421 2191 2736 2246 dubitare?
2783 2191 2968 2264 Elegit
3019 2192 3172 2246 enim
3225 2195 3376 2248 Deus
3409 2197 3554 2247 ante
3587 2193 3778 2248 mundi

2128 2281 2602 2336 constitutionem
2637 2282 2694 2336 in
2717 2281 2945 2336 Christo
2971 2281 3233 2336 membra
3261 2281 3452 2352 ipsius
3481 2281 3778 2354 praedesti-

2127 2374 2320 2427 nando
2360 2372 2562 2441 (1002).
2613 2369 2760 2439 Νοη,
2791 2375 2858 2424 ut
2886 2369 3154 2442 Pelagius
3185 2371 3284 2440 ait,
3317 2371 3464 2442 quia
3495 2373 3778 2444 praescivit

2127 2465 2358 2517 sanctos
2392 2461 2636 2527 futuros,
2673 2459 2802 2513 ideo
2833 2458 3008 2528 elegit
3039 2459 3243 2530 (1003),
3294 2459 3420 2528 sed,
3459 2464 3527 2514 ut
3561 2463 3776 2526 essent,

2126 2550 2315 2622 elegit.
2343 2549 2435 2604 Sic
2457 2547 2612 2603 enim
2635 2547 2947 2620 Apostolus
2973 2547 3189 2602 clamat
3213 2564 3226 2601 :
3257 2549 3319 2603 Ut
3339 2563 3584 2603 essemus
3604 2565 3772 2604 :cum

2125 2641 2280 2695 enim
2317 2655 2421 2693 nos
2447 2637 2886 2708 praedestinavit,
2921 2653 3068 2708 opus
3099 2653 3275 2692 suum
3309 2636 3624 2708 przescivit,
3659 2653 3772 2709 quo

2125 2747 2230 2783 nos
2258 2733 2488 2782 sanctos
2523 2731 2577 2780 et
2605 2725 3015 2780 immaculatos
3041 2725 3194 2780 facit.
3219 2729 3294 2780 Ut
3325 2725 3468 2796 quid
3495 2743 3606 2781 nos
3635 2743 3771 2797 prai-

2125 2819 2338 2874 scivit?
2367 2819 2428 2872 1η
2459 2815 2804 2886 adoptionem
2827 2815 3089 2884 ﬁliorum.
3117 2815 3270 2878 Quos
3291 2814 3320 2868 ?
3350 2813 3491 2886 Nos,
3517 2815 3622 2886 qui
3653 2831 3772 2870 era-

2125 2925 2256 2963 mus
2304 2905 2475 2977 longe
2550 2903 2784 2968 Quare?
2828 2907 2890 2959 In
2941 2903 3158 2958 laudem
3204 2904 3422 2972 glorise.
3470 2903 3776 2960 Secundum

2119 2997 2456 3068 propositum
2497 2993 2794 3048 voluntatis
2842 2993 3004 3058 dicit,
3059 3008 3127 3047 ne
3177 2993 3235 3046 in
3280 2997 3444 3048 tanto
3495 2993 3772 3048 beneﬁcio

2123 3085 2343 3156 gratiae,
2379 3085 2449 3136 de
2483 3081 2705 3136 meritis
2735 3081 3055 3154 gloriemur
3081 3080 3404 3136 voluntatis
3437 3087 3682 3137 nostrae.
3717 3082 3774 3136 In

2125 3191 2232 3246 qua
2279 3173 2476 3243 utique
2527 3171 2809 3225 voluntate
2855 3171 3186 3240 gratiﬁcavit
3231 3185 3348 3225 nos.
3381 3169 3478 3225 Sic
3531 3170 3774 3236 dictum,

2125 3262 2470 3332 gratiﬁcavit,
2509 3277 2542 3315 a
2572 3260 2758 3332 gratia
2789 3260 2940 3314 sicut
2959 3259 3325 3329 justiﬁcavit,
3350 3277 3385 3314 a
3407 3259 3653 3329 justitia
3677 3303 3689 3326 ,
3717 3259 3772 3314 id

2125 3357 2231 3420 est,
2267 3355 2463 3424 gratos
2497 3349 2649 3403 fecit.
2685 3351 2743 3403 In
2777 3353 2925 3419 quo?
2955 3349 3014 3403 Id
3048 3354 3156 3414 est,
3189 3348 3248 3402 in
3279 3347 3513 3404 Christo
3551 3365 3564 3404 :
3609 3349 3776 3404 habe-

2123 3459 2246 3496 mus
2268 3440 2690 3510 rsdemptionem
2711 3455 2728 3489 :
2759 3437 2880 3491 haec
2909 3441 2994 3492 est
3019 3437 3174 3492 enim
3198 3436 3405 3508 gratia,
3427 3441 3492 3492 ut
3519 3437 3580 3492 in
3607 3437 3773 3493 Chri-

2125 3537 2213 3585 sto
2259 3547 2355 3601 per
2401 3529 2518 3594 eius
2568 3529 2892 3597 sanguinem
2939 3525 3233 3581 habeamus
3262 3526 3702 3598 redemptionem
3729 3530 3774 3581 et

2124 3621 2500 3674 remissionem
2525 3624 2894 3688 peccatorum.
2929 3615 3280 3687 Redemptos
3310 3615 3466 3670 enim
3503 3631 3539 3671 a
3569 3631 3774 3671 carna-

2123 3709 2280 3764 libus
2311 3705 2586 3778 operibus
2633 3709 2690 3758 et
2733 3703 3154 3776 cupiditatibus
3203 3703 3336 3758 fecit
3365 3719 3476 3758 nos
3508 3703 3626 3760 sibi
3657 3717 3774 3760 ser-

2123 3799 2284 3863 vire;
2319 3795 2474 3866 quod
2510 3797 2616 3858 est,
2651 3791 2990 3864 spiritaliter
3021 3793 3228 3847 vivere.

2195 3903 2469 3976 Sequitur
2501 3919 2514 3956 :
2546 3901 2854 3956 Secundum
2883 3899 3113 3956 divitias
3143 3902 3341 3968 gratia!
3368 3901 3511 3971 ejus.
3551 3901 3614 3956 In
3651 3905 3774 3956 tan-

2125 3999 2249 4049 tum
2269 3989 2608 4055 abundavit,
2623 3993 2689 4044 ut
2711 4005 2826 4042 non
2843 3987 3034 4043 solum
3059 4005 3092 4043 a
3115 3991 3297 4044 morte
3317 3987 3660 4054 redimeret,
3677 3987 3774 4044 sed

2123 4083 2297 4138 etiam
2323 4083 2546 4134 tantam
2566 4076 2912 4148 sapientiam
2940 4075 3106 4132 nobis
3128 4077 3391 4144 donaret,
3408 4081 3476 4132 ut
3497 4077 3778 4149 mysteria

2123 4173 2250 4242 ejus
2285 4182 2679 4224 nosceremus.

2191 4275 2464 4348 Sequitur
2497 4291 2510 4328 :
2561 4274 2620 4327 In
2671 4275 2822 4328 omni
2861 4274 3138 4343 sapientia
3163 4281 3216 4328 et
3241 4272 3559 4344 prudentia.
3595 4271 3774 4328 Stoici

2123 4365 2470 4438 sapientiam
2493 4377 2620 4417 esse
2641 4361 2995 4429 divinarum,
3011 4361 3529 4434 humanarumque
3551 4378 3774 4428 rerum,

2120 4453 2491 4528 prudentiam
2521 4467 2652 4506 vero
2683 4451 2888 4505 dicunt
2917 4467 3112 4506 rerum
3145 4449 3523 4506 solummodo
3554 4451 3778 4508 huma-

2121 4561 2354 4602 narum.

2193 4647 2514 4720 Sequitur:
2571 4646 2636 4700 Ut
2679 4645 2870 4700 notum
2915 4647 3120 4714 faceret
3161 4646 3318 4701 nobis
3354 4653 3778 4702 sacramentum

2121 4738 2418 4793 voluntatis
2440 4749 2577 4790 sum.
2608 4732 3004 4788 Intelleximus
3023 4733 3384 4790 voluntatem
3413 4735 3774 4792 sacramenti

2123 4827 2245 4892 Dei,
2275 4825 2330 4880 id
2363 4827 2470 4888 est,
2503 4821 2920 4892 redemptionis
2949 4827 3182 4890 nostris,
3211 4821 3310 4878 illo
3343 4823 3660 4880 revelante.
3685 4825 3778 4880 Se-

2118 4915 2361 4972 cundum
2389 4913 2654 4984 placitum
2683 4927 2844 4966 suum
2874 4929 2892 4965 .·
2925 4928 3040 4967 non
3071 4912 3400 4968 secundum
3431 4913 3652 4968 bonam
3683 4927 3781 4968 vo-

2119 5054 2532 5128 compendiose
2559 5052 2714 5108 enim
2739 5052 3046 5128 scripturn
3067 5057 3157 5108 est
3182 5037 3458 5128 comitata.

2191 5124 2373 5200 (1002)
2405 5124 2992 5200 EnAugustinianam
3017 5125 3085 5200 de
3109 5125 3623 5200 prmdestinatione
3643 5141 3780 5180 sen-

2119 5195 2364 5255 tentiam
2395 5215 2426 5252 a
2457 5196 2586 5250 divo
2621 5195 2798 5250 Paulo
2829 5195 3266 5253 evidentis’sime
3297 5205 3612 5262 assertam,
3645 5203 3780 5252 tan;

2119 5289 2296 5342 quam
2319 5267 2706 5342 clarissimam
2728 5266 3050 5333 veritatem,
3067 5267 3137 5322 de
3157 5285 3276 5340 qua
3295 5269 3574 5324 dubitare
3595 5283 3776 5324 nemo

2119 5339 2333 5398 audere
2375 5339 2586 5394 valeat.

2189 5413 2371 5481 (1003)
2402 5413 2732 5483 iungantur
2761 5407 2992 5483 haeciis
3017 5426 3146 5483 quae
3179 5413 3235 5467 in
3269 5411 3452 5483 Epist.
3489 5410 3562 5483 ad
3601 5409 3774 5483 Rom.

2118 5483 2466 5614 ἓξὲἐὲῗὶωθ,
2499 5480 2556 5540 et
2605 5480 2662 5536 in
2711 5480 2956 5538 ceteriis
2999 5481 3068 5537 de
3109 5480 3628 5554 predestinatione
3655 5480 3778 5536 ha-
