4014 6174
306 328 425 389 549

853 325 1269 388 EXPOSITIO
1312 320 1388 385 IN
1433 319 1870 386 EPISTOLAS
1911 322 2169 384 PAULI.
2202 356 2275 366 —
2322 322 2398 382 IN
2446 320 2695 384 EPIST.
2742 326 2844 384 AD
2892 323 3165 385 EPHES.

3599 326 3719 390 550

307 460 597 515 luntatem
632 462 916 525 nostram,
951 474 1077 529 quas
1106 458 1261 513 bona
1290 471 1417 513 esse
1450 472 1565 512 non
1598 460 1817 529 posset,
1841 454 1953 509 nisi
1984 456 2036 522 Α
2070 453 2322 524 alicujus
2353 460 2538 526 egeat,
2572 457 2672 510 sed
2706 472 2819 527 quo
2848 455 3036 527 ipsius
3066 457 3471 513 laudatoribus
3503 458 3721 530 prosit’

312 553 379 604 ut
408 548 561 603 bona
591 551 767 614 esset,
801 546 927 618 ipse
956 546 1293 602 subveniret
1320 547 1525 618 (1004).

384 639 446 692 In
465 636 925 706 dispensationem
953 651 1089 689 vero
1118 638 1425 706 temporum
1454 635 1616 704 dicit,
1664 634 1805 706 quia
1834 639 1959 689 sta—

312 729 513 782 tutum
536 724 909 795 fuit,quando
931 726 1100 778 Pater
1120 723 1234 778 huc
1253 723 1464 778 Filium
1484 740 1655 779 suum
1674 724 1959 789 mitteret;

315 815 471 870 unde
502 813 628 884 ipse
657 812 794 867 alibi
822 812 991 867 :Cum
1019 817 1203 867 autem
1232 815 1378 867 venit
1405 812 1688 883 plenitudo
1708 813 1963 882 temporis

316 902 459 973 (Gal.
501 919 577 965 Iv,
634 902 708 967 4),
772 901 1090 972 Sequitur:
1149 903 1475 957 lnstaurare
1520 904 1705 957 omnia
1759 902 1960 969 (1805).

316 989 595 1047 Nonnulli
628 1006 730 1061 per
758 989 971 1044 caelum
1001 991 1286 1057 animam,
1320 995 1378 1045 et
1400 1008 1501 1063 per
1522 997 1735 1046 terram
1760 988 1967 1043 intelli-

317 1086 467 1154 gunt
495 1095 725 1151 corpus.
760 1077 873 1133 Alii
905 1095 1008 1149 per
1036 1078 1249 1133 coelum
1277 1079 1533 1143 Judzeos,
1595 1095 1697 1150 per
1746 1084 1963 1133 terram

319 1168 570 1242 gentiles
599 1184 610 1222 :
641 1166 739 1223 alii
770 1182 872 1238 per
900 1166 1107 1222 ccelum
1143 1184 1256 1222 non
1290 1167 1549 1239 angelos,
1610 1168 1710 1222 sed
1764 1183 1965 1221 eorum

319 1256 627 1313 scientiam
658 1272 727 1311 ex
757 1255 973 1311 Christi
1008 1262 1264 1327 tempore
1302 1255 1635 1326 profecisse,
1689 1255 1789 1326 qui
1837 1259 1966 1309 tan-

321 1362 501 1418 quam
532 1344 722 1417 ignari
753 1344 1228 1415 interrogabant:
1259 1346 1402 1414 Quis
1433 1346 1509 1397 est
1544 1346 1641 1399 iste
1694 1345 1809 1398 Rex
1854 1345 1967 1413 glo-

324 1438 433 1491 νέω
452 1439 476 1487 .9
504 1434 676 1506 (Psal.
710 1450 871 1504 xxm,
902 1433 982 1503 8.)
1005 1433 1115 1487 Sed
1143 1431 1350 1488 melius
1373 1432 1635 1504 ipsorum
1658 1449 1969 1487 numerum

328 1542 434 1598 per
464 1523 711 1579 salutem
743 1522 1051 1577 hominum
1073 1520 1685 1593 dicamusimpletum.

400 1611 713 1683 Sequitur:
748 1613 810 1665 In
833 1626 936 1681 quo
966 1614 1135 1664 etiam
1163 1615 1309 1666 sorte
1336 1610 1520 1666 vocali
1548 1627 1737 1665 sumus
1756 1628 1776 1672 ;
1799 1610 1855 1663 id
1883 1614 1973 1664 est

329 1708 465 1759 ante
496 1700 831 1773 praecogniti
862 1718 874 1766 ;
909 1699 1009 1754 sed
1040 1698 1297 1770 primum
1330 1716 1464 1754 oxes
1496 1699 1731 1771 perditae
1766 1698 1969 1767 (1006),

2140 544 2320 614 (1007)
2354 548 2646 614 Propterea
2666 550 2718 600 et
2745 562 2839 617 ego
2871 546 3119 616 audiens,
3147 551 3255 601 etc.
3281 547 3358 602 De
3402 565 3468 603 eo
3492 551 3715 621 specia-

2069 631 2204 686 liter
2235 633 2535 687 descendit
2568 635 2637 688 ad
2670 633 3130 689 exhortationem
3163 636 3569 706 Ephesiorum.
3603 641 3716 693 Au-

2072 720 2213 786 dita,
2239 721 2451 792 inquit,
2477 722 3002 795 fidevestra,diligo
3020 740 3121 778 vos
3143 724 3369 789 ;audita
3390 725 3719 795 dilectione,

2073 815 2129 864 et
2158 826 2263 880 ego
2294 826 2531 880 operam
2564 811 2736 875 dabo,
2771 818 2834 865 ut
2867 816 2978 866 Deo
3011 815 3230 883 gratias
3264 831 3432 884 agam
3472 832 3577 885 pro
3632 833 3723 871 vo-

2074 898 2412 952 bis.0mnis
2438 900 2623 953 oratio
2654 904 2753 953 aut
2785 917 2885 969 pro
2944 902 3220 971 acceptis,
3272 908 3371 956 aut
3422 920 3524 973 pro
3571 904 3720 958 acci-

2076 987 2304 1057 piendis
2333 992 2421 1041 est
2447 1004 2458 1053 ;
2485 993 2541 1041 et
2573 993 2673 1040 aut
2696 1003 2797 1057 pro
2831 988 3018 1055 nobis,
3057 994 3156 1043 aut
3187 1007 3289 1060 pro
3313 989 3445 1044 aliis
3471 996 3577 1045 est.
3604 997 3720 1047 Hoc

2075 1076 2145 1129 de
2176 1076 2502 1145 praeteritis.
2535 1076 2812 1147 Sequitur
2842 1077 2911 1130 de
2942 1078 3154 1132 futuris
3189 1095 3199 1131 :
3234 1080 3295 1133 Ut
3329 1085 3470 1134 Deus
3503 1081 3723 1135 Domini

2074 1167 2249 1219 nostri
2266 1166 2392 1218 Jesu
2424 1164 2647 1218 Christi.
2686 1170 2816 1231 Deo,
2852 1180 2916 1219 eo
2949 1166 3101 1235 quod
3136 1166 3213 1220 ita
3253 1167 3500 1223 dicitur:
3560 1172 3723 1224 Pater

2076 1253 2266 1323 gloria:
2287 1270 2305 1306 :
2342 1251 2515 1307 veluti
2547 1252 2724 1319 verbi,
2756 1252 3074 1323 sapientiai,
3106 1254 3190 1308 vel
3224 1255 3403 1325 pacis,
3456 1258 3723 1314 Christus

2079 1346 2167 1396 est
2190 1340 2394 1412 gloria,
2419 1346 2483 1395 ut
2512 1341 2656 1395 illud
2682 1358 2693 1393 :
2732 1343 2990 1411 Exsurge,
3020 1343 3197 1411 gloria
3230 1360 3346 1397 mea
3374 1347 3550 1411 (Psat.
3584 1365 3719 1415 cvn,

2079 1432 2133 1499 3)
2160 1449 2171 1498 ;
2207 1435 2263 1485 et
2295 1447 2306 1485 :
2341 1432 2613 1501 Apparuit
2642 1431 2821 1499 gloria
2851 1432 3088 1498 Domini,
3111 1448 3278 1501 super
3304 1434 3723 1491 tabernaculum

2080 1521 2270 1587 (Leuit.
2304 1536 2380 1585 ιχ,
2412 1520 2503 1588 25)
2533 1537 2544 1573 :
2580 1536 2706 1590 qua
2737 1518 2923 1590 gloria
2983 1520 3261 1575 fabricata
3309 1528 3397 1576 est
3428 1523 3540 1577 sibi
3580 1529 3723 1579 tem-

2083 1608 2244 1679 plum
2278 1625 2346 1662 ex
2375 1613 2539 1661 utcro
2569 1608 2855 1677 virginali.
2891 1610 3070 1677 Cujus
3106 1609 3302 1680 templi
3337 1611 3503 1665 Pater
3531 1612 3725 1683 gloria:

2082 1696 2337 1751 efficitur
2386 1701 2555 1751 Deus.
2592 1696 2705 1750 Iste
2738 1696 2916 1767 igitur
2947 1701 3095 1751 Deus
3127 1700 3416 1770 assumpti
3452 1699 3728 1770 hominis,

330 1790 543 1846 deinde
574 1792 797 1861 gentes.
834 1790 949 1860 Qui
974 1788 1163 1843 omnia
1190 1790 1473 1859 operatur,
1507 1792 1614 1843 etc.
1649 1787 1773 1843 Non
1815 1786 1966 1857 quod
2004 1820 2054 1884 Β
2084 1784 2254 1839 Pater
2282 1801 2414 1839 vero
2438 1785 2654 1856 gloriae,
2680 1784 2979 1855 sapientia:
3006 1790 3061 1839 et
3089 1787 3369 1857 veritatis,
3395 1788 3491 1843 det
3514 1791 3733 1845 sanctis

331 1878 533 1934 omnia
559 1876 883 1932 secundum
915 1874 1277 1931 voluntatem
1298 1875 1395 1930 Dei
1418 1876 1583 1943 fiant,
1602 1893 1729 1947 quae
1754 1876 1901 1929 fiunt
1920 1874 1977 1928 in

332 1967 576 2033 mundo,
608 1966 707 2021 sed
742 1965 895 2036 quod
914 1965 1182 2020 universa
1205 1981 1333 2035 quas
1364 1965 1518 2030 facit,
1546 1964 1789 2018 consilio
1812 1968 1869 2018 et
1883 1981 1979 2018 vo-

329 2056 560 2111 luntate
588 2053 744 2110 facit.
776 2053 1048 2125 Alioquin
1100 2058 1157 2108 et
1205 2053 1359 2108 mala
1408 2057 1675 2124 poterant
1722 2053 1834 2108 Deo
1883 2069 1980 2107 as-

333 2143 503 2200 cﬁbi

406 2236 469 2291 Ut
500 2249 686 2287 sumus
706 2234 766 2287 in
797 2232 1017 2287 laudem
1064 2231 1254 2299 gloria:
1287 2232 1404 2301 ejus
1424 2247 1445 2291 ,·
1477 2232 1534 2285 id
1566 2235 1655 2286 est
1684 2232 1733 2285 si
1761 2231 1820 2285 in
1854 2232 1981 2302 ipso

329 2322 650 2388 credimus,
669 2326 843 2392 atque
866 2319 1157 2391 spiritales
1180 2319 1795 2391 efﬁcimur,sequendo
1819 2319 1983 2374 Chri—

332 2416 517 2479 stum,
550 2410 773 2465 erimus
801 2409 861 2464 in
897 2408 1131 2464 laudem
1163 2408 1361 2480 gloria":
1393 2408 1582 2481 ipsius
1614 2408 1712 2463 Dei
1742 2427 1754 2476 ;
1791 2413 1857 2463 ut
1887 2424 1990 2479 per

346 2502 539 2573 signa,
564 2516 689 2571 quae
722 2498 991 2565 facimus,
1024 2497 1297 2553 laudetur
1323 2496 1509 2569 gloria
1541 2497 1661 2552 Dei.
1685 2496 1986 2567 Sequitur:

331 2590 462 2657 Nos,
497 2590 594 2661 qui
624 2595 751 2644 ante
780 2589 1163 2659 speravimus:
1195 2602 1311 2654 nos,
1346 2585 1616 2657 apostoli,
1662 2586 1750 2641 vel
1781 2585 1988 2652 Judaei,

342 2678 447 2751 qui
478 2678 703 2749 priores
733 2676 1113 2732 credidimus.

412 2767 720 2839 Sequitur:
753 2770 821 2821 In
850 2781 951 2837 quo
979 2774 1031 2821 et
1060 2782 1171 2830 vos,
1205 2769 1315 2820 etc.
1367 2766 1672 2820 Descendit
1692 2766 1763 2820 ad
1798 2765 1984 2837 Ephe-

338 2856 480 2927 sios,
513 2872 586 2911 ne
617 2854 874 2910 aliorum
903 2855 1197 2909 videretur
1227 2854 1572 2909 beneficium
1607 2855 1784 2920 istud,
1805 2860 1862 2909 et
1879 2871 1994 2909 non

350 2962 575 3015 eorum,
610 2944 827 3016 quibus
882 2944 1175 2998 scribebat
1215 2942 1556 3014 Epistolam,
1608 2943 1737 3012 hoc,
1786 2941 1996 3013 inquit,

347 3034 524 3089 etiam
554 3036 814 3087 vestrum
847 3036 957 3096 est,
990 3047 1129 3086 nam
1166 3034 1222 3085 et
1248 3047 1352 3085 vos
1380 3030 1439 3084 in
1472 3030 1581 3086 hoc
1614 3030 1776 3085 estis.
1806 3032 1867 3085 In
1896 3046 2001 3103 quo

344 3126 397 3178 et
425 3121 717 3186 credentes,
751 3125 861 3176 etc.
885 3138 897 3186 ;
924 3119 981 3174 id
1001 3124 1090 3173 est
1128 3118 1463 3190 Evangelio,
1507 3118 1625 3173 sive
1665 3118 1891 3174 Christo
1927 3118 2001 3173 si-

2091 1874 2243 1945 quod
2272 1874 2584 1944 sequitur:
2621 1875 2713 1927 Det
2770 1874 2916 1926 vobis
2964 1874 3231 1944 Spiritum
3276 1878 3586 1946 sapientia},
3621 1884 3729 1934 etc.

2091 1962 2390 2027 Quomodo
2424 1961 2687 2031 Ephesiis
2718 1966 2878 2031 optat
2900 1962 3275 2032 sapientiam,
3302 1966 3399 2034 qui
3424 1966 3734 2021 Corinthiis

2093 2051 2250 2120 dicit,
2278 2052 2432 2121 quod
2464 2050 2629 2105 inflat
2660 2050 2705 2121 (Ι
2734 2050 2852 2103 Cor.
2886 2067 3005 2120 vm,
3042 2052 3135 2121 1)?
3165 2052 3274 2106 Sed
3317 2053 3397 2107 ibi
3437 2056 3729 2111 carnalem

2095 2145 2256 2196 notat
2289 2165 2303 2207 ;
2338 2140 2434 2194 hic
2464 2156 2595 2194 vero
2620 2139 2943 2210 spiritalem
2975 2143 3368 2208 commendat,
3403 2160 3578 2213 quam
3632 2146 3733 2216 qui

2095 2228 2693 2298 habuerit,humiliari
2716 2232 2907 2299 potius
2931 2232 3161 2299 poterit,
3185 2248 3360 2301 quam
3386 2233 3597 2288 inflari.
3624 2235 3734 2289 Sed

2097 2318 2389 2390 quomodo
2422 2318 2782 2389 agnitionem
2806 2317 2923 2372 illis
2956 2320 3049 2372 Dei
3073 2336 3199 2374 esse
3223 2326 3368 2384 orat,
3394 2339 3543 2392 quos
3564 2341 3743 2395 supra

2098 2407 2480 2462 laudaverat?
2511 2406 2671 2474 Orat,
2708 2412 2769 2460 ut
2801 2408 3114 2478 perfectius
3162 2416 3533 2480 cognoscant.
3586 2416 3739 2484 quod

2100 2496 2201 2551 Dei
2232 2496 2438 2568 gratia,
2472 2512 2585 2549 non
2614 2512 2719 2549 suo
2752 2496 2957 2550 merito
2988 2502 3127 2551 sunt
3184 2498 3385 2553 salvati
3414 2519 3427 2567 ;
3478 2505 3534 2555 et
3584 2504 3737 2573 quod

2101 2586 2281 2640 Deum
2316 2584 2463 2639 nihil
2494 2589 2685 2656 potest
2714 2584 2893 2640 latere
2928 2603 2939 2652 ;
2991 2586 3270 2656 quoniam
3304 2589 3403 2658 qui
3458 2589 3567 2645 hoc
3614 2608 3740 2662 per-

2104 2677 2248 2730 tecte
2280 2674 2598 2746 cognoscit,
2633 2690 2870 2744 peccare
2901 2692 3015 2729 non
3050 2681 3259 2745 potest.
3298 2682 3372 2732 De
3393 2678 3575 2750 (1008)
3608 2680 3745 2735 filiis

2106 2764 2210 2819 Eli.
2243 2764 2554 2834 Sequitur:
2582 2764 2948 2830 ltluminatos,
2982 2769 3088 2818 etc.
3126 2765 3262 2835 Deo,
3287 2783 3352 2820 eo
3404 2769 3555 2838 quod
3603 2770 3747 2824 inte-

2107 2854 2223 2908 rior
2254 2854 2429 2906 homo
2462 2853 2637 2906 habet
2667 2853 2928 2905 membra
2959 2870 3086 2918 sua,
3118 2860 3173 2907 et
3203 2854 3399 2909 oculos
3457 2874 3616 2924 suos,
3678 2859 3749 2913 de

2108 2942 2324 3012 quibus
2355 2946 2412 2995 et
2440 2939 2750 2995 Psalmista
2783 2958 2794 2994 :
2830 2942 3099 2995 Illumma
3129 2943 3313 2996 oculos
3344 2960 3505 3009 meos,
3546 2962 3613 3000 ne
3644 2963 3751 3000 un-

2107 3048 2274 3103 quam
2304 3030 2639 3085 obdormiam
2669 3030 2728 3083 in.
2759 3038 2928 3084 morte
2978 3031 3149 3100 (Psal.
3201 3048 3301 3096 xu,
3336 3034 3426 3101 4),
3477 3038 3531 3087 et
3581 3034 3749 3090 item:

2112 3120 2387 3190 Sapientis
2411 3119 2554 3173 oculi
2592 3121 2652 3171 in
2680 3120 2857 3189 capite
2895 3122 3014 3189 ejus
3047 3120 3240 3186 (Eccle.
3294 3135 3356 3187 ιι,
3407 3122 3517 3191 14),
3548 3122 3627 3176 De
3667 3140 3755 3189 eo,

348 3214 584 3283 gnatur,
610 3209 709 3280 qui
733 3207 984 3263 audierit
1003 3207 1246 3261 verbum
1268 3206 1553 3272 veritatis,
1579 3211 1635 3261 et
1656 3207 1999 3262 crediderit:
2033 3185 2075 3250 Ο
2115 3209 2268 3279 quod
2302 3208 2450 3261 notio
2480 3205 2643 3261 estin
2675 3206 2786 3273 his,
2822 3223 2946 3276 qua:
2979 3212 3113 3261 ante
3132 3208 3518 3264 nescivimus:
3546 3212 3758 3279 agniti.)

355 3299 497 3369 quia
527 3296 697 3351 multi
728 3300 868 3351 sunt
897 3295 994 3366 qui
1015 3295 1263 3349 audiunt
1284 3299 1339 3349 et
1361 3311 1477 3349 non
1502 3295 1777 3362 credunt;
1802 3301 1858 3349 et
1878 3296 2005 3351 ideo

354 3383 733 3457 signaculum
758 3382 945 3439 sancti
965 3383 1219 3454 Spiritus
1246 3400 1361 3438 non
1394 3384 1709 3454 accipiunt.
1731 3385 2010 3455 Signacu-

358 3475 487 3529 lum
519 3471 617 3527 Dei
644 3490 657 3527 :
690 3477 755 3527 ut
785 3472 1077 3544 quomodo
1110 3472 1339 3543 primus
1368 3471 1542 3527 homo
1570 3473 1640 3527 ad
1691 3472 2006 3543 imaginem

359 3560 463 3617 Dei
485 3561 775 3628 conditur,
810 3560 893 3616 sic
922 3560 981 3615 in
1012 3561 1270 3616 secunda
1299 3561 1735 3632 regeneratione
1768 3562 2010 3633 quicun-

359 3666 475 3722 que
505 3649 790 3721 Spiritum
820 3654 1087 3704 sanctum
1121 3649 1427 3721 acceperit,
1464 3649 1728 3721 signetur
1757 3651 1829 3704 ab
1850 3667 1935 3705 eo.

435 3739 713 3810 Sequitur
741 3757 753 3795 :
780 3740 887 3807 Qui
914 3748 990 3795 est
1005 3740 1205 3811 pignus
1224 3738 1569 3795 hereditatis
1591 3759 1608 3793 :
1632 3740 1686 3794 id
1702 3745 1789 3795 est
1814 3739 2008 3811 ipsum

368 3829 588 3902 pignus
618 3827 798 3895 dedit,
828 3832 895 3883 ut
925 3828 993 3883 de
1026 3827 1362 3883 haereditate
1389 3828 1575 3882 securi
1600 3830 1807 3882 simus.
1837 3830 1895 3883 In
1918 3844 2012 3882 re-

362 3918 728 3989 demptionem
754 3935 767 3983 ;
788 3917 846 3971 id
870 3921 961 3972 est
982 3921 1048 3971 ut
1068 3917 1430 3971 redimamur
1447 3916 1519 3970 ab
1541 3915 1669 3969 istis
1691 3917 1939 3970 terrenis
1960 3920 2017 3970 et

364 4004 770 4078 corporalibus
796 4004 992 4071 malis,
1022 4010 1079 4059 et
1092 4004 1364 4076 acquisiti
1385 4004 1575 4059 simus
1596 4002 1698 4057 filii
1726 4004 2013 4074 adoptivi;

365 4099 424 4150 et
452 4094 574 4149 haec
605 4096 665 4149 in
686 4094 903 4148 laudem
923 4093 1113 4164 gloria
1136 4092 1360 4165 ipsius;
1384 4109 1499 4147 non
1529 4109 1644 4162 quo
1676 4091 2020 4148 Deuslaude

2116 3297 2175 3351 in
2207 3296 2299 3350 his
2331 3312 2456 3366 quae
2488 3294 2651 3349 obliti
2687 3295 3080 3349 recordamur.

2188 3384 2371 3456 (1009)
2402 3384 2714 3455 Sequitur:
2752 3385 2813 3440 Ut
2842 3384 3050 3451 sciatis,
3100 3390 3207 3439 etc.
3240 3389 3319 3441 Ac
3372 3387 3419 3443 si
3463 3388 3617 3443 dicat
3652 3406 3663 3443 ε
3700 3388 3761 3444 Si

2118 3474 2368 3530 scientes
2417 3474 2485 3527 ad
2519 3489 2693 3544 quam
2726 3489 2890 3543 spem
2924 3474 3107 3528 vocati
3138 3475 3298 3541 estis,
3333 3493 3562 3531 omnem
3598 3495 3763 3549 spem

2119 3563 2315 3619 saeculi
2339 3561 2504 3617 facile
2531 3565 2919 3617 contemnetis
2947 3581 2958 3629 ;
2992 3568 3049 3617 et
3077 3563 3125 3617 si
3149 3564 3381 3620 divitias
3412 3566 3771 3622 hareditatis

2120 3653 2221 3708 Dei
2250 3651 2534 3717 videritis,
2569 3651 2761 3705 omnis
2792 3656 3019 3707 terrena
3050 3652 3358 3709 hcereditas
3381 3656 3545 3711 vobis
3578 3656 3776 3711 sorde-

2119 3742 2206 3796 bit
2234 3760 2245 3806 ;
2282 3740 2420 3812 quia
2452 3756 2621 3794 nemo
2654 3756 2786 3794 cum
2820 3742 3029 3811 Opibus
3060 3742 3187 3811 ejus
3241 3746 3509 3813 ope'rans,
3558 3749 3770 3798 curatas

2124 3835 2282 3893 sunt,
2316 3834 2379 3883 ut
2438 3828 2749 3899 plumbum
2809 3830 3133 3898 possideret
3188 3831 3391 3900 (1040).
3448 3834 3513 3885 Et
3547 3833 3679 3886 bene
3710 3834 3771 3886 in

2122 3919 2325 3973 sanctis
2356 3916 2516 3983 dicit,
2553 3932 2667 3968 non
2698 3915 2756 3969 in
2781 3916 3054 3970 omnibus
3082 3917 3438 3972 hominibus.
3462 3919 3768 3980 Quisenim

2127 4002 2819 4078 potestcomprehendere
2847 4004 3314 4075 magnitudinem
3345 4006 3621 4060 bonitatis
3644 4006 3769 4073 Dei,

2130 4111 2306 4167 quam
2338 4091 2706 4148 credentibus
2734 4107 2802 4145 ex
2830 4091 3069 4159 Judwis,
3104 4097 3160 4147 et
3188 4094 3457 4163 gentibus
3502 4094 3773 4161 contulit,

2131 4217 2279 4273 opus
2310 4202 2452 4273 erat,
2487 4202 2557 4273 ut
2580 4214 2791 4273 sensus
2841 4198 3198 4273 redderetur,
3248 4217 3382 4272 spes
3432 4205 3625 4255 autem
3675 4219 3774 4273 ge-

440 4267 624 4340 (1005)
661 4267 834 4327 Divus
867 4267 1254 4339 Hieronymus
1314 4271 1374 4324 in
1411 4270 1573 4340 hanc
1620 4269 1804 4340 Epist.
1857 4269 2026 4324 aliter
2134 4267 2327 4325 nuinae
2362 4267 2593 4340 phrasis
2625 4268 2953 4323 divinanda:
2986 4271 3150 4327 valde
3182 4267 3397 4327 incerta
3416 4278 3558 4327 erat.
3581 4267 3779 4328 Tutio-

444 4200 604 4269 (100-1
658 4201 738 4255 En
772 4200 1024 4272 gratiam
1057 4200 1522 4271 praevenientem.

444 4202 629 4397 (10052
661 4272 834 4327 Divus
867 4271 1254 4339 Hieronymus
1314 4271 1374 4324 in
1422 4270 1522 4323 har

444 4359 555 4397 iam
634 4343 798 4397 atini.
851 4342 978 4397 loco
1038 4344 1352 4397 instaurare
1406 4339 1517 4397 legi

370 4359 555 4414 quam

634 4343 798 4411 atini,
851 4342 986 4414 l_oco_
1038 4344 1364 4414 instaurare
1406 4339 1545 4411 legit
1593 4339 1964 4414 recapitulare
1992 4358 2026 4396 a
2134 4360 2257 4398 rem
2289 4339 2481 4414 autem
2514 4340 2980 4414 emendationem
3018 4344 3257 4398 evadere
3290 4344 3433 4397 mihi
3482 4344 3777 4414 polliceor,

371 4411 562 4488 graeco
590 4411 1059 4488 ’Avaxeoalatéw,
1091 4415 1246 4485 quod
1276 4411 1475 4488 colligo
1503 4413 1709 4488 capita,
1737 4428 1847 4488 seu
1877 4428 2027 4467 sum-
2141 4416 2187 4469 si
2222 4414 2441 4467 fontem
2469 4411 2647 4488 huius
2680 4411 3176 4488 interpretationis
3207 4415 3263 4467 in
3300 4411 3556 4488 medium
3589 4416 3782 4486 profe-

368 4468 487 4541 ῗῖιοδ
508 4468 1081 4557 ίνερειοέεῖευίῆοθί,
1107 4468 1193 4539 ’δέ
1223 4502 1360 4558 (ιιιοᾼ
1385 4468 1881 4558 ’Ᾰναχξφαλξξωσις
1940 4500 2029 4537 re-
2060 4554 2093 4558 _
2140 4468 2264 4540 ram
2298 4502 2332 4539 a
2362 4500 2476 4555 quo
2507 4468 2577 4558 de
2607 4468 2921 4558 verbol'ére
2951 4486 3021 4538 ad
3053 4486 3303 4558 verbum,
3322 4468 3639 4558 desumpta
3668 4468 3778 4541 est.

380 4553 644 4612 dactioin
663 4553 954 4629 summam,
972 4573 1075 4613 seu
1098 4553 1497 4627 recapitulatio.
1521 4553 1656 4609 Divo
1680 4553 2028 4629 Hieronymo
2059 4554 2105 4617 D
2136 4553 2631 4629 Commentariun}
2653 4554 2797 4608 illud
2816 4556 3086 4629 est,quod
3112 4555 3254 4629 falso
3276 4556 3404 4610 divo
3435 4553 3780 4629 Hieronymo

375 4628 633 4685 assentit
674 4628 1089 4698 Tertullianus,
1148 4625 1250 4682 lib.
1302 4645 1355 4695 v,
1403 4631 1603 4699 contra
1654 4626 2027 4695 Marcionem,
2140 4627 2481 4697 ascriptum,
2516 4626 2708 4699 verius
2738 4625 2966 4699 Pelagio
2998 4642 3066 4680 ex
3096 4626 3209 4680 divi
3240 4628 3551 4699 Augustini
3610 4625 3781 4684 testi-

378 4717 511 4769 cap.
548 4702 632 4765 17,
665 4706 721 4755 et
752 4700 938 4755 sancti
975 4695 1171 4756 Irenaai
1203 4701 1510 4769 interpres,
1542 4697 1643 4751 lib.
1678 4715 1715 4765 1,
1742 4713 1868 4769 cap.
1906 4699 1954 4751 1.
2142 4695 2359 4763 moui—0,
2394 4714 2523 4752 cum
2559 4696 2722 4769 alibi,
2756 4702 2879 4749 tum
2912 4695 3012 4750 lib.
3041 4714 3102 4751 ιιι
3136 4699 3205 4752 de
3240 4695 3610 4754 Pec'catorum
3664 4716 3782 4754 me-

482 4772 639 4841 1006)
673 4771 902 4827 Scilicet
928 4772 1136 4827 Judaei.
1335 4767 1375 4841 ί
1430 4839 1437 4841 Α
1754 4840 1769 4841 7
1814 4767 1830 4769 ἡ
2141 4771 2291 4834 ritis,
2325 4775 2381 4841 et
2412 4767 2776 4833 remissione,
2810 4783 2934 4837 cap.
2965 4769 3021 4841 1,
3055 4772 3111 4822 et
3143 4785 3209 4823 ex
3243 4770 3422 4825 Mario
3444 4772 3779 4840 Mercatore,

461 4839 646 4910 (1007)
678 4844 739 4897 In
771 4849 967 4914 autog.
1003 4858 1184 4914 marg.
1214 4841 1305 4895 hic
1332 4839 1541 4914 legitur
1572 4856 1697 4914 cap_.
1724 4840 1813 4914 II._
1840 4911 1853 4914 _
2142 4847 2198 4897 et
2225 4840 2585 4914 Cassiodoro,
2621 4844 2675 4892 et
2705 4844 2936 4914 auctore
2964 4839 3377 4914 Praedestinati,
3409 4844 3624 4898 eruditi
3655 4842 3785 4912 qui-

460 4914 644 5038 (1008)
676 4909 1076 4986 Imperfectum
1106 4909 1183 4966 ibi
1218 4909 1485 4982 exempli,
1544 4912 1696 4981 quod
1746 4911 2033 4965 adducere
2144 4929 2255 4984 que
2288 4911 2635 4977 attribuunt,
2672 4909 2769 4963 ubi
2802 4910 3012 4981 legitur
3045 4928 3056 4964 :
3093 4913 3152 4967 Si
3182 4916 3404 4969 sciretis
3424 4915 3497 4969 ad
3526 4909 3788 4984 quantam

491 4984 593 5038 uit.
628 5001 866 5038 sensum
900 4984 1206 5038 reliquisse
1235 4984 1463 5038 videtur
1482 4988 1686 5036 auctor
1707 4986 1922 5038 noster.
1944 4981 2034 5036 vel
2142 5001 2290 5038 seem
2322 4983 2492 5037 vocati
2520 4982 2669 5038 estis.
2696 4996 2909 5035 omnem
2938 4998 3086 5038 spem
3112 4987 3307 5038 saeculi
3336 4987 3498 5038 facile
3545 4987 3788 5037 contem-

385 4981 593 5054 voluit,
628 4981 866 5040 sensum
900 4984 1206 5055 reliquisse
1235 4981 1463 5038 videtur
1482 4988 1686 5055 auctor
1707 4986 1922 5055 noster,
1944 4981 2034 5036 vel
2142 4981 2290 5053 spem
2322 4983 2501 5055 vocati,
2520 4982 2669 5055 estis,
2696 4996 2909 5055 omnem
2938 4998 3086 5055 spem
3112 4987 3307 5040 saeculi
3332 4987 3498 5055 facile
3534 4981 3788 5055 eontem-

388 5058 519 5127 ejus
543 5052 938 5112 amanuensis.
960 5052 1106 5110 Illud
1128 5062 1322 5127 tamen
1346 5054 1403 5107 in
1428 5052 1920 5127 mentebabuisse
1935 5070 2035 5127 pu-
2143 5052 2343 5110 neretis
2372 5059 2425 5107 et
2455 5052 2752 5127 sfigdivitias
2782 5053 3116 5127 hzereditatis
3145 5058 3241 5110 Dei
3286 5052 3561 5122 videretis,
3612 5053 3790 5106 omnis

382 5122 597 5191 tarem,
624 5129 779 5199 quod
804 5128 823 5183 Ι
850 5129 987 5199 Reg.
1013 5144 1073 5196 ιι,
1104 5128 1186 5195 12,
1216 5125 1428 5197 legitur
1451 5123 1599 5199 filios
1754 5123 1906 5199 filios
1932 5122 2035 5199 Be-
2147 5132 2367 5181 terrena
2402 5125 2544 5191 vobis
2574 5124 2810 5199 horrebit
2842 5125 3148 5179 heereditas.
3184 5129 3343 5182 Nemo
3368 5128 3515 5179 enim
3562 5140 3792 5199 regnum

384 5198 511 5261 lial,
538 5194 863 5256 nescientes
886 5194 1261 5265 Dominum,a
1278 5194 1601 5251 sacerdotis
1619 5194 1810 5248 officio
1836 5195 1915 5249 ita
1936 5196 2035 5249 de-

391 5269 666 5337 clinasse,
700 5276 757 5327 et
786 5276 1087 5343 peccatum
1119 5268 1337 5343 grande
1357 5265 1539 5343 nimis
1570 5282 1763 5343 coram
1791 5266 2037 5322 Domino

388 5338 803 5416 perpretrasse’
818 5344 891 5416 ob
908 5338 1195 5416 hancm'et
1224 5340 1324 5394 Dei
1354 5338 1767 5416 ignorantiam.

466 5408 650 5484 (1009)
681 5413 841 5469 Hanc
862 5413 1297 5468 distinctionem
1319 5408 1401 5484 (et
1438 5410 1605 5484 divus
1652 5408 2040 5484 Hieronymus

348 5532 351 5533 ν
394 5486 458 5539 in
474 5480 636 5539 banc
659 5484 1001 5555 Epistolam,
1020 5485 1102 5538 uti
1125 5483 1423 5555 aliquibus
1442 5481 1765 5555 probatam,
1781 5480 2038 5555 adducit.

466 5556 649 5629 (1010)
680 5552 853 5613 Error
875 5556 1209 5629 certissime
1226 5552 1333 5629 ibic
1366 5552 1645 5629 irrepsit,_
1684 5568 1860 5629 quem
1892 5552 2042 5629 ideo

388 5621 708 5713 emendare
729 5628 910 5698 nolui,
934 5628 1072 5702 quia
1096 5625 1279 5685 nimia
1297 5621 1608 5685 verborum
1630 5621 2044 5683 immutatione

2145 5214 2271 5253 cum
2300 5198 2491 5267 Opibus
2520 5197 2636 5249 suis
2668 5212 2892 5267 sperans
2933 5203 3155 5251 curator
3200 5213 3311 5251 esse
3361 5200 3411 5249 ct
3455 5195 3792 5267 mediocrem

2147 5266 2511 5324 substantiam
2530 5266 2800 5337 possidere
2818 5268 3099 5337 dignatur.
3129 5270 3184 5321 In
3215 5266 3575 5335 cujustotius
3599 5271 3790 5320 textus

2150 5341 2299 5395 serie
2332 5341 2423 5393 vix
2455 5339 2648 5401 unius,
2688 5339 2775 5393 vel
2808 5339 3047 5394 alterius
3100 5337 3256 5391 verbi
3315 5337 3661 5391 differentia.
3703 5337 3787 5391 Ab

2152 5412 2259 5466 hoc
2290 5411 2463 5465 etiam
2498 5410 2916 5465 commentario
2948 5408 3119 5479 paulo
3154 5409 3423 5477 superius
3453 5407 3789 5480 exemplum

2154 5482 2408 5538 filiorum
2442 5481 2523 5537 Eli
2547 5478 3176 5551 desumpserat’auctor
3198 5486 3413 5534 noster.
3437 5478 3571 5542 Quae
3594 5478 3794 5535 omnia

2155 5555 2330 5609 simul
2364 5552 2529 5609 valde
2558 5570 2673 5625 pra
2705 5550 2889 5606 oculis
2911 5550 3017 5605 hoc
3032 5566 3165 5605 cum
3189 5552 3411 5625 caeteris
3430 5556 3790 5613 commentep

2156 5625 2259 5683 riis
2288 5623 2575 5685 habuisse
2594 5626 2861 5680 Attonem
2894 5625 3160 5681 nostrum
3191 5623 3459 5699 probant.
3486 5656 3487 5659 η
