4026 6168
391 288 500 348 551

1416 281 1752 348 ATTONIS
1796 284 2378 348 VERCELLENSIS
2424 278 2777 346 EPISCOPI

3676 281 3798 342 552

336 466 349 478 .
394 424 462 475 ut
495 419 697 475 ﬁerent
721 415 822 471 ﬁlii
854 414 1112 488 adoptati
1143 418 1201 469 et
1230 417 1495 472 membra
1524 417 1762 474 Christi.
1797 419 1864 474 Et
1892 417 2039 474 bene
2065 426 2114 491 Α
2152 418 2325 474 debet
2355 416 2627 489 tntelligi.
2659 420 2782 472 Hoc
2807 431 2941 472 vero
2972 412 3128 487 quod
3161 410 3243 470 ait
3272 429 3285 469 :
3347 412 3456 481 Qui
3504 413 3698 469 omnia
3740 416 3804 469 in

396 508 572 564 dicit:
608 507 921 562 Secundum
981 506 1350 572 operationem
1394 505 1579 578 (1011)
1625 508 1846 561 virtutis
1892 508 2033 577 ejus,

395 611 519 669 quae
549 596 730 667 (1012)
761 601 1012 666 operatus
1042 598 1119 648 est
1148 595 1208 647 in
1239 594 1484 655 Christo;
1516 595 1657 666 quia
1686 595 1757 650 ad
1788 595 1906 649 haec
1937 611 2035 649 co-

310 724 323 731 -
394 684 729 760 gnoscenda
755 700 823 739 ea
852 681 1185 754 indigemus
1215 682 1446 752 virtute,
1479 699 1595 754 qua
1616 683 1791 738 etiam
1812 684 1870 736 in
1893 681 2035 737 Filio

395 791 503 830 suo
531 790 673 829 usus
704 776 793 828 est
822 770 974 827 Deus
1005 787 1137 825 eum
1172 771 1533 835 suscitando,
1569 788 1743 843 quem
1766 789 1882 828 non
1905 788 2036 827 sus-

396 862 596 918 citavit
626 860 826 929 semel,
860 859 961 914 sed
995 875 1226 931 semper
1255 876 1289 914 a
1318 859 1588 928 mortuis,
1638 865 1695 915 et
1723 860 1855 914 fecit
1900 876 2035 915 eum

396 952 455 1006 in
491 950 696 1004 mortis
752 949 1023 1018 liberum,
1071 947 1235 1002 nulla
1278 947 1483 1002 mortis
1530 948 1874 1021 contagione
1921 965 2041 1003 ma-

399 1038 679 1095 culatum.
714 1037 982 1103 Quotidie
1014 1035 1266 1107 resurgit
1294 1035 1559 1092 Christus
1590 1054 1659 1092 ex
1690 1038 1936 1092 mortuis
1978 1036 2035 1090 in

395 1127 835 1201 pmnitentibus.
871 1131 948 1180 De
1003 1141 1069 1179 eo
1123 1125 1278 1194 quod
1336 1125 1645 1181 haereditas
1699 1130 2035 1181 sanctorum

400 1218 524 1290 ipse
553 1217 706 1272 Deus
738 1219 848 1284 est,
884 1218 947 1267 ut
977 1211 1120 1266 illud
1146 1213 1217 1267 de
1247 1211 1382 1268 ﬁliis
1418 1215 1540 1269 Levi
1568 1231 1581 1269 :
1616 1216 1736 1284 Ego
1777 1215 2039 1269 Dominus

393 1323 527 1379 pars
556 1320 744 1361 eorum
766 1302 949 1373 (Num.
997 1318 1155 1369 XVIII,
1186 1302 1255 1354 20
1282 1344 1295 1367 ,
1325 1302 1482 1357 Josue
1511 1319 1632 1369 x111,
1667 1304 1753 1371 14)
1779 1320 1794 1366 ς
1849 1301 1985 1357 item
2021 1319 2034 1356 :

399 1397 669 1451 Dominus
697 1390 997 1449 heereditas
1028 1404 1215 1445 eorum
1243 1394 1324 1445 est
1370 1391 1547 1461 (Deut.
1595 1408 1757 1457 XVIII,
1786 1393 1842 1457 2)
1870 1408 1883 1457 ;
1932 1395 1989 1445 et
2020 1407 2033 1445 :

396 1485 538 1538 Pars
566 1498 687 1536 mea
722 1480 986 1535 Dominus
1014 1478 1186 1544 (Psul.
1243 1496 1412 1546 Lxxn,
1445 1480 1536 1550 26)
1566 1483 1622 1533 et
1652 1497 1665 1534 :
1702 1480 1774 1534 Tu
1803 1495 1861 1534 es
1904 1495 2037 1547 pars

400 1570 738 1627 heereditalis
769 1582 922 1634 meae,
957 1572 1063 1622 etc.
1098 1567 1267 1637 (Psal.
1291 1584 1382 1634 xv,
1404 1569 1481 1635 5).

470 1658 747 1729 Sequitur
779 1674 791 1711 :
826 1655 1104 1711 Suscitans
1133 1672 1298 1724 eum;
1331 1655 1387 1710 id
1419 1659 1509 1712 est
1536 1656 1854 1712 secundum
1881 1655 2036 1727 quod

402 1746 549 1802 mori
579 1743 784 1819 potuit.
812 1743 889 1799 De
921 1761 987 1799 eo
1018 1744 1171 1815 quod
1203 1743 1426 1799 dcactera
1484 1743 1738 1817 ponitur,
1790 1760 1891 1815 pro
1939 1743 2038 1798 ho-

400 1852 559 1903 nore,
592 1836 649 1889 in
680 1834 796 1888 Deo
827 1831 973 1887 nihil
1003 1832 1309 1887 sinistrum
1351 1838 1461 1896 est,
1493 1833 1633 1903 quia
1663 1850 1778 1888 non
1802 1836 1890 1888 est
1910 1849 2035 1887 cor-

398 1940 629 1997 poreus.
662 1922 806 1976 Nam
840 1924 897 1976 et
925 1921 1096 1975 Pater
1117 1937 1150 1975 a
1180 1921 1398 1977 dextris
1427 1920 1551 1976 Filii
1584 1925 1693 1986 est,
1745 1924 1810 1975 ut
1844 1919 1989 1975 illud
2020 1936 2034 1974 :

400 2016 662 2068 Dominus
691 2028 725 2066 a
753 2010 964 2065 dextris
994 2010 1127 2079 tuis,
1159 2010 1449 2080 con/regit,
1472 2014 1580 2064 etc.
1615 2009 1806 2079 ((Psal.
1830 2008 2036 2079 CIx,5).

397 2102 478 2157 De
506 2118 591 2169 eo,
626 2100 780 2172 quod
827 2097 1143 2169 Apostolus
1194 2113 1261 2151 ex
1308 2097 1619 2153 traditione
1663 2098 2038 2153 Hebraeorum

397 2191 680 2245 didicerat
709 2188 829 2241 haec
853 2187 1129 2252 nomina;
1164 2192 1266 2241 aut
1297 2192 1449 2241 certe
1480 2186 1666 2258 legem
1699 2185 2041 2256 spiritaliter

394 2277 751 2349 intelligens,
784 2274 1003 2346 aliquid
1037 2273 1349 2329 sublimius
1372 2275 1574 2340 sensit,
1608 2279 1663 2327 et
1686 2274 1839 2345 quod
1857 2274 1928 2328 de
1949 2291 2037 2328 re-

394 2367 589 2439 gibus,
623 2365 893 2429 ducibus,
926 2363 1180 2418 tribunis
1208 2368 1264 2417 et
1281 2362 1720 2418 centurimibus
1743 2362 1799 2416 in
1824 2362 2038 2417 Nume-

401 2456 483 2510 ris
513 2459 689 2524 atque
724 2453 941 2523 Regum
974 2450 1142 2505 libris
1165 2449 1412 2522 legebat,
1433 2452 1720 2523 cognovit,
1747 2451 1898 2522 quod
1926 2450 2036 2505 sic-

400 2551 464 2600 ut
493 2544 552 2598 in
582 2541 918 2597 cmlestibus
948 2540 1067 2595 sint
1124 2540 1364 2594 diversae
1414 2539 1750 2611 dignitates,
1803 2551 2040 2594 necesse

403 2645 491 2690 est
521 2632 815 2701 subjectos
845 2634 901 2684 et
919 2628 1191 2684 timentes
1222 2645 1284 2682 se
1315 2628 1587 2683 habeant.
1622 2628 1764 2682 Nam
1792 2627 1839 2682 si
1864 2627 2038 2680 homo

404 2722 516 2778 cito
538 2721 594 2774 in
622 2718 918 2792 pulverem
940 2715 1314 2772 resolvendus
1336 2733 1433 2772 rex
1447 2715 1661 2787 eligatu
1673 2715 1900 2781 r,habet
1920 2715 2039 2769 haec

405 2809 615 2876 ofﬁcia,
650 2811 869 2879 quanto
901 2805 1089 2877 magis
1111 2805 1230 2860 Rex
1249 2821 1453 2878 regum
1485 2805 1712 2860 diversa
1732 2803 1924 2860 ofﬁcia
1952 2803 2039 2857 di-

404 2898 696 2972 gnitatum
726 2896 903 2950 habet
926 2894 953 2947 ‘?

475 2986 588 3041 Sed
622 2983 915 3057 quomodo
945 2982 1088 3041 dicit
1112 2982 1163 3037 ei
1194 2982 1391 3037 omnia
1420 2982 1701 3053 subjecta,
1736 2996 1869 3036 cum
1902 2978 2041 3034 alibi

394 3077 549 3132 dicat
594 3073 766 3146 ipse:
826 3072 1066 3127 Necdum
1122 3071 1368 3126 videmus
1414 3073 1466 3125 ei
1517 3087 1704 3125 omnia
1753 3070 2041 3141 subjecta?

2068 1788 2115 1853 B

2143 510 2404 564 omnibus
2434 507 2778 575 adimplelur
2800 523 2813 560 :
2837 521 2951 560 non
2980 504 3083 571 ita,
3104 507 3171 558 ut
3185 505 3376 568 sonat,
3394 500 3801 572 accipiendum

2145 600 2253 651 est.
2286 596 2411 651 Non
2443 598 2599 650 enim
2631 595 2734 660 ait,
2756 593 3037 664 adimplet,
3061 593 3187 659 sed,
3210 590 3564 662 adimpleiur.
3589 591 3801 663 Sequi-

2146 685 2279 741 dem
2307 684 2466 740 aliud
2491 684 2739 756 agentis,
2762 682 2920 737 aliud
2948 680 3223 754 patientis
3238 680 3608 737 estverbum.
3633 680 3799 736 Sicut

2148 788 2283 845 ergo
2300 773 2391 827 adi
2402 771 3141 844 mpleturimperator,cum
3155 769 3206 826 ei
3222 767 3420 841 pepuli
3435 769 3587 825 subd
3596 775 3797 836 untur,

2144 859 2227 915 ita
2257 861 2545 927 Christus,
2576 876 2709 916 cum
2742 860 2799 914 in
2848 876 2981 915 eum
3029 858 3298 914 homines
3350 858 3621 926 credunt,
3669 858 3797 930 ipsa

2148 948 2505 1022 adimpletur
2529 948 2586 1003 in
2608 948 2883 1005 omnibus
2908 964 2920 1001 :
2950 948 3036 1003 sic
3060 950 3277 1012 tamen,
3301 951 3364 1002 ut
3389 945 3591 1003 omnia
3613 946 3798 1002 adim-

2150 1036 2380 1109 pleatur
2409 1037 2686 1092 omnibus
2712 1054 2725 1104 ;
2752 1035 2808 1090 id
2840 1040 2951 1101 est,
2985 1039 3049 1090 ut
3079 1034 3469 1093 credentesin
3493 1051 3632 1090 eum
3653 1051 3799 1090 cun-

2149 1126 2261 1181 ctis
2286 1126 2405 1180 sint
2432 1124 2589 1197 pleni
2618 1125 2958 1189 virtutibus,
2993 1128 3050 1179 et
3078 1123 3295 1179 faciant
3334 1140 3468 1181 eum
3517 1124 3800 1196 proﬁcere

2149 1219 2338 1284 estate,
2371 1218 2428 1269 et
2459 1213 2767 1285 sapientia,
2801 1218 2858 1268 et
2886 1212 3074 1286 gratia
3092 1228 3287 1269 coram
3310 1212 3448 1278 Deo,
3467 1217 3527 1268 et
3542 1212 3802 1268 homini-

2147 1302 2258 1358 bus
2288 1302 2438 1374 (Luc.
2473 1319 2535 1366 II,
2565 1303 2678 1362 52).
2713 1302 2933 1358 Aliter:
2967 1301 3075 1365 Qui
3106 1316 3264 1358 nunc
3311 1317 3413 1373 per
3465 1306 3668 1372 partes
3716 1308 3801 1358 est

2146 1391 2207 1446 in
2240 1391 2513 1464 singulis,
2544 1391 2602 1446 id
2635 1396 2744 1460 est,
2772 1386 2836 1461 in
2868 1389 2981 1447 alio
3003 1390 3259 1462 justitia,
3291 1389 3352 1444 in
3384 1388 3503 1446 alio
3531 1389 3797 1458 castitas,

2146 1480 2207 1534 in
2240 1479 2352 1535 alio
2385 1478 2678 1551 sapientia
2703 1479 2912 1551 (1015),
2942 1478 3083 1551 quia
3109 1477 3346 1534 difﬁcile
3392 1482 3509 1547 est,
3559 1483 3629 1534 ut
3676 1478 3797 1534 hac

2148 1567 2362 1639 aliquis
2383 1568 2582 1622 omnia
2612 1566 2865 1635 habeat;
2896 1567 2955 1621 in
2988 1567 3104 1624 ﬁne
3130 1582 3287 1633 vero,
3327 1582 3460 1635 cum
3496 1567 3550 1622 ei
3583 1566 3798 1623 fuerint

2147 1654 2344 1711 omnia
2357 1653 3066 1727 subjecta,adimplebitur
3086 1677 3115 1706 «
3139 1654 3337 1711 omnia
3356 1654 3419 1710 in
3439 1654 3749 1722 omnibus;
3764 1675 3791 1705 ιι

2148 1749 2233 1815 ut,
2257 1747 2425 1815 juxta
2460 1744 2614 1816 quod
2647 1749 2800 1799 Deus
2828 1748 2919 1799 est
2946 1744 3176 1800 cunctis
3205 1743 3521 1813 virtutibus
3562 1742 3791 1816 plenas,

2149 1833 2348 1889 omnia
2377 1833 2436 1887 in
2468 1832 2746 1889 omnibus
2777 1834 2961 1905 (1016)
2993 1832 3402 1905 adimpleatur,
3432 1836 3493 1889 et
3521 1830 3645 1889 sint
3674 1848 3794 1889 om-

2151 1922 2246 1978 nia
2273 1922 2333 1977 in
2360 1921 2654 1977 omnibus.

2219 2011 2405 2082 (1017)
2452 2010 2607 2082 (CAP.
2666 2009 2763 2081 ll.)
2821 2008 3132 2082 Sequitur:
3190 2011 3256 2065 Et
3308 2026 3425 2079 vos,
3471 2025 3606 2066 cum
3661 2025 3793 2066 esse-

2150 2102 2241 2170 tis,
2270 2105 2379 2155 etc.
2415 2102 2482 2155 Et
2511 2105 2603 2154 est
2631 2100 2771 2154 ordo
2803 2117 2821 2154 :
2847 2098 2965 2154 Vos
2995 2114 3130 2154 cum
3162 2097 3369 2154 essetis
3401 2098 3625 2153 mortui
3659 2096 3792 2153 deli-

2151 2190 2258 2243 ctis
2299 2193 2357 2243 et
2413 2187 2665 2259 peccatis
2711 2186 2945 2255 vestris,
2994 2186 3414 2243 conviviﬁcavit
3448 2186 3512 2243 in
3568 2185 3790 2242 Christo

2152 2284 2302 2332 Deus
2334 2277 2390 2331 in
2426 2276 2830 2332 misericordia
2860 2281 3094 2348 propter
3143 2274 3393 2331 multam
3449 2274 3789 2331 charitatam

2150 2383 2340 2431 suam,
2376 2382 2492 2438 qua
2523 2363 2727 2420 dilexit
2756 2381 2883 2420 nos.
2910 2367 2976 2420 Et
3003 2380 3130 2421 cum
3157 2379 3388 2420 essemus
3415 2366 3627 2420 mortui
3653 2363 3791 2419 deli-

2146 2456 2267 2519 ctis,
2299 2457 2361 2510 in
2386 2455 2590 2526 quibus
2618 2452 2943 2526 aliquando,
2970 2458 3105 2522 etc.,
3147 2468 3334 2525 usque
3392 2453 3792 2523 conviviﬁcavit

2148 2546 2207 2600 in
2233 2544 2464 2599 Christo.
2498 2543 2841 2615 Conjunctio
2869 2558 3002 2598 vero
3031 2541 3308 2611 causalis,
3341 2551 3542 2612 autem,
3572 2548 3681 2597 aut
3720 2540 3789 2597 ab

2146 2632 2399 2688 indoctis
2430 2631 2628 2687 addita
2657 2637 2767 2699 est,
2796 2636 2898 2687 aut
2926 2631 2999 2701 ab
3031 2628 3329 2703 Apostolo,
3353 2631 3594 2704 quierat
3608 2629 3789 2702 impe-

2148 2721 2295 2776 ritus
2324 2736 2594 2795 sermone
2614 2720 2816 2791 (1018).
2842 2720 2921 2775 De
2940 2736 3005 2775 eo
3023 2720 3179 2790 quod
3204 2735 3364 2776 mors
3382 2717 3599 2791 duplex
3618 2717 3787 2774 intel-

2148 2809 2354 2881 ligitur
2382 2809 2441 2864 in
2473 2807 2808 2881 Scripturis.
2833 2808 2945 2864 Sed
2970 2807 3177 2863 animae
3199 2812 3446 2864 mortem
3474 2807 3641 2878 dicit,
3663 2822 3784 2878 qua

2150 2900 2216 2953 ﬁt
2245 2897 2491 2963 delictis,
2516 2897 2575 2952 id
2598 2901 2709 2963 est,
2731 2896 3215 2953 delectationibus
3247 2914 3262 2952 :
3286 2913 3423 2953 nam
3444 2902 3687 2968 peccata
3703 2895 3786 2952 di-

2150 2992 2362 3042 cuntur
2391 3003 2655 3058 operum.
2687 2984 2934 3041 Pulchre
2963 2985 3105 3042 dicit
3131 2986 3479 3054 ambulastis,
3522 3002 3642 3041 non
3671 3001 3784 3041 am-

2152 3077 2370 3131 bulalis.
2405 3076 2714 3131 Secundum
2740 3074 3004 3130 saeculum
3027 3074 3262 3142 mundi;
3312 3075 3370 3137 id
3415 3079 3528 3146 est,
3582 3091 3784 3132 secun-

395 3164 607 3236 0portet
630 3179 756 3218 eum
782 3177 1040 3234 regnare,
1075 3164 1183 3215 etc.
1216 3160 1419 3231 (1013).
1448 3159 1556 3214 Sed
1581 3164 1684 3214 aut
1711 3157 2032 3214 secundum

2152 3165 2289 3220 dum
2322 3164 2628 3221 saeculares
2661 3162 2927 3219 homines
2961 3180 2974 3229 ;
3031 3163 3119 3219 vel
3171 3167 3325 3220 certe
3378 3162 3661 3219 saculum
3702 3165 3784 3219 est

394 3250 818 3325 prmscientiam
849 3250 957 3304 hoc
988 3248 1146 3314 dicit,
1179 3254 1299 3315 aut,
1333 3248 1380 3302 si
1413 3248 1483 3302 de
1527 3246 1835 3318 praeterito,
1894 3250 2034 3299 tunc

394 3340 694 3397 sciendum
728 3343 820 3394 est
848 3337 1117 3408 quaedam
1146 3336 1462 3401 voluntate,
1487 3341 1548 3390 ut
1568 3336 1740 3402 bona,
1766 3331 2033 3405 quaedam

393 3428 760 3496 necessitate,
793 3432 858 3480 ut
884 3425 1058 3491 mala,
1084 3426 1135 3479 ei
1154 3425 1447 3493 subjecta;
1473 3423 1646 3477 veluti
1668 3427 1807 3478 sunt
1825 3420 2031 3476 Judaei.

395 3516 606 3590 pagani
641 3520 697 3569 et
718 3514 830 3586 ipsi
879 3514 1196 3578 daemones,
1221 3512 1323 3583 qui
1347 3511 1511 3567 aDeo
1538 3511 1674 3566 boni
1700 3510 1873 3566 creati
1897 3513 2036 3564 sunt

395 3605 531 3661 facti
562 3603 723 3668 mali,
758 3602 923 3656 inviti
955 3606 1096 3656 sunt
1126 3600 1394 3671 subjecti.
1426 3599 1639 3655 Aliter:
1678 3598 1892 3666 Omnia,
1918 3615 2033 3653 non

394 3695 465 3749 ad
498 3690 940 3748 universitatem
978 3693 1121 3745 torte
1144 3688 1399 3761 respicit,
1434 3692 1497 3743 ut
1517 3686 1661 3743 illud
1697 3687 1925 3743 :Omnis
1949 3688 2030 3741 ci-

391 3786 528 3839 vitas
558 3781 818 3837 clamavit
855 3780 1039 3847 (1014)
1067 3794 1080 3845 ;
1113 3783 1171 3834 et
1220 3777 1344 3849 ipse
1396 3776 1713 3849 Apostolus
1747 3793 1760 3830 :
1814 3774 2028 3842 Omnes,

388 3885 514 3944 qua:
539 3886 642 3926 sua
669 3876 814 3938 sunt,
847 3871 1100 3940 quwrunt
1129 3866 1392 3939 (Philipp.
1427 3882 1487 3937 II,
1519 3866 1645 3939 21);
1683 3866 1821 3921 item
1856 3883 1868 3921 :
1906 3864 2031 3920 Om-
2108 3868 2109 3871 “

384 3977 479 4017 nes
507 3975 594 4015 me
621 3959 1032 4029 dereliquerunt
1064 3956 1135 4027 (ll
1175 3956 1308 4010 Tim.
1360 3972 1433 4021 Iv,
1492 3956 1618 4026 16);
1667 3959 1725 4009 et
1770 3954 1829 4009 in
1878 3952 2032 4025 psal-

387 4065 518 4105 mo:
555 4048 747 4104 Omnes
775 4047 1189 4102 declinaverunt
1219 4043 1396 4115 (Psal.
1428 4061 1552 4113 xm,
1584 4044 1673 4115 3):
1699 4044 1838 4099 item
1864 4062 1876 4099 :
1904 4042 2029 4098 0m-

382 4139 472 4193 nis
507 4136 664 4192 homo
694 4135 932 4191 mendam
960 4135 1186 4211 (Coloss.
1222 4152 1307 4200 III,
1351 4134 1438 4205 16)
1467 4151 1480 4201 ;
1541 4133 1679 4187 item
1711 4149 1723 4187 :
1774 4133 2028 4188 Docentes

383 4242 599 4283 omnem
648 4225 923 4280 hominem
951 4224 1120 4294 (Psal.
1154 4238 1280 4290 cxv,
1310 4222 1386 4292 2).
1422 4223 1484 4276 In
1538 4221 1631 4276 his
1673 4220 2029 4276 testimoniis

382 4332 519 4387 pars
546 4312 916 4384 intelligitur,
950 4312 1008 4367 id
1029 4315 1136 4378 est,
1162 4327 1384 4375 omnes,
1414 4310 1484 4365 de
1503 4310 1720 4381 quibus
1742 4310 2021 4381 loquitur.

397 4468 400 4472 Α
453 4402 534 4458 De
565 4418 631 4458 eo
660 4401 815 4473 quod
842 4400 995 4456 sicut
1024 4402 1200 4470 caput
1229 4398 1403 4455 habet
1433 4398 2023 4469 sibisubjectamem-

2142 3252 2386 3325 spiritus
2418 3251 2632 3320 malus,
2662 3252 2763 3324 qui
2795 3256 3069 3324 operatur
3089 3251 3149 3307 in
3172 3252 3509 3313 inﬁdelibus
3533 3268 3546 3307 :
3571 3267 3707 3309 nam
3725 3250 3781 3306 in

2144 3341 2255 3410 his,
2284 3332 2389 3413 qui
2416 3339 2616 3395 ﬁdeles
2647 3344 2805 3408 sunt,
2838 3339 3064 3412 operari
3094 3356 3211 3396 non
3234 3344 3445 3413 potest.
3469 3339 3601 3396 Filii
3631 3339 3779 3395 difﬁ-

2143 3430 2347 3484 dentiae
2380 3429 2676 3497 dicuntur,
2707 3427 2880 3484 veluti
2912 3428 3017 3483 ﬁlii
3045 3427 3323 3501 gehennae
3345 3433 3403 3485 et
3431 3428 3536 3484 ﬁlii
3556 3428 3679 3484 iraa.

2212 3507 2486 3589 Sequitur
2513 3535 2524 3572 :
2561 3519 2619 3574 In
2651 3518 2850 3588 quibus
2870 3533 2890 3577 ;
2910 3517 2968 3572 id
2992 3522 3101 3584 est,
3134 3533 3252 3573 non
3283 3515 3478 3574 solum
3508 3533 3612 3573 vos
3645 3532 3776 3588 gen-

2138 3610 2248 3671 tes,
2280 3606 2383 3660 sed
2409 3614 2461 3661 et
2489 3622 2587 3661 nos
2606 3606 2815 3670 Judaei,
2840 3609 2901 3661 in
2917 3605 3206 3662 desideriis
3224 3607 3430 3677 carnis,
3455 3622 3572 3662 non
3592 3604 3773 3662 solum

2139 3694 2559 3765 desiderantes,
2592 3695 2689 3751 sed
2720 3697 2777 3751 et
2808 3692 3085 3751 facientes
3114 3709 3481 3766 quascunque
3503 3693 3659 3751 mala
3685 3710 3770 3749 co-

2138 3782 2341 3855 gitatio
2372 3782 2781 3856 suggessisset.

2208 3872 2526 3945 Sequitur:
2561 3873 2626 3928 Et
2663 3888 2883 3929 eramus
2938 3876 3147 3928 natura
3192 3871 3303 3942 ﬁlii
3348 3874 3496 3936 irae;
3553 3873 3615 3929 id
3670 3877 3769 3942 est,

2138 3966 2351 4017 natura
2380 3963 2692 4035 depravata
2720 3961 2878 4032 vitio,
2911 3978 3024 4017 non
3058 3966 3123 4018 ut
3151 3966 3309 4019 recta
3337 3965 3551 4018 creata.
3590 3962 3654 4018 In
3670 3961 3771 4018 hac

2139 4051 2225 4106 ira
2256 4067 2389 4106 cum
2420 4050 2691 4106 homines
2719 4055 2915 4107 essent
2971 4065 3074 4120 per
3120 4048 3401 4123 originale
3451 4055 3767 4123 peccatum,

2136 4142 2299 4194 tanto
2329 4140 2566 4211 gravius
2603 4144 2662 4195 et
2698 4138 3104 4211 perniciosius,
3156 4143 3373 4212 quanto
3396 4141 3646 4212 majora,
3689 4136 3771 4195 vel

2136 4226 2307 4299 plura
2328 4228 2570 4300 insuper
2601 4227 2974 4294 addiderunt,
3006 4227 3373 4285 necessarius
3392 4232 3521 4285 erat
3554 4228 3773 4285 media-

2133 4321 2245 4387 tor,
2280 4316 2390 4373 hoc
2417 4321 2526 4384 est,
2559 4315 2984 4384 reconciliator,
3017 4315 3116 4388 qui
3147 4317 3296 4373 hanc
3325 4317 3470 4373 iram
3492 4316 3769 4390 singulari

2134 4405 2441 4473 sacriﬁcio,
2467 4406 2641 4476 cujus
2670 4409 2935 4478 tympum
2963 4404 3248 4463 sacriﬁcia
3299 4404 3400 4463 illa
3446 4407 3768 4478 gestabant,

382 4493 509 4555 bra,
531 4490 647 4545 alia
674 4506 840 4555 sana,
873 4489 987 4578 alia
1015 4487 1271 4578 inﬁrma,
1304 4486 1381 4540 ita
1410 4485 1695 4578 Christus,
1720 4486 1820 4578 qui
1846 4490 2023 4578 caput
2056 4508 2103 4578 D
2136 4492 2413 4565 placaret.
2452 4495 2526 4549 De
2553 4495 2638 4549 ira
2670 4493 2765 4548 Dei
2786 4493 2990 4565 (1019).

384 4585 495 4646 est,
527 4579 703 4635 habet
730 4579 788 4633 in
823 4577 1078 4633 Ecclesia
1110 4576 1315 4643 malos,
1342 4579 1399 4631 et
1427 4575 1611 4630 bonos
1636 4592 1649 4643 ;
1678 4576 1780 4631 sed
1837 4577 2023 4631 sancti

387 4668 706 4738 voluntate,
740 4666 878 4722 mali
911 4683 1043 4722 vero
1074 4669 1212 4721 sunt
1242 4664 1492 4734 subjecti
1546 4663 1911 4720 necessitate.
1960 4665 2023 4720 In

384 4757 495 4814 hoc
528 4756 652 4812 loco
675 4755 931 4812 Ecclesia
951 4771 1066 4810 non
1090 4753 1278 4810 solum
1302 4752 1632 4818 hominum,
1657 4753 1756 4807 sed
1777 4756 1831 4807 et
1847 4769 2023 4825 ange-

381 4848 598 4916 lorum,
630 4850 1095 4915 cunctarumque
1144 4841 1575 4898 rationabilium
1622 4846 2022 4899 creaturarum

453 4953 637 5026 (1011)
667 4950 839 5023 Vulg.
876 4950 1335 5026 additpotenlim,

480 5024 639 5094 1012)
676 5021 818 5079 Loco
852 5037 998 5094 quae,
1030 5021 1206 5093 Vulg.
1240 5021 1417 5076 habet
1445 5037 1630 5091 quam.

480 5030 618 5081 1012
676 5030 818 5079 Loco
852 5037 998 5094 quae,
1037 5030 1206 5093 Vulg.
1240 5030 1417 5076 habet
1445 5037 1630 5091 quam.

453 5030 683 5222 (101331
714 5095 842 5151 Cor.
874 5112 965 5158 xv,
1094 5099 1150 5149 et
1179 5109 1367 5175 seqq.,
1403 5094 1498 5173 ubi
1528 5092 1796 5175 negativa
1849 5092 2025 5219 Eat-ti—

483 5185 515 5222 a
544 5168 793 5222 necdum.
819 5181 1087 5222 uuamVIs
1118 5181 1152 5219 a
1176 5165 1309 5219 divo
1357 5163 1705 5222 HIeronvmo
1737 5181 1794 5218 In
1890 5181 2025 5222 mus

382 5163 515 5224 cula
544 5163 793 5233 necdum,
819 5166 1087 5238 quamvis
1118 5181 1152 5219 a
1176 5163 1320 5238 divo,
1357 5163 1794 5238 Hieronymogin
1849 5163 2025 5238 hujus

381 5239 651 5320 Epistolas
683 5234 1221 5320 interpretationem
1254 5234 1410 5289 hunc
1434 5234 1657 5291 textum
1681 5235 1895 5291 citante
1920 5234 2021 5291 ad-

385 5308 674 5376 mittatur,
707 5308 949 5365 minime
981 5308 1212 5380 legitur.

478 5381 631 5454 1014)
661 5381 857 5454 luReg.
889 5397 1004 5449 xxv,
1034 5376 1125 5454 20,
1148 5376 1326 5454 omnis
1343 5377 1596 5454 populus.

375 5519 395 5580 ι
434 5446 636 5580 ⁸(10(5)
673 5446 886 5522 Verba,
910 5454 968 5506 in
991 5446 1177 5507 alio...
1199 5446 1491 5521 sapientia,
1514 5448 1572 5503 in
1593 5446 1817 5506 laterali
1836 5464 2021 5522 marg.

401 5537 431 5577 e
475 5536 549 5574 un
584 5538 672 5575 ur.

401 5534 672 5591 esumura

456 5589 640 5675 (1016)
666 5590 738 5651 Et
762 5589 884 5650 hac
938 5592 1133 5662 verba,
1189 5595 1331 5653 ut...
1389 5591 1661 5663 omnibus,
1718 5590 1779 5648 in
1836 5607 2023 5669 marg.

2206 4582 2390 4654 (1020)
2420 4582 2697 4654 Sequitur
2729 4598 2742 4636 :
2774 4583 2916 4639 Deus
2943 4586 3151 4651 autem,
3183 4583 3278 4654 qui
3304 4583 3455 4641 dives
3481 4593 3564 4640 est
3594 4586 3656 4640 in
3672 4585 3772 4643 mi-

2131 4671 2461 4738 sericordia,
2511 4675 2729 4743 propter
2789 4673 3025 4728 nimiam
3075 4672 3400 4730 charilatem
3452 4682 3616 4728 suam
3670 4688 3773 4744 qua

2133 4759 2334 4815 dilexit
2362 4776 2483 4826 nos,
2515 4764 2623 4815 etc.
2656 4761 2866 4829 (1021.)
2895 4761 3020 4817 Non
3043 4761 3232 4817 solum
3257 4761 3316 4816 in
3336 4762 3570 4829 virtute,
3596 4761 3695 4817 sed
3714 4760 3771 4816 in

2134 4847 2539 4905 misericordia
2566 4848 2726 4905 dives
2758 4853 2865 4916 est,
2898 4852 2962 4905 ut
2989 4848 3135 4906 illud
3161 4855 3188 4905 :’
3208 4848 3483 4907 Misereris
3530 4851 3773 4907 omnium

2134 4955 2432 5012 leguntur.

2425 5032 2483 5110 in
2508 5031 2693 5110 autog
2723 5043 2909 5110 marg.
2943 5026 3042 5110 hic
3068 5026 3284 5110 legitur
3307 5028 3598 5110 capLHI.

2206 5098 2521 5182 (1018)‘S_ed
2560 5098 2964 5182 nonscienlia,‘
2987 5104 3052 5155 ut
3088 5098 3173 5155 ait
3199 5098 3770 5172 divus‘Hiaronym"

2135 5170 2303 5241 cujus
2334 5176 2421 5226 est
2452 5170 2572 5242 haec
2604 5170 3027 5242 interpretatio.

2203 5240 2388 5313 (1019)
2413 5240 2642 5297 Scilicet
2674 5240 2861 5313 oratio
2890 5241 3176 5313 habeatur
3201 5242 3273 5313 de
3319 5240 3409 5298 ira
3462 5240 3584 5297 Dei.
3630 5241 3771 5297 Vide

2133 5311 2260 5385 quae
2292 5311 2448 5385 intra
2476 5314 2547 5367 ad
2579 5329 2704 5384 cap.
2738 5313 2813 5369 ΙΙΙ
2845 5312 3022 5385 hujus
3050 5311 3321 5385 Epistolas
3348 5314 3629 5385 11011937.

2415 5384 2479 5468 in
2502 5383 2697 5468 autog.
2734 5400 2919 5468 marg.
2951 5383 3046 5441 hic
3067 5383 3290 5468 legitur
3307 5400 3434 5468 cap.
3464 5384 3559 5441 IV.

2132 5452 2836 5583 leéttllthtl)r)/’erba,'qui...
2866 5452 3012 5527 'nos,
3063 5452 3396 5516 in'latsrali
3444 5470 3636 5530 marg.
3664 5452 3767 5513 cod

2154 5540 2428 5601 aguntur.
