4014 6174
410 282 525 339 555

1431 280 1767 339 ATTONIS
1810 269 2397 338 VERCELLENSIS
2445 279 2796 341 EPISCOPI

3683 278 3799 339 556

404 410 749 483 principium
804 412 987 477 (Joan.
1046 426 1168 477 vm,
1199 364 1319 479 25),
1352 409 1563 465 Verum
1639 411 1759 466 haec
1827 410 2049 483 syllaba
2079 412 2133 477 Α
2166 417 2467 466 venerunt.
2501 414 2570 466 Et
2602 410 2841 483 pulchre
2872 410 3071 465 subdit
3113 427 3126 465 :
3159 411 3263 465 Per
3315 425 3532 464 erucem
3590 409 3797 478 interﬁ-

411 498 585 569 longa
609 502 696 553 est
726 501 782 551 et
812 496 1019 568 prima.
1055 498 1218 561 Quod
1253 497 1425 569 longa
1486 500 1590 565 esi,
1645 501 2048 567 mternitatem,

411 604 529 643 non
561 585 1050 658 temporalitatem
1082 587 1294 659 Cjiristi
1326 587 1797 660 signiﬁcatzquod
1832 589 2054 660 syllaba

409 676 548 747 quia
577 676 633 729 in
663 675 829 730 Patre
859 682 945 731 est
976 676 1176 742 Filius,
1225 682 1282 731 et
1334 677 1502 731 Pater
1532 678 1588 731 in
1644 678 1805 748 Filio,
1860 685 1917 733 et
1948 679 2055 732 hoc

412 780 599 819 unum
631 770 737 819 est:
772 766 925 836 quod
955 782 1088 820 vero
1121 766 1311 837 prima
1340 773 1449 833 est;
1486 766 1626 837 quia
1648 767 1830 821 Filius
1854 785 2057 822 secun~

412 853 525 909 dus
554 870 669 908 non
701 860 789 909 est
822 872 835 921 ;
865 862 927 908 ut
955 853 1099 909 illud
1136 872 1148 909 :
1180 860 1289 923 Ego
1319 872 1447 909 sum
1479 874 1511 907 α
1542 860 1595 909 et
1653 876 1696 907 ω
1752 859 1968 927 primus
2008 865 2060 911 et

411 943 739 998 novissimus
768 944 948 1014 (Apoc.
984 961 1024 1008 ι,
1054 944 1109 1014 8)
1145 961 1157 997 :
1192 944 1548 999 novissimus
1601 945 1736 1015 quia
1794 947 1953 1000 nasci
2002 950 2059 1000 et

416 1032 565 1086 mori
593 1032 774 1086 voluit
806 1048 819 1087 :
852 1049 892 1106 χ
924 1038 1118 1087 autem
1156 1034 1329 1088 tertia
1376 1040 1464 1088 est
1510 1035 1580 1086 ad
1614 1036 1789 1087 linem
1840 1034 2058 1100 littera,

413 1122 703 1192 significat
730 1121 1015 1193 Spiritum
1047 1128 1314 1177 sanctum
1352 1140 1465 1177 non
1513 1124 1583 1177 ad
1642 1124 1815 1177 ﬁdem
1875 1124 2058 1194 (1029)

411 1210 774 1275 tendere,sed
792 1210 849 1263 in
862 1226 1119 1281 superna
1132 1212 1436 1281 majestate
1459 1227 1689 1281 semper
1709 1211 2054 1282 praecellere.

410 1298 545 1354 Ideo
577 1298 895 1370 Apostolus
916 1299 1058 1354 dicit
1090 1318 1102 1355 :
1138 1301 1274 1367 Quae
1302 1316 1519 1354 sursum
1546 1304 1676 1354 sunt
1714 1304 1895 1372 sapite
1924 1301 2054 1370 (Go-

410 1388 534 1443 loss.
563 1404 648 1456 ιιι,
681 1388 758 1458 2).
793 1389 859 1443 Et
890 1389 1104 1444 idcirco
1137 1406 1468 1455 monemur,
1505 1396 1570 1444 ut
1614 1390 1875 1460 quotidie
1929 1406 2056 1443 sur-

410 1492 544 1532 sum
578 1492 677 1531 cor
706 1476 1048 1533 habeamus.
1086 1478 1208 1535 Non
1240 1478 1398 1534 enim
1430 1479 1637 1533 dubito
1679 1484 1744 1533 ut
1787 1478 1844 1532 in
1880 1478 2059 1548 hujus

411 1564 904 1621 excellentissima
934 1566 1117 1638 gloria
1140 1568 1457 1639 Apostolus
1504 1568 1839 1622 inhabitans
1873 1568 1953 1621 ita
1982 1567 2060 1622 lo-

412 1658 691 1723 queretur
721 1671 735 1709 :
767 1655 946 1710 Unum
974 1664 1173 1723 autem,
1206 1672 1334 1727 quae
1362 1666 1505 1712 retro
1532 1660 1664 1711 sunt
1710 1656 2057 1722 obliviscens,

2163 502 2305 554 ciens
2337 502 2665 556 inimicitias
2696 501 2753 553 in
2787 501 3092 570 semetipso.
3121 498 3226 553 Per
3254 515 3485 554 crucem
3518 498 3802 553 interfecit

2162 588 2429 644 Christus
2460 588 2819 659 inimicitias,
2847 589 2904 642 id
2938 594 3045 651 est,
3073 586 3267 642 omnia
3299 588 3541 642 adversa
3572 587 3797 642 animae.

2164 679 2232 732 Et
2264 678 2361 732 ubi
2392 678 2419 731 ‘I
2451 680 2509 733 In
2535 682 2837 749 semetipso,
2871 677 2927 731 id
2963 682 3070 744 est,
3112 679 3168 731 in
3226 693 3393 731 carne
3448 692 3571 742 sua,
3604 676 3663 730 id
3694 680 3798 742 est,

2167 784 2267 837 per
2297 784 2530 821 carnem
2581 767 2717 820 vicit
2748 782 3004 831 carnem,
3040 770 3096 820 et
3150 765 3402 820 carnalis
3433 764 3578 836 legis
3607 764 3798 819 obser-

2169 858 2414 910 vantias.
2446 858 2513 910 Et
2542 858 2705 920 venit,
2738 856 3099 910 annuntiavit
3128 855 3333 925 (1031),
3365 859 3472 908 etc.
3508 853 3626 908 Hoc
3657 855 3799 920 ideo;

2168 946 2304 1015 quia
2336 946 2502 1017 longe
2523 951 2726 1015 gentes
2756 951 2922 999 erant
2944 944 3099 997 idola
3130 942 3584 1010 colendo,Judmi
3608 959 3801 1015 prepe,

2169 1040 2405 1105 propter
2439 1035 2581 1105 legis
2614 1033 2902 1087 notitiam.

2240 1124 2519 1193 Sequitur
2551 1140 2563 1177 :
2600 1123 2870 1191 Quoniam
2894 1139 2993 1193 per
3022 1122 3577 1192 ipsum,etc.Utrique
3607 1121 3803 1191 (1032),

2168 1213 2225 1266 id
2257 1217 2363 1279 est,
2397 1212 2579 1267 Judaei
2646 1216 2704 1267 et
2764 1217 2963 1282 gentes
2999 1229 3013 1278 ;
3045 1228 3145 1282 per
3200 1212 3399 1282 ipsum,
3454 1210 3511 1266 id
3567 1215 3663 1266 est
3718 1227 3806 1281 per

2168 1300 2512 1368 Christum;
2547 1317 2833 1356 accensum
2884 1303 2945 1355 in
2999 1316 3106 1357 uno
3162 1302 3385 1373 spiritu,
3444 1299 3504 1355 id
3564 1303 3659 1356 est
3715 1315 3807 1372 per

2168 1406 2425 1445 amorem
2449 1390 2639 1446 sancti
2669 1389 2946 1462 Spiritus,
2978 1389 3037 1443 in
3070 1406 3186 1461 quo
3234 1390 3565 1446 clamamus
3597 1406 3613 1444 :
3652 1390 3807 1445 Pater

2168 1488 2370 1547 noster,
2400 1482 2499 1551 qui
2524 1496 2577 1534 es
2608 1482 2669 1535 in
2696 1480 2847 1534 caelis
2876 1480 3053 1550 (Rom.
3085 1496 3205 1546 νιιι,
3232 1481 3339 1551 15).

2239 1587 2422 1657 (1033)
2453 1586 2728 1658 Sequitur
2758 1604 2771 1653 ;
2804 1592 2935 1643 Jam
2964 1602 3072 1641 non
3102 1588 3229 1642 estis
3285 1587 3542 1658 hospites,
3585 1591 3723 1656 etc.,
3750 1586 3803 1643 id

2168 1680 2256 1731 est
2283 1675 2562 1739 extranei,
2597 1681 2653 1731 et
2683 1676 2994 1748 peregrini,
3056 1692 3122 1731 ac
3168 1675 3464 1748 proselyti.
3497 1676 3619 1732 Nec
3658 1677 3801 1733 enim

413 1744 475 1796 in
503 1758 568 1798 ea
596 1758 723 1815 qua."
767 1749 897 1799 ante
945 1755 1092 1812 sunt,
1151 1750 1432 1801 extensus.
1491 1762 1706 1816 sequor,
1764 1745 2056 1800 secundum

2173 1766 2458 1835 separavit
2484 1782 2588 1819 vos
2618 1765 2904 1821 Dominus
2935 1782 2969 1821 a
3001 1764 3216 1837 populo
3247 1782 3354 1821 suo
3380 1765 3611 1821 dicente
3644 1766 3800 1822 Isaia:

414 1833 797 1904 intentionem,
857 1832 925 1887 ad
978 1836 1223 1906 palmam
1294 1850 1554 1906 supernae
1608 1837 1907 1889 vocationis
1960 1836 2057 1889 Dei

416 1922 617 1993 (1038).
662 1921 733 1977 Ut
754 1922 934 1994 igitur
962 1924 1065 1978 fiat
1094 1940 1225 1994 pax,
1262 1925 1331 1977 ad
1362 1941 1396 1995 p
1446 1926 1823 1995 conjungitur
1882 1930 1930 1979 ‘a
1960 1941 2056 1979 vo-

414 2010 579 2065 calis.
613 2027 747 2082 nep
808 2016 966 2067 mota
1022 2024 1345 2080 remaneat,
1403 2014 1544 2084 quia
1600 2018 1769 2067 Pater
1826 2014 1969 2079 voci,
2004 2017 2060 2067 et

413 2102 472 2153 et
501 2101 673 2155 verbo
705 2117 810 2155 suo
840 2102 1418 2172 semperadnectitur
1453 2120 1464 2157 :
1498 2103 1598 2157 sed
1633 2107 1697 2157 ut
1722 2120 1832 2173 pax
1863 2102 2061 2172 sit,ad-

412 2187 572 2243 ditur
598 2205 791 2258 eaquae
825 2189 1039 2259 duplex
1068 2191 1308 2261 ponitur
1339 2208 1441 2261 pro
1474 2191 1703 2245 duabus
1734 2208 2059 2246 consonan-

414 2275 577 2330 tibus
607 2276 823 2344 littera,
855 2277 994 2347 quia
1023 2278 1408 2348 participatur
1446 2280 1614 2347 Patri,
1679 2285 1737 2333 et
1786 2281 1950 2347 Filio,
2004 2284 2061 2334 et

416 2364 657 2437 Spiritui
689 2369 912 2420 sancto.
947 2366 1176 2420 Distant
1230 2383 1264 2421 a
1311 2382 1372 2420 se
1432 2367 1924 2438 appellationibus
1972 2368 2060 2422 ha:

417 2454 624 2511 litterae
663 2458 720 2509 et
748 2454 1034 2526 personis.
1077 2456 1269 2520 Quare
1300 2459 1323 2509 Ρ
1353 2456 1500 2520 Quia
1558 2455 1702 2510 illud
1756 2474 1816 2528 p,
1866 2457 1974 2512 hoc
2006 2475 2060 2524 a,

418 2544 577 2601 istud
601 2560 643 2598 π
672 2543 904 2598 dicitur.
928 2544 972 2597 P
1004 2550 1199 2599 autem
1231 2543 1427 2599 littera
1457 2546 1671 2612 est,sed
1698 2547 2059 2601 substantia-

418 2633 547 2689 liter
581 2649 593 2687 :
631 2632 905 2688 similiter
935 2650 969 2688 a
1002 2632 1193 2687 littera
1226 2635 1775 2701 substantialiter,et
1800 2651 1840 2688 α)
1868 2635 2063 2690 littera

420 2721 907 2778 substantialiter.
960 2723 1044 2776 Ita
1092 2727 1283 2787 Pater,
1332 2723 1483 2777 Drus
1534 2723 1897 2790 naturaliter,
1949 2730 2063 2780 etc.

417 2812 580 2868 Sicut
608 2829 721 2884 pax
744 2812 933 2866 tribus
965 2810 1175 2867 litteris
1209 2812 1593 2881 scribitur,ita
1622 2813 1773 2868 Deus
1805 2813 2061 2869 Trinitas

419 2907 509 2959 est
542 2919 556 2970 ;
589 2907 646 2957 et
674 2901 827 2957 sicut
857 2918 986 2973 pax,
1022 2901 1103 2956 ita
1133 2900 1287 2956 Deus
1314 2902 1672 2974 singularem
1705 2904 1926 2958 obtinet
1958 2922 2063 2959 nu-

419 3007 647 3048 merum
666 2989 1000 3046 Deitstis.ln
1023 2990 1130 3045 hac
1147 2990 1329 3062 igitur
1349 2990 1716 3063 cepulatione
1738 2990 2061 3048 litterarum

416 3081 596 3136 trium
627 3079 834 3134 divisio
866 3096 981 3134 non
1022 3079 1372 3146 admittitur,
1408 3086 1474 3134 ut
1503 3096 1614 3150 pax
1638 3080 1984 3151 impleatur:
2010 3083 2059 3138 si

417 3169 572 3226 enim
603 3167 693 3224 vel
723 3185 908 3224 unum
940 3168 1321 3232 subtraxeris,
1356 3185 1459 3224 nec
1491 3170 1767 3240 Trinitas,
1814 3187 1922 3225 nex
1951 3188 2063 3243 pax
2091 3141 2134 3209 α

418 3259 546 3315 erit.
590 3258 910 3330 Sequitur:
945 3258 1050 3326 Qui
1103 3260 1232 3329 fecit
1287 3261 1520 3329 utraque
1583 3276 1777 3326 unum,
1838 3260 1895 3314 id
1953 3266 2061 3329 est,

419 3346 652 3403 Judaos
678 3353 736 3403 et
770 3352 973 3419 gentes
1007 3365 1021 3414 ;
1057 3351 1121 3402 ut
1168 3348 1313 3403 illud
1348 3366 1365 3401 :
1396 3349 1460 3402 Et
1515 3349 1658 3403 alias
1714 3365 1838 3405 oves
1896 3351 2065 3406 habeo

420 3436 598 3508 (Joan.
629 3453 686 3506 x,
715 3437 827 3507 16),
860 3442 969 3491 etc.

494 3542 769 3614 Sequitur
800 3544 900 3597 :Et
926 3543 1175 3598 medium
1200 3546 1487 3612 parietem,
1520 3549 1628 3599 etc.
1691 3546 1918 3601 Medius
1962 3564 2062 3618 pa-

423 3632 559 3698 ries,
588 3635 643 3686 et
673 3633 925 3687 maceria
954 3636 1268 3703 utrumque
1292 3632 1574 3703 populum
1593 3632 2067 3698 dividens,onera

421 3720 569 3794 legis
601 3721 838 3776 fuerunt
867 3736 997 3791 quae
1025 3727 1228 3793 gentes
1257 3722 1606 3790 deterrebat,
1664 3739 1736 3777 ne
1787 3724 2065 3781 Israelitis

416 3812 834 3883 jungerentur.
876 3810 1007 3881 Ipse
1036 3811 1249 3882 paries,
1284 3811 1390 3865 hoc
1420 3817 1531 3879 est,
1553 3810 1699 3884 legis
1758 3812 1968 3881 littera,
2003 3814 2062 3869 in

417 3901 527 3956 hoe
557 3898 683 3954 loco
709 3899 1015 3954 inimicitia
1044 3899 1400 3965 nominatur,
1447 3902 1617 3971 legem
1672 3901 2062 3959 mandatorum

419 3989 651 4045 decretis
678 4004 966 4058 evacuans,
1000 3986 1055 4042 id
1089 3993 1198 4053 est,
1241 3988 1724 4057 circumcisionis,
1765 3994 1821 4045 et
1850 3991 2061 4046 simili-

417 4077 586 4144 lium,
618 4094 768 4149 quas,
802 4094 915 4132 non
948 4077 1048 4132 Dei
1081 4082 1194 4133 tam
1228 4078 1702 4149 voluntas,quam
1738 4079 1934 4151 populi
1958 4082 2061 4134 du-

419 4168 553 4223 ritia
580 4167 866 4239 exigebat.
900 4166 1014 4222 llas
1045 4165 1353 4222 inimicitia
1398 4168 1535 4221 tulit
1590 4169 1893 4239 Dominus,
1926 4187 2058 4225 eva-

416 4273 599 4311 cuans
624 4256 770 4327 legis
803 4254 1374 4311 litteram.Dominus
1406 4257 1561 4311 enim
1593 4258 2055 4313 Sabbaii.obser-

412 4344 706 4400 vationem
736 4342 871 4397 tulit
899 4343 1132 4399 Sabbati
1157 4344 1492 4415 corporalis.

487 4452 552 4508 Ut
580 4450 713 4506 duos
742 4449 939 4506 condat
968 4450 1025 4504 id
1057 4456 1167 4515 est,
1201 4452 1347 4506 duos
1406 4451 1645 4523 recipiat
1699 4452 1945 4524 populos
1992 4453 2052 4508 in

411 4558 520 4598 sua
549 4543 660 4596 lide
682 4542 739 4595 in
787 4558 963 4595 unum
994 4557 1196 4595 novum
1225 4540 1518 4596 hominem.
1581 4541 1681 4595 Isti
1738 4548 1879 4597 sunt
1935 4544 2052 4598 duo

409 4631 680 4703 parietes,
722 4647 791 4686 ex
820 4631 1045 4686 diverso
1075 4630 1369 4685 venientes
1398 4631 1476 4685 ad
1533 4629 1771 4697 lapidem
1826 4633 2052 4701 angula-

405 4736 543 4789 rem,
577 4724 642 4774 ut
670 4724 868 4776 essent
896 4737 1080 4775 unum
1115 4721 1227 4774 ﬁde
1259 4725 1314 4774 et
1344 4720 1600 4786 nomine,
1626 4720 1684 4773 in
1732 4725 1839 4788 est,
1871 4720 2044 4775 chris-

408 4809 576 4880 tiani,
636 4808 826 4864 Unum
880 4810 1161 4879 parietem
1195 4809 1461 4881 angelus,
1525 4808 1579 4861 id
1632 4814 1720 4863 est
1786 4815 2050 4878 pastores

405 4899 561 4971 (Luc.
597 4915 661 4964 ιι,
685 4899 763 4970 9),
800 4897 1049 4953 alterum
1084 4898 1333 4968 stella,id
1366 4906 1685 4969 est,magos
1715 4897 2049 4968 (Matth.u,l)

404 4990 476 5044 ad
507 4988 809 5046 Christum
842 4988 1103 5043 adduxit.
1138 4988 1236 5043 Isti
1268 5008 1297 5042 «ε
1330 4988 1521 5060 longe,
1556 4987 1641 5042 illi
1697 5004 1727 5042 e
1782 4988 2045 5059 proximo

472 5187 655 5258 (1029)
691 5187 753 5241 In
786 5192 982 5260 autog.
1016 5187 1197 5258 ﬁdem,
1231 5189 1385 5258 quod
1420 5186 1573 5242 sicut
1611 5187 1883 5244 mendam
1917 5206 2040 5245 cor-

399 5257 707 5329 rigendum
740 5257 957 5313 curavi:

470 5332 651 5401 (1030)
683 5331 935 5403 Philipp.
973 5349 1054 5393 ιιι.
1123 5334 1175 5385 3.
1236 5330 1413 5404 Vulg.)
1450 5330 1538 5404 ita
1590 5330 1766 5385 habet
1798 5349 1810 5386 :
1846 5349 2037 5404 unum,

399 5410 599 5463 autem,
630 5418 748 5471 qua:
777 5402 996 5472 quidem
1032 5408 1177 5458 retro
1206 5410 1333 5457 sunt
1364 5402 1709 5470 Oblivisceris,
1733 5405 1805 5457 ad
1833 5420 1895 5458 ea
1918 5402 2041 5460 vero

398 5485 523 5540 quae
551 5478 675 5525 sunt
703 5490 889 5543 priora
916 5478 1210 5529 attendens
1254 5491 1341 5527 me
1396 5478 1577 5545 ipsum
1637 5478 1806 5544 (vers.
1846 5478 1931 5529 l4)
1964 5478 2041 5531 ad

396 5546 736 5617 (festinatum
766 5548 1154 5617 persequemad
1178 5548 1429 5601 brevium
1459 5562 1710 5616 superna:
1744 5552 2038 5604 vocationis

393 5611 495 5669 Dei
524 5615 578 5665 in
615 5611 825 5669 Christo
855 5611 997 5671 Iesu.

464 5684 648 5772 (1031)
675 5686 846 5765 Vulg.
877 5700 927 5744 et
957 5692 1179 5747 viniens
1207 5690 1623 5763 eucuzgetizavit.

2168 1855 2230 1908 Et
2255 1871 2361 1908 non
2393 1854 2538 1909 dicat
2562 1854 2711 1923 ﬁlius
2742 1855 2986 1924 advenae,
3040 1855 3239 1910 dicens
3272 1871 3285 1909 ε
3320 1856 3684 1922 Separatione
3729 1856 3802 1911 di-

2168 1944 2318 1997 videt
2348 1959 2432 1997 me
2459 1945 2720 1998 Dominus
2748 1961 2783 1999 a
2823 1944 3022 2015 populo
3049 1960 3148 1999 suo
3192 1945 3320 2016 (Isa.
3381 1961 3470 1999 va
3498 1946 3580 2016 5).
3616 1949 3699 2000 De
3724 1962 3801 2010 eo,

2175 2032 2329 2103 quod
2361 2032 2432 2085 ad
2466 2032 2705 2102 id,quod
2741 2048 2921 2103 supra
2953 2032 3497 2102 dixerat:Peregrini
3525 2037 3803 2087 testamen-

2166 2125 2369 2191 torum,
2404 2137 2561 2176 nunc
2590 2120 2888 2192 respondit
2920 2139 2933 2176 :
2964 2122 3087 2177 Jam
3116 2138 3227 2177 non
3256 2123 3385 2177 estis
3413 2124 3680 2193 hospites,
3709 2128 3800 2177 etc.

2170 2210 2236 2264 Et
2265 2210 2337 2264 ad
2370 2209 2538 2278 illud,
2572 2211 2725 2281 quod
2761 2211 3122 2281 praemiserat
3152 2226 3165 2266 :
3200 2211 3803 2266 Alienatiaconvem-

2167 2299 2314 2353 tione
2344 2299 2530 2369 Israel,
2566 2299 2738 2353 modo
2768 2298 2916 2354 redit
2946 2315 2959 2354 :
2993 2298 3095 2353 Sed
3124 2302 3251 2354 estis
3277 2301 3422 2355 cive:
3468 2308 3804 2367 sanctorum,

2170 2392 2277 2442 etc.
2313 2392 2391 2442 De
2420 2404 2486 2443 eo
2517 2388 2673 2458 quod
2703 2387 2762 2442 in
2794 2405 2973 2443 unam
3015 2387 3304 2445 civitatem
3354 2388 3657 2446 caelestem
3691 2406 3806 2446 con-

2170 2476 2431 2543 veniuut,
2464 2477 2593 2531 ideo
2628 2477 2904 2532 dicuntur
2933 2477 3104 2533 cives.
3158 2478 3443 2541 Quoniam
3499 2478 3562 2533 in
3612 2480 3807 2536 eadem

2170 2565 2401 2621 civitate
2432 2571 2638 2631 rector,
2670 2570 2728 2621 et
2757 2567 3029 2638 princeps
3081 2571 3170 2622 est
3204 2567 3483 2623 Dominus
3518 2585 3533 2623 :
3566 2568 3702 2623 ideo
3722 2569 3807 2623 do-

2173 2655 2396 2709 mestici
2428 2654 2548 2709 Dei.
2582 2656 2651 2709 de
2678 2671 2744 2709 eo
2803 2656 2957 2726 quod
3017 2655 3201 2712 sancti
3260 2662 3416 2724 sunt,
3478 2658 3578 2727 qui
3628 2657 3804 2713 Deum

2171 2743 2363 2813 aliquo
2394 2745 2587 2810 modo,
2624 2745 2679 2798 id
2711 2748 2821 2814 est,
2854 2750 2955 2800 aut
2986 2747 3365 2811 mente,sicut
3387 2747 3808 2807 Abraham.aut

2172 2839 2366 2887 mente
2397 2838 2453 2886 et
2482 2850 2739 2904 corpore,
2800 2834 2953 2889 sicut
3018 2833 3289 2907 apostoli,
3346 2834 3644 2891 viderunt.
3709 2835 3806 2899 Qui

2172 2926 2365 2977 autem
2399 2921 2526 2977 sine
2556 2922 2753 2994 aliquo
2784 2922 2994 2978 horum
3055 2925 3320 2990 credunt,
3380 2925 3535 2981 cives
3590 2932 3809 2981 sancto

2172 3027 2323 3079 rum,
2357 3016 2414 3067 et
2446 3012 2751 3067 domestici
2783 3012 2884 3068 Dei
2914 3029 3029 3068 non
3056 3016 3215 3068 sunt.

2246 3118 2566 3189 Sequitur:
2601 3119 3061 3191 Supermdiﬁcati,
3094 3124 3205 3185 etc,
3246 3119 3328 3176 De
3383 3135 3450 3176 eo
3509 3123 3673 3193 quod
3728 3121 3811 3177 his

2174 3208 2363 3262 verbis
2394 3212 2590 3279 aperte
2619 3210 2874 3264 ostendit
2893 3209 3040 3265 alios
3059 3225 3188 3265 esse
3207 3208 3617 3276 sanctos,alios
3646 3211 3811 3267 cives.

2175 3296 2475 3367 Siquidem
2508 3299 3002 3369 superaediticatos
3031 3298 3174 3354 dicit
3227 3299 3373 3354 istos
3426 3316 3595 3371 super
3620 3300 3810 3372 funda-

2171 3390 2415 3442 mentum
2443 3389 2840 3457 apostolorum,
2911 3389 2969 3443 id
3036 3393 3144 3455 est,
3217 3393 3280 3443 ut
3345 3395 3662 3461 praecepta,
3727 3391 3813 3446 ob-

2174 3481 2401 3531 servent
2430 3477 2661 3544 Christi,
2725 3476 2871 3548 quaal
2909 3482 3196 3549 praecepta
3251 3478 3644 3534 fundamenta
3687 3482 3809 3534 sunt

2174 3564 2590 3635 apostolorum,
2650 3582 2777 3637 quae
2840 3567 3221 3622 fundamenta
3301 3568 3807 3637 superediﬁcatio—

2176 3668 2307 3707 nem
2342 3652 2558 3707 habent
2604 3672 2673 3708 ex
2702 3656 2843 3723 vita,
2921 3672 2991 3711 ex
3046 3655 3333 3721 moribus,
3393 3672 3463 3711 ex
3513 3656 3807 3729 diciplina.

2171 3740 2251 3795 De
2278 3756 2343 3795 eo
2375 3742 2528 3812 quod
2562 3742 2818 3814 primum
2848 3745 3298 3801 fundamentum
3318 3749 3409 3800 est
3435 3744 3497 3800 in
3518 3744 3807 3802 Christum

2172 3830 2425 3901 credere,
2458 3835 2515 3886 et
2546 3832 2604 3886 in
2636 3832 2735 3887 illo
2792 3849 2958 3905 spem
3015 3833 3248 3890 habere.
3308 3832 3473 3888 Unde
3502 3837 3808 3905 sequitur:

2170 3920 2285 3990 Ipso
2314 3936 2528 3977 summa
2556 3922 2835 3992 angulari,
2869 3927 2978 3977 etc.
3026 3922 3496 3978 Fundamentum
3545 3922 3806 3979 Christus

2170 4014 2258 4063 est
2290 4025 2303 4062 :
2332 4009 2432 4080 qui
2460 4010 2588 4065 ideo
2619 4012 2761 4081 lapis
2786 4011 3080 4079 angularis
3128 4010 3362 4078 dicitur,
3391 4009 3535 4081 quia
3574 4011 3729 4068 duos
3756 4011 3809 4065 in

2168 4113 2277 4151 sua
2306 4097 2419 4153 ﬁde
2448 4098 2696 4170 populos
2719 4099 3001 4171 suscipit;
3025 4101 3152 4156 ideo
3174 4104 3369 4155 autem
3387 4100 3807 4171 fundamentum

2166 4190 2223 4239 ct
2250 4201 2548 4256 summum,
2581 4188 2720 4259 quia
2753 4189 2813 4243 in
2839 4189 2967 4261 ipso
2991 4194 3050 4245 et
3099 4189 3380 4244 fundatur
3426 4193 3485 4243 et
3531 4205 3806 4245 consum-

2166 4278 2361 4328 matur
2377 4275 2632 4331 Ecclesia
2665 4295 2677 4344 ;
2712 4276 2769 4331 in
2794 4294 2909 4349 quo
2935 4277 3077 4332 dicit
3096 4294 3331 4333 omnem
3362 4276 3803 4334 aedificationem

2165 4377 2443 4419 crescere.
2477 4365 2556 4420 De
2588 4382 2653 4421 eo
2686 4367 2841 4438 quod
2873 4368 2931 4421 in
2962 4366 3157 4439 templo
3185 4375 3369 4421 sancto
3401 4381 3516 4421 non
3561 4366 3807 4438 possunt

2164 4448 2386 4522 lapides
2420 4471 2533 4508 non
2566 4454 2753 4510 sancti
2785 4455 2942 4526 poni,
2975 4456 3061 4523 ad,
3076 4455 3576 4527 comparationem
3606 4451 3807 4525 templi

2160 4540 2563 4597 Salomoniszsi
2598 4545 2902 4599 aediﬁcatio
2933 4546 3342 4617 compaginata
3372 4546 3568 4599 crescit
3599 4545 3661 4597 in
3685 4553 3808 4598 tm-

2155 4629 2313 4701 plum
2340 4634 2959 4701 sanctum,studcamus
2991 4635 3355 4705 esse,lu,».ides
3384 4635 3498 4689 vivi
3520 4634 3810 4689 volvuntur

2158 4734 2325 4789 super
2355 4722 2557 4775 terram
2586 4722 2955 4793 (183/1).Nam
2987 4741 3119 4779 cum
3150 4723 3259 4778 vivi
3318 4728 3377 4779 et
3405 4722 3575 4795 politi
3634 4720 3807 4778 fueri-

2161 4823 2293 4868 mus
2323 4810 2745 4865 mdiﬁcabimur
2775 4812 2834 4867 in
2857 4813 3146 4883 templum
3173 4817 3464 4879 sanctum,
3497 4813 3725 4883 eritque
3748 4810 3803 4864 in

2160 4905 2328 4959 nobis
2359 4919 2515 4967 arca,
2547 4900 2869 4973 cherubim,
2904 4907 2961 4957 et
2999 4901 3493 4974 propitiatorium,
3524 4906 3584 4957 et
3607 4899 3805 4956 omnia

2158 4998 2524 5049 sacramenta
2556 4990 2833 5045 cmlestia.

2226 5194 2407 5263 (1032)
2436 5188 2608 5262 Vulg,
2640 5188 2816 5244 ambo.
2851 5187 3030 5244 Divus
3060 5187 3295 5245 Hieron.
3332 5189 3390 5244 in
3422 5190 3574 5244 hanc
3613 5186 3800 5258 Epist.

2153 5270 2396 5321 uterque.

2442 5333 2739 5409 ln‘autog.
2767 5348 2954 5409 marg2
2989 5330 3081 5409 hic
3113 5330 3347 5409 legitur,
3382 5328 3718 5409 cap,_Vlll_._
3760 5397 3773 5409 ο

2223 5401 2405 5478 (1034)
2435 5401 2845 5478 δοίιὶοθιέῖουι
2877 5401 2958 5478 illi
3015 5401 3261 5476 lapides,
3295 5401 3366 5459 de
3412 5401 3626 5474 quibus
3659 5401 3803 5478 dicit

2149 5474 2458 5533 Zacharias
2489 5478 2640 5530 Ix.16
2673 5492 2685 5529 :
2724 5476 2946 5545 Lapides
2976 5474 3156 5530 sancti
3184 5478 3475 5531 elevantur
3503 5487 3668 5544 super

2149 5569 2290 5611 ram,
2324 5551 2492 5603 divus
2527 5547 2756 5619 Hieron.
2794 5543 3118 5619 tameu,qu1
3156 5549 3212 5602 in
3247 5548 3403 5602 hunc
3445 5543 3644 5619 versic.
3670 5543 3800 5619 _hu-

2140 5626 2308 5692 jusce
2340 5622 2513 5691 hpist.
2551 5618 2772 5673 huncce
2805 5614 3633 5692 textum'Zacnariazgadducit,
3667 5614 3798 5670 loco

2146 5689 2451 5762 elevantur,
2483 5707 2645 5763 aeque
2675 5707 2742 5747 ac
2772 5695 2978 5749 auctor
3009 5697 3227 5761 noster,
3260 5690 3403 5767 legit
3422 5689 3740 5749 volvuntur.
