4014 6172
442 246 560 305 550

1455 180 1807 299 λΤΤΟΝΙΒ
1853 235 2433 297 VERCELLENSIS
2478 234 2826 295 EPlSCOPI

3734 236 3845 298 560

447 375 776 431 cohazredes
805 377 945 428 sunt
976 372 1196 437 Isracli,
1228 369 1514 427 etmelius
1539 368 1790 439 Christo,
1817 373 1881 422 ut
1911 368 2087 423 haere-
2116 371 2171 436 Α
2200 370 2633 422 sacramentum
2665 371 2755 421 est
2779 365 2830 421 ei
2861 365 3203 433 revelatum,
3231 370 3295 420 ut
3318 382 3431 421 non
3453 365 3652 422 solum
3676 368 3849 440 genti-

447 464 601 519 ditas
635 467 832 517 nostra
856 461 1095 526 dicitur,
1126 462 1237 515 sint
1264 464 1316 515 et
1346 459 1650 514 cohzrrcdes
1672 458 1874 513 Christi
1907 444 2084 525 (Deut.

440 568 601 618 xvm,
633 552 705 618 2;
740 551 890 607 Psal.
922 568 1015 616 xv,
1046 550 1125 620 5),
1152 554 1216 603 ut
1246 548 1390 602 illud
1418 566 1430 603 :
1464 548 1711 602 Haeredes
1742 546 1958 617 quidem
1991 546 2091 600 Dei

441 640 619 711 (Rom.
652 656 775 705 vni,
810 641 917 709 17).
950 645 1056 694 etc.
1094 639 1173 693 De
1203 638 1483 709 exemplis
1505 636 1860 690 haereditatis
1883 636 2083 704 (1040).

444 730 587 785 Item
621 731 691 784 de
712 728 975 798 exemplo
1008 731 1429 793 membrorum,
1476 727 1543 781 ad
1580 726 1710 789 hoc,
1765 726 1917 796 quod
1968 725 2083 777 ait:

439 819 865 887 Concorporales
896 818 1099 889 (1041).
1132 802 1212 871 De
1242 834 1306 872 eo
1332 816 1485 887 quod
1513 816 1569 869 in
1595 815 1827 869 duobus
1862 817 2088 885 poterat

442 907 663 979 aliquid
691 907 748 962 in
784 924 898 962 uno
929 923 1168 979 corpore
1207 907 1500 960 diversum
1548 902 1872 974 suspicari:
1931 902 1990 955 in
2021 918 2087 957 eo

442 997 594 1068 quod
655 996 877 1062 subdit,
936 1000 993 1050 et
1047 996 1487 1066 comparticipes,
1540 992 1730 1047 omnis
1780 990 2087 1045 diversitas

440 1084 634 1141 ablata
663 1091 772 1141 est.
796 1084 903 1140 Ubi
937 1082 1434 1155 comparticipatio
1466 1086 1573 1146 est,
1595 1079 1791 1135 omnia
1823 1096 2085 1134 commu-

439 1174 537 1231 nia
566 1178 724 1229 sunt.
760 1174 840 1229 De
869 1189 935 1227 eo
967 1174 1121 1243 quod
1148 1172 1537 1227 dicendo.Per
1554 1170 1927 1238 Evangetimn,
1950 1173 2084 1237 etc.,

436 1264 775 1336 superbiam
806 1261 1095 1318 excludit:
1143 1262 1295 1331 quod
1329 1259 1485 1314 enim
1517 1259 1621 1327 sic,
1669 1275 1784 1314 non
1817 1258 1949 1325 sibi,
1983 1258 2084 1312 sed

437 1353 540 1409 Dei
566 1352 767 1425 gratiae
785 1351 1049 1406 ascribit.
1071 1350 1196 1405 Non
1214 1349 1371 1404 enim
1388 1347 1740 1403 humilitatis
1758 1345 2087 1418 discipulus

434 1446 664 1514 poterat
693 1441 994 1513 superbire
1015 1439 1084 1494 de
1114 1438 1380 1505 scientia,
1423 1437 1522 1509 qui
1553 1454 1614 1492 se
1644 1436 1857 1491 Christi
1892 1452 2084 1508 perse-

434 1535 696 1587 cutorem
726 1534 784 1585 et
814 1528 1077 1585 Ecclesiae
1106 1532 1458 1583 vastatorem
1493 1524 2082 1583 commemorat.Nam

435 1623 577 1676 sunt
602 1619 703 1691 qui
752 1635 885 1675 eum
930 1616 1381 1690 reprehendunt,
1417 1616 1517 1687 qui
1548 1616 1693 1670 dixit
1724 1615 1834 1670 sibi
1866 1613 2082 1670 revela-

434 1713 587 1774 tum,
619 1709 775 1780 quod
807 1708 1121 1779 prophetas
1150 1706 1343 1761 latuit.

507 1797 815 1869 Sequitur:
875 1798 1019 1853 Mihi
1070 1796 1301 1850 minimo
1358 1795 1627 1861 omnium,
1678 1802 1784 1849 etc.
1834 1794 1898 1847 Et
1930 1796 2081 1847 recte

434 1886 745 1943 humiliato
776 1887 911 1941 data
931 1890 1020 1941 est
1052 1884 1171 1939 haec
1200 1884 1410 1956 gratia,
1443 1884 1721 1955 quoniam
1754 1884 1956 1953 omnis,
1986 1885 2082 1951 qui

431 1992 491 2032 se
518 1976 797 2046 humiliat,
832 1975 1171 2030 excitabitur
1217 1974 1437 2044 (Matth.
1471 1990 1631 2043 xxm,
1666 1974 1772 2038 12;
1802 1974 1931 2027 Luc.
1964 1988 2077 2037 XIV,

433 2065 545 2138 11).
582 2070 657 2121 De
688 2080 754 2120 eo
785 2065 962 2136 quod,
996 2064 1042 2118 si
1078 2063 1488 2131 investigabiles
1533 2063 1738 2131 (1042),
1788 2060 2080 2132 quomodo

430 2154 906 2225 evangelimntur,
930 2156 987 2207 et
1020 2151 1430 2208 absconditum
1455 2151 1745 2222 quomodo
1770 2150 2078 2220 profertur,

432 2242 596 2308 Quod
620 2242 849 2297 duobus
874 2240 1062 2295 modis
1082 2239 1367 2295 solvitur:
1391 2239 1510 2294 sive
1542 2239 1680 2309 quia
1697 2243 1831 2293 ante
1862 2237 2080 2292 Christi

433 2331 751 2386 adventum
783 2333 948 2385 erant
994 2326 1434 2399 investigabiles
1479 2332 1535 2382 et
1564 2327 1942 2391 absconditae,
1978 2328 2078 2381 sed

433 2425 567 2491 post
594 2418 825 2474 Domini
848 2418 1160 2474 adventum
1186 2421 1325 2470 sunt
1348 2414 1609 2470 revelatis
1634 2432 1646 2470 :
1679 2416 1796 2470 sive
1819 2432 1944 2486 quae
1979 2431 2081 2469 na-

430 2512 568 2564 tura
596 2526 704 2565 sua
733 2507 957 2576 homini
1011 2504 1445 2577 investigabiles
1476 2509 1662 2573 erant,
1705 2504 1814 2571 hae,
1848 2510 1960 2559 Deo
1992 2521 2082 2559 re-

431 2597 681 2665 velante,
715 2601 855 2652 sunt
886 2595 1192 2667 congnitae.
1225 2594 1371 2657 Quia
1393 2593 1550 2648 aliud
1576 2597 1666 2649 est
1686 2594 1758 2648 ad
1787 2598 2079 2649 secretum

432 2685 667 2759 proprio
688 2685 921 2758 ingenio
939 2682 1761 2757 pervenire,quod,postquam
1780 2682 2082 2738 inventum

437 2775 538 2843 sit,
572 2774 791 2831 desinit
837 2790 965 2830 esse
998 2771 1402 2844 investigabile
1442 2787 1454 2825 :
1490 2771 1671 2837 aliud,
1704 2771 1857 2843 quod
1890 2788 1992 2843 per
2020 2788 2083 2827 se

430 2864 679 2920 inveniri
712 2881 826 2919 non
871 2865 1086 2935 potest,
1140 2861 1257 2917 Deo
1319 2859 1632 2927 revelante,
1693 2876 2079 2933 cognoscere;

432 2954 611 3026 quod,
644 2969 776 3009 cum
811 2951 1033 3019 scieris,
1063 2954 1119 3007 et
1147 2950 1277 3006 aliis
1309 2950 1542 3017 dixeris,
1576 2949 1962 3005 nihilominus
1992 2950 2080 3005 in-

427 3042 770 3116 vestigabile
811 3046 1149 3115 permanet:
1184 3040 1338 3096 sicut
1372 3039 1481 3094 fuit
1512 3039 1641 3106 tibi,
1685 3056 1951 3111 quosque
1981 3056 2079 3094 co-

2113 1752 2161 1816 B

2198 456 2310 511 bus
2343 458 2443 510 sed
2476 461 2533 510 et
2556 456 2953 528 principatibus
2968 459 3021 510 et
3046 455 3403 526 potestatibus
3417 472 3518 528 per
3544 457 3845 513 Ecclesium

2199 545 2510 600 manifesta
2539 545 2701 600 fieret
2752 545 3059 617 multiplex
3088 544 3375 615 sapientia
3406 546 3525 617 Dei,
3559 563 3693 618 quae
3726 547 3846 617 jux-

2198 640 2257 691 ta
2287 637 2649 708 propositum
2680 641 2939 691 veterum
2974 636 3322 691 szeculorum
3363 635 3501 691 alim
3532 636 3844 701 destinata,

2198 743 2355 780 nunc
2398 731 2807 781 consummata
2857 726 3089 780 videtur
3118 725 3177 780 in
3238 725 3485 782 Christo.
3547 725 3847 798 Multiplex

2198 832 2428 886 quoque
2461 816 2557 870 Dei
2606 815 2893 887 sapientia
2943 832 3044 885 per
3094 814 3411 871 Ecclesiam
3462 815 3565 871 Dei
3608 833 3771 871 nunc
3798 822 3845 872 et

2198 904 2622 975 principatibus
2660 909 2714 958 et
2764 903 3152 975 potestatibus
3205 892 3618 973 revelata'est,
3674 922 3843 976 quam

2197 992 2336 1047 olim
2369 993 2522 1047 Deus
2542 994 2799 1048 futuram
2822 992 2882 1047 in
2905 1010 3013 1049 sua
3035 998 3227 1048 mente
3250 994 3678 1061 decreverat,et
3700 1011 3843 1051 nunc

2196 1100 2324 1137 esse
2352 1083 2689 1154 perfectam,
2722 1099 2789 1138 ex
2811 1098 2897 1147 eo,
2921 1084 3075 1155 quod
3098 1083 3386 1155 videmus,
3410 1084 3841 1156 cognoscimus.

2198 1176 2273 1225 De
2303 1188 2369 1225 eo
2401 1172 2555 1243 quod
2589 1189 2731 1226 crux
2761 1188 2874 1226 non
2921 1171 3114 1227 solum
3145 1172 3332 1240 nobis,
3384 1174 3485 1228 sed
3517 1179 3576 1229 et
3626 1172 3844 1245 angelis

2198 1261 2561 1332 mysterium,
2597 1261 2749 1331 quod
2782 1261 3152 1333 ignorabant,
3174 1263 3437 1334 aperuit;
3468 1263 3632 1318 unde
3665 1280 3843 1318 rever-

2195 1352 2354 1404 tente
2385 1366 2517 1404 cum
2546 1366 2784 1421 corpore
2813 1351 2886 1405 ad
2927 1349 3135 1406 ccelum
3169 1351 3411 1409 dicunt:
3444 1353 3589 1424 Quis
3621 1356 3708 1408 est
3736 1354 3841 1421 iste,

2194 1439 2292 1509 qui
2320 1439 2467 1492 venit
2495 1438 2561 1493 de
2588 1438 2794 1493 Edam?
2849 1440 2979 1510 (Isa.
3031 1456 3188 1507 LXIII,
3224 1440 3297 1510 1),
3332 1445 3441 1496 etc.
3474 1446 3555 1496 De
3594 1458 3668 1497 eo
3701 1444 3840 1514 quod

2195 1526 2500 1597 multiplex
2531 1532 2640 1595 est,
2672 1532 2729 1582 et
2758 1526 2947 1584 multa
2982 1529 3257 1584 varietate
3289 1530 3571 1586 distincta
3603 1531 3733 1587 hac
3762 1548 3840 1588 sa-

2194 1614 2415 1685 pientia
2437 1616 2643 1686 (1043).
2676 1616 2818 1672 Vide
2838 1633 3023 1673 cunas
3044 1617 3260 1673 Christi
3286 1636 3298 1686 ;
3320 1618 3452 1674 vide
3483 1620 3716 1692 pariter
3742 1638 3837 1676 cce-

2193 1702 2339 1758 lum.
2368 1703 2707 1776 Vagientem
2728 1705 2786 1759 in
2819 1721 3076 1777 praesepe
3103 1706 3231 1762 vide
3256 1725 3269 1776 ;
3296 1707 3434 1763 audi
3458 1709 3712 1781 angelos
3735 1710 3839 1766 lau-

2191 1792 2397 1848 dantes
2438 1794 2585 1863 (Luc.
2611 1812 2675 1861 ιι,
2708 1795 3191 1865 13,14).Herodes
3234 1798 3617 1869 persequitur
3637 1799 3833 1869 (Matth.

2191 1899 2252 1951 ιι,
2284 1882 2341 1949 3)
2373 1899 2387 1949 ;
2424 1899 2630 1955 magus
2653 1884 2878 1949 adorat,
2893 1882 3170 1940 Pharisaei
3194 1886 3466 1957 ignorant
3497 1905 3681 1960 quem
3714 1890 3838 1946 stel-

2190 1969 2248 2025 la
2276 1971 2612 2027 manifestat
2642 1972 2850 2042 (Matth.
2894 1990 2953 2039 η,
2985 1974 3061 2045 3).
3095 1974 3431 2046 Baptizatur
3458 1993 3496 2031 a
3526 1994 3720 2044 servo,
3751 1981 3838 2035 sed

2192 2077 2226 2114 a
2257 2061 2423 2116 Patre
2479 2059 2774 2116 laudatur.
2828 2062 3013 2134 Aquis
3062 2063 3366 2136 mergitur,
3418 2067 3524 2121 sed
3574 2067 3841 2124 columba

2191 2149 2527 2216 descendit;
2559 2150 2677 2205 imo
2703 2150 2958 2222 Spiritus
2981 2150 3040 2206 in
3062 2151 3352 2209 columba.
3384 2156 3475 2210 Ad
3510 2158 3839 2229 passionem

2191 2239 2366 2309 venit,
2400 2244 2457 2293 et
2489 2239 2657 2295 timet
2709 2240 2849 2311 pati,
2901 2239 3025 2295 vult
3053 2240 3295 2298 calicem
3345 2245 3608 2302 transire
3639 2247 3839 2319 (Matth.

2190 2345 2343 2394 xxv1,
2373 2329 2485 2399 39),
2519 2332 2576 2383 et
2624 2329 2856 2384 Petrum
2896 2328 3182 2401 increpat,
3213 2332 3354 2403 quia
3381 2333 3631 2392 calicem
3662 2338 3840 2394 timet.

2192 2418 2339 2482 Quid
2373 2416 2482 2472 hac
2516 2417 2746 2472 stulitia
2766 2418 3137 2489 prudentius,
3169 2421 3448 2479 varietate
3481 2425 3839 2495 distinctius,

2191 2505 2480 2578 sapientia
2501 2506 2832 2576 obscurius,
2854 2524 3032 2579 quam
3068 2509 3202 2565 fecit
3230 2510 3289 2565 in
3310 2512 3547 2569 Christo
3568 2515 3714 2571 Jesu
3740 2517 3843 2572 Do-

2192 2595 2352 2649 mino
2384 2599 2618 2651 nostro?
2647 2595 2797 2651 Sunt
2837 2596 2938 2668 qui
2971 2597 3146 2653 istam
3169 2598 3524 2670 juncturam
3554 2606 3843 2662 sermonis

2190 2682 2455 2739 Ecclesiae
2485 2684 2697 2740 factam
2729 2684 3069 2759 intelligunt
3098 2688 3304 2761 (1046).

2261 2860 2565 2932 Sequitur:
2593 2863 2654 2918 In
2684 2878 2788 2936 quo
2820 2862 3080 2921 habemus
3107 2865 3395 2939 ﬁduciam,
3425 2875 3541 2927 etc.
3575 2872 3739 2930 Nihil
3769 2881 3852 2932 est

2193 2950 2346 3005 unde
2378 2951 2587 3021 magis,
2637 2968 2815 3023 quam
2847 2954 2919 3008 de
2948 2971 3096 3026 pura
3142 2958 3507 3016 conscientia
3558 2964 3849 3020 confidere

2190 3040 2508 3110 possimus,
2542 3046 2606 3095 ut
2635 3039 2817 3097 illud:
2851 3042 2913 3098 Si
2941 3059 3034 3098 cor
3059 3049 3309 3101 nostrum
3354 3064 3468 3104 non
3501 3054 3855 3123 reprehendit

426 3148 760 3207 gnosceres.
786 3131 945 3188 Unde
968 3128 1315 3185 Psalmista:
1343 3130 1538 3197 Quium
1556 3146 1758 3199 magna
1776 3128 2081 3184 multitudo
2111 3119 2153 3186 C
2189 3144 2285 3183 nos
2315 3129 2360 3197 (1
2386 3133 2549 3184 Joan.
2585 3147 2667 3199 ιιι,
2699 3130 2813 3202 21),
2846 3137 2953 3187 etc.
2986 3136 3256 3203 Magnum
3310 3142 3400 3192 est
3447 3119 3676 3198 habere
3706 3144 3854 3199 ﬁdu-

430 3222 742 3278 dulcedinis
774 3221 945 3292 (Psal.
1003 3235 1135 3283 xxx,
1166 3220 1280 3289 20),
1315 3222 1425 3272 etc.
1458 3218 1654 3272 Potest
1696 3222 1754 3273 et
1798 3218 1879 3272 ita
1908 3217 2083 3274 intel-

431 3311 571 3382 ligi:
625 3311 780 3382 quod
832 3309 963 3381 ipsa
993 3308 1211 3363 saecula
1242 3307 1385 3362 illud
1418 3307 1833 3379 ignoraverint,
1866 3306 1925 3362 id
1974 3312 2081 3374 est,

434 3400 702 3455 homines
760 3398 820 3452 in
878 3396 1090 3452 saeculo
1144 3395 1457 3450 rationales
1504 3411 1572 3450 ac
1630 3396 1944 3466 spiritales.
2005 3397 2085 3451 De

434 3486 717 3559 exemplis
748 3484 946 3541 saeculi
974 3484 1180 3556 (1043).

504 3574 815 3647 Sequitur:
854 3575 917 3630 Ut
963 3576 1329 3628 innotesceret
1356 3589 1502 3626 nunc
1532 3573 1734 3643 (1044),
1767 3578 1875 3628 etc.
1908 3575 2086 3631 Juxta

436 3668 658 3723 donum
680 3664 880 3736 gratiae
910 3662 1033 3729 Dei,
1059 3678 1186 3733 quae
1218 3662 1352 3716 data
1380 3666 1469 3716 est
1496 3661 1792 3733 Apostolo,
1816 3667 1883 3718 ut
1912 3679 2081 3719 evan-

433 3754 667 3811 elizaret
695 3751 928 3808 divitias
959 3749 1396 3822 investigabiles
1424 3748 2078 3823 Christi.Idcircoipsam

434 3935 667 3993 Hieron.
700 3933 824 3989 loco
857 3946 1007 4003 rcges
1038 3929 1098 3984 in
1129 3928 1280 4003 hanc
1308 3928 1479 3999 epist.
1515 3927 1674 4003 legit,
1699 3930 1859 3999 justi)
1892 3931 2080 3985 value-

432 4016 564 4064 runt
594 4006 775 4061 videre
799 4000 933 4075 quae
972 4017 1062 4057 vos
1091 4000 1305 4065 videtis,
1328 4004 1407 4075 et
1438 4016 1545 4055 non
1575 4001 1866 4062 viderunt;
1899 4006 1950 4055 ct
1980 4019 2080 4056 au-

432 4082 566 4137 dire
594 4094 714 4148 quae
743 4072 974 4148 auditis,
1005 4078 1191 4148 etnon
1232 4072 1542 4148 audierunt.

501 4141 684 4221 (1040)
714 4146 848 4221 Scil.
880 4141 1011 4200 vide
1042 4141 1869 4221 divum_l_l_ieronmym,in_hanc.
1892 4143 2075 4221 Epist.

429 4221 490 4274 in
509 4214 913 4289 'supracitatos
938 4220 1149 4282 textus,
1184 4214 1426 4283 scilicet,
1450 4215 1602 4269 Deut.
1626 4218 1785 4277 xviii,
1808 4215 1958 4270 Psat.
1982 4233 2077 4281 xv,

432 4293 960 4437 ῗῆῗωῖῗίᾳ-όίνυδ
982 4357 1337 4437 Hieronymi;
1355 4380 1381 4404 ‹‹
1409 4356 1856 4437 (ξοηεοιιτροι-ίιιθε
1878 4362 2074 4413 autem

424 4428 567 4489 illud
602 4432 913 4505 signiﬁcat,
950 4434 1013 4505 ut
1061 4428 1556 4505 quemadmodum
1588 4429 1646 4482 in
1689 4446 1804 4505 uno
1835 4445 2075 4499 corpore

423 4506 593 4578 plura
622 4490 760 4578 sunt
808 4490 1110 4557 mc'mbra':
1146 4499 1303 4553 verbi
1354 4516 1553 4564 causa,
1604 4501 1781 4578 oculi,
1836 4490 2070 4578 manus,
2105 4490 2151 4554 D

420 4573 615 4642 aures,
649 4577 822 4647 pedes
872 4578 1081 4647 venter:
1117 4577 1173 4625 et
1202 4586 1396 4647 genua
1424 4586 1436 4625 :
1463 4577 1519 4624 et
1550 4587 1681 4624 cum
1715 4573 1771 4623 in
1805 4588 1931 4647 uno
1955 4573 2074 4627 sint

419 4642 677 4719 corpore,
702 4647 955 4719 habeant
976 4642 1516 4719 dilferentiassuas,
1535 4647 1589 4696 et
1610 4660 1713 4719 pro
1737 4659 1798 4719 se
1821 4642 2067 4699 invicem

418 4712 689 4774 laetentur
718 4723 772 4772 et
796 4716 1065 4770 doleant:
1103 4715 1185 4767 sic
1218 4712 1353 4767 licet
1378 4714 1635 4768 diversas
1658 4714 1911 4767 habeant
1939 4731 2066 4784 gra-

418 4790 550 4858 tias,
584 4790 644 4843 hi
676 4787 775 4858 qui
802 4788 859 4841 in
892 4785 1103 4841 Christi
1130 4786 1452 4858 credidere,
1484 4787 1539 4838 in
1578 4789 1919 4858 unctamen
1945 4788 2064 4841 sint

417 4835 941 4929 Ecclesizeucorpore
972 4857 1323 4927 conglobati.
1345 4857 1412 4910 Et
1440 4835 1499 4910 in
1520 4856 1917 4929 superieribus
1940 4859 2063 4927 qui-

415 4934 547 4988 dem
578 4928 821 4987 duobus
841 4930 1050 4991 verbis,
1087 4930 1143 4981 id
1173 4936 1279 4994 est,
1314 4929 1373 4980 in
1405 4945 1470 4983 eo
1499 4931 1651 4998 quod
1685 4928 1787 4993 ait,
1818 4928 2060 4984 coluere-

410 5007 500 5060 des
528 5013 582 5059 et
624 5002 1052 5072 concorporales,
1102 5004 1324 5072 poterat
1373 5001 1429 5052 in
1465 5017 1577 5053 uno
1608 5017 1847 5071 corpore
1878 5000 2060 5054 clivor-

408 5093 540 5131 sum
572 5075 793 5146 aliquid
820 5070 1135 5143 suspicari.
1175 5070 1251 5146 Ex
1282 5088 1345 5146 eo
1379 5077 1571 5146 autem
1606 5070 1759 5146 quod
1794 5071 2053 5146 addidit:

404 5152 458 5202 el
488 5143 906 5218 compa—rlicipes
943 5143 1334 5211 promissionis
1367 5144 1424 5196 in
1450 5144 1668 5218 Christo
1698 5145 1840 5212 Jesu,
1865 5143 2057 5197 omnis

404 5214 635 5290 penitus
659 5218 965 5272 diversitas
989 5220 1292 5290 amputata
1314 5222 1419 5267 est.
1450 5214 1550 5290 Ubi
1577 5215 1731 5269 enim
1762 5232 1879 5268 una
1903 5230 2056 5269 com-

404 5286 772 5361 participatio
806 5292 914 5361 est,
947 5286 1217 5361 universa
1244 5287 1581 5361 communia
1612 5292 1770 5339 sunt.
1813 5308 1832 5332 η

477 5357 656 5431 (1042)
690 5363 772 5415 lta
801 5360 967 5431 Vulg.
997 5376 1008 5425 ;
1044 5359 1215 5411 divus
1238 5363 1430 5431 tamen
1456 5357 1837 5427 llieronymus
1870 5357 2048 5431 iures-

398 5429 672 5497 (ignbiles,
706 5432 861 5502 quod
896 5429 1103 5483 melius
1139 5429 1504 5495 negationem
1538 5435 1741 5502 sonat:
1788 5445 1922 5502 nam
1955 5430 2046 5481 in-

394 5499 738 5573 uestigabiles
760 5522 794 5558 a
824 5504 995 5557 verbo
1020 5502 1303 5573 investigo,
1332 5515 1443 5573 res,
1478 5516 1603 5570 quae
1636 5499 1906 5573 inveniri,
1942 5516 2044 5571 po-

389 5571 693 5702 titésquam
728 5591 844 5649 eas,
879 5589 1005 5646 quae
1038 5588 1154 5628 non
1188 5571 1691 5644 inveniriqueunt,
1717 5571 2039 5644 exprimere

391 5661 454 5702 v1
498 5661 526 5702 e
558 5663 645 5702 ur.

391 5652 645 5710 videtur.

2195 3217 2378 3285 ciam;
2411 3218 2502 3273 sed
2540 3219 2723 3289 (1047)
2772 3221 2832 3275 in
2867 3222 3214 3293 conﬁdentia,
3248 3231 3313 3280 ut
3370 3227 3607 3285 ﬁrmior
3652 3232 3739 3288 sit
3765 3249 3858 3288 ac-

2193 3323 2388 3374 cessus,
2420 3312 2484 3362 ut
2513 3309 2854 3365 accedentes
2884 3309 3107 3382 aliquid
3140 3314 3210 3369 de
3240 3316 3371 3385 ejus
3404 3320 3729 3389 majestate
3760 3338 3854 3377 as-

2195 3414 2524 3468 sumamus,
2579 3398 2749 3469 quasi
2808 3398 2879 3454 de
2948 3401 3111 3456 radio
3172 3402 3313 3459 solis
3351 3405 3614 3465 calorem
3679 3418 3857 3483 atque

2193 3486 2585 3558 splendorem.
2648 3487 2728 3542 De
2758 3504 2845 3557 eo,
2905 3491 3061 3561 quod
3102 3492 3204 3562 qui
3258 3494 3617 3566 sapientiam
3654 3500 3857 3566 habet,

2194 3574 2483 3647 intelligat
2515 3575 2571 3629 in
2600 3574 2828 3631 Christo
2855 3576 3230 3649 sapientiam,
3260 3581 3543 3643 similiter
3572 3589 3648 3645 de
3677 3591 3858 3662 justi-

2188 3663 2307 3755 tia,
2351 3663 2612 3755 veritate,
2671 3681 2813 3736 pace
2860 3671 2918 3721 et
2999 3669 3269 3726 castitate
3321 3677 3521 3743 potest
3596 3677 3857 3755 intelligi

2192 3753 2399 3824 (1048).

2261 3842 2444 3914 (1049)
2475 3842 2784 3913 Sequitur:
2844 3845 3076 3917 Propter
3126 3847 3272 3918 quod
3326 3857 3479 3922 peto,
3514 3859 3635 3911 etc.
3688 3864 3774 3917 De
3801 3877 3867 3917 eo

2259 4002 2452 4082 (1043).
2467 4002 2641 4057 Divus
2665 4001 3048 4082 Hieronymus
3072 4004 3133 4060 in
3155 4006 3305 4082 hanc
3328 4009 3431 4081 Ep.
3452 4029 3466 4066 :
3488 4036 3517 4063 «
3555 4015 3868 4074 Saculum

2191 4075 2405 4160 quippe
2427 4075 2763 4160 frequenter
2784 4075 2891 4160 pro
2911 4075 3169 4160 his,_qpae_
3188 4078 3246 4160 in
3268 4075 3495 4160 seculo
3514 4096 3865 4160 versantur,

2189 4145 2491 4225 accipitur.
2526 4146 2689 4225 Sicut
2718 4145 2934 4225 Paulus
2963 4150 3034 4203 ad
3048 4145 3302 4225 Galatas
3332 4151 3609 4225 loquitur
3656 4145 3867 4217 dicens

2188 4216 2334 4286 (Gal.
2368 4234 2408 4280 1,
2441 4217 2522 4289 ll):
2562 4217 2624 4289 Ut
2670 4219 2911 4289 eriperet
2956 4235 3054 4273 nos
3083 4221 3151 4276 de
3194 4216 3458 4289 praesenti
3503 4233 3736 4288 saccaria
3764 4250 3872 4287 nc-

2186 4304 2394 4366 quam._
2417 4312 2436 4335 υ
2475 4287 2543 4366 Et
2574 4288 2630 4342 in
2664 4287 2776 4366 alio
2807 4288 2931 4345 loco
2961 4287 3272 4366 (Ephesii,
3303 4298 3358 4366 7)
3386 4313 3399 4350 :
3440 4299 3506 4355 Ut
3534 4287 3874 4359 ostenderet

2184 4360 2245 4413 in
2276 4361 2516 4434 venturis
2544 4360 2782 4434 sacculis,
2819 4378 2922 4434 pro
2966 4378 3029 4417 eo
3063 4364 3217 4434 quod
3249 4360 3360 4432 est,
3393 4367 3490 4425 his
3542 4376 3853 4432 omnibus

2186 4446 2311 4500 quae
2341 4431 2398 4483 in
2428 4419 2979 4500 supervenientibus
3009 4419 3239 4489 sae‘culis
3264 4419 3487 4495 tutu—ra
3507 4419 3871 4501 eEEERI""

2254 4502 2436 4583 (104.4)
2467 4501 2758 4583 Vulg.Lut
2790 4504 3120 4583 innotescat.
3156 4507 3331 4565 Divus
3390 4520 3604 4570 autem
3642 4518 3873 4572 Hiero-

2184 4590 2341 4644 nym,
2376 4573 2433 4626 in
2467 4573 2618 4645 hanc
2652 4576 2751 4645 Ep.
2784 4584 2846 4628 ut
2874 4577 3254 4632 innotesceret.

2249 4645 2433 4730 (1015)
2467 4644 2609 4730 Vide
2653 4644 2777 4700 scil.
2809 4646 3008 4730 divum
3047 4648 3487 4730 Hieronymum,
3523 4672 3560 4711 ο,
3589 4675 3729 4730 quo
3764 4678 3868 4716 ex-

2179 4715 2573 4801 carpimue't‘in
2609 4717 3020 4801 compendium
3045 4715 3278 4801 redacta
3320 4723 3448 4780 haec
3473 4715 3871 4801 explanatio,

2245 4787 2427 4857 (1046)
2463 4788 2632 4842 Divus
2690 4788 2920 4844 Hieron.
2980 4789 3037 4844 in
3068 4791 3279 4847 hanc.:
3316 4817 3345 4843 ς(
3371 4787 3576 4859 Licet.
3618 4804 3804 4859 enim
3841 4820 3878 4859 ι

2174 4855 2468 4943 plerisque
2500 4861 2835 4943 secundum
2868 4862 3166 4943 ordinem,
3191 4855 3875 4943 _juncturamque_s—er:

2174 4931 2385 5015 monis,
2420 4935 2476 4983 et
2500 4930 2751 5015 Ecclesia
2771 4932 2925 4986 facta
2956 4930 3446 5008 intelligi'possit,
3475 4946 3538 4996 et
3558 4930 3878 5015 έρὸθεσιε,

2170 5000 2227 5082 id
2259 5006 2370 5082 est,
2408 5003 2737 5072 propositio,
2799 5021 2980 5082 quam
3040 5000 3177 5082 nos'
3203 5000 3444 5082 genere.
3480 5000 3777 5072 naturali
3812 5000 3877 5073 id

2170 5070 2372 5156 Latino
2405 5070 2673 5156 sermone
2726 5070 3083 5156 propositum
3122 5070 3415 5156 habemus
3445 5070 3875 5156 expressam:

2170 5148 2363 5197 tamen
2398 5145 2685 5226 sapientia
2715 5147 2903 5226 magis
2928 5147 2983 5200 in
3016 5149 3242 5226 Christo
3268 5151 3423 5226 facta
3448 5145 3662 5226 potest
3702 5178 3885 5216 reso-

2170 5230 2313 5297 nare
2340 5224 2770 5297 quaom-cetera):
2802 5219 3036 5297 fatuum
3060 5222 3265 5297 guippe
3294 5224 3395 5278 Dei
3422 5219 3771 5297 shpientius
3794 5238 3882 5287 est

2166 5284 2477 5340 hominibus
2507 5289 2559 5359 (Ii
2583 5289 2703 5344 Cor.
2738 5306 2775 5359 ι,
2807 5291 2921 5356 25).
2970 5284 3111 5345 Vide
3144 5284 3222 5345 rel
3255 5300 3461 5352 contra
3487 5284 3878 5358 [Arianosis

2235 5358 2418 5446 (1047)
2452 5358 2587 5413 Scil.
2643 5358 2813 5414 sedet
2872 5361 3076 5417 habere
3131 5364 3395 5433 ﬁduciam
3445 5370 3507 5424 in
3540 5374 3877 5446 conﬁden-

2163 5430 2267 5489 tia,
2301 5436 2406 5482 etc.

2240 5502 2410 5571 (1018)
2443 5500 2585 5555 Vide
2616 5501 2813 5558 divum
2848 5503 3078 5560 Hieron.
3114 5505 3220 5561 hoc
3252 5504 3401 5564 loco.

2253 5572 2410 5646 1049)
2443 5572 2505 5629 In
2538 5578 2733 5647 autog.
2769 5591 2954 5653 marg.
2989 5575 3084 5633 hic
3113 5578 3349 5653 legitur.
3383 5597 3518 5661 cap.
3550 5584 3627 5644 Χ.
