4026 6168
199 370 309 437 565

722 372 1174 440 ΕΧΡΟΒΙΤῙΟ
1218 374 1296 438 ΙΝ
1342 376 1774 439 EPISTOLAS
1820 376 1849 436 Ῑ

1971 375 2078 435 lLl.
2106 407 2184 419 —-
2225 374 2303 435 IN
2347 376 2599 438 EPIST.
2648 376 2751 438 AD
2795 372 3077 438 EPHES.

3482 370 3600 434 566

203 514 338 576 tum;
362 507 566 564 eadem
589 508 848 566 sentiens
876 528 888 565 :
916 513 976 565 in
996 527 1115 565 una
1139 527 1233 582 spe
1252 512 1589 577 vorationis;
1616 527 1832 581 nequa-
1864 509 1916 574 Α
1948 509 2209 581 exemplo
2242 510 2587 565 conﬁrmare
2608 510 2806 565 voluit.
2826 510 3093 565 Christus
3115 522 3371 581 namque
3392 522 3596 565 ascen-

203 615 371 672 quam
404 597 474 652 de
506 598 814 669 promissis
845 600 1144 654 dubitans.
1202 636 1205 639 μ

263 687 446 760 (1065)
469 687 745 759 Sequitur
769 689 935 744 :Unus
954 689 1351 749 Dominus,etc.
1369 688 1446 742 De
1460 705 1525 742 eo
1543 689 1696 765 quod
1720 687 1834 741 hae-

202 776 359 833 retici
391 781 599 847 putant
633 777 785 848 quod
821 776 1001 831 Filius
1024 777 1134 831 dici
1161 778 1368 832 debeat
1394 778 1700 843 Dominus,
1722 794 1837 831 non

200 870 404 931 Pater;
437 869 494 919 et
525 864 660 919 item
690 882 702 919 :
733 864 901 920 Pater
932 870 1103 931 Deus,
1138 882 1250 919 non
1278 865 1479 920 Filius.
1517 867 1624 921 Sed
1660 866 1834 936 absit,

199 960 257 1011 ut
285 958 388 1009 aut
406 953 726 1008 dominatio
749 955 970 1025 absque
991 954 1229 1021 deitate,
1257 960 1357 1009 aut
1377 956 1564 1011 deitas
1595 955 1671 1010 sit
1703 956 1834 1010 abs—

198 1060 305 1116 que
331 1042 749 1097 dominatione.
781 1045 895 1100 Una
925 1044 1130 1098 dicitur
1149 1044 1316 1114 ﬁdes;
1350 1045 1487 1115 quia
1544 1044 1837 1113 aequaliter

197 1134 251 1188 in
270 1132 576 1196 Patrem,et
604 1132 813 1187 Filium
828 1134 1196 1204 ,etSpiritum
1212 1139 1483 1188 sanctum
1508 1134 1832 1199 credimus;

194 1231 240 1278 ει
259 1238 429 1275 unum
454 1220 747 1291 baptisma,
773 1222 911 1293 quia
943 1239 1059 1276 non
1093 1222 1150 1276 in
1212 1223 1569 1292 nominibus,
1630 1223 1728 1277 sed
1774 1222 1832 1276 in

194 1310 427 1366 nomine
456 1309 761 1365 Trinitatis
783 1309 1148 1381 baptizamur
1177 1312 1381 1381 (1066).
1417 1312 1574 1366 Facit
1604 1310 1712 1365 iste
1746 1310 1833 1365 lo-

194 1417 291 1456 cus
309 1400 595 1455 adversus
615 1399 845 1469 Arium,
869 1399 968 1470 qui
986 1399 1129 1454 dicit
1146 1417 1257 1455 non
1282 1416 1411 1455 esse
1435 1417 1617 1455 unum
1642 1417 1832 1455 sacra-

193 1492 478 1555 mentum,
509 1487 611 1544 sed
660 1488 960 1560 disparem
1014 1505 1143 1544 esse
1198 1488 1504 1544 Trinitatis
1535 1493 1831 1545 naturam.

191 1575 444 1635 Destruit
473 1575 870 1643 Valentinum,
904 1577 1005 1649 qui
1036 1576 1180 1633 dicit
1207 1579 1321 1632 duo
1354 1579 1729 1649 baptismata.
1756 1578 1834 1632 De

190 1684 251 1723 eo
280 1666 441 1737 quod
471 1665 642 1721 variae
670 1666 1122 1738 pr0positiones,
1146 1683 1331 1738 super,
1353 1684 1450 1739 per
1470 1672 1527 1721 et
1550 1670 1609 1722 in
1625 1666 1833 1722 distin-

191 1755 443 1812 ctionem
474 1755 696 1810 faciunt
716 1771 1025 1821 sensuum,
1058 1759 1124 1810 ut
1141 1771 1309 1827 super
1335 1758 1520 1811 omnia
1542 1755 1723 1828 (1067)
1753 1754 1835 1810 di-

1946 600 2091 654 dens
2114 600 2171 653 in
2193 598 2376 653 altum
2392 599 2703 669 captivavit
2723 599 3150 669 captivitatem;
3178 599 3318 671 quia
3337 615 3468 664 nos,
3491 599 3593 670 qui

1947 688 2153 759 captivi
2176 689 2540 752 tenebamur,
2557 687 2844 755 liberavit,
2863 693 2920 743 et
2936 687 3233 754 diabolum
3249 689 3595 759 captivavit;

1947 793 2081 831 nam
2115 776 2279 848 ipsis,
2315 793 2462 848 quos
2495 777 2781 839 liberavit,
2806 776 3068 831 diversas
3094 777 3314 848 gratias
3348 778 3591 845 tribuit;

1947 872 2011 920 ut
2044 866 2185 920 illud
2214 883 2225 920 :
2263 866 2414 920 Dedit
2440 866 2581 920 dona
2601 865 2923 921 hominibus
2947 883 2960 932 ;
2990 866 3129 930 sive,
3154 869 3366 936 accepit
3387 867 3595 937 (1072).

1945 955 2257 1009 Psalmista
2277 954 2441 1008 dicit:
2470 956 2701 1025 Accepit,
2717 955 2854 1025 quia
2875 958 3135 1010 futurum
3155 960 3277 1010 erat
3301 973 3315 1021 ;
3341 954 3590 1024 Paulus;

1944 1044 2141 1106 Dedit;
2171 1044 2310 1114 quia
2354 1044 2648 1115 praeterita
2679 1049 2894 1098 narrat.
2933 1044 3075 1098 Nam
3109 1049 3425 1116 utrumque
3460 1045 3589 1114 fuit,

1944 1126 2082 1204 qtiia
2099 1133 2259 1187 dedit
2276 1134 2344 1187 de
2367 1132 2531 1200 caelo,
2553 1138 2609 1187 et
2629 1133 2851 1203 accepit
2868 1134 2923 1187 in
2948 1137 3104 1188 terra
3126 1151 3140 1200 ;
3163 1133 3321 1188 dedit
3341 1150 3440 1204 per
3459 1134 3592 1201 hoc,

1944 1223 2097 1293 quod
2131 1227 2307 1293 caput
2331 1239 2341 1274 :
2364 1221 2586 1293 accepit
2607 1238 2709 1293 per
2730 1221 2856 1287 hoc,
2882 1222 3036 1292 quod
3057 1238 3268 1292 corpus
3295 1226 3418 1287 est;
3439 1223 3595 1279 unde

1943 1315 2033 1365 est
2064 1310 2207 1364 illud
2236 1328 2247 1364 :
2297 1310 2461 1364 Saule
2507 1310 2648 1378 (Act.
2684 1327 2761 1376 Ix,
2795 1310 2869 1379 4),
2902 1315 3012 1365 etc.
3040 1335 3054 1376 ;
3107 1310 3287 1367 item:
3340 1311 3596 1379 Quandiu

1942 1402 2046 1454 uni
2072 1400 2138 1453 de
2166 1400 2250 1454 his
2280 1400 2529 1454 minimis
2555 1399 2761 1470 (Matth.
2791 1416 2920 1464 xxv,
2954 1399 3065 1469 40),
3097 1403 3205 1455 etc.
3240 1404 3315 1454 De
3339 1416 3406 1456 eo
3436 1401 3593 1472 quod

1944 1487 2663 1558 eaiutentioneApostolus
2681 1487 3123 1559 narrat,utquia
3142 1488 3394 1544 dixerat:
3415 1488 3589 1561 Suffe-

1944 1576 2785 1648 rentesinvz’cem(Ephes.1v.2),
2800 1580 2933 1643 etc.,
2947 1592 3136 1647 usque
3149 1577 3589 1649 pacis(lbid.,3,)

1943 1667 2173 1722 doceret
2195 1665 2509 1721 Ecclesiam
2526 1666 2582 1720 in
2608 1665 2853 1721 diversis
2868 1666 3037 1722 donis
3053 1682 3181 1722 esse
3202 1682 3343 1722 conc
3364 1667 3588 1735 ordem,

1942 1760 1999 1811 et
2036 1772 2153 1810 non
2214 1755 2461 1810 scissam
2522 1759 2759 1827 propter
2818 1754 3205 1811 diversitatem
3251 1756 3593 1825 donorum;

191 1849 355 1900 catur
384 1847 576 1910 Pater,
609 1843 747 1915 quia
776 1848 978 1899 auctor
1004 1848 1092 1898 est
1147 1845 1414 1899 omnium
1440 1862 1453 1900 :
1494 1861 1596 1915 per
1622 1847 1830 1914 omnia,
1860 1872 1910 1943 B
1945 1844 2084 1916 quia
2110 1845 2429 1899 sicutunus
2451 1844 2756 1909 Dominus,
2783 1843 2863 1897 ita
2885 1860 3068 1901 unum
3085 1843 3590 1915 corpusEcclesia.

191 1932 540 2005 Filius,quia
560 1949 663 2005 per
683 1933 879 2004 ipsum
902 1933 1057 1988 facta
1079 1938 1218 1989 sunt
1234 1934 1451 2004 omnia,
1477 1939 1534 1993 et
1554 1933 1832 1989 discurrit

189 2037 285 2094 per
300 2026 518 2077 cuncta
538 2021 752 2093 (1068):
778 2022 837 2075 in
859 2020 1113 2076 omnibus
1132 2021 1386 2093 Spiritus
1399 2026 1638 2077 sanctus
1664 2047 1678 2090 ς
1693 2023 1832 2094 quia

187 2110 306 2184 ipse
340 2112 519 2165 datur
537 2109 932 2175 credentibus,
952 2108 1078 2164 sine
1104 2126 1220 2181 quo
1239 2109 1386 2164 nihil
1409 2111 1494 2165 fit.
1519 2112 1683 2175 Quod
1700 2127 1831 2166 vero

187 2199 446 2255 dicitur:
480 2200 642 2264 Deus,
673 2202 725 2254 et
752 2201 936 2264 Pater,
969 2215 1085 2253 non
1116 2198 1247 2253 ideo
1306 2199 1522 2253 dicitur
1566 2198 1832 2253 omnium

186 2289 363 2356 Deus,
398 2294 455 2343 et
482 2289 687 2353 Pater;
721 2288 1002 2359 quoniam
1034 2289 1204 2343 Pater
1248 2288 1689 2344 rationabilium
1722 2294 1831 2357 est,

186 2378 281 2450 qui
312 2378 476 2434 Deus
502 2382 592 2433 est
613 2377 899 2433 omnium.
923 2376 1096 2432 Verbi
1117 2376 1347 2450 gratia:
1384 2377 1433 2433 si
1465 2378 1583 2433 sint
1604 2378 1704 2432 uni
1735 2378 1832 2431 de-

186 2483 306 2522 cem
342 2467 553 2539 (1069),
578 2466 837 2537 quinque
858 2465 985 2549 filii,
1014 2470 1070 2521 et
1092 2466 1353 2537 quinque
1376 2467 1610 2536 servi,et
1639 2467 1830 2522 dicas:

185 2556 444 2612 Istorum
467 2555 733 2611 omnium
759 2572 914 2610 unus
946 2560 1031 2611 est
1078 2556 1364 2611 Dominus
1393 2562 1451 2611 et
1483 2557 1670 2621 Pater,
1703 2572 1835 2610 cum

185 2652 337 2702 esset
362 2644 502 2701 ﬁliis
534 2646 797 2717 quinque
827 2649 1017 2713 Pater,
1049 2650 1107 2701 et
1137 2646 1320 2700 servis
1353 2646 1614 2717 quinque
1643 2644 1838 2701 Domi-

186 2751 318 2805 nus,
342 2735 407 2789 id
440 2739 529 2789 est
557 2733 689 2789 aliis
719 2735 910 2802 Pater,
947 2732 1079 2789 aliis
1111 2734 1417 2790 Dominus.

252 2824 447 2895 (1070)
469 2823 785 2895 Sequitur:
824 2824 1131 2895 Unicuique
1163 2828 1368 2889 autem,
1428 2828 1562 2895 etc.,
1620 2824 1679 2879 id
1729 2828 1839 2890 est,

186 2912 321 2968 licet
341 2917 499 2968 Deus
520 2912 597 2968 sit
615 2928 781 2983 super
831 2928 1033 2979 omnes,
1084 2920 1136 2967 et
1176 2928 1279 2983 per
1326 2915 1535 2979 omnia,
1561 2918 1613 2967 et
1644 2915 1704 2967 in
1733 2929 1842 2968 om-

184 3001 576 3073 nibus,gratia
599 3005 793 3056 tamen
800 3000 971 3069 juxta
984 3016 1318 3055 mensuram
1344 3001 1717 3056 credentibus
1739 3002 1841 3057 da-

184 3094 305 3156 tur,
331 3107 449 3145 non
472 3089 628 3161 quod
655 3088 780 3160 ipse
799 3087 1056 3159 Spiritus
1075 3089 1406 3143 mensurari
1431 3089 1714 3160 possit,de
1729 3105 1843 3159 quo

177 3179 359 3250 juxta
380 3177 764 3249 capacitatem
788 3192 956 3230 suam
982 3176 1231 3246 quisque
1253 3176 1518 3247 accipiat.
1540 3178 1613 3230 De
1638 3175 1844 3231 simili-

2010 1933 2324 2005 Sequitur:
2371 1933 2523 2001 Quod
2571 1941 2760 1987 autem
2789 1931 3060 1999 ascendit,
3096 1935 3228 2002 etc.,
3256 1932 3315 1987 id
3346 1936 3456 2000 est,
3487 1932 3592 2004 per

1939 2022 2068 2088 hoc,
2089 2023 2243 2093 quod
2272 2021 2595 2089 descendit,
2619 2022 2902 2077 ascendit.
2936 2020 3219 2076 Inferiore
3239 2025 3406 2076 terrae
3427 2025 3592 2077 vocat

1938 2112 2258 2177 infernum,
2281 2112 2352 2165 ad
2378 2127 2552 2182 quem
2575 2110 2875 2165 descendit
2903 2109 3170 2165 Christus
3194 2109 3254 2165 in
3277 2109 3495 2175 anima,
3523 2114 3591 2165 ut

1940 2204 2078 2257 inde
2117 2201 2435 2257 electorum
2479 2199 2708 2255 animas
2739 2198 3033 2255 liberaret.
3065 2200 3231 2255 Unde
3260 2198 3359 2254 illo
3391 2215 3586 2255 resur-

1942 2296 2114 2364 gente
2130 2307 2182 2344 m
2192 2289 2312 2343 ulta
2325 2305 2567 2360 corpora
2579 2293 2915 2343 sanctorum
2939 2287 3217 2359 leguntur
3246 2287 3596 2343 resurrexis-

1945 2379 2212 2451 se(i‘llatth
2253 2395 2432 2445 xxvn,
2453 2379 2565 2450 52).
2590 2378 2752 2442 Quod
2778 2376 2920 2431 dicit
2942 2377 3422 2445 :Implereomnia,
3456 2377 3597 2432 sub-

1947 2470 2205 2538 auditur,
2235 2484 2362 2539 que
2408 2467 2519 2521 scri
2531 2471 2629 2538 pta
2667 2470 2833 2521 erant
2861 2465 2922 2520 in
2954 2465 3100 2537 lege,
3126 2469 3183 2521 et
3204 2465 3526 2537 prophetis,
3547 2469 3606 2522 et

1946 2557 2092 2613 alias
2123 2555 2385 2612 occultas
2417 2554 2914 2625 dispensationes,
2945 2569 3094 2624 quas
3138 2552 3264 2622 ipse
3285 2551 3449 2607 solus
3468 2568 3606 2607 cum

1946 2645 2315 2717 Patre(1073)
2344 2662 2357 2699 :
2384 2660 2499 2700 non
2541 2643 2698 2697 enim
2734 2642 2883 2697 scire
2913 2657 3235 2713 possumus
3265 2639 3526 2713 qualiter
3554 2644 3615 2696 et

1948 2735 2191 2807 angelis,
2224 2739 2281 2789 et
2310 2733 2424 2799 his,
2455 2732 2555 2804 qui
2584 2732 2886 2786 ininferno
2913 2734 3102 2794 erant,
3128 2729 3371 2803 sanguis
3396 2728 3616 2785 Christi

1950 2824 2252 2897 profuerit,
2282 2826 2340 2877 et
2368 2827 2565 2876 tamen
2597 2821 2735 2892 quia
2758 2818 2975 2891 profuit
2998 2818 3223 2875 nescire
3251 2835 3369 2874 non
3402 2834 3616 2890 possu-

1951 2931 2105 2968 mus.
2139 2910 2472 2975 Descendit,
2493 2913 2550 2964 et
2571 2909 2859 2973 ascendit,
2883 2912 2950 2962 ut
2966 2924 3092 2979 quaa
3114 2924 3301 2962 vacua
3321 2910 3512 2972 erant,
3533 2923 3622 2962 re-

1953 3001 2271 3074 plerentur.
2309 3000 2699 3053 Destruuntur
2730 2996 2838 3051 hoc
2891 2996 2950 3050 in
2993 2996 3141 3064 loco,
3196 2994 3299 3065 qui
3348 2993 3622 3051 dixerunt

1953 3090 2249 3145 Christum
2283 3104 2396 3141 non
2437 3086 2619 3140 fuisse
2647 3090 2782 3140 ante
2814 3084 3080 3139 Mariam.

2028 3178 2302 3248 Sequitur
2326 3192 2339 3230 :
2367 3177 2434 3230 Et
2464 3177 2578 3244 ipse
2598 3174 2774 3237 dedit,
2807 3178 2897 3227 etc
2946 3173 3096 3227 Dum
3121 3171 3276 3227 enim
3300 3170 3395 3226 hic
3417 3176 3619 3227 narrat

183 3238 401 3322 tudine
425 3238 693 3331 maris,et
718 3238 1054 3319 diversitate
1075 3238 1449 3319 vasculorum
1476 3266 1677 3335 (1071).
1703 3265 1849 3319 Nota
1878 3238 1921 3303 Ο
1965 3238 2176 3323 Filium
2209 3263 2439 3319 dedisse
2469 3238 2595 3333 quae
2616 3263 2673 3317 in
2693 3261 2945 3332 Epistola
2976 3260 3166 3332 prima
3196 3261 3267 3314 ad
3289 3260 3620 3316 Corinthios

180 3355 351 3429 quod
378 3353 499 3409 haec
521 3352 711 3424 gratia
727 3354 1041 3408 donationis
1066 3352 1271 3407 Christi
1300 3352 1536 3409 dicitur.
1565 3352 1726 3407 Unde
1760 3369 1849 3407 se-

179 3443 439 3515 quitur:
496 3443 733 3512 Propter
789 3442 939 3513 quod
990 3441 1158 3496 dicit:
1213 3441 1516 3496 Ascendens
1574 3444 1631 3495 in
1679 3444 1859 3496 altam

179 3531 373 3604 (Psal.
405 3548 554 3602 LXVI,
597 3531 706 3599 19).
769 3534 844 3586 De
900 3546 968 3586 eo
1028 3531 1184 3601 quod
1245 3530 1647 3585 narrationem
1682 3546 1857 3585 suam

258 3689 452 3762 (1095)
487 3688 549 3743 In
583 3692 779 3761 autog.
814 3705 998 3759 marg.
1033 3688 1129 3744 hic
1160 3688 1375 3762 legitur
1401 3706 1528 3762 cap.
1567 3689 1705 3745 XIV.

266 3778 464 3851 (1066)
499 3777 779 3851 Majorem
810 3777 1002 3851 lucem
1034 3777 1173 3833 huic
1195 3778 1538 3851 expositioni
1562 3779 1863 3851 praebebit,

196 3849 362 3922 quod
397 3849 567 3904 divus
626 3850 860 3905 Hieron.
895 3850 953 3922 in
989 3849 1098 3904 hac
1128 3851 1228 3921 Ep.
1263 3849 1345 3904 ait
1372 3850 1451 3922 ibi
1481 3867 1493 3903 :
1523 3849 1647 3904 «(Et
1675 3850 1865 3922 bapti-

197 3920 343 3976 sma
375 3937 564 3975 unum
596 3921 797 3975 eodem
832 3921 988 3975 enim
1022 3920 1216 3983 modo,
1258 3927 1317 3975 et
1343 3924 1402 3975 in
1436 3921 1688 3986 Patrem,
1722 3928 1779 3974 et
1805 3920 1866 3974 in

196 3993 449 4060 Filium,
483 3997 541 4047 et
569 3991 627 4046 in
662 3992 1249 4062 Spiritumrsanctum
1283 3992 1669 4062 baptizamur.
1695 3992 1870 4045 Etter

198 4063 565 4136 mergimur,
600 4068 665 4136 ut
694 4061 1013 4136 Trinitatis
1034 4079 1227 4136 unum,
1246 4061 1523 4136 appareat
1545 4079 1870 4136 sacramen-

196 4133 367 4189 tum:
389 4134 460 4189 Et
484 4151 595 4189 non
614 4133 1057 4206 baptizamurin
1075 4133 1414 4189 nominibus
1433 4134 1700 4199 Patris,et
1716 4133 1866 4206 Filii,

198 4212 258 4261 et
284 4206 557 4278 Spigitus
590 4204 799 4269 sancti,
825 4207 923 4259 sed
958 4204 1015 4258 in
1051 4222 1166 4260 uno
1190 4206 1447 4278 nomine.
1473 4206 1624 4278 quod
1654 4204 1867 4259 intelli-

196 4278 375 4403 gitur
400 4277 575 4332 Deus.
605 4281 674 4331 Μ
696 4277 878 4331 miror
899 4293 1015 4346 qua
1036 4277 1530 4347 conscquentiain
1556 4293 1671 4331 uno
1696 4292 1867 4331 voca-

244 4348 371 4403 ulo.
404 4349 610 4403 eodem
638 4364 829 4403 onere.
854 4352 909 4402 et
938 4347 1139 4402 eodem
1169 4352 1532 4403 sacramento
1550 4355 1769 4401 naturae
1791 4347 1867 4401 di-

244 4348 371 4417 ulo,
404 4349 610 4403 eodem
638 4364 833 4418 opere,
854 4352 909 4402 et
938 4347 1139 4402 eodem
1169 4352 1532 4403 sacramento
1550 4355 1769 4401 naturae
1791 4347 1874 4401 di-

200 4423 560 4475 versitatem
595 4417 781 4485 Arius,
818 4417 1218 4485 Macedonius,
1251 4426 1308 4473 et
1337 4419 1875 4491 Eunomiussuspi-

201 4497 432 4547 centur
496 4491 905 4562 (concordante
962 4491 1018 4544 in
1076 4491 1377 4561 impietate
1430 4490 1759 4556 discordia),
1794 4490 1876 4543 et

202 4561 579 4617 creaturiein
603 4561 767 4627 Filio,
793 4568 847 4617 et
867 4562 1085 4633 Spiritu
1109 4568 1310 4616 sancto
1333 4578 1629 4617 cmnosum
1657 4564 1872 4617 fontem

218 4640 526 4703 tenentes,
554 4634 813 4689 diversos
835 4632 1120 4688 haereseos
1151 4634 1368 4688 rivulos
1389 4633 1680 4688 duxerint.
1705 4635 1880 4703 Unum

212 4702 519 4777 baptisma,
545 4710 601 4759 et
627 4709 828 4759 contra
847 4703 1220 4777 Valentinum
1247 4704 1404 4769 facit,
1425 4705 1664 4777 quiduo
1695 4702 1878 4773 bapti-

214 4775 423 4832 smata
454 4793 585 4832 esse
616 4775 939 4845 contendit,
969 4780 1027 4829 et
1059 4782 1259 4830 contra
1296 4793 1497 4830 omnes
1530 4776 1832 4830 hmreticos
1862 4792 1874 4830 :

218 4855 287 4902 ut
321 4849 521 4903 sciant
555 4864 666 4902 non
701 4847 915 4901 habere
948 4863 1007 4900 se
1063 4848 1439 4918 baptismata,
1495 4849 1593 4901 sed
1654 4849 1710 4901 in
1762 4863 1880 4899 una

219 4920 444 4975 Christi
473 4917 731 4974 Ecclesia
762 4920 978 4972 fontem
1012 4917 1425 4973 esse’vitalem.
1467 4922 1664 4972 Potest
1694 4934 1878 4972 unum

220 4990 534 5069 baptisma
557 4992 716 5069 et_ita
739 4989 876 5069 dici,
903 4990 1057 5069 quod
1081 4989 1213 5069 licet
1236 4990 1881 5069 terhaptizemurnpro-

207 5059 346 5133 pte'r
380 5062 735 5135 mystegium
772 5059 1115 5135 Trinitatis;
1150 5066 1340 5135 tamen
1377 5077 1557 5135 unum
1590 5061 1884 5135 baptisma

202 5131 550 5202 reputetur.
582 5132 775 5188 Unum
812 5148 1049 5203 quoque
1081 5131 1375 5203 baptisma
1408 5136 1495 5185 est
1524 5131 1583 5184 in
1617 5148 1788 5200 aqua,
1823 5132 1880 5183 in

206 5205 426 5274 spiritu
463 5206 608 5260 etin
644 5204 796 5275 igne.
834 5201 930 5257 ’Et
960 5201 965 5202 7
992 5204 1075 5275 de
1123 5201 1237 5272 quo
1296 5203 1580 5257 Dominus
1626 5202 1885 5275 loquitur

236 5273 371 5332 Luc.
409 5293 514 5340 xu,
547 5276 639 5341 50)
669 5273 999 5345 {Baptisma
1061 5274 1232 5329 habeo
1291 5275 1588 5343 baptizari.
1632 5274 1693 5327 Et
1748 5273 1882 5327 alibi

224 5347 399 5403 Marc.
442 5364 499 5411 x,
534 5348 623 5416 39)
652 5364 665 5401 :
701 5348 1043 5416 Baptismate
1070 5362 1187 5401 meo
1220 5346 1605 5417 baptizamini.
1637 5364 1663 5395 ι)

277 5436 473 5507 (1067)
502 5435 673 5507 Vulg.
707 5450 869 5505 super
896 5451 1111 5489 omnes.

281 5525 481 5595 (1068)
506 5526 666 5581 Joan.
699 5540 739 5589 ι,
774 5524 826 5576 3.
860 5522 1041 5595 Divus
1074 5527 1271 5577 autem
1340 5523 1573 5578 Hieron.
1628 5521 1709 5575 ita
1739 5520 1891 5575 hanc

223 5595 691 5659 distinctionem,
726 5594 917 5664 quoad
957 5594 1192 5663 Filium,
1243 5596 1518 5664 exponit:
1568 5609 1668 5663 per
1712 5608 1893 5647 omnes

210 5667 559 5739 Filius,quia
584 5671 779 5722 cuncta
800 5668 1163 5732 transcurrit,
1188 5668 1445 5736 vaditque
1482 5681 1581 5735 per
1610 5667 1816 5719 omnia.

284 5754 485 5829 (4069)
512 5755 630 5813 Scil
662 5756 934 5826 homines,
968 5759 1036 5811 ut
1056 5754 1237 5811 habet
1267 5755 1439 5811 divus
1470 5753 1703 5809 Hieron.

1971 3354 2113 3411 dicit
2142 3355 2370 3408 Patrem
2406 3352 2662 3416 dedisse,
2687 3349 2990 3404 haereticos
3010 3349 3262 3405 destruit
3290 3349 3494 3420 (1074),
3518 3350 3620 3421 qui

1969 3444 2241 3499 dixerunt
2269 3441 2478 3504 Patris,
2510 3444 2566 3494 et
2626 3438 2752 3493 Filii
2787 3455 3070 3510 personas
3119 3454 3234 3493 non
3289 3453 3418 3493 esse
3446 3436 3624 3493 unius

1971 3536 2215 3599 naturae,
2246 3529 2335 3584 vel
2385 3528 2741 3600 operationis
2772 3527 2975 3598 (1075).
3006 3531 3083 3582 De
3112 3542 3178 3582 eo
3209 3527 3365 3599 quod
3414 3525 3473 3581 in
3506 3526 3627 3599 pri-

2049 3691 2234 3761 (1070)
2266 3694 2327 3743 In
2360 3693 2558 3759 autog.
2589 3704 2775 3760 marg.
2809 3687 2906 3743 hic
2934 3686 3149 3761 legitur
3172 3704 3298 3759 cap.
3332 3685 3449 3761 XV.

2046 3757 2231 3833 (1071)
2264 3757 2628 3833 Maseulorum
2662 3757 2951 3829 in'autog.
2995 3757 3417 3833 legiturf‘quod
3460 3759 3633 3833 juxta

1976 3828 2092 3887 divi
2127 3828 2457 3902 Hieronymi
2509 3836 2753 3902 textum,
2807 3828 2979 3900 quem
3018 3828 3139 3884 tum
3201 3828 3630 3902 ad’imperfecti

1977 3903 2156 3973 hujus
2171 3899 2381 3957 sensus
2406 3899 2878 3971 intelligentiam,
2900 3906 3023 3973 tum
3054 3901 3122 3955 ad
3141 3899 3515 3973 correctionis
3530 3916 3630 3955 ne-

1978 3968 2312 4028 cessitatem
2357 3968 3297 4039 comprobandam'adducendum
3330 3968 3630 4035 duximus,

1984 4042 2831 4112 emendandumjudicavimus
2850 4041 2877 4095 ?
2902 4043 2979 4095 En
3013 4041 3125 4094 divi
3150 4039 3627 4112 Hieronymitex-

1980 4121 2127 4170 tum.
2166 4137 2191 4163 ‹‹
2221 4116 2381 4179 Quod
2416 4108 2481 4167 ut
2510 4113 2878 4167 manifestius
2909 4112 3005 4165 ﬁat
3040 4108 3472 4182 imperfectum,
3495 4108 3631 4166 licet

1982 4193 2039 4241 et
2054 4203 2167 4240 non
2185 4185 2435 4256 implens
2458 4184 2927 4251 similitudinem,
2951 4181 3143 4236 tamen
3164 4181 3431 4256 perquod
3447 4182 3632 4256 possit

1984 4257 2228 4329 intelligi
2262 4252 2417 4327 quod
2461 4256 2694 4319 dicitur,
2726 4271 3034 4329 sumamus
3081 4252 3441 4329 exemplum.
3474 4252 3632 4307 Mare

1985 4335 2137 4384 certe
2170 4323 2523 4383 immensum
2545 4325 3027 4397 est,etcapacitas
3048 4326 3175 4397 ejus
3197 4323 3314 4379 Deo
3336 4323 3443 4397 soli
3459 4330 3628 4397 nota:

1985 4418 2052 4455 ex
2079 4401 2186 4455 hoc
2219 4399 2265 4453 si
2301 4401 2434 4470 quis
2454 4399 2593 4452 velit
2623 4394 2826 4452 multis
2855 4396 3194 4451 hominibus
3225 4396 3550 4470 secundum
3574 4394 3633 4449 id

1988 4473 2141 4543 quod
2168 4467 2395 4542 gestare
2418 4470 2898 4543 queunttradere.
2920 4471 3358 4543 necesseest,ut
3377 4467 3448 4523 ad
3473 4482 3637 4520 men-

1986 4538 2193 4599 suram
2217 4538 2533 4612 unicuique
2562 4541 2802 4609 tribuat,
2830 4545 2891 4612 et
2920 4543 3115 4609 partes
3145 4538 3274 4612 ejus
3295 4551 3636 4612 mensuram

1908 4601 1956 4665 D
1988 4615 2292 4685 recipiant,
2328 4601 2496 4681 cujus
2536 4601 2801 4694 solidum
2825 4601 3554 4695 imm.epsurabile.est.nlta‘
3579 4609 3638 4663 et

1989 4678 2251 4757 Spiritus
2274 4678 2516 4739 Sanctus
2538 4685 2865 4757 immensus
2881 4681 3115 4757 quidem
3133 4685 3242 4745 est,
3276 4678 3635 4757 et_nullofine

1914 4778 1923 4789 κ
1988 4751 2353 4813 concluditar
2378 4774 2390 4810 :
2407 4762 2603 4809 tamen
2617 4752 2935 4822 unicuique
2952 4752 3125 4806 datur
3140 4751 3463 4807 secundum
3479 4751 3635 4823 quod

1987 4829 2239 4905 expedit:
2268 4848 2297 4905 ξ

2062 4892 2246 5031 (1072)
2277 4897 2351 4952 Ut
2382 4897 2437 4949 in
2473 4895 2567 4949 cit.
2604 4892 2775 4966 psal.,
2806 4895 3081 4964 accepisti.

2062 4971 2222 5031 (1073
2274 4967 2634 5022 Subauditur
2661 4968 2828 5020 novit.

2091 4967 2243 5041 1073)
2274 4967 2634 5041 subauditur
2658 4968 2828 5041 pavit.

2092 5035 2246 5109 1071)
2276 5040 2554 5093 Ebionrm
2590 5037 2809 5091 scilicet
2836 5041 2892 5090 et
2921 5035 3257 5109 Photinum.

2097 5101 2245 5177 1075)
2279 5110 2453 5164 Divus
2492 5109 2898 5181 Hieronymus,
2933 5124 2999 5181 a_
3022 5123 3136 5178 quo
3162 5106 3499 5181 ‘desumpta
3546 5101 3636 5181 est

1995 5175 2193 5236 isthicc
2226 5175 2525 5252 expositio,
2562 5181 2639 5232 ita
2672 5175 2878 5252 habet:
2903 5201 2930 5252 ξ(
2964 5175 3269 5252 ΕᾘεΧ-ῂοο
3300 5175 3638 5252 1099111·ᾳοὶ-

1998 5242 2311 5307 festissima2
2343 5252 2756 5322 comprobatur
2772 5249 2973 5323 Patris,
2989 5255 3042 5303 et
3063 5247 3184 5302 Filii
3206 5263 3322 5323 una
3344 5242 3640 5323 divinitas-

1997 5326 2297 5394 Siquidcm
2332 5324 2459 5387 hoc,
2480 5314 2637 5393 quod
2666 5339 2817 5394 nunc
2844 5316 3410 5394 Christustribuisse
3432 5314 3643 5394 descri-

1998 5386 2178 5463 bitur,
2210 5396 2267 5449 in
2326 5386 2518 5465 prima
2543 5393 2797 5465 Epistola
2827 5392 2895 5444 ad
2931 5386 3258 5465 quinthios
3294 5388 3443 5465 Deus
3471 5389 3645 5465 Pater

2001 5456 2229 5521 dedisse
2261 5456 2533 5520 narratur
2563 5456 2606 5518 tl
2665 5464 2782 5518 Cor.
2845 5478 2941 5523 XII,
2975 5460 3098 5529 28):
3139 5459 3291 5512 Alios
3337 5458 3510 5529 enim,
3542 5456 3644 5521 ait,

1999 5541 2178 5610 posuit
2211 5539 2350 5592 Deus
2378 5540 2435 5591 in
2458 5537 2723 5599 Ecclesia,
2746 5535 2942 5610 primo,
2966 5527 3257 5610 aposlglos,
3273 5527 3647 5610 secundopra-

1999 5595 2209 5682 'IJIWHIS,
2245 5613 2400 5663 tertio
2432 5610 2691 5667 (lat-iores,
2712 5595 2927 5682 deinde
2955 5595 3200 5661 i'irtul'es,
3234 5604 3285 5655 et
3312 5600 3454 5682 dona
3490 5595 3647 5654 sani-

2008 5672 2612 5751 llium:,oiiimlationes,
2636 5693 2702 5746 gu
2716 5676 2801 5751 [rei
2807 5676 3284 5751 nalz'01ze_.s.genera
3308 5672 3645 5751 linguarum.

2014 5754 2175 5816 Quod
2191 5741 2489 5809 lsabellius
2511 5741 2996 5818 nonintelligens,
3016 5741 3244 5801 Patrem
3267 5741 3595 5807 confundit,
3619 5752 3650 5794 e
