4014 6172
327 295 447 356 567

1333 295 1671 358 ATTONIS
1715 295 2303 358 VERCELLENSIS
2348 295 2705 359 EPISGOPI

3639 290 3768 355 568

338 424 840 484 mordioEcclesiie
856 424 1092 481 fuerunt
1128 424 1250 481 haec
1271 427 1492 491 omnia,
1526 428 1582 482 id
1602 433 1711 496 est,
1737 426 1985 499 apostoli
2016 430 2067 495 Α
2169 427 2485 499 Sequitur:
2520 429 2603 483 Ea:
2629 443 2733 499 quo
2763 430 2939 483 totum
2967 440 3189 497 corpus,
3221 427 3325 483 etc.
3362 428 3444 481 De
3475 439 3545 480 eo
3573 423 3771 497 quod,

338 520 396 572 et
424 515 750 587 prophetae;
784 530 900 569 non
950 514 1058 585 illi,
1091 516 1188 586 qui
1223 520 1357 570 ante
1414 517 1625 572 Christi
1672 518 1985 571 adventum

334 605 594 671 fuerunt,
614 604 713 659 sed
736 603 929 675 qualis
953 605 1406 677 Agabus(1076),
1430 611 1487 660 et
1502 623 1658 660 nunc
1677 611 1993 661 suntevan-

338 693 578 768 gelistse,
612 710 863 765 quorum
894 695 1070 764 pedes
1099 694 1249 749 beati
1283 700 1422 749 sunt
1470 697 1597 763 (lsa.
1626 695 1817 766 Lll,7).
1844 695 1993 749 Sunt

339 787 399 839 et
438 783 612 838 modo
648 783 911 837 doctores
950 788 1009 836 et
1039 788 1325 854 pastores.
1359 783 1465 847 Qui
1498 784 1763 839 doctores
1787 783 1992 855 (I077),

340 873 453 946 ipsi
489 877 627 928 sunt
653 876 910 942 pastores
936 898 949 937 ;
983 872 1228 943 quiaille
1260 873 1542 927 veraciter
1556 873 1760 943 pascit,
1786 873 1995 944 quidc-

342 968 455 1019 cet.
491 962 552 1016 In
577 960 892 1032 primordio
924 978 1130 1016 omnes
1152 963 1438 1016 docebant
1471 962 1561 1016 vel
1593 962 1991 1032 baptizabant;

346 1052 501 1124 quod
527 1067 680 1104 nunc
697 1067 808 1104 non
834 1050 986 1112 licet,
1014 1050 1382 1105 nevilescant
1406 1050 1671 1105 Ecclesiae
1698 1051 1992 1123 mystvria.

343 1142 427 1196 Ad
463 1140 599 1211 quid
634 1144 774 1194 sunt
800 1138 1027 1193 diversa
1057 1140 1248 1194 ofﬁcia
1268 1140 1296 1193 ‘I
1316 1141 1398 1194 Ad
1421 1140 1846 1209 antiﬁcationem
1874 1156 1994 1195 cor—

343 1230 498 1302 poris
545 1228 769 1283 Christi.
821 1228 932 1282 Sed
966 1244 1272 1299 quousque
1296 1228 1323 1282 ?
1368 1229 1673 1299 Sequitur:
1705 1230 1881 1283 Donec
1909 1245 1995 1284 oc-

347 1334 659 1383 curramus,
692 1321 803 1372 'etc.
830 1333 843 1370 :
889 1330 1036 1388 quos
1060 1334 1262 1382 omnes,
1297 1318 1409 1372 nisi
1434 1319 1739 1373 credentes
1758 1319 1863 1373 ?Et
1910 1322 2000 1372 est

349 1425 560 1465 sensus
587 1424 599 1462 :
625 1410 755 1460 Haec
778 1404 969 1460 ofﬁcia
998 1412 1137 1461 sunt
1176 1407 1524 1472 necessaria,
1557 1409 1738 1462 donec
1772 1408 2001 1461 totaEc—

350 1497 529 1553 clesia
549 1498 611 1551 in
639 1511 961 1550 mensuram
978 1496 1161 1550 aetatis
1176 1496 1550 1565 plenitudinis
1581 1495 1783 1550 Christi
1806 1510 2001 1567 perve-

354 1586 477 1641 niat
502 1603 514 1640 :
538 1584 692 1656 quod
724 1589 780 1639 et
809 1584 869 1638 in
899 1583 1008 1639 hac
1059 1584 1177 1638 vita
1210 1583 1421 1654 partim
1475 1584 1907 1655 impletur;sed
1941 1583 2000 1638 in

352 1676 469 1730 ﬁne
500 1673 814 1745 perﬁcitur.
849 1673 952 1727 Hic
980 1672 1276 1743 impletur,
1299 1688 1458 1739 cum,
1488 1672 1570 1727 ita
1596 1672 1922 1728 solidamur
1941 1673 2001 1727 in

2098 532 2231 570 cum
2266 517 2324 571 in
2358 518 2471 572 ﬁne
2491 515 2799 571 Dominum
2830 516 3018 587 (1081)
3039 514 3385 579 viderimus,
3418 513 3563 569 etin
3593 529 3769 568 men-

2100 621 2300 660 suram
2317 606 2499 660 o'elatis
2512 603 2894 677 plenitudinis
2906 603 3125 659 Christi
3139 602 3605 675 pervenerimus,
3624 607 3772 657 tunc

2100 697 2285 748 totum
2318 711 2529 766 corpus
2558 694 2706 766 ejus,
2739 694 2893 765 quod
2928 709 3084 748 nunc
3120 691 3415 747 divulsum
3458 696 3520 747 et
3538 690 3772 746 dilace-

2102 787 2295 838 ratum
2327 783 2574 849 videtur,
2607 783 2667 837 in
2700 799 2867 838 suam
2901 784 3767 853 compagem,juncturamque

2104 871 2416 941 redigetur.
2452 871 2794 943 Exemplum
2828 871 3087 925 hominis
3118 869 3284 924 divisi
3310 886 3412 940 per
3442 873 3683 940 partes:
3712 872 3771 923 et

2104 976 2208 1015 nec
2241 978 2305 1015 os
2336 960 2453 1015 ossi
2478 962 2784 1032 jungatur,
2818 966 2921 1014 eta
2948 959 3192 1027 medico,
3217 959 3572 1030 priusquam
3588 973 3771 1012 sane-

2103 1053 2218 1119 tur,
2254 1050 2517 1104 membra
2548 1050 2672 1104 suis
2704 1049 2763 1103 in
2812 1048 2959 1104 locis
3007 1055 3297 1120 ponantur
3346 1048 3559 1119 (1082).
3622 1050 3774 1101 Item

2104 1137 2429 1193 similitudo
2443 1139 2513 1192 de
2532 1137 2792 1209 parvulo,
2812 1138 3003 1207 cujus,
3035 1143 3091 1191 te
3108 1152 3221 1191 non
3244 1136 3497 1199 vidente,
3520 1136 3606 1188 im
3618 1132 3784 1206 plen-

2103 1230 2202 1280 tur
2232 1227 2514 1293 membra,
2548 1233 2605 1281 et
2631 1226 2933 1298 perﬁcitur
2975 1230 3112 1280 tetas
3140 1225 3343 1297 (1083).
3380 1224 3468 1279 Ita
3498 1224 3781 1278 Christus

2106 1316 2370 1371 medicus
2400 1315 2772 1387 omnipotens
2803 1319 2869 1371 ut
2908 1314 3240 1386 perﬁciatur
3296 1329 3537 1385 corpus,
3598 1312 3780 1384 pedes

2108 1404 2376 1477 pedibus,
2392 1403 2594 1460 oculos
2608 1404 2793 1460 oculis
2798 1404 2999 1476 jungit
3018 1425 3031 1473 ς
3047 1409 3106 1460 et
3126 1403 3393 1460 membra
3412 1401 3703 1457 omniain
3718 1417 3779 1458 se

2110 1492 2395 1548 charitate
2414 1493 2770 1565 junguntur.

2180 1671 2365 1742 (1084)
2391 1670 2701 1742 Sequitur:
2736 1673 2842 1727 Hoc
2889 1686 3023 1743 ergo
3065 1670 3205 1741 dico,
3235 1674 3346 1726 etc.
3398 1670 3482 1725 De
3509 1685 3584 1725 eo
3621 1669 3779 1741 quod

352 1764 468 1819 ﬁde
498 1767 555 1818 et
584 1761 886 1830 oharitate,
920 1766 984 1816 ut
1013 1778 1128 1816 non
1178 1778 1516 1817 moveamur
1556 1764 1708 1817 omni
1732 1770 1887 1818 vento
1916 1761 2005 1817 do-
2034 1798 2081 1862 B
2112 1760 2172 1814 in
2203 1764 2393 1831 coepta
2442 1759 2783 1829 intentione,
2815 1760 2872 1816 id
2904 1764 3015 1830 est,
3047 1775 3185 1832 erga
3233 1758 3599 1815 moralitatis
3632 1776 3783 1830 pris-

352 1855 574 1909 ctrinse.
600 1850 921 1922 Perﬁcitur,
948 1867 1078 1905 cum
1108 1854 1295 1905 totum
1329 1867 1539 1923 corpus
1560 1850 1858 1923 impletur.
1894 1851 2003 1906 Sed

355 1957 538 2014 quare
567 1939 871 2012 parvulum
907 1955 968 1995 se
996 1939 1138 1993 dicit
1165 1939 1522 2011 Apostolus?
1552 1939 1913 2010 Humilitate,
1930 1957 2003 1994 an

354 2030 496 2103 quia
526 2046 594 2085 ex
625 2032 788 2101 parte
813 2027 989 2095 videt,
1023 2032 1081 2083 et
1129 2044 1199 2083 ex
1228 2032 1389 2099 parte
1415 2028 1769 2101 prophetat?
1806 2029 1854 2101 (Ι
1881 2029 2002 2085 Cor.

354 2137 478 2185 xm,
513 2120 590 2190 9.)
650 2118 796 2173 Nam
828 2117 888 2172 in
921 2117 1356 2189 comparatione
1400 2118 1684 2174 Judaismi
1715 2118 2005 2190 perfectus

355 2214 501 2273 erat,
532 2212 598 2262 ut
625 2206 771 2262 illud
798 2225 810 2262 :
845 2206 976 2261 Cum
1007 2222 1179 2261 essem
1206 2207 1678 2277 parvulus(lbid.,
1704 2208 1810 2278 11),
1845 2212 1953 2262 etc.
1987 2225 2000 2275 ;

351 2297 413 2353 in
446 2296 879 2366 comparatione
899 2296 1109 2350 futurae
1128 2294 1521 2365 intelligentiae
1540 2295 1834 2366 parvulus,
1868 2296 2008 2367 quia

353 2402 424 2441 ex
455 2389 617 2457 parte
642 2385 771 2439 scit.
811 2383 907 2439 llle
936 2400 1089 2450 vero,
1140 2382 1240 2454 qui
1271 2383 1413 2438 dicit
1442 2400 1574 2438 eum
1608 2401 1723 2439 non
1768 2385 2005 2440 humili-

351 2479 489 2542 tate,
524 2474 624 2530 sed
656 2474 727 2528 de
757 2472 1115 2529 conscientia
1138 2471 1306 2527 illum
1339 2471 1447 2528 hoc
1465 2472 1802 2543 protulisse,
1822 2474 2001 2529 dicit:

354 2561 661 2635 Apostolus
690 2561 843 2617 acris
872 2561 1055 2633 (1078)
1096 2560 1339 2632 ingenii,
1389 2562 1691 2632 pugnabat
1724 2562 2006 2617 adversus

353 2668 599 2721 errores,
635 2655 692 2707 et
721 2650 889 2722 quasi
913 2650 972 2703 in
1007 2650 1186 2721 puppi
1219 2653 1406 2715 stans,
1430 2650 1895 2721 gubernaculum
1928 2655 2009 2705 te-

355 2756 523 2810 nens,
549 2744 892 2811 spumantes
924 2737 1219 2792 haereseon
1252 2738 1467 2792 ﬂuctus
1517 2738 1651 2793 ﬁdei
1692 2738 2006 2795 securitate

355 2829 692 2900 frangebat;
718 2843 834 2881 non
855 2830 1049 2881 tamen
1075 2842 1339 2893 securus,
1361 2825 1759 2898 etintrepidus
1773 2828 2005 2899 prospi-

357 2918 547 2973 ciebat
572 2914 756 2987 (1079)
787 2919 991 2969 ventos
1016 2913 1152 2968 hinc
1202 2914 1337 2968 inde
1387 2915 1732 2986 proﬂantes;
1757 2917 1853 2970 sed
1889 2932 2003 2970 non

357 3010 481 3063 erat
525 3004 611 3059 illi
660 3020 866 3059 secura
909 3002 1172 3058 victoria.
1223 3003 1504 3074 Sperabat
1557 3009 1754 3060 tamen
1788 3009 1871 3068 ut,
1902 3005 2003 3060 Dei

359 3093 594 3165 auxilio,
630 3092 701 3149 de
730 3096 924 3147 mente
954 3092 1083 3163 ejus
1117 3089 1353 3162 repulsa
1378 3091 1739 3148 dubitatione
1761 3093 2007 3149 firmiter

2114 1853 2284 1920 cepta
2314 1853 2663 1920 perseverat,
2716 1853 2773 1903 et
2833 1864 2982 1920 quos
3035 1847 3305 1920 superius
3341 1848 3781 1913 obsecraverat,

2115 1954 2270 1993 nunc
2295 1937 2663 1993 invocatione
2677 1937 2930 1995 nominis
2946 1937 3166 1993 domini
3181 1936 3544 2009 constringit
3557 1978 3571 1990 .
3602 1937 3677 1992 Et
3697 1941 3786 1992 est

2115 2042 2364 2082 sensus:
2400 2026 2534 2082 Dico
2586 2028 2774 2093 vobis,
2806 2043 2839 2082 o
2871 2026 3127 2099 Ephesii,
3163 2030 3219 2081 et
3256 2027 3489 2097 adjuro,
3524 2030 3616 2096 ut,
3646 2024 3786 2098 quia

2115 2132 2359 2172 occursu
2370 2115 2414 2170 ri
2428 2115 2638 2171 estisiu
2657 2131 2996 2171 mensuram
3010 2116 3199 2170 aetatis
3212 2114 3610 2187 plenitudinis
3623 2115 3783 2169 Chri-

2116 2204 2212 2269 sti,
2243 2220 2354 2259 non
2381 2205 2697 2272 ambuletis,
2731 2208 2873 2260 sicut
2902 2204 3192 2259 ambulant
3221 2210 3426 2273 gentes,
3478 2203 3542 2257 id
3578 2208 3695 2273 est,
3726 2204 3782 2258 in

2114 2295 2357 2348 vanitate
2384 2309 2572 2348 sensus
2596 2295 2689 2347 sui
2716 2310 2736 2355 ;
2767 2293 2905 2364 quia
2935 2309 3051 2348 non
3084 2296 3221 2347 sunt
3241 2291 3314 2347 de
3338 2289 3563 2363 populo
3597 2292 3784 2363 gravi,

2115 2382 2174 2436 in
2206 2398 2322 2452 quo
2354 2382 2510 2437 Deus
2541 2381 2818 2436 laudatur
2845 2399 2857 2436 :
2892 2387 2949 2437 et
2978 2382 3052 2436 ob
3082 2381 3191 2436 hoc
3221 2380 3525 2436 obscurati
3562 2386 3783 2445 mente,

2114 2470 2174 2525 id
2206 2475 2294 2525 est
2324 2471 2482 2537 caeci,
2514 2471 2649 2525 facti
2674 2474 2815 2525 sunt
2845 2469 3017 2542 ;quia
3037 2487 3137 2542 per
3152 2474 3485 2525 creaturam
3510 2460 3787 2541 poterant

2115 2576 2430 2632 agnoscere
2460 2564 2812 2627 Creatorem,
2847 2559 3058 2629 etquia
3090 2557 3583 2626 nolunt,alienati
3603 2576 3646 2613 α
3674 2560 3786 2614 vita

2112 2649 2243 2710 Dei;
2264 2666 2376 2704 non
2407 2648 2663 2704 estenim
2691 2649 2828 2714 vita,
2846 2648 2959 2703 nisi
2979 2648 3038 2703 in
3070 2648 3207 2715 Deo,
3241 2663 3275 2702 a
3296 2663 3413 2718 quo
3438 2647 3786 2703 recedentes

2114 2738 2186 2792 ad
2223 2755 2333 2793 non
2366 2754 2495 2793 esse
2518 2738 2786 2808 tendunt,
2810 2747 3033 2809 propter
3050 2738 3615 2810 ignorantiam,quae
3628 2741 3711 2793 est
3730 2740 3788 2793 in

2112 2827 2249 2881 illis.
2302 2826 2449 2881 Nota
2507 2826 2663 2898 quod
2714 2827 2946 2881 caecitas
2986 2826 3205 2881 mentis
3235 2830 3658 2897 contemptum
3694 2827 3789 2882 Dei

2113 2920 2371 2987 generat.
2402 2915 2549 2969 Nota
2579 2914 2732 2986 quod
2769 2915 3049 2970 indoctus
3081 2919 3137 2970 et
3167 2931 3357 2970 caecus
3388 2931 3509 2970 non
3547 2916 3789 2987 dicitur,

2114 3004 2228 3060 nisi
2260 3005 2360 3075 qui
2393 3004 2542 3060 scire
2573 3010 2630 3059 et
2653 3002 2849 3059 videre
2883 3008 3097 3075 potest.
3132 3003 3296 3058 Unde
3330 3019 3441 3059 nec
3478 3003 3790 3060 indoctum

2114 3091 2331 3148 animal
2363 3093 2624 3155 brutum,
2659 3108 2763 3147 nec
2794 3108 3013 3148 caecum
3047 3090 3302 3163 lapidem
3336 3092 3792 3149 dicimus.Gen—

359 3163 619 3239 crederet
645 3181 895 3250 veritati,
929 3185 985 3236 et
1014 3184 1253 3252 augeret
1273 3196 1402 3235 eam
1433 3180 1490 3235 in
1521 3180 1829 3237 dilectione
1848 3182 2007 3238 Chri-
2037 3163 2081 3231 (ἶ
2123 3181 2273 3236 tium
2304 3197 2443 3236 vero
2463 3186 2677 3236 natura
2706 3180 2816 3236 fuit
2852 3186 3035 3237 Deum
3066 3197 3419 3253 cognoscere
3452 3198 3658 3254 posse.
3683 3183 3791 3238 Sed

360 3271 456 3339 sti,
491 3287 664 3343 quem
697 3271 914 3326 sciebat
970 3274 1029 3324 et
1058 3268 1150 3323 sui
1181 3272 1237 3323 et
1267 3268 1448 3323 totius
1497 3269 1764 3325 Ecclesiae
1812 3276 2008 3343 caput.

359 3360 673 3416 Sciendum
706 3363 794 3414 est
825 3358 981 3429 quod
1017 3356 1110 3411 hic
1139 3356 1302 3412 locus
1333 3357 1391 3411 in
1425 3358 1622 3413 Graeco
1647 3359 2014 3415 manifestior

361 3450 429 3504 ﬁt
454 3467 468 3516 ;
501 3449 640 3519 quia
670 3448 811 3502 dum
841 3446 1086 3501 verbum
1117 3461 1147 3500 e
1176 3446 1371 3513 verbo,
1398 3448 1767 3518 transfertur,
1800 3465 2011 3505 sensus

363 3538 709 3594 obscuratur
737 3536 945 3607 (1080).

368 3642 602 3710 Filium,
636 3642 778 3696 dum
800 3641 1068 3696 eamdem
1101 3639 1497 3711 operationem
1531 3656 1662 3696 esse
1704 3658 1819 3697 non
1851 3648 2015 3714 putat

367 3714 749 3769 diversorum.
787 3735 814 3761 ››
1324 3742 1327 3747 ι

440 3784 621 3855 (1076)
654 3784 877 3855 Unuse
908 3782 1298 3853 septuaginta,
1330 3783 1520 3855 (juxta
1579 3784 1829 3851 Graecos,
1874 3785 2014 3842 Jesu

367 3853 580 3911 Christi
607 3853 911 3925 dicipulis.
944 3855 1042 3924 qui
1080 3855 1295 3908 famem
1326 3853 1384 3907 in
1418 3860 1536 3925 tota
1567 3861 1725 3910 terra
1757 3857 2014 3912 futuram

368 3926 635 4000 praedixit
680 3924 816 4000 (Aet.
875 3926 1096 4000 x1,_23),
1138 3941 1338 4000 quam
1377 3924 1616 4000 Claudio
1670 3927 2014 3999 imperante,

369 3996 575 4070 quarto
606 3996 795 4070 ipsius
826 3997 1008 4070 regni,
1041 4002 1099 4070 e_t
1128 3996 1341 4070 Christi
1371 3998 1438 4051 44
1470 4014 1621 4070 anno
1642 3996 1904 4055 evenisse
1931 3996 2015 4056 te;

368 4068 557 4127 statur
586 4068 826 4141 sanctus
853 4068 1195 4141 Lucashloco
1214 4068 1348 4141 cit.,
1382 4073 1439 4123 et
1460 4069 1530 4124 de
1552 4086 1667 4141 qua
1700 4071 1852 4126 inter
1883 4089 2013 4141 pro-

366 4142 535 4198 fanos
582 4140 900 4197 Suetonius
933 4140 992 4194 in
1023 4138 1263 4195 Claudio
1296 4156 1422 4212 cap.
1466 4141 1545 4207 18,
1568 4138 1795 4214 Ποεθρὶι
1819 4138 2011 4215 Antiq.

364 4213 469 4268 lib.
500 4231 594 4268 xx.
647 4229 772 4268 can.
805 4214 842 4263 2

389 4229 469 4268 ιο.
500 4231 594 4279 xx,
647 4229 772 4279 cap.

440 4231 622 4355 (1077)
647 4230 866 4338 (api-nio
897 4296 1083 4353 marg.
1118 4281 1394 4353 leguntur
1424 4282 1599 4338 verba
1627 4281 1749 4337 haec
1775 4300 1788 4340 :
1816 4293 1869 4339 et
1900 4324 1911 4336 .
1950 4328 1960 4339 .
1999 4326 2012 4339 .

368 4356 626 4411 doctores.

440 4424 878 4497 (1078),In,cod.
912 4422 1123 4497 legitur
1152 4424 1313 4476 sacri.
1364 4423 1475 4477 Sed
1506 4427 1632 4497 tum
1667 4425 2014 4496 frequentia,

370 4502 499 4553 tum
530 4494 646 4552 divi
677 4494 969 4567 Hieroymi
990 4494 1051 4548 in
1074 4494 1228 4548 hunc
1249 4498 1473 4549 textum
1494 4496 1685 4566 verba,
1711 4494 2014 4553 rectiorem

372 4569 523 4624 hanc
554 4568 860 4623 lectionem
895 4581 1154 4621 suasere.

446 4640 633 4711 (1079)
663 4638 903 4711 Iisdem_
930 4635 1283 4711 supradictis
1332 4636 1423 4711 de,
1446 4635 1638 4692 causis
1652 4640 2020 4709 prospiciebat

377 4706 505 4765 loco
534 4706 860 4780 proﬁciebat
889 4706 1199 4779 legendum
1228 4706 1585 4780 putavimus.

449 4778 632 4863 (1080)
661 4780 807 4864 Quis:
867 4778 1588 4864 μεγάθυμε)ικῶς;χίἱαξξιιΐλις⁵
1617 4779 1675 4833 in
1707 4783 1920 4864 Graeco.
1954 4781 2023 4834 Et

379 4848 572 4908 omnis
594 4848 953 4923 metaphora,
977 4848 1024 4906 si
1049 4848 1119 4905 de
1137 4866 1253 4905 una
1274 4848 1331 4903 in
1355 4849 1530 4923 aliam
1552 4850 1816 4923 linguam
1838 4856 2025 4907 trans-

377 4924 617 4993 feratur,
668 4921 1019 4993 quandoque
1068 4937 1330 4995 sensum,
1379 4921 1498 4977 fere
1550 4921 1780 4995 semper
1825 4928 2021 4978 tamen

374 4996 517 5060 vim,
550 5001 607 5051 et
631 4998 994 5050 venustatem
1026 4993 1261 5048 amittit.

470 5066 629 5123 1081)
660 5067 719 5122 In
753 5066 877 5121 cod.
912 5066 1147 5120 Domini.

470 5069 600 5123 1081
660 5067 719 5122 In
753 5066 877 5121 cod.
912 5066 1147 5120 Domini.

443 5066 629 5212 21082;
653 5138 739 5194 Ad
781 5136 1255 5212 i_ntellige_ntiam_
1287 5134 1467 5212 hujus
1516 5136 1605 5189 vix
1651 5134 1916 5212 indicata:
1968 5140 2025 5212 e_t

377 5205 732 5282 imperfecta?
766 5205 1171 5264 similitudinis
1202 5205 1313 5260 divi
1342 5207 1672 5277 Hieronymi
1696 5212 1919 5261 textum
1945 5208 2025 5262 af-

376 5282 523 5335 ferre
555 5284 734 5335 iuvat.
768 5280 867 5335 aui
902 5281 983 5334 ita
1011 5279 1068 5334 in
1102 5279 1257 5334 hunc
1304 5278 1496 5333 locum
1542 5277 1750 5333 habet:
1786 5301 1812 5326 ‹‹
1847 5280 2023 5335 Totas

398 5295 735 5350 BPPBJUVRI,
768 5298 867 5350 qui
902 5295 1068 5334 nam
1102 5295 1257 5334 nunc
1304 5295 1517 5350 locum,
1543 5295 1750 5350 0808i:
1786 5301 1812 5326 (ι
1848 5295 2023 5335 ’10138

378 5298 735 5352 [errejuval,
768 5298 867 5351 qui
902 5298 1068 5334 nam
1102 5298 1257 5334 nunc
1304 5298 1496 5333 locum
1543 5298 1750 5333 nanet:
1786 5301 1812 5326 ‹‹
1848 5298 1879 5333 '1
1896 5298 2023 5335 oras

378 5353 752 5407 rationabiles
771 5356 1067 5406 creaturas
1087 5351 1196 5406 sub
1215 5350 1390 5404 unius
1414 5348 1779 5403 rationabilis
1802 5351 2023 5405 anima-

375 5420 448 5476 lis
482 5423 874 5494 intelligamus
904 5422 1191 5491 exemplo,
1223 5421 1699 5494 etuquodcunque
1732 5421 1801 5475 de
1842 5420 2022 5491 hujus

379 5491 1028 5558 membris—dixerimus,
1060 5499 1115 5547 et
1144 5492 1431 5564 partibus,
1466 5493 1573 5564 hoc
1606 5491 1864 5564 sciamus
1894 5509 2023 5547 esse

377 5564 743 5646 rel'eroprlum
772 5566 839 5619 ad
868 5562 1348 5646 unamquamque
1373 5562 1777 5617 rationabilem
1804 5571 2023 5618 creatu-

376 5652 526 5691 ram.
563 5636 837 5691 Putemus
868 5636 977 5692 hoc
1009 5635 1225 5691 animal
1258 5635 1342 5689 ita
1371 5639 1667 5705 perartus,
1700 5651 1875 5690 venas
1897 5652 2019 5690 car-

377 5721 603 5779 aesque
621 5705 961 5775 laceratum,
987 5711 1053 5763 ut
1073 5723 1176 5764 nec
1198 5724 1262 5764 os
1286 5706 1406 5763 ossi
1429 5706 1662 5775 haereat,
1687 5721 1793 5763 nec
1813 5723 2024 5763 nervus

2124 3270 2348 3326 utinam
2381 3270 2675 3325 sufﬁceret
2705 3285 2978 3342 peccasse
3012 3295 3026 3336 ;
3054 3269 3142 3325 vel
3172 3286 3302 3325 sero
3319 3276 3572 3342 agerent
3605 3272 3794 3343 paeni-

2120 3359 2386 3415 tentiam.
2420 3359 2532 3414 Sed
2565 3359 2705 3430 quid
2736 3358 2926 3414 dicit?
2948 3360 3053 3428 Qui
3084 3359 3436 3431 desperantes
3466 3363 3793 3432 semetipsos

2121 3448 2324 3520 (1085),
2359 3447 2413 3502 id
2442 3451 2553 3511 est,
2584 3446 2686 3519 qui
2718 3448 3118 3520 desperantde
3148 3448 3269 3503 vita
3298 3449 3522 3516 futura,
3554 3450 3650 3505 vel
3682 3452 3787 3523 qui

2124 3536 2414 3591 malorum
2447 3535 2737 3608 supplicia
2767 3526 2883 3592 non
2903 3553 3033 3593 esse
3064 3537 3538 3610 credunt(1086).
3569 3539 3711 3595 Ideo
3736 3554 3799 3594 se

2118 3644 2410 3713 jungatur
2440 3643 2512 3697 ad
2543 3658 2827 3715 nervum:
2849 3643 3167 3715 separatim
3186 3642 3341 3697 oculi
3356 3645 3799 3715 jaceant,seor-

2124 3712 2259 3787 sum
2292 3730 2484 3783 nares,
2503 3730 2711 3787 manus
2728 3712 3119 3770 aliumlocum
3138 3712 3394 3787 teneant,
3413 3714 3533 3771 alio
3551 3712 3797 3787 proiecti

2126 3785 2247 3857 sint
2266 3787 2468 3857 pedes,
2495 3790 2552 3839 et
2573 3784 2798 3857 reliqua
2819 3787 3085 3841 membra
3105 3786 3163 3840 in
3184 3786 3343 3841 hunc
3367 3784 3618 3842 modum
3646 3789 3801 3844 inter

2127 3873 2188 3911 se
2219 3856 2488 3929 dispersa
2523 3856 2662 3929 sint
2718 3864 2774 3929 et
2803 3857 3009 3912 divisa.
3046 3858 3244 3929 Finge
3293 3857 3560 3929 aliquem
3597 3860 3800 3914 venire

2127 3932 2298 3983 tanta:
2320 3925 2593 4001 scientiis
2618 3927 2937 4001 medicum,
2957 3928 3056 4001 qui
3072 3925 3240 4001 juxta
3271 3925 3508 4001 fabulas
3532 3930 3799 3986 ethnico-

2128 4016 2282 4064 rum,
2306 3999 2706 4070 zEsculapium
2738 3999 3191 4075 possit_im_itari,
3229 4006 3287 4055 et
3314 4000 3375 4075 in
3400 4017 3623 4075 novam
3649 4003 3799 4075 ﬁgu-

2129 4087 2277 4136 ram,
2314 4086 2645 4141 novumque
2669 4070 2903 4137 nomen,
2926 4070 3192 4126 Virbium
3216 4072 3512 4128 suscitare
3545 4091 3558 4128 :
3584 4074 3683 4128 hic
3696 4070 3799 4128 ne-

2127 4158 2291 4197 cesse
2313 4140 3037 4213 habebit’unumquodque
3059 4143 3390 4198 membrum
3415 4160 3529 4199 suo
3551 4143 3684 4200 loco
3715 4161 3799 4199 re-

2127 4213 2389 4295 stituere,
2405 4217 2460 4267 et
2475 4213 3110 4295 compagemcopulare
3133 4230 3258 4269 com
3266 4214 3424 4286 pagi,
3449 4216 3799 4295 etﬂquodam

2126 4284 2351 4358 glutine
2382 4284 2987 4358 par_tibus_restitutis,
3015 4301 3197 4340 unum
3221 4284 3439 4358 corpus
3468 4284 3729 4343 efficere.
3764 4308 3795 4335 »τ

2195 4354 2439 4431 (1083)“ε‹
2472 4354 2754 4431 Parvulas
2785 4354 3025 4423 crescat,
3058 4362 3115 4410 et
3143 4354 3369 4411 occulto
3398 4373 3525 4412 aevo
3558 4359 3619 4413 in
3657 4375 3785 4431 per-

2128 4427 2337 4500 fectam
2358 4426 2650 4500 adolescat
2662 4431 2891 4500 aetatem
2921 4445 2934 4495 ;
2955 4444 3130 4500 suum
3155 4443 3370 4482 manus
3393 4426 3798 4500 augmentum

2126 4497 2386 4572 habebit,
2418 4514 2525 4572 sua
2545 4498 2719 4572 pedes
2739 4498 2995 4572 sentient
3012 4498 3394 4572 incrementa;
3407 4497 3641 4572 venter,
3656 4502 3804 4556 dum

2130 4570 2453 4634 nescimus,
2479 4568 2792 4639 impletur;
2828 4568 3079 4635 humeri,
3107 4570 3245 4624 dum
3297 4569 3599 4626 falluntur
3620 4568 3803 4638 oculi,

2129 4639 2469 4707 dilatantur,
2502 4643 2560 4693 et
2590 4640 2785 4713 omnia
2800 4641 3064 4695 membra
3080 4657 3181 4713 per
3210 4646 3407 4711 partes
3428 4642 3612 4712 juxta
3634 4658 3806 4698 men-

2131 4727 2327 4765 suram
2364 4727 2532 4765 suam
2566 4710 2650 4764 sic
2692 4717 2980 4773 crescunt.
3016 4710 3098 4765 ut‘
3133 4710 3329 4766 tamen
3365 4710 3484 4767 non
3521 4714 3662 4779 sibi,
3698 4714 3803 4770 sed

2131 4781 2355 4852 corpori
2386 4782 2695 4836 videantur
2725 4783 2921 4853 augeri
2947 4799 2958 4838 :
2997 4805 3024 4831 ››
3054 4783 3134 4853 ita
3164 4782 3334 4837 divus
3374 4782 3625 4840 Hieron.
3659 4786 3760 4840 ibi.

2201 4851 2385 4922 (1081)
2418 4854 2480 4907 In
2511 4857 2713 4925 autog.
2743 4851 3057 4925 margshic
3113 4851 3327 4924 legitur
3358 4870 3488 4925 cap.
3524 4856 3655 4911 XVI

2201 4925 2386 4991 (1085)
2443 4925 2614 4978 Juxta
2661 4924 2893 4978 divium’
2934 4924 3167 4979 Hieron.
3198 4924 3558 4991 desperantes
3594 4927 3804 4983 minus

2133 5000 2285 5049 recte
2297 5013 2329 5049 a
2344 4995 2385 5050 G
2396 5011 2539 5068 raaco
2554 4991 2958 5068 ἀπηλεγοῦντες
2977 4993 3195 5056 ἑαύτους
3211 4996 3266 5049 in
3278 4991 3413 5068 Lati
3425 5015 3459 5052 n
3470 5015 3505 5052 u
3515 5016 3574 5053 [η
3606 4999 3707 5053 red
3715 4996 3811 5053 di-

2130 5070 2255 5143 tum
2290 5071 2414 5121 est:
2448 5063 2792 5143 desperantes
2810 5066 3024 5137 quippe
3046 5069 3236 5143 Graece
3266 5063 3811 5143 ἀπηλςγοῦντεςειρ-

2133 5137 2424 5212 pellantur
2448 5163 2461 5198 ς
2496 5135 2872 5212 ἀᾶτηλγοβνςτές
2885 5135 3079 5212 autem
3098 5138 3153 5192 hi
3173 5144 3335 5209 sunt,
3354 5141 3456 5209 qui
3470 5135 3809 5212 postquam

2136 5207 2517 5278 peccaverint,
2553 5207 2673 5263 non
2701 5208 2900 5264 dolent
2924 5207 3446 5281 ;quinequaquam
3471 5207 3809 5268 sentientes

2134 5280 2359 5353 ruinam
2380 5296 2570 5353 suam,
2588 5281 2926 5353 ferunturin
2944 5280 3583 5353 pronum,ettanquam
3602 5284 3810 5339 bestia

2134 5352 2350 5406 ferrum
2383 5351 2664 5413 videntes.
2698 5351 2753 5406 in
2791 5351 3036 5407 mortem
3069 5358 3268 5421 ruunt,
3294 5351 3813 5411 scilicet-indolen-

2133 5431 2255 5497 tos,
2275 5422 2713 5497 sive‘i‘ndolorii.
2748 5423 2890 5477 Nam
2924 5428 2981 5478 et
3009 5423 3249 5497 quidam
3275 5424 3807 5497 philosophorum,

2132 5492 2355 5566 scilicet
2385 5492 3095 5566 Dionysiuscognomen'to
3120 5492 3599 5554 Metatbemenus
3630 5492 3807 5551 ἀναλὲ

2131 5562 2351 5638 nefas,
2372 5565 2440 5638 id
2470 5562 2579 5638 est,
2612 5565 2942 5638 indoloriam
2978 5566 3332 5638 praedicavit.

2203 5635 2780 5709 (_1_086)Divinatione
2798 5654 2955 5709 pene
2980 5635 3230 5694 dixerim
3264 5636 3429 5694 hisce
3457 5640 3659 5698 verbis
3703 5639 3811 5700 in-

2132 5704 2488 5780 telligen'dis,
2518 5704 3072 5780 rectaeque-lectioni
3103 5709 3421 5768 reddendis
3450 5727 3608 5785 opus
3637 5709 3753 5768 fuit
3784 5725 3803 5766 :
