4026 6168
224 286 333 348 569

764 289 1179 356 EXPOSI'I‘IO
1223 293 1302 354 IN
1348 294 1777 356 EPISTOLAS
1821 292 2087 356 PAULI.
2120 325 2198 339 —
2228 292 2303 352 IN
2350 291 2599 355 EPIST.
2648 292 2751 354 AD
2797 289 3077 352 EPHES.

3511 286 3633 351 570

222 421 459 476 tradunt
486 421 1191 491 immunditimﬂacientes
1224 428 1509 500 quidquid
1542 445 1753 499 corpus
1777 444 1871 483 vo-
1903 429 1956 494 Α
1989 426 2045 481 in
2079 425 2200 481 solo
2256 426 2397 481 Jesu
2432 444 2444 482 :
2480 426 2577 481 alii
2627 425 2783 481 enim
2842 440 2910 480 ex
2953 427 3119 495 parte
3175 421 3627 493 cognoscebant.

229 509 414 576 luerit,
449 528 583 567 caro
608 513 1023 570 desideraverit
1048 522 1102 570 et
1133 517 1311 572 libido
1340 519 1714 589 suggesserit.
1768 518 1871 572 Fa-

229 600 385 655 ciunt
416 600 524 655 hoc
557 604 616 655 in
645 605 966 667 avaritiam,
994 607 1134 661 dum
1194 624 1493 678 nunquam
1528 607 1876 661 luxuriando

230 694 586 755 saturantur,
623 707 726 745 nec
758 709 958 746 eorum
990 696 1258 765 voluptas
1276 696 1594 750 terminum
1655 696 1830 749 habet
1862 713 1875 761 ;

231 777 363 850 quia
396 777 551 833 ultra
575 795 919 835 Concessum
953 784 1056 836 viri
1090 785 1159 838 ad
1196 785 1467 839 feminam
1516 784 1879 854 conjunctio-

235 883 389 931 nem,
425 868 494 921 ad
526 870 748 939 majora
777 873 1446 933 consoenduntmasculi
1471 875 1528 928 in
1591 873 1881 928 masculos

237 956 661 1026 turpitudinem
697 968 1025 1029 operantes,
1053 968 1107 1016 et
1147 965 1472 1018 mercedem
1524 965 1738 1018 erroris
1791 963 1881 1017 sui

234 1045 580 1115 recipientes
613 1048 667 1101 in
703 1050 1056 1121 semetipsis.
1096 1058 1169 1106 De
1199 1070 1264 1108 eo
1297 1054 1449 1124 quod
1511 1055 1885 1124 operationem

231 1136 599 1191 immunditiis
632 1142 827 1203 omnis,
862 1143 919 1195 in
946 1145 1205 1213 avaritia,
1240 1160 1353 1196 non
1386 1144 1453 1196 ad
1489 1142 1887 1203 avaritiam,ut

228 1234 419 1294 sonat,
454 1225 805 1297 simpliciter
836 1236 1144 1301 pertinere,
1179 1234 1279 1285 sed
1314 1233 1383 1285 ad
1442 1230 1769 1291 libidinem.
1813 1230 1884 1283 ad

230 1312 783 1371 Thessalonicenses
816 1319 1103 1383 scribens,
1136 1321 1505 1375 demonstrat
1554 1319 1883 1391 Apostolus-

230 1401 321 1454 Ait
351 1403 507 1457 enim
548 1420 560 1457 :
594 1406 714 1459 Hmc
734 1409 810 1460 est
840 1409 991 1462 enim
1027 1409 1274 1463 voluntas
1306 1410 1402 1463 Dei
1431 1412 1475 1478 (Ι
1510 1410 1687 1464 Thess.
1711 1410 1883 1479 v1,3),

232 1494 370 1557 etc.,
404 1509 590 1563 usque
625 1510 637 1547 :
675 1498 736 1550 Et
767 1513 838 1549 ne
867 1498 989 1568 quis
1036 1500 1509 1567 supergrediutur,
1558 1514 1732 1569 neque
1776 1500 1886 1552 cir-

234 1584 549 1636 cumveniat
580 1584 643 1637 in.
670 1587 885 1653 negotio
913 1589 1157 1655 fratrum
1189 1604 1347 1641 suum
1370 1588 1704 1659 (1807).Qua
1730 1587 1886 1641 enim

233 1672 763 1741 consequentia,vel
796 1674 1004 1742 hic,vel
1028 1676 1207 1743 ibi,de
1238 1676 1615 1731 immunditia
1644 1677 1889 1747 loquens
1936 1661 1940 1677 ’

233 1758 429 1814 subito
458 1761 527 1816 de
561 1763 806 1817 avaritia
834 1764 1213 1836 disputaret?

298 1850 489 1921 (1088)
518 1853 794 1922 Sequitur
826 1870 838 1908 :
882 1856 975 1909 Vos
1005 1858 1206 1920 autem,
1240 1860 1351 1909 etc.
1387 1855 1533 1911 Nam
1584 1857 1630 1911 si
1691 1873 1893 1912 omnes

233 1938 638 2007 audirent,aut
659 1941 951 1997 discerent
968 1943 1288 2010 Christum,
1311 1945 1410 2014 qui
1442 1945 1646 1999 audire
1700 1946 1897 2000 viden-

232 2032 345 2094 tur,
382 2045 499 2083 non
531 2029 825 2098 diceret,si
851 2037 1169 2095 tamen,etc.
1198 2032 1366 2088 Novit
1394 2032 1547 2087 enim
1576 2033 1893 2098 Christum,

233 2118 331 2187 qui
368 2120 1290 2191 novitsapientiam,prudentiam
1317 2123 1818 2193 atquejustitiam,
1840 2128 1896 2178 et

231 2207 684 2263 veritatem.Iste
705 2208 840 2264 talis
872 2226 986 2264 non
1020 2215 1213 2281 potest
1240 2210 1539 2265 ambulare
1561 2211 1619 2266 in
1642 2212 1895 2267 vanitate

236 2297 457 2363 cordis,
492 2313 597 2351 nec
628 2298 943 2353 caecitatem
978 2299 1211 2363 habere,
1271 2301 1408 2371 quia
1464 2300 1660 2355 lumen
1694 2301 1847 2355 videt
1880 2320 1893 2369 ;

236 2401 354 2439 non
396 2402 457 2439 se
491 2386 669 2440 tradit
716 2387 1115 2458 impudicitiae,
1178 2389 1316 2459 quia
1364 2395 1681 2444 amatorem
1742 2392 1897 2446 videt

237 2474 572 2529 munditiae.
608 2475 907 2531 Discamus
931 2476 1226 2531 Christum
1256 2496 1267 2543 ;
1292 2478 1345 2531 id
1365 2484 1472 2541 est,
1494 2480 1799 2533 veniamus
1821 2481 1892 2534 ad

229 2580 401 2625 eum,
435 2565 535 2634 qui
568 2564 853 2619 veraciter
875 2566 1064 2619 dicere
1088 2571 1315 2637 potest:
1350 2570 1427 2621 An
1458 2571 1895 2637 experimentum

230 2653 450 2721 (1089),
478 2658 586 2707 etc.
625 2670 637 2707 :
669 2654 805 2723 quia
830 2653 886 2707 in
922 2654 1048 2724 ipso
1090 2656 1363 2710 audimus
1395 2657 1710 2712 Christum.
1745 2659 1890 2713 Nam

226 2739 285 2787 et
320 2750 433 2804 per
464 2732 716 2787 ocultam
751 2734 1217 2804 inepirationem,
1254 2738 1487 2806 quando
1526 2739 1670 2805 vult,
1705 2739 1890 2793 docet.

306 2820 470 2876 Sicut
499 2827 577 2876 est
606 2825 809 2877 veritas
843 2825 901 2876 in
939 2825 1102 2878 Jesu:
1156 2825 1269 2878 Hoc
1317 2842 1525 2880 nomen
1578 2828 1893 2898 aliquando

227 2910 567 2980 hominem,
605 2917 668 2965 ut
698 2912 840 2966 illuc
874 2930 885 2967 :
918 2914 1135 2967 l'ocabis
1162 2929 1353 2967 nomen
1379 2917 1498 2984 ejus
1526 2918 1703 2969 Iesum
1729 2917 1896 2983 (Luc.

229 3017 271 3069 1,
308 3000 410 3068 31)
446 3017 458 3067 ;
494 2999 808 3069 aliquando
859 3001 1138 3065 Verbum,
1180 3006 1243 3053 ut
1274 3000 1416 3055 illud
1453 3018 1464 3055 :
1500 3004 1664 3057 Nobis
1715 3009 1897 3057 autem

226 3105 389 3143 unus
423 3091 690 3143 Dominus
731 3093 897 3144 Jesus
962 3105 1031 3143 ea:
1062 3104 1164 3159 quo
1218 3092 1403 3143 omnia
1434 3091 1481 3161 (Ι
1510 3091 1629 3145 Cor.
1663 3108 1783 3161 VIII,
1816 3092 1892 3162 6),

2056 518 2103 585 (Ι
2133 520 2261 570 For.
2292 533 2415 583 xm,
2446 518 2520 587 9).
2564 517 2618 571 ln
2654 515 2775 571 solo
2805 516 2941 570 Jesu
2969 513 3243 584 apparuit
3272 512 3504 580 veritas,
3528 511 3631 582 qui

1988 606 2353 660 conﬁdenter
2378 605 2519 659 dicit
2544 623 2557 663 :
2582 607 2690 673 Ego
2717 622 2836 659 sum
2879 607 3080 659 veritas
3110 604 3285 674 (Joan.
3317 618 3433 669 XIV,
3462 600 3634 671 6).De

1987 710 2053 748 eo
2085 694 2237 764 quod
2272 694 2382 747 ista
2402 694 2611 748 veritas
2644 711 2757 749 non
2789 693 2847 747 in
2879 691 3046 758 valle,
3080 692 3180 746 sed
3214 691 3272 745 in
3333 695 3553 759 monte,
3577 694 3634 744 et

1989 800 2122 838 cum
2155 782 2265 845 lex,
2293 788 2348 837 et
2398 783 2705 853 prophetia
2756 782 3119 853 intelligitur,
3177 780 3444 846 videtur;
3479 778 3633 833 unde

1992 872 2215 943 Moyses
2247 877 2303 926 et
2326 871 2474 925 Elias
2515 872 2571 925 in
2607 877 2825 937 monte,
2874 871 3189 926 clarificato
3233 868 3503 933 Domino,
3552 866 3633 921 vi-

1991 960 2203 1015 dentur
2234 960 2480 1031 (Matth.
2505 978 2640 1025 xvn,
2665 962 2739 1033 2).

2066 1050 2372 1119 Sequitur:
2410 1052 2679 1120 Deponere
2732 1066 2843 1119 vos,
2876 1054 2984 1103 etc.
3018 1050 3086 1103 Et
3116 1052 3204 1102 est
3234 1047 3375 1101 ordo
3428 1046 3636 1101 verbo-

1994 1154 2122 1192 rum
2152 1154 2163 1191 :
2206 1140 2297 1192 Vos
2319 1146 2511 1193 autem
2540 1155 2649 1193 non
2671 1141 2749 1191 ita
2769 1139 3034 1192 didicistis
3062 1136 3427 1203 Christum,si
3458 1139 3643 1189 tamen

1996 1227 2162 1281 illum
2195 1227 2448 1295 audistis,
2471 1234 2566 1281 aut
2602 1229 2661 1281 in
2693 1228 2792 1281 illo
2822 1226 2996 1281 edocti
3025 1228 3156 1280 estis
3188 1226 3473 1295 deponere,
3508 1229 3639 1288 etc.,

1999 1318 2206 1387 usque,
2239 1318 2451 1370 erroris
2475 1321 2560 1370 :et
2580 1315 2860 1370 subdere:
2896 1314 3044 1369 Sicut
3075 1318 3153 1368 est
3170 1316 3370 1367 veritas
3405 1314 3465 1367 in
3493 1313 3640 1367 Jesu.

1997 1404 2071 1460 Ut
2092 1405 2168 1458 sit
2197 1420 2440 1459 sensus:
2478 1405 2777 1467 Quomodo
2796 1409 2885 1458 est
2915 1402 3202 1457 veritasin
3228 1405 3387 1466 Jesu,
3420 1401 3503 1456 sic
3534 1400 3645 1455 erit

1996 1494 2055 1548 in
2090 1493 2272 1557 vobis,
2307 1496 2404 1564 qui
2430 1493 2702 1548 didicistis
2735 1492 3027 1557 Christum,
3060 1493 3110 1546 et
3141 1490 3289 1546 docti
3328 1492 3456 1545 estis
3480 1488 3643 1559 depo-

1997 1600 2132 1639 nere
2161 1584 2489 1639 secundum.
2520 1583 2668 1637 Nota
2692 1599 2807 1653 quo
2857 1581 3237 1648 conversatio,
3272 1596 3388 1634 non
3436 1582 3646 1633 natura

1999 1673 2379 1744 deponenda;
2415 1673 2471 1726 id
2507 1677 2615 1737 est,
2642 1670 2798 1727 mala
2826 1671 3038 1727 veteris
3086 1669 3345 1723 hominis
3375 1667 3513 1737 vita,
3546 1665 3647 1737 qui

2001 1761 2259 1833 quotidie
2281 1764 2678 1831 corrumpitur,
2708 1766 2765 1815 et
2786 1761 2856 1814 ad
2876 1761 3074 1831 pejora
3094 1758 3302 1813 tendit.
3327 1757 3474 1812 Nota
3490 1756 3645 1827 quod

2004 1851 2122 1905 haec
2155 1850 2449 1922 corruptio
2481 1867 2597 1905 non
2628 1854 2717 1904 est
2740 1848 2862 1913 illa,
2896 1848 2966 1903 de
2998 1864 3113 1919 qua
3134 1847 3351 1902 dicitur
3382 1846 3534 1901 :Etsi
3554 1860 3649 1899 ea:-

2001 1942 2175 1995 terior
2207 1940 2369 1995 homo
2396 1944 2581 1995 noster
2608 1940 2982 2009 corrumpitur
3002 1938 3204 2006 (1090),
3237 1941 3345 1990 etc.

2074 2029 2347 2098 Sequitur
2372 2045 2383 2082 ε
2421 2028 2783 2084 Renovamini
2796 2030 2981 2081 autem
2996 2026 3197 2095 spiritu
3215 2025 3417 2078 mentis
3437 2022 3645 2093 (1091),

2003 2121 2112 2172 etc.
2146 2117 2225 2171 De
2246 2133 2311 2171 eo
2344 2118 2497 2187 quod
2525 2133 2629 2171 nec
2663 2122 2856 2170 mente
2888 2116 3109 2184 absque
3139 2113 3495 2184 spiritu,nec
3527 2110 3648 2182 spi-

2003 2205 2115 2260 ritu
2141 2206 2362 2276 absque
2384 2211 2577 2261 mente
2593 2221 2960 2259 renovamur.
2985 2203 3399 2258 Sicutoramus
3413 2199 3646 2271 spiritu,

2004 2312 2240 2350 oramus
2253 2300 2309 2349 et
2330 2301 2544 2349 mente.
2569 2295 2652 2349 Ita
2667 2309 3014 2348 renovamur
3027 2291 3237 2363 spiritu
3268 2289 3498 2355 mentis,
3514 2303 3648 2343 cum

2006 2401 2171 2438 mens
2212 2384 2433 2438 munda
2465 2383 2642 2438 fuerit
2679 2402 2690 2447 ;
2728 2387 2867 2437 tunc
2892 2382 2942 2436 ei
2969 2379 3244 2452 jungitur
3292 2378 3557 2449 spiritus,
3594 2380 3652 2432 et

2003 2472 2307 2527 induimus
2339 2490 2547 2527 novum
2563 2472 2883 2527 hominem.
2911 2470 3059 2536 Quid
3084 2469 3241 2523 enim
3266 2468 3323 2521 in
3355 2466 3650 2520 Salvatore

2003 2578 2116 2615 non
2133 2568 2221 2616 est
2241 2578 2451 2615 novum
2478 2561 2844 2632 ?Conceptus
2873 2560 3079 2631 (1092),
3106 2555 3397 2623 nativitas,
3422 2559 3646 2625 partus,

2002 2651 2287 2719 doctrina,
2315 2650 2452 2716 vita,
2485 2667 2644 2715 crux,
2672 2648 3040 2715 resurrectio,
3074 2652 3131 2701 et
3163 2647 3232 2701 ad
3256 2644 3429 2723 oculos
3449 2660 3650 2698 ascen-

2003 2738 2227 2794 sio.Hic
2245 2745 2321 2793 est
2353 2742 2412 2793 in
2433 2741 2684 2810 justitia,
2730 2744 2837 2793 etc.
2871 2737 2976 2800 Qui
3009 2752 3140 2790 vero
3162 2735 3326 2789 illam
3359 2732 3646 2797 imitatur,

2001 2827 2111 2881 istc
2136 2845 2348 2881 novum
2382 2828 2680 2882 hominem
2700 2827 2942 2880 indutus
2964 2829 3071 2879 est.
3097 2824 3176 2879 De
3192 2839 3257 2877 eo
3280 2822 3433 2892 quod
3448 2822 3654 2875 creatio

2006 2915 2064 2969 in
2101 2916 2316 2969 Laetino
2339 2916 2611 2985 signﬁcat
2641 2917 3102 2983 generationnem,
3132 2912 3251 2967 sive
3279 2911 3652 2966 nativitatem.

2005 3005 2060 3058 in
2094 3004 2287 3059 Graaco
2321 3010 2539 3072 autem,
2572 3006 2845 3075 facturam
2876 3003 3055 3073 (1093]
3094 3019 3106 3057 :
3142 3000 3305 3056 Unde
3339 3015 3452 3053 non
3486 2998 3655 3052 intel-

2004 3092 2210 3164 ligitur
2232 3111 2265 3147 a
2295 3093 2517 3161 multis,
2550 3094 2704 3163 quod
2750 3091 3051 3162 Sapientia
3084 3089 3261 3144 dicit:
3308 3089 3574 3142 Dominus
3595 3088 3658 3140 in

225 3176 564 3248 signiﬁcat.
602 3176 796 3231 Potest
832 3180 1030 3231 autem
1064 3180 1121 3229 et
1171 3176 1252 3230 ita
1283 3177 1528 3248 intelligi
1565 3196 1577 3232 :
1614 3179 1762 3233 Sicut
1819 3184 1898 3234 est
1928 3166 1969 3231 C
2005 3183 2280 3252 principio
2310 3183 2515 3235 creavit
2546 3198 2632 3235 me
2654 3182 2837 3251 (Prov.
2875 3197 2999 3247 VIII,
3032 3179 3141 3239 22;
3172 3170 3338 3231 Eceti.
3362 3192 3515 3241 xxxv,
3544 3176 3652 3245 14).

221 3268 449 3321 veritas
482 3268 541 3318 in
567 3266 711 3331 Jesu,
754 3265 907 3335 quod
966 3264 1023 3318 in
1077 3264 1237 3319 nullo
1269 3267 1756 3335 patriarcharum,
1814 3268 1901 3323 vel

218 3353 697 3427 prophetarum,
722 3353 780 3406 in
805 3352 966 3408 nullo
988 3354 1385 3425 apostolorum
1400 3356 1611 3410 veritas
1634 3357 1765 3423 fuit,
1790 3357 1900 3412 nisi

216 3493 383 3534 nam
425 3475 482 3529 in
507 3476 803 3552 codiceita
825 3482 1059 3552 exarata
1079 3483 1345 3552 prostant
1366 3481 1673 3533 :matorum
1694 3482 1901 3552 suppli-

214 3548 845 3621 cationesqseicredunt.
880 3549 1131 3619 Scopum
1159 3551 1473 3621 attigerim,
1527 3569 1598 3605 an
1631 3548 1769 3619 non,
1796 3548 1900 3606 Ἰρ-

221 3619 713 3691 ctorumjudicio
739 3620 985 3674 libenter
1017 3619 1533 3691 relinquamJllud
1564 3623 1751 3677 solum
1794 3625 1900 3679 ad-

218 3694 374 3748 dam
415 3708 430 3757 ;
466 3690 612 3743 nihil
645 3707 772 3765 meo
805 3692 1044 3765 arbitrio
1076 3690 1491 3747 iistbrmandis
1510 3695 1901 3765 verbisinges-

214 3770 394 3825 tum,
439 3767 642 3831 praeter
670 3762 924 3817 litteram
955 3766 977 3816 i
1006 3764 1158 3818 inter
1189 3766 1335 3819 duas
1366 3766 1590 3819 litteras
1617 3784 1644 3819 c
1674 3783 1707 3820 a
1739 3762 1900 3821 verbi

216 3834 521 3906 supplicia
536 3834 691 3903 quod
704 3835 953 3903 supplied
971 3836 1253 3904 scriptum
1294 3842 1381 3891 est
1407 3854 1419 3890 :
1442 3837 1723 3904 particula
1743 3840 1901 3891 enim

216 3904 994 3977 negativanonimmediate
1010 3907 1400 3976 subsequens,
1421 3908 1691 3976 quamvis
1711 3909 1902 3977 potius

217 3981 346 4034 lion
365 3978 870 4048 videaturreterre
888 3994 899 4037 ;
916 3993 1047 4048 cum
1068 3982 1260 4030 tamen
1277 3977 1789 4048 nullumpunctum
1810 3996 1902 4034 su-

217 4048 621 4123 perlitteram
647 4050 665 4101 i
687 4046 1071 4123 hic,nec_ali_bi
1103 4048 1220 4102 fere
1240 4046 1818 4123 unquam‘appareat;
1848 4055 1905 4105 et

218 4118 365 4177 dua:
405 4119 619 4173 littera
643 4119 978 4191 tiparvulee
1011 4118 1175 4172 lineae
1223 4118 1573 4185 superioris,
1597 4118 1721 4191 quas
1747 4121 1900 4176 litte-

220 4210 361 4248 ram
390 4201 413 4245 ι
436 4206 638 4261 secare
652 4191 1186 4261 solet,ope,junctae
1204 4192 1322 4245 sint
1343 4191 1450 4245 hoc
1473 4193 1643 4245 modo
1666 4194 1744 4255 ti;
1770 4196 1901 4247 abs-

217 4282 347 4337 que
373 4260 736 4337 difﬁc_ul_tate
768 4260 893 4316 loco
925 4263 1039 4337 tion
1064 4263 1143 4337 ita
1175 4262 1285 4332 legi
1319 4280 1487 4337 posse
1520 4264 1763 4337 videtur.

298 4333 513 4407 (1087)
547 4334 565 4387 Ι
599 4333 808 4407 Thess.
842 4351 915 4396 1v,
968 4334 1021 4387 6.
1075 4333 1250 4388 Divus
1309 4334 1481 4407 etiam
1536 4334 1767 4407 Hieron.
1824 4334 1905 4407 ita

215 4404 399 4463 hunc
440 4408 672 4459 textum
724 4404 1162 4474 interpretatur,
1198 4410 1259 4459 ut
1289 4405 1405 4459 divi
1456 4405 1617 4459 Pauli
1660 4406 1902 4461 intentio

217 4479 417 4534 fuerit
438 4492 552 4530 nos
584 4476 651 4529 ad
670 4477 999 4530 castitatem
1022 4494 1348 4547 provocare,
1368 4482 1423 4531 et
1437 4494 1556 4542 eos,
1581 4478 1675 4545 qui
1695 4494 1902 4531 uxores

214 4551 496 4608 habent,
550 4563 805 4611 monere,
853 4553 918 4601 ut
981 4565 1088 4603 sua
1146 4549 1423 4612 contenti,
1475 4550 1674 4603 fratris
1730 4564 1904 4603 uxore

219 4621 432 4686 abuti,
465 4622 525 4674 et
545 4617 731 4673 alieno
771 4618 1031 4673 thalamo
1083 4636 1209 4674 sese
1265 4621 1597 4675 immiscere
1635 4637 1748 4674 non
1807 4638 1905 4673 au-

220 4696 448 4749 deant.
484 4690 670 4762 Lubet
693 4690 785 4744 hic
816 4691 928 4744 divi
960 4691 1290 4762 Hieronymi
1335 4692 1900 4747 animadversionem

221 4767 297 4819 de
335 4765 465 4819 hac
502 4761 683 4834 Epist.
704 4763 935 4827 referre,
971 4779 1142 4832 quam
1161 4761 1293 4816 etin
1321 4763 1603 4834 principio
1625 4765 1901 4829 ejusdem

216 4837 445 4901 habet,
488 4832 730 4899 scilicet,
764 4835 912 4889 inter
937 4850 1126 4888 omnes
1154 4832 1630 4903 Pauli’Episto'las,
1651 4836 1794 4889 hunc
1825 4835 1905 4891 vel

214 4909 499 4963 maxime
527 4913 579 4960 et
609 4905 787 4960 verbis
814 4909 864 4959 et
893 4906 1143 4959 sensibus
1173 4907 1495 4959 involutam.

294 4979 515 5046 (1088)
552 4978 611 5031 In
635 4982 832 5046 autog.
870 4992 1054 5047 marg.
1092 4976 1407 5044 hiclegitur
1435 4992 1560 5044 cap.
1588 4975 1757 5030 XVII.

298 5050 517 5120 (1089)
554 5049 567 5100 l
602 5048 730 5103 Cor.
790 5064 915 5115 χιιι,
959 5048 1012 5113 3,
1036 5065 1109 5120 an
1164 5050 1598 5116 experimentum
1655 5049 1905 5118 quaeritis

215 5118 367 5193 ejus,
410 5122 523 5191 qui
545 5121 603 5193 in
636 5136 720 5193 me
749 5120 997 5193 loquitur
1027 5118 1305 5193 Christus?

297 5189 515 5265 (1090)
547 5189 597 5265 II
626 5191 753 5245 Cor.
802 5189 890 5265 iv,
930 5192 1004 5265 16_
1048 5191 1175 5265 Etsi
1198 5264 1203 5265 γ
1230 5192 1470 5245 exterior
1514 5194 1693 5244 noster
1749 5192 1904 5265 nomo

218 5262 688 5332 corrumpitur;
718 5263 811 5316 sed
835 5263 1005 5332 is,qui
1034 5264 1271 5316 interior
1285 5266 1381 5326 est,
1410 5272 1711 5316 renovatur
1739 5262 1803 5317 de
1818 5262 1905 5317 die

216 5339 283 5392 in
316 5337 513 5391 diem.
548 5354 574 5381 ‹‹
607 5333 914 5404 Corruptio
945 5334 1123 5401 enim,
1148 5338 1226 5387 ait
1258 5334 1426 5387 divus
1458 5334 1713 5402 Hieron.,
1748 5340 1902 5388 exte-

220 5408 414 5464 rioris
456 5404 747 5469 hominis,
775 5404 1067 5459 interioris
1100 5406 1355 5460 hominis
1388 5405 1680 5459 renovatio
1702 5411 1790 5459 est
1812 5423 1823 5470 ;
1849 5410 1905 5459 et

217 5485 453 5535 contra
493 5476 789 5531 interioris
814 5476 1070 5531 hominis
1105 5478 1419 5548 corruptio,
1471 5477 1769 5531 exterioris
1818 5481 1904 5531 est

215 5552 630 5607 instauratio.
661 5571 685 5596 ››

326 5619 517 5689 1091)
554 5618 723 5691 Vulg.
748 5618 982 5674 lectioni
1002 5620 1293 5675 consentit
1314 5625 1599 5689 textus,et
1621 5618 1904 5691 expositio

215 5691 656 5765 subsequens.
691 5692 1056 5749 Consentitet
1076 5708 1144 5750 ea
1156 5692 1370 5765 Pelagii
1392 5693 1524 5751 divo
1546 5691 1903 5764 Hieronymo

2012 3276 2088 3324 De
2122 3287 2187 3325 eo
2216 3286 2330 3341 quo
2362 3271 2574 3324 creatio
2606 3273 2784 3340 atque
2815 3267 3092 3333 conditio,
3154 3264 3386 3321 nonnisi
3421 3264 3476 3317 in
3538 3280 3658 3318 ma-

2010 3360 2142 3431 gnis
2199 3360 2373 3414 rebus
2424 3365 2722 3430 ponuntur
2770 3358 2975 3428 (1094).
3033 3355 3254 3411 Aliter:
3294 3354 3659 3411 Renovamini

2008 3484 2231 3538 tributa
2258 3484 2661 3555 interpretatio
2710 3484 2766 3537 in
2797 3482 3213 3555 hancEpistL:
3235 3480 3459 3550 spiritus
3508 3480 3659 3555 enim

2011 3558 2209 3611 mentis
2239 3552 2450 3626 legitur
2480 3556 2808 3626 utrobique.
2844 3557 2916 3608 At
2941 3552 3110 3608 divus
3150 3552 3539 3626 Hieronymus
3598 3552 3658 3604 in

2008 3630 2212 3697 spiritu
2242 3621 2430 3682 sensus
2462 3627 2601 3698 legit
2624 3621 2892 3691 in'textu,
2927 3626 3159 3698 etjuxta
3189 3640 3316 3698 eam
3341 3621 3650 3677 lectionem

2011 3695 2199 3771 pergit
2231 3695 2623 3771 interpretari.
2652 3701 2745 3753 Ait
2766 3698 2917 3771 enim
2956 3715 2968 3752 :
2997 3695 3037 3771 it
3066 3696 3181 3771 Nec
3211 3695 3267 3771 in
3292 3711 3469 3749 sensu
3494 3709 3656 3747 rens-

2009 3767 2216 3824 varriur
2245 3767 2464 3838 absque
2487 3770 2719 3840 spiritu.
2753 3787 2856 3823 nec
2880 3770 2934 3822 in
2954 3767 3159 3838 spiritu
3192 3767 3414 3835 absque
3445 3780 3654 3840 sensu;

2012 3842 2111 3895 sed
2135 3835 2808 3909 renovamureonjuncte
2825 3840 2881 3893 in
2907 3835 3116 3909 spiritu
3141 3852 3351 3890 sensus
3373 3835 3577 3900 nostri,
3595 3838 3659 3887 ut

2012 3912 2303 3981 quomodo
2338 3910 2644 3980 psallimus
2660 3912 2891 3979 spiritu,
2912 3909 3220 3981 psallimus
3244 3912 3301 3981 et
3322 3922 3519 3981 sensu,
3536 3921 3660 3958 ora-

2012 3976 2144 4035 mus
2178 3976 2410 4051 Spiritu,
2435 3998 2671 4035 oramus
2694 3976 2757 4035 et
2780 3976 2955 4034 sensu
2983 3996 2996 4033 :
3022 3979 3186 4033 sicin
3211 3976 3421 4051 spiritu
3445 3990 3658 4051 sensus

2013 4052 2193 4108 nostri
2213 4044 2608 4106 'renovemur:
2643 4057 2708 4106 ut
2739 4067 2872 4105 cum
2923 4066 3133 4105 sensus
3182 4047 3440 4101 mundus
3488 4044 3659 4100 fuerit

2013 4131 2188 4195 atque
2222 4129 2525 4195 purgatus,
2554 4128 2609 4177 et
2633 4123 2704 4176 ab
2728 4123 2883 4176 omni
2907 4121 3137 4177 macula
3159 4118 3407 4195 sordidae
3426 4133 3661 4195 concre-

2011 4189 2188 4250 tionis
2220 4189 2468 4259 alienus,
2498 4200 2637 4248 tunc
2668 4195 2716 4247 ei
2744 4194 3031 4264 jungatur
3058 4199 3116 4246 et
3166 4190 3433 4264 spiritus,
3492 4194 3548 4243 et
3577 4189 3661 4242 ita

2014 4269 2268 4337 quodam
2302 4266 2455 4321 inter
2476 4284 2536 4321 se
2561 4262 2803 4321 unitatis
2834 4262 3057 4337 glutine
3079 4262 3446 4337 copulentur,
3471 4266 3534 4315 ut
3558 4276 3659 4314 ne-

2013 4334 2307 4409 quaquam
2342 4338 2588 4409 simplex
2614 4334 2880 4408 spiritus,
2913 4337 3011 4391 sed
3034 4334 3282 4409 spiritus
3301 4349 3510 4409 sensus
3530 4348 3660 4409 esse

2012 4403 2261 4464 dicatur.
2297 4410 2441 4463 Cum
2464 4403 2476 4409 ’
2503 4403 2696 4465 autem
2732 4409 2987 4464 renovati
3024 4403 3308 4462 fuerimus
3341 4404 3397 4457 ia
3423 4403 3656 4475 spiritu,

2014 4481 2112 4551 qui
2144 4481 2326 4535 nostri
2362 4498 2571 4535 sensus
2603 4487 2691 4536 est
2726 4480 2991 4551 spiritus,
3025 4484 3166 4532 tunc
3198 4477 3511 4531 induemur
3556 4490 3658 4528 no-

2012 4569 2147 4606 vum
2182 4552 2501 4617 hominem,
2538 4554 2635 4623 qui
2666 4552 2987 4607 secundum
3023 4554 3203 4604 Deum
3237 4552 3466 4602 creatus
3497 4552 3607 4601 est.
3632 4568 3659 4594 »

2086 4648 2404 4725 (1092)”Ita,
2439 4654 2503 4725 ut
2534 4650 2665 4725 divo
2696 4649 3045 4719 Hieronymo
3079 4643 3661 4725 hujus_exposit_ion_is

2015 4715 2236 4775 auctori
2272 4715 2605 4779 famularer.
2630 4720 2785 4773 hunc
2817 4715 3037 4774 textum
3072 4715 3396 4784 emendavi,
3421 4716 3559 4786 quia
3581 4715 3662 4768 ita

2007 4792 2167 4861 jacet
2202 4794 2258 4846 in
2312 4794 2438 4846 cod.
2497 4794 2676 4846 (.‘onst-
2722 4808 2891 4845 novus
2931 4795 3091 4861 cept.,
3155 4788 3377 4844 scilicet
3418 4790 3657 4841 verbum

2016 4868 2302 4933 conceptus
2332 4864 2389 4917 in
2414 4864 2561 4917 duas
2585 4867 2776 4934 partes
2800 4864 3075 4929 scissum,
3099 4865 3155 4916 et
3177 4862 3328 4934 inter
3348 4864 3657 4934 utranqpe,

2012 4933 2137 4988 loco
2166 4927 2445 4999 nativitas,
2484 4927 2865 5006 per-errorem
2910 4927 3154 4988 fortasse
3211 4931 3493 5001 scriptum
3553 4927 3661 4980 fuit

2011 5022 2199 5061 novas.

2085 5093 2268 5163 (1093)
2299 5093 2547 5147 Sanctus
2576 5094 2938 5165 Augustinus
2969 5110 3100 5147 vero
3129 5092 3229 5165 lib.
3255 5107 3294 5151 ι,
3323 5091 3525 5165 contra
3558 5084 3658 5139 ad-

2012 5182 2160 5220 vers.
2196 5165 2328 5234 leg..
2364 5169 2419 5219 et
2450 5162 2803 5236 prophfcap.
2838 5167 2927 5227 23,
2958 5182 3119 5235 aeque
3144 5164 3385 5236 factum,
3420 5162 3659 5236 etncrea-

2013 5242 2134 5291 tum
2160 5237 2215 5290 in
2251 5228 2704 5307 Scripturisdici
2752 5228 2955 5292 asserit
2991 5228 3407 5307 indifferenter,
3443 5228 3561 5283 sive
3587 5228 3659 5282 de

2014 5309 2209 5374 rebus,
2244 5301 2465 5378 quae-ex
2498 5310 2741 5362 materia
2772 5309 2989 5378 aliqua.
3023 5307 3141 5360 sive
3173 5304 3243 5357 de
3274 5301 3386 5378 his,
3433 5317 3560 5370 quae
3585 5316 3661 5378 ex

2017 5326 2209 5374 rebus,
2244 5326 2367 5378 quae
2398 5326 2465 5362 ex
2498 5326 2741 5362 materia
2772 5326 2842 5362 an
2897 5326 2989 5368 ua.
3023 5326 3141 5360 Slve
3173 5326 3243 5357 ur;
3277 5326 3386 5368 Uis,
3433 5326 3560 5370 qua:
3592 5326 3661 5354 ex

2017 5380 2176 5433 nulla
2201 5380 2557 5451 prodierunt.
2594 5380 2709 5434 Hoc
2742 5386 2798 5434 et
2830 5326 3045 5451 pigries
3077 5393 3110 5430 a
3159 5373 3417 5451 profanis
3464 5376 3661 5427 aucto-

2016 5451 2179 5505 ribus
2201 5444 2319 5506 'usu
2354 5444 2850 5506 commendatum:
2884 5449 3020 5503 Divo
3052 5451 3249 5502 autem
3309 5444 3658 5517 Hieronymo

2024 5523 2267 5577 assentit
2299 5529 2499 5578 auctor
2528 5530 2743 5578 noster.

2084 5622 2845 5695 (1094)Itadivus_ﬂieron.:n
2867 5617 3485 5695 Munduscreatusest;
3510 5612 3650 5695 urbs

2017 5688 2477 5751 condit-adicitur
2494 5710 2506 5761 ;
2526 5693 2737 5748 domus
2751 5706 2906 5763 vero,
2923 5688 3191 5762 quamvis
3207 5702 3440 5760 magna,
3460 5688 3656 5759 potius
