4014 6172
365 346 479 413 871

1382 347 1722 412 ATTONIS
1767 296 2365 411 VERCELLENSIS’
2399 343 2753 410 EPISGOPI

3658 340 3779 403 5'12

366 486 573 557 spiritu
589 482 831 546 mentis;
864 498 980 539 non
1012 482 1168 555 quod
1199 481 1357 539 aliud
1418 482 1664 553 spiritus
1694 481 1791 547 sit,
1850 481 2008 536 aliud
2044 488 2097 553 Α
2127 481 2284 536 mala
2304 481 2453 536 valet
2482 482 2614 553 quis
2665 481 2873 547 facere,
2926 496 3053 552 quae
3109 477 3207 534 vix
3262 475 3451 552 possit
3489 474 3778 545 lacrymis

372 590 561 639 mens,
585 574 686 629 sed
709 573 849 644 quia
881 589 994 628 non
1025 572 1219 628 omnis
1251 572 1498 643 spiritus
1529 576 1620 627 est
1647 586 1834 625 mens.
1868 574 2018 625 Deus

372 662 587 717 dicitur
612 662 876 734 spiritus,
897 667 953 717 et
982 678 1089 716 vox
1109 660 1324 715 dicitur
1345 661 1609 732 spiritus,
1626 666 1683 714 et
1701 665 1930 729 ventus,
1962 664 2019 714 et

361 749 943 820 vitajumentorum;
977 750 1061 805 sic
1093 755 1151 805 et
1176 766 1369 822 corpus
1408 752 1616 817 carnis,
1656 755 1721 803 ut
1753 748 1895 803 illud
1923 749 2017 803 :In

364 840 760 910 mpoliatione
772 840 1016 909 corporis
1030 855 1163 893 cari.
1174 839 1224 893 is
1244 838 1468 909 (Coloss.
1492 855 1554 903 ιι,
1584 838 1641 890 11
1673 838 1711 903 ;)
1735 854 1846 891 non
1863 856 1894 908 q
1905 837 2014 891 uod

375 927 492 983 alia
522 945 674 999 caro,
700 945 875 1000 quam
909 944 1145 999 corpus,
1178 929 1275 982 sed
1297 928 1434 998 quia
1465 943 1577 981 non
1603 943 1775 981 omne
1806 942 2018 997 corpus

373 1032 528 1086 caro,
553 1018 827 1089 quoniam
858 1020 999 1070 sunt
1022 1033 1264 1088 corpora
1286 1015 1563 1079 cmlestia,
1585 1021 1693 1070 etc.
1719 1016 1881 1080 Quod
1906 1016 2015 1070 ait:

366 1104 566 1160 Exuite
622 1121 712 1161 vos
742 1111 991 1169 veterem,
1030 1110 1164 1169 etc.,
1222 1121 1410 1175 usque
1462 1104 1730 1169 veritatis,
1768 1106 1875 1157 hoc
1907 1109 2015 1171 est,

369 1194 525 1264 quod
560 1193 695 1248 alibi
728 1194 869 1248 dicit
903 1210 915 1247 ε
950 1194 1333 1264 Emvpoliantes
1364 1210 1451 1248 vos
1482 1193 1755 1247 hominem
1786 1202 2019 1280 ve‘erem

367 1298 493 1338 cum
538 1285 749 1338 actibus
803 1284 941 1350 suis,
1001 1283 1226 1337 induite
1277 1298 1500 1348 novam,
1569 1284 1666 1352 qui
1724 1285 2020 1349 renouatur

366 1373 429 1427 in
473 1372 903 1440 agnitioneDei
963 1371 1265 1426 secundum
1340 1372 1641 1441 imaginem
1704 1368 2019 1441 ejusfqui

368 1462 575 1516 creavit
602 1478 733 1515 eum
781 1460 990 1531 (1095).
1049 1461 1168 1514 Ista
1223 1459 1399 1514 verba
1449 1459 1801 1514 conferenda
1856 1464 2014 1514 sunt.

368 1550 504 1613 Quae
527 1548 820 1605 renovatio
850 1548 928 1603 sit
956 1549 1016 1602 in
1050 1552 1265 1613 mente,
1292 1547 1351 1602 in
1384 1565 1501 1619 qua
1530 1553 1621 1603 est
1652 1549 1845 1620 imago
1895 1548 2015 1603 Dei.

366 1641 517 1693 Sane
540 1638 654 1692 ista
685 1637 982 1693 renovatio
1018 1653 1133 1692 non
1163 1642 1254 1692 est
1278 1637 1455 1692 unius
1506 1637 1813 1699 momenti.
1865 1636 2019 1692 sicut

368 1724 473 1781 illa
501 1726 562 1781 in
594 1726 909 1797 baptismo.

442 1814 751 1886 Sequitur:
782 1819 1014 1886 Propter
1035 1815 1176 1886 quod
1205 1818 1315 1870 etc.
1365 1815 1709 1870 Mendacium
1745 1818 1834 1870 est
1874 1813 2020 1870 falsa

374 1902 723 1975 significatio
770 1919 906 1958 cum
937 1901 1232 1958 voluntate
1279 1902 1515 1958 fallendi
1552 1903 1756 1974 (1096),
1799 1901 1857 1957 id
1911 1906 2018 1971 est,

370 1993 730 2063 deponentes
746 1992 1121 2047 mendacium
1144 1990 1472 2046 litterarum
1519 1990 1737 2060 saeculi,
1762 1990 1903 2061 legis
1924 1990 2021 2046 Dei

372 2080 687 2153 loquimini
711 2079 1211 2144 veritatem.Quod
1236 2081 1377 2135 dicit
1409 2105 1423 2137 :
1449 2081 1585 2136 Cum
1611 2082 2023 2151 proximo,om-

376 2186 514 2225 nem
550 2169 849 2225 hominem
884 2169 1008 2223 vult
1036 2169 1303 2242 intelligi.
1329 2174 1448 2226 Non
1500 2169 1850 2224 adulterabis
1894 2185 2028 2224 uxo-

376 2275 497 2313 rem
511 2259 761 2328 proximi
788 2260 871 2312 tui
898 2257 1091 2328 (Exod.
1115 2275 1208 2325 xx,
1234 2258 1343 2325 l7).
1376 2257 1433 2311 Si
1457 2258 1702 2329 proximi
1726 2258 2024 2325 suntnoti,

374 2347 815 2402 autcredentes:
839 2361 977 2417 ergo
997 2346 1246 2401 aliorum
1266 2362 1473 2401 uxores
1506 2347 1846 2418 appetendis
1863 2354 2025 2401 sunt.

375 2437 518 2490 Cum
542 2450 747 2490 omnes
768 2434 1012 2506 proximi
1048 2434 1188 2499 sint,
1220 2434 1321 2505 qui
1362 2451 1432 2489 ex
1464 2436 1647 2489 Adam
1697 2434 1812 2489 nati
1867 2440 2025 2499 sunt,

374 2539 490 2579 non
522 2523 792 2579 attendas
824 2524 883 2578 in
915 2521 1218 2577 incredula
1248 2523 1407 2593 quod
1441 2528 1549 2589 est,
1583 2524 1684 2578 sed
1709 2523 1862 2594 quod
1900 2539 2029 2579 esse

377 2627 509 2667 eum
533 2611 639 2665 vis.
670 2615 818 2665 Nam
850 2610 1132 2682 parabola
1169 2610 1240 2665 de
1262 2611 1463 2666 saucio
1483 2612 1646 2682 (Luc.
1670 2629 1726 2677 x,
1756 2613 1869 2683 30),
1928 2612 2027 2683 qui

378 2698 587 2755 incidit
615 2698 675 2753 in
701 2697 1311 2771 latrones,proximun
1334 2700 1690 2755 manifestat.
1719 2704 2026 2766 Caeterum,

382 2787 537 2859 quod
569 2788 876 2859 sequitur:
913 2788 1185 2856 Quoniam
1223 2804 1416 2843 sumus
1472 2790 1708 2844 invicem
1760 2791 2026 2854 membra,

384 2881 747 2932 monstratur
772 2876 928 2947 quod
986 2875 1266 2948 mysteria
1305 2877 1698 2945 credentibus,
1731 2883 1790 2932 et
1825 2893 2029 2949 capere

382 2964 733 3036 volentibus,
765 2970 905 3020 sunt
934 2965 1282 3037 pandenda;
1314 2966 1456 3037 quia
1484 2983 1597 3021 non
1631 2971 1720 3022 est
1758 2972 2027 3022 sanctum

382 3053 645 3110 dandum
673 3054 922 3110 canibus
943 3054 1150 3121 (Matth.
1176 3068 1280 3121 vu,
1304 3055 1383 3125 6).
1418 3055 1585 3122 Item,
1609 3054 1762 3109 sicut
1788 3057 2030 3110 menbra

381 3157 498 3200 non
521 3143 852 3199 seinvicem
876 3142 1123 3214 laniant,
1164 3142 1245 3197 ita
1276 3160 1382 3199 nec
1429 3143 1509 3211 hi,
1545 3142 1646 3215 qui
1675 3143 1734 3197 in
1792 3159 2029 3216 corpore

378 3237 542 3302 sunt,
577 3248 640 3288 se
670 3232 913 3288 laedunt.

455 3322 640 3394 (1097)
667 3323 947 3393 Sequitur
978 3322 1356 3389 :Irascimini,
1390 3324 1499 3375 etc.
1538 3325 1611 3376 De
1638 3338 1705 3377 eo
1737 3322 1890 3394 quod
1924 3323 2034 3377 du-

386 3409 520 3482 plex
543 3416 633 3466 est
660 3410 766 3479 ira,
791 3411 848 3465 id
895 3414 1008 3476 est,
1059 3409 1345 3465 naturalis
1396 3415 1614 3474 motus,
1665 3415 1722 3464 et
1765 3411 2035 3466 voluntas

389 3498 748 3553 vindicandi.
782 3498 1114 3554 Irascimini
1170 3498 1380 3553 vestris
1410 3497 1495 3553 vel
1518 3497 1769 3553 aliorum
1796 3498 1952 3566 vitis,
1983 3502 2039 3554 et

391 3586 568 3642 nolite
593 3603 836 3658 peccare.

466 3674 745 3748 Sequitur
776 3693 789 3730 :
823 3676 917 3732 Sol
948 3691 1056 3731 non
1084 3674 1437 3738 occidat,stc.
1474 3674 1595 3730 Non
1611 3674 2038 3747 simpliciterde

389 3761 502 3819 isto
532 3764 653 3820 sole
681 3763 823 3819 dicit
855 3782 868 3820 :
902 3765 1051 3829 Quia
1071 3781 1105 3819 a
1132 3779 1304 3825 mane
1334 3780 1522 3835 usque
1551 3780 1857 3837 vesperum
1877 3770 2041 3822 tanta

386 3965 445 4016 ta
473 3959 778 4027 aediﬁcata,
810 3977 913 4017 seu
938 3961 1088 4016 tacta
1111 3959 1345 4029 dicitur,
1395 3975 1574 4031 quam
1633 3960 1890 4030 condita,
1945 3962 2037 4019 vel

395 4038 610 4090 creata.
644 4052 675 4086 ι)

461 4105 646 4175 (1095)
686 4103 906 4160 Coloss.
940 4120 1025 4167 ιιι,
1057 4104 1135 4175 9,)
1162 4102 1260 4157 ubi
1290 4102 1348 4156 in
1397 4100 1566 4174 Vulg.
1602 4107 1734 4173 post
1791 4104 2035 4159 verbum

396 4174 676 4247 agnitione
706 4193 820 4231 non
875 4176 1087 4247 legitur
1115 4174 1229 4247 Dei.

396 4246 581 4318 (1096)
613 4246 696 4300 En
723 4245 1477 4318 breveni,aptissimamque
1508 4245 1794 4300 mendacii
1827 4246 2039 4301 deﬁni-

398 4318 642 4372 tionem.

470 4389 656 4459 (1097)
687 4387 790 4443 Hic
822 4388 881 4442 in
915 4391 1112 4458 autog.
1148 4401 1333 4459 marg.
1369 4384 1584 4456 legitur
1613 4403 1738 4457 cap.
1772 4387 1965 4444 XVIII.

469 4458 652 4532 (1098)
684 4459 808 4532 Divi
840 4458 1171 4531 Hieronymi
1195 4458 1374 4532 juvat
1410 4460 1639 4532 textum
1689 4460 1933 4532 all'erre,
1976 4464 2040 4514 ut

401 4528 745 4603 suppleatur
774 4530 869 4586 hic
900 4528 1114 4603 noster.
1154 4529 1341 4603 «Quia
1361 4528 1537 4603 igitur
1562 4546 1735 4603 verus
1755 4530 1862 4603 sol,
1890 4531 2042 4587 sicut

401 4601 615 4658 occidit
643 4620 820 4673 super
840 4602 1025 4658 malos
1072 4602 1410 4674 prophetas,
1436 4601 1609 4674 juxta
1658 4602 1831 4674 illud,

405 4675 688 4746 scriptum
719 4671 810 4730 est
854 4675 1033 4746 (Amos
1074 4671 1319 4746 'v1u,9):
1353 4671 1558 4727 Occidit
1584 4673 1666 4728 sol
1722 4690 1890 4744 super
1908 4671 2041 4746 pro-

402 4744 598 4815 phetas
625 4759 825 4801 vestros
854 4744 1118 4807 meridie;
1134 4749 1213 4799 ita
1225 4744 1397 4798 etiam
1419 4759 1596 4814 super
1615 4760 1818 4799 omnes
1837 4744 2048 4801 occidit

411 4822 1158 4888 peccatores,nequaquam
1184 4816 1267 4870 eis
1295 4820 1458 4888 ortus
1492 4815 1582 4869 sui
1620 4818 1816 4888 lumen
1849 4816 2041 4870 indul-

447 4904 579 4942 ens:
615 4886 893 4958 praecipiti
923 4886 1077 4942 nunc
1119 4886 1454 4957 Apostolus,
1481 4904 1560 4958 ne
1591 4886 1732 4942 talia
1762 4889 2046 4944 laciamus

428 4957 598 5031 more
618 4957 908 5031 superati,
940 4975 1191 5031 perque:
1216 4958 1385 5031 nobis
1408 4957 1490 5013 sol
1527 4959 1774 5031 occidat,
1808 4965 1864 5014 et
1888 4977 2045 5031 pl‘ln-

401 5029 588 5102 cipale
606 5028 822 5099 cordis,
841 5028 1097 5102 tenebris
1116 5028 1710 5102 involvatur.Quidam
1736 5028 1944 5102 putant
1964 5031 2047 5086 sic

401 5100 810 5174 accipiendum
842 5101 949 5157 hoc
968 5118 1095 5156 esse
1121 5100 1799 5174 simpliciter,quomodo
1831 5102 2042 5157 etillud

404 5170 609 5247 quarti
638 5174 891 5247 psalmi,
946 5178 1122 5247 unde
1153 5170 1411 5247 idipsum
1464 5178 1781 5247 sumptum
1820 5174 2050 5247 videtur

403 5244 565 5311 (vers.
598 5244 691 5316 5)’:
726 5246 854 5313 Quae
886 5246 1076 5300 dicitis
1103 5245 1164 5297 in
1185 5244 1434 5316 cordibus
1460 5245 1652 5299 vestris
1682 5249 1734 5299 et
1761 5246 1821 5300 in
1850 5246 2047 5301 cubili-

407 5317 504 5387 bus
525 5314 719 5372 vestris
741 5314 1291 5387 compungimini,id
1325 5321 1430 5379 est,
1464 5332 1828 5386 quaecunque
1862 5318 1918 5371 in
1956 5320 2049 5373 die

405 5386 495 5440 vel
519 5403 709 5457 opere,
729 5388 812 5442 vel
831 5385 1116 5456 sermone,
1136 5385 1224 5439 vel
1250 5387 1597 5456 cogitatione
1612 5385 1863 5457 peccatis
1885 5388 2047 5457 ,haac,

409 5457 753 5529 succedente
786 5460 1144 5529 poenitentia,
1181 5462 1426 5528 purgate
1469 5472 1567 5527 per
1587 5463 1847 5513 noctem:
1881 5466 1938 5514 et
1965 5459 2054 5516 ira

410 5529 491 5581 sit
522 5528 728 5591 brevis,
757 5528 860 5584 nec
890 5532 946 5583 in
982 5531 1133 5583 diem
1168 5537 1488 5583 crastinum
1522 5529 1843 5586 diti'eratur.
1880 5553 1907 5579 ››

479 5600 659 5673 (1099)
697 5603 771 5673 En
807 5601 1135 5672 exemplum
1160 5602 1339 5654 adivo
1375 5599 1601 5673 Hieron.
1631 5601 2047 5673 desumptum:

402 5691 436 5753 τ»
456 5669 720 5753 Denique
739 5672 803 5753 ιιι
826 5669 996 5753 Judgé
1021 5673 1265 5753 iscariot
1295 5685 1395 5725 cor
1426 5671 1677 5753 primam
1701 5669 2051 5753 jeci‘t'sagit-

399 5746 549 5812 tam,
582 5748 646 5800 ut
675 5742 1326 5812 traderetSalwstorem,
1359 5756 1536 5813 quam
1557 5743 1608 5801 si
1627 5747 1928 5818 exceptam
1943 5742 2054 5800 ille

2128 572 2357 642 eXpiarc
2387 571 2596 626 diebus
2625 571 2752 625 vitae
2786 587 2925 625 sum.
2959 570 3057 624 Est
3088 586 3224 641 ergo
3248 584 3459 623 sensus
3490 567 3659 621 :Non
3703 565 3781 620 sit

2131 664 2290 715 tanta
2322 660 2425 726 ira,
2460 676 2589 731 qua:
2623 658 2804 714 solem
2838 657 2896 712 in
2932 657 3094 712 vobis
3131 655 3377 727 justitiaz
3398 658 3456 709 et
3506 652 3783 708 veritatis

2127 750 2483 819 exstinguat.
2521 754 2595 803 De
2617 746 2901 819 exemplis
2933 745 3073 801 solis
3103 745 3319 818 (1098).

2200 837 2476 908 Sequitur
2506 838 2723 901 :Nolite,
2757 841 2864 890 etc.
2890 835 3146 890 Diabolus
3176 833 3387 904 Grace,
3423 831 3633 887 Latine
3675 833 3784 885 cri-

2129 930 2392 993 minator,
2421 927 2698 981 Hebraice
2728 925 2895 981 Satan
2931 926 3165 979 dicitur.
3203 928 3278 977 De
3308 938 3372 977 eo
3404 922 3557 993 quod
3628 920 3786 975 sicut

2127 1015 2394 1071 Christus
2427 1021 2543 1070 stat
2571 1017 2642 1070 ad
2674 1015 2918 1079 ostium,
2950 1020 3007 1069 et
3044 1013 3257 1086 pulsat,
3291 1016 3347 1066 et
3394 1011 3443 1065 si
3475 1009 3613 1082 quis
3648 1026 3787 1078 ape-

2130 1106 2312 1159 ruerit
2341 1106 2414 1165 ei,
2448 1105 2627 1159 intrat
2658 1110 2714 1159 et
2744 1108 2931 1157 cmuat
2971 1119 3100 1156 cum
3127 1101 3260 1156 illod
3303 1102 3487 1172 (Apoc.
3527 1117 3615 1166 ιιι,
3651 1100 3787 1167 ‘20);

2126 1193 2207 1249 ita
2233 1193 2501 1248 diabolus
2519 1191 3001 1264 pulsat,sicutleo
3026 1190 3280 1263 rugiens.
3305 1206 3575 1261 quaerens
3602 1204 3786 1259 quem

2128 1283 2360 1337 devoret
2383 1285 2428 1353 (I
2458 1284 2601 1338 Petr.
2630 1284 2782 1347 v.8),
2807 1286 2863 1335 et
2909 1297 3041 1334 cum
3076 1279 3268 1334 locum
3316 1278 3365 1333 ei
3408 1278 3670 1343 dederis,
3708 1278 3791 1332 in-

2127 1371 2408 1444 greditur.
2439 1371 2548 1426 Sed
2583 1370 2734 1426 solet
2763 1370 3112 1441 praemittere
3135 1368 3588 1431 tentationnem,
3615 1367 3792 1439 quasi

2129 1461 2427 1525 nuntium,
2464 1476 2639 1532 quam
2657 1459 2706 1514 si
2739 1458 3089 1529 susceperis,
3123 1461 3178 1512 et
3206 1457 3471 1511 nutritus
3495 1456 3710 1523 fueris,
3738 1459 3792 1510 et

2128 1550 2255 1620 ipse
2283 1549 2630 1619 ingreditur.
2685 1546 3029 1619 Exemplum
3063 1546 3134 1601 de
3155 1546 3306 1601 Juda
3332 1544 3539 1625 @099).
3595 1543 3790 1600 Nolite

2127 1636 2322 1693 locum
2346 1639 2502 1709 dare,
2537 1641 2601 1692 ut
2630 1636 2777 1691 illud
2809 1653 2822 1691 :
2860 1636 2922 1692 Si
2949 1637 3178 1708 spiritus
3216 1639 3543 1707 potestatem
3575 1633 3787 1689 habens

2126 1726 2432 1782 ascenderit
2458 1743 2624 1798 super
2652 1734 2720 1789 te,
2752 1727 2930 1781 locum
2959 1734 3113 1780 tuum
3142 1740 3212 1779 ne
3253 1723 3544 1779 demiseris
3578 1724 3785 1794 (1100).

2201 1815 2477 1886 Sequitur
2505 1832 2518 1869 :
2556 1817 2663 1883 Qui
2683 1815 3006 1885 iurabatur,
3037 1818 3145 1868 etc.
3187 1813 3429 1868 Furtum
3494 1817 3588 1866 est
3620 1811 3787 1884 quid-

2134 1903 2272 1975 quid
2307 1920 2441 1958 cum
2477 1905 2692 1958 damno
2724 1903 2964 1958 alterius
3023 1901 3366 1973 acquiritur.
3424 1899 3600 1955 Unde
3641 1899 3789 1953 nihil

2132 1992 2339 2058 tutius,
2375 1991 2519 2046 nihil
2553 1991 2842 2059 securius,
2867 2007 3044 2063 quam
3076 2007 3247 2062 opere
3274 2005 3563 2044 manuum
3578 1988 3788 2053 vivere,

2135 2084 2192 2136 et
2220 2079 2366 2135 alios
2390 2081 2691 2150 adjuvare,
2714 2080 2850 2152 quia
2882 2079 3113 2152 negotia
3138 2080 3359 2150 absque
3390 2082 3634 2149 peccato
3668 2094 3790 2133 esse

2135 2185 2251 2223 non
2283 2175 2551 2241 possunt.
2582 2171 2750 2234 Sunt,
2783 2170 2883 2241 qui
2917 2169 2988 2224 ad
3020 2169 3129 2223 hoc
3151 2172 3383 2222 tantum
3411 2166 3713 2224 laborant.
3732 2172 3792 2221 ut

2136 2274 2252 2313 non
2276 2264 2481 2330 egeant
2508 2275 2521 2312 :
2549 2260 2647 2314 sed
2681 2275 2796 2314 non
2818 2257 3067 2329 implent
3097 2257 3201 2312 hoc
3225 2260 3583 2328 praeceptum
3611 2275 3628 2323 ς
3659 2256 3793 2327 quia

2136 2361 2251 2403 non
2284 2348 2368 2403 ait
2395 2364 2407 2403 :
2432 2348 2672 2417 Labora,
2699 2352 2763 2402 ut
2794 2364 2907 2402 non
2948 2363 3141 2418 egeas,
3174 2346 3272 2401 sed
3305 2354 3371 2400 ut
3394 2346 3626 2410 habeas,
3656 2346 3796 2399 unde

2135 2437 2348 2491 tribuas
2368 2439 2764 2492 necessitatem
2799 2436 3161 2507 patientibus.
3197 2434 3400 2489 Aliter.
3436 2434 3539 2489 Est
3570 2435 3795 2489 furtum

2137 2525 2421 2597 spiritale,
2454 2530 2518 2580 ut
2545 2525 2724 2581 illud:
2754 2527 2996 2580 Furatur
3034 2525 3408 2597 unusquisque
3453 2540 3741 2579 sermones
3765 2541 3799 2577 a

2132 2616 2390 2686 proximo
2416 2631 2512 2670 suo
2533 2616 2668 2686 (Jer.
2715 2631 2876 2681 xxm,
2909 2615 3001 2685 30)
3021 2628 3043 2674 ,°
3073 2619 3165 2668 et:
3192 2617 3459 2685 quotquot
3490 2617 3653 2667 extra
3716 2628 3802 2667 me

2136 2707 2403 2758 venerunt
2432 2704 2636 2774 (1101),
2684 2708 2793 2757 etc.
2847 2702 2953 2766 Qui
3004 2702 3310 2756 iurabatur
3339 2718 3509 2756 sacra
3540 2701 3800 2773 eloquia,

2138 2792 2365 2847 laboret
2393 2808 2600 2863 agrum
2632 2792 2851 2847 mentis
2870 2808 3009 2857 suae,
3027 2795 3089 2845 ut
3106 2807 3222 2845 non
3248 2790 3438 2845 solum
3468 2790 3599 2861 ipse
3621 2791 3802 2845 abun-

2138 2881 2256 2948 det,
2290 2882 2387 2936 sed
2415 2882 2593 2936 etiam
2620 2880 2806 2935 valeat
2837 2879 3134 2936 conservis
3157 2880 3294 2934 dare
3316 2879 3539 2934 cibaria
3573 2880 3638 2934 in
3662 2885 3804 2934 tem-

2138 2986 2276 3042 pore
2306 2987 2433 3025 suo.
2463 2969 2581 3025 Hoc
2612 2975 2920 3042 propterea
2939 2968 3350 3041 putant(1102)
3377 2993 3389 3031 ;
3414 2967 3561 3039 quia
3581 2968 3802 3024 bonum

2138 3076 2253 3114 non
2280 3059 2492 3113 dicitur
2521 3058 2860 3131 temporale.
2885 3063 3049 3125 Sunt,
3085 3058 3183 3128 qui
3216 3058 3287 3112 de
3307 3058 3462 3113 furto
3493 3062 3799 3113 consuunt

2138 3147 2446 3202 cervicalia
2502 3147 2635 3217 sibi,
2668 3164 2801 3203 cum
2860 3146 3091 3202 Domini
3117 3146 3318 3202 tunica
3358 3146 3437 3201 sit
3470 3146 3802 3202 inconsuti-

2058 3220 2101 3285 C
2140 3235 2215 3291 lis
2246 3236 2455 3307 (1103).

2215 3324 2397 3396 (1104)
2429 3324 2709 3396 Sequitur
2739 3341 2752 3380 :
2787 3324 2977 3379 Omnis
3003 3338 3178 3379 sermo
3194 3323 3396 3390 malus,
3441 3327 3557 3379 etc.
3613 3324 3811 3380 Bonus

2144 3428 2337 3469 sermo
2367 3420 2475 3479 est;
2491 3415 2727 3485 quando
2748 3413 2993 3468 virtutes
3006 3411 3291 3468 docentur
3306 3413 3624 3484 sequendae
3651 3430 3813 3481 ;ma-

2146 3499 2240 3556 lus
2264 3518 2295 3556 e
2325 3508 2527 3557 contra
2548 3518 2741 3557 sermo
2772 3507 2882 3567 est,
2914 3502 3151 3572 quando
3176 3501 3248 3556 ad
3268 3500 3409 3555 vitia
3440 3500 3663 3572 aliquis
3682 3518 3813 3575 ρω-

2143 3595 2404 3645 vocatur.
2436 3596 2511 3645 De
2531 3590 2739 3661 gratia,
2769 3594 2826 3644 et
2856 3591 2924 3644 de
2951 3596 3235 3661 tempore,
3269 3593 3326 3644 et
3368 3588 3676 3661 qualitate
3730 3590 3810 3644 lo-

2146 3679 2362 3750 quendi
2394 3680 2596 3751 (1105).
2631 3679 2939 3751 Sequitur:
2971 3678 3040 3733 Et
3067 3678 3243 3732 nolite
3282 3680 3633 3743 contristari,
3699 3684 3810 3734 etc.

2147 3771 2226 3823 De
2257 3785 2323 3823 eo
2354 3768 2510 3839 quod
2541 3768 2665 3823 ista:
2699 3766 3003 3840 passiones
3047 3767 3106 3821 in
3137 3766 3307 3822 nobis
3354 3767 3610 3839 propriae
3646 3772 3811 3835 sunt,

2150 3961 2503 4018 miserabilis
2536 3978 2649 4016 non
2684 3960 2941 4025 favisset,
2986 3975 3289 4031 nunquam
3313 3963 3460 4031 post
3490 3958 3819 4031 intinctam

2193 4050 2363 4088 anem
2418 4034 2473 4086 in
2529 4032 2859 4103 paropside,
2893 4030 3173 4103 intrasset
3204 4031 3259 4083 in
3307 4030 3482 4085 illum
3538 4030 3818 4085 Satanas.

2193 4052 2363 4088 anem
2418 4052 2473 4086 In
2529 4052 2859 4103 paropsme,
2894 4052 3173 4085 IDLPRSSBL
3204 4052 3259 4083 ιιι
3307 4052 3482 4085 mum
3538 4052 3818 4085 Satanas.

2151 4052 2458 4175 Simulque
2488 4104 2597 4157 hoc
2621 4104 2930 4174 diligenter
2952 4102 3449 4175 attenditeLquod
3498 4118 3614 4157 non
3664 4104 3822 4157 inve-

2152 4177 2301 4232 nerit
2333 4172 2600 4229 diabolus
2640 4172 2829 4229 locum
2883 4172 3217 4228 introeundi
3261 4172 3320 4226 in
3343 4173 3587 4239 Judam,
3643 4175 3819 4242 cujus

2151 4255 2355 4321 pectus
2380 4248 2674 4321 jamtante
2699 4250 3086 4321 percusserat,
3114 4245 3224 4321 nisi
3247 4244 3305 4297 in
3342 4245 3633 4321 convivio

2150 4316 2395 4375 vatoris.
2425 4319 2570 4381 Quia
2596 4316 2737 4371 tunc
2766 4318 2853 4370 wl
2888 4318 3142 4370 maxime
3174 4318 3230 4369 in
3258 4319 3617 4387 potestatem
3655 4316 3821 4371 cida-

2152 4407 2308 4456 mur,
2340 4390 2574 4460 quando
2608 4405 2713 4443 nec
2744 4388 3133 4460 humanitate,
3168 4401 3273 4440 nec
3304 4387 3649 4460 clementia,
3721 4401 3829 4441 nec

2151 4457 2605 4517 mansuetudine
2618 4461 2744 4530 ejus
2759 4460 2809 4511 vi
2823 4459 3250 4530 ncimur,quem
3266 4457 3510 4530 odimus
3523 4457 3781 4530 indigne
3800 4480 3827 4507 ιι)

2226 4534 2409 4601 (1100)
2441 4528 2703 4598 Ecclek,
2737 4532 2787 4585 4.
2823 4530 2909 4585 Ita
2939 4535 2996 4585 et
3014 4528 3185 4601 Vulg.
3220 4528 3393 4585 divus
3426 4533 3631 4585 autem
3672 4528 3829 4584 *Ηίθ-

1890 4603 2046 4674 quod
2079 4591 2127 4655 Ι)
2154 4591 2280 4659 ron.
2311 4620 2324 4658 :
2362 4591 2433 4658 Ne
2461 4603 2674 4658 dederis
2692 4591 2773 4657 'ei.

2222 4676 2405 4747 (1101)
2433 4675 2603 4747 Joan.
2636 4675 2781 4740 x,8:
2815 4672 3009 4727 Omnes
3028 4672 3283 4743 quotquot
3310 4679 3632 4747 ‘venerunt,
3668 4673 3837 4747 [ures

2155 4744 2304 4812 sunt,
2338 4744 2471 4810 etc.,
2505 4746 2604 4799 ubi
2656 4750 2812 4800 extra
2839 4759 2946 4799 me.
2982 4758 3188 4814 neque,
3222 4744 3353 4797 ante
3381 4758 3492 4812 me,
3529 4748 3595 4797 ut
3648 4744 3835 4798 divus

2156 4818 2387 4872 Hieron.
2421 4816 2615 4885 habet,
2651 4816 2880 4886 legitur.

2229 4890 2412 4960 (1102)
2442 4887 2574 4942 Scit.
2601 4883 2980 4960 interpretes,
3015 4883 3165 4960 inter
3195 4899 3345 4953 quos
3374 4883 3548 4960 divus
3580 4883 3836 4960 Hieron.

2229 4954 2591 5031 (1103)Scil.,
2625 4966 2690 5013 ut
2739 4954 2835 5031 ait;
2874 4956 3045 5031 divus
3086 4954 3440 5031 Hieron,qui
3481 4956 3838 5031 Scriptura-

2162 5026 2293 5086 rum
2328 5026 2552 5102 pannos
2585 5030 2721 5085 hinc
2742 5028 2878 5083 inde
2899 5026 3277 5097 colligunt,ut
3305 5026 3573 5102 tunicam
3606 5026 3845 5102 faciunt

2159 5099 2543 5168 conscissam,
2574 5119 2701 5173 quis
2728 5102 3004 5173 deorsum
3027 5104 3133 5164 est,
3168 5114 3282 5151 non
3308 5099 3685 5173 desursum.‘
3716 5100 3841 5154 Tu-

2160 5174 2289 5229 nica
2315 5176 2469 5229 enim
2496 5170 2779 5237 Ecclesiae,
2811 5171 2920 5226 hoc
2966 5177 3072 5237 est,
3107 5185 3318 5240 corpus
3370 5170 3612 5235 Christi,
3652 5171 3843 5226 desu-

2160 5262 2263 5318 per
2293 5250 2561 5300 contexta
2593 5253 2700 5309 est,
2724 5252 2781 5300 et
2811 5242 2971 5318 nulla
3004 5248 3265 5318 exparte
3304 5241 3649 5309 consutilis,
3701 5259 3842 5314 quae

2159 5315 2264 5373 nec
2297 5318 2367 5372 ab
2403 5318 2652 5371 mimicis
2697 5315 2880 5371 scindi
2911 5317 3118 5385 potest.

2259 5390 2415 5459 1104)
2450 5389 2551 5444 Hic
2583 5389 2639 5442 in
2662 5395 2856 5457 autog.
2892 5382 3339 5459 marg.__legit_u_r
3363 5398 3491 5455 cap.
3532 5382 3687 5459 XIX.

2258 5453 2416 5531 1105)
2447 5461 2720 5532 Cogimur
2751 5453 2843 5532 hic
2864 5453 3047 5510 etiam
3073 5453 3202 5532 divi
3247 5453 3591 5532 Hieronymi
3656 5456 3856 5532 verba

2166 5527 2407 5585 referre.
2428 5527 2573 5587 Sunt
2605 5537 2796 5585 autem
2824 5530 2943 5582 haec
2975 5544 2987 5581 :
3021 5547 3042 5575 ε
3076 5527 3185 5581 Pro
3218 5541 3283 5580 eo
3305 5531 3507 5580 autem
3543 5527 3715 5597 quod
3738 5542 3858 5582 nos

2162 5602 2492 5672 posuimus,
2527 5602 2594 5658 ad
2623 5602 3054 5669 .z'di/icationem
3097 5599 3559 5672 Opportunitutis,
3604 5598 3730 5672 hoc
3760 5604 3861 5654 est

2165 5667 2319 5744 quod
2334 5667 2770 5747 dicituriurasce,
2802 5667 3240 5747 τῆςχρε-ιᾳςςίίη
3269 5667 3493 5747 Latinis
3516 5669 3859 5747 codicibus

2162 5740 2400 5817 propter
2429 5740 2783 5821 euphoniam
2815 5740 3064 5801 mutavit
3092 5742 3405 5813 interpres,
3437 5745 3494 5797 et
3509 5742 3757 5813 posuit,
3772 5740 3866 5798 ad
