4026 6168
341 353 463 417 875

1357 362 1697 427 ATTONIS
1740 363 2328 429 VERCELLENSIS
2372 363 2727 429 EPISGOPI

3634 361 3753 424 5'16

347 487 551 545 dulces
605 489 759 562 apud
819 489 1088 549 homines
1138 510 1367 551 sumus.
1425 497 1550 553 Non
1618 472 1789 553 enim‘
1832 498 1995 554 decet
2020 501 2075 567 Α
2104 498 2395 569 superbit,
2430 502 2487 552 et
2518 515 2635 553 non
2668 496 3104 570 compungitur.
3137 495 3208 551 Et
3233 493 3381 551 bene
3409 493 3585 559 dicit;
3623 500 3762 552 Pro-

347 577 740 634 Christianum
765 597 894 636 esse
916 590 1307 654 scurram,aut
1325 586 1861 656 stultiloquum,scd
1877 604 1992 642 ser-

347 684 579 723 monem
613 667 827 726 habere
874 670 994 727 sale
1019 674 1319 733 conditum
1379 682 1441 730 ut
1478 677 1723 749 gratiam
1760 681 1992 749 praestet

348 756 747 814 audientibus.

416 847 728 919 Sequitur:
788 851 896 905 Hoc
921 859 1102 906 autem
1130 854 1339 917 scitote,
1403 857 1509 910 etc.
1557 854 1701 909 Nota
1734 855 1885 927 quod
1920 855 1991 909 de

342 953 443 993 sex
472 937 788 993 nominatis
820 938 975 993 vitiis
1005 940 1117 995 tria
1148 943 1373 1010 repetit.
1407 944 1623 1015 quibus
1655 944 1990 1014 quicunque

342 1028 628 1083 obnoxius
659 1027 849 1096 fuerit,
884 1046 998 1083 non
1032 1030 1268 1085 habebit
1316 1038 1530 1087 sortem
1565 1033 1624 1087 in
1658 1050 1832 1103 regno
1866 1034 1984 1088 Dei.

342 1117 401 1173 Si
429 1117 584 1171 enim
617 1116 1019 1189 stultiloquus,
1051 1124 1107 1174 et
1136 1127 1431 1186 scurra,ut
1459 1121 1563 1191 illi,
1587 1121 1761 1176 alieni
1792 1128 1990 1177 essent

338 1223 373 1262 a
403 1222 578 1278 regno
608 1206 729 1269 Dei,
762 1207 1054 1262 videretur
1084 1210 1336 1264 crudelis
1387 1211 1483 1265 Dei
1518 1228 1645 1266 esse
1676 1212 1985 1275 sententia,

336 1311 467 1351 oum
500 1297 678 1351 etiam
711 1312 812 1367 per
837 1298 1033 1366 jocum
1067 1299 1293 1370 prolata
1323 1300 1649 1355 damnaret.
1686 1302 1902 1355 Tamen
1938 1301 1983 1356 si

337 1385 471 1456 quis
503 1384 561 1439 in
594 1384 707 1443 his.
743 1386 964 1457 absque
992 1388 1335 1453 majoribus,
1372 1388 1563 1459 fuerit,
1598 1405 1711 1444 non
1747 1388 1987 1444 habebit

335 1472 502 1528 illum
532 1472 749 1541 locum,
779 1489 954 1544 quem
987 1474 1248 1541 haberet,
1281 1477 1326 1531 si
1358 1493 1578 1545 scurra,
1613 1484 1714 1532 aut
1744 1477 1988 1532 stultilo-

337 1578 492 1636 quus
524 1578 639 1617 non
671 1562 899 1617 fuisset.
938 1564 1017 1619 De
1047 1581 1112 1619 eo
1142 1566 1296 1636 quod
1329 1567 1552 1638 turpido
1583 1571 1694 1635 est,
1728 1584 1860 1621 cum
1897 1567 1984 1621 in-

338 1651 680 1707 flammatur
699 1668 914 1708 sensus
935 1654 1005 1708 ad
1030 1642 1623 1725 libidinem,etcarnis
1638 1656 1984 1711 titillationi-

340 1739 452 1796 bus
480 1740 634 1813 ignis
660 1741 1017 1809 accenditur,
1052 1744 1153 1798 sed
1188 1744 1288 1799 Dei
1320 1744 1551 1811 timore,
1582 1750 1637 1801 et
1669 1746 1875 1799 mortis
1901 1762 1985 1798 re-

339 1828 692 1896 cordatione,
725 1835 782 1886 et
808 1831 1021 1887 mentis
1044 1832 1270 1904 judicio
1302 1834 1649 1900 refrenatur,
1683 1839 1856 1905 atque
1887 1851 1983 1889 ex-

340 1919 679 1992 stinguitur.
716 1919 782 1974 Et
812 1921 939 1976 ideo
970 1938 1086 1976 non
1118 1923 1319 1978 debuit
1350 1940 1482 1978 cum
1517 1923 1634 1978 illis
1664 1923 1980 1990 nominari,

339 2008 556 2079 quibus
577 2008 969 2065 excluduntur
985 2010 1254 2067 homines
1277 2028 1311 2067 a
1332 2029 1508 2083 regno
1532 2012 1804 2068 Dei.Nota
1826 2012 1979 2084 quod

338 2096 445 2162 illi,
480 2098 577 2169 qui
610 2098 907 2154 avaritiam
942 2117 1045 2171 pro
1075 2100 1455 2156 immunditia
1484 2102 1731 2173 positam
1766 2100 1982 2157 intelli-

339 2192 488 2256 gunt
516 2186 722 2241 dicunt
751 2188 904 2258 quod
937 2205 1051 2243 non
1083 2195 1210 2244 erat
1248 2207 1632 2261 consequens,
1668 2194 1733 2244 ut
1766 2190 1981 2253 subito,

339 2274 411 2328 de
442 2274 818 2329 immunditia
866 2275 1195 2344 disputans,
1242 2279 1518 2333 transiret
1567 2278 1880 2333 inorditate
1911 2278 1981 2332 ad

339 2361 538 2429 aliud;
570 2367 824 2432 econtra,
857 2365 956 2435 qui
987 2366 1290 2421 avaritiam
1323 2383 1581 2422 amorem
1613 2368 1870 2439 pecunia:
1902 2368 1986 2421 in-

338 2450 841 2524 telligunt,dicunt
856 2452 984 2509 ideo
999 2454 1600 2527 Apostolumjungere
1614 2456 1983 2511 fornicationi

339 2541 643 2597 avaritiam
674 2542 950 2611 voluisse,
975 2548 1043 2599 ut
1072 2561 1247 2615 quam
1272 2561 1552 2617 magnum
1584 2550 1741 2600 esset
1764 2544 1985 2600 malum

339 2631 583 2686 avaritia
612 2638 1055 2688 monstraretur.
1084 2638 1160 2688 De
1190 2650 1256 2688 eo
1278 2635 1431 2704 quod
1466 2640 1639 2699 recte,
1672 2634 1768 2705 qui
1791 2650 1988 2689 amore

340 2718 598 2790 pecunias
630 2721 845 2775 recedit
896 2738 929 2776 a
978 2726 1114 2788 Deo,
1149 2721 1487 2777 idololatres
1543 2722 1792 2791 dicitur;
1827 2723 1986 2793 quia,

341 2807 494 2864 sicut
521 2808 814 2863 voracium
863 2815 953 2865 est
980 2810 1126 2866 deus
1154 2816 1372 2873 venter,
1397 2812 1480 2866 sic
1511 2811 1756 2883 pecunia
1790 2828 1987 2866 avaro-

342 2913 496 2951 rum.
528 2900 596 2952 Et
626 2896 746 2953 haec
774 2902 863 2953 est
890 2898 1180 2969 generalis
1203 2900 1528 2968 fornicatio,
1552 2905 1617 2954 ut
1637 2900 1782 2955 illud
1808 2918 1821 2956 :
1858 2902 1986 2955 For-

340 2985 523 3040 nicati
549 2994 678 3040 sunt
716 2986 826 3055 ﬁlii
875 2988 1045 3042 Israel
1081 2996 1198 3058 post
1251 2988 1378 3043 deos
1408 2989 1621 3043 alienos
1681 2989 1726 3059 (1
1756 2995 1894 3043 Par.
1929 3006 1987 3056 v,

339 3074 411 3129 25
433 3091 446 3141 ;
473 3073 601 3130 Osee
622 3091 695 3143 ιν,
721 3074 829 3147 12).
856 3075 1001 3130 Nota
1021 3075 1453 3132 distinctionem
1478 3094 1589 3131 non
1617 3077 1985 3142 substantias,

341 3163 443 3219 sed
476 3178 857 3234 personarum
881 3163 941 3218 in
969 3165 1219 3236 eo,quod
1243 3166 1362 3221 ait:
1398 3166 1600 3220 Christi
1617 3169 1667 3221 et
1687 3166 1806 3221 Dei.
1839 3166 1986 3221 Nam

2099 591 2223 658 pter
2253 588 2391 651 haec,
2419 586 2503 641 vel
2536 604 2712 658 opera
2742 586 2829 641 vel
2880 587 3076 647 verba.
3109 584 3337 640 venisse
3365 585 3512 639 irum
3545 585 3663 649 Dei,
3697 586 3757 640 id

2102 681 2208 736 est.
2242 675 2546 741 diluvium,
2581 676 2699 729 sive
2729 675 2923 747 ignem
2958 690 3135 745 super
3163 674 3494 728 Sodomam.
3518 674 3581 728 In
3608 675 3759 742 lilio:

2102 763 2424 835 difﬁdentiae
2456 765 2637 835 (1119)
2668 764 2724 818 id
2767 768 2856 819 est
2884 763 3097 843 diaboli
3126 780 3138 830 ;
3171 761 3336 833 quasi
3372 761 3627 818 diceret:
3664 763 3755 815 Fi-

2100 852 2209 907 lios
2240 853 2358 922 irie,
2394 855 2619 917 mortis,
2676 853 2978 925 gehennae,
3033 857 3140 906 etc.
3176 852 3242 905 Et
3271 856 3360 906 est
3406 868 3637 906 sensus.
3673 852 3758 908 Ex

2102 943 2406 1014 praeteritis
2468 946 2661 997 futura
2692 942 3039 1013 cognoscite.
3086 941 3143 995 Si
3170 939 3572 1012 peccatoribus
3603 944 3755 995 tem-

2100 1048 2236 1103 pore
2267 1030 2491 1098 diluvii,
2543 1038 2596 1086 et
2628 1031 2945 1086 Sodomitis
3004 1030 3284 1102 pepercit,
3337 1034 3535 1101 parcet
3562 1037 3621 1084 et
3650 1046 3757 1084 vo-

2098 1121 2189 1174 his
2222 1122 2425 1191 (1129).

2172 1210 2483 1281 Sequitur:
2531 1210 2709 1265 Nolite
2765 1225 2892 1277 ergo
2926 1211 3087 1279 efﬁci“
3124 1209 3421 1279 participes
3449 1223 3661 1271 eorum,
3694 1207 3759 1262 id

2097 1303 2203 1364 est,
2238 1300 2286 1353 si
2321 1298 2547 1353 fueritis
2579 1298 2891 1370 participes
2944 1298 3002 1351 in
3033 1299 3303 1368 peccatis,
3326 1292 3489 1351 eritis
3521 1296 3666 1351 socii
3699 1300 3762 1351 et

2099 1387 2154 1441 in
2190 1387 2398 1459 pcnnis,
2431 1388 2501 1441 de
2533 1404 2598 1442 eo
2630 1388 2784 1457 quod
2817 1387 2911 1441 hic
2943 1386 3194 1441 haeretici
3230 1384 3755 1455 destruuntur,qui

2097 1475 2301 1530 dicunt
2334 1476 2481 1530 duas
2511 1479 2777 1539 naturas,
2827 1491 2962 1529 cum
2995 1472 3305 1545 Apostolus
3334 1488 3453 1542 eos,
3486 1472 3588 1543 qui
3624 1472 3754 1527 fue-

2098 1569 2230 1619 rant
2261 1565 2516 1631 tcnebrae,
2551 1580 2860 1619 conversos
2892 1563 3033 1617 dicit
3069 1578 3197 1617 esse
3229 1563 3403 1616 lucem
3425 1577 3447 1622 ;
3470 1561 3754 1633 quoniam

2097 1653 2193 1723 qui
2219 1653 2519 1709 diabolum
2543 1653 2855 1707 imitantur
2876 1651 2982 1706 ﬁlii
3004 1655 3143 1707 sunt
3171 1652 3547 1706 tenebrarum
3572 1655 3631 1705 et
3648 1649 3755 1704 ﬁlii

2096 1742 2283 1797 noctis
2310 1761 2323 1809 ;
2358 1742 2458 1814 qui
2491 1758 2622 1797 vero
2650 1745 2978 1813 sequuntur
3002 1738 3433 1811 Christum,qui
3455 1739 3621 1805 dicit,
3651 1755 3753 1809 ego

2093 1847 2217 1885 sum
2249 1832 2347 1886 tua:
2376 1833 2555 1899 (Joan.
2588 1849 2713 1898 vni,
2748 1832 2856 1899 12),
2885 1829 2989 1885 ﬁlii
3021 1829 3170 1885 lucis
3205 1834 3363 1885 sunt.
3397 1828 3552 1884 Deus
3584 1829 3744 1883 enim

2091 1918 2189 1975 lux
2219 1926 2328 1981 est,
2361 1921 2460 1992 qui
2521 1919 2682 1985 dicit,
2715 1920 2879 1989 ﬁlioli
2933 1921 3043 1974 mei
3083 1919 3262 1988 (Joan.
3291 1934 3418 1985 xm,
3448 1918 3562 1978 33).
3597 1916 3749 1972 Nota

2092 2010 2246 2080 quod
2277 2009 2375 2080 qui
2408 2026 2511 2081 per
2541 2025 2603 2063 se
2634 2008 2863 2063 fuerant
2893 2008 3164 2078 tenebrae,
3192 2023 3307 2062 non
3340 2006 3399 2061 in
3431 2022 3513 2072 se,
3545 2005 3651 2060 sed
3684 2004 3746 2061 in

2093 2099 2338 2152 Domino
2370 2099 2518 2153 ﬁunt
2550 2097 2667 2152 lux.
2720 2098 2801 2153 De
2827 2097 3090 2169 exemplo
3137 2097 3196 2151 in
3229 2099 3397 2151 nocte
3428 2094 3741 2150 ambulan-

2092 2188 2169 2241 tis
2201 2188 2403 2259 (1121).
2438 2189 2506 2241 Et
2538 2187 2704 2258 quasi
2740 2187 2957 2242 diceret
3000 2185 3251 2257 aliquis:
3288 2186 3347 2239 in
3378 2184 3597 2255 quibus
3628 2184 3741 2238 vir-

2094 2277 2323 2332 tutibus
2356 2277 2779 2331 ambulandum
2814 2282 2903 2331 est
2925 2276 2952 2330 ‘?
2986 2275 3323 2347 respondit:
3347 2276 3575 2329 Fructus
3607 2275 3747 2328 lucis

2094 2371 2169 2422 est
2200 2366 2260 2421 in
2288 2367 2439 2421 omni
2467 2366 2730 2431 boni/ate,
2755 2370 2862 2420 etc.
2897 2365 3003 2430 Qui
3035 2364 3190 2419 enim
3218 2364 3275 2418 in
3311 2364 3559 2420 bonitate
3589 2365 3748 2431 iusti-

2095 2457 2175 2511 tia
2203 2461 2257 2510 et
2286 2456 2522 2509 veritate
2551 2453 2836 2519 ambulat,
2871 2453 3028 2509 filius
3060 2453 3207 2508 lucis
3238 2457 3345 2507 est.
3379 2453 3522 2507 Nam
3555 2453 3657 2524 qui
3688 2452 3746 2506 in

2098 2542 2340 2609 malitia,
2375 2543 2431 2597 in
2467 2542 2757 2612 injustitia
2785 2546 2841 2597 et
2872 2541 3144 2611 falsitate,
3180 2540 3337 2596 filius
3368 2545 3456 2596 est
3484 2542 3751 2596 tenebra-

2096 2649 2249 2687 rum.
2283 2632 2427 2686 Nam
2462 2632 2521 2686 hi
2565 2630 2709 2687 tales
2744 2630 3015 2687 nesciunt
3067 2630 3205 2701 quid
3244 2631 3320 2686 sit
3348 2630 3750 2702 beneplacitum

2096 2723 2221 2777 Deo.
2253 2722 2401 2776 Nota
2457 2721 2612 2793 quod
2664 2722 2784 2776 ait:
2842 2722 3159 2777 Probantes.
3217 2720 3342 2776 Non
3390 2720 3543 2775 enim
3578 2718 3749 2775 facile

2096 2809 2409 2875 invenitur,
2456 2810 2585 2865 ideo
2616 2810 2790 2865 dicit:
2826 2811 3124 2865 Probantes
3153 2810 3307 2881 quod
3335 2809 3528 2864 valent
3559 2809 3747 2880 potis—

2096 2898 2314 2954 simum
2336 2898 2649 2970 spiritales,
2683 2905 2739 2953 et
2759 2898 2860 2969 qui
2883 2899 2975 2953 die
3006 2914 3072 2953 ac
3096 2902 3260 2953 nocte
3281 2898 3341 2952 in
3363 2897 3491 2969 lege
3511 2896 3749 2952 Domini

2098 2986 2474 3043 meditantur.
2510 2988 2848 3059 Exemplum
2881 2988 2953 3043 de
2979 2986 3411 3059 trapezita,qui,
3442 2985 3569 3041 viso
3590 3002 3749 3058 pom-

2098 3077 2231 3132 dere
2259 3082 2315 3132 et
2344 3076 2580 3143 tinnitu,
2625 3094 2935 3131 nummum
2995 3074 3293 3149 cognoscit
3322 3075 3528 3146 (1122).
3573 3074 3653 3130 De
3681 3090 3746 3130 eo

2098 3166 2251 3236 quod
2284 3166 2564 3221 confusus
2611 3166 2751 3220 ordo
2783 3165 3032 3231 videtur,
3093 3164 3194 3236 qui
3245 3164 3328 3219 ita
3355 3162 3499 3220 solvi
3535 3167 3742 3235 potest.

343 3268 528 3307 unum
551 3267 796 3324 regnum
822 3257 911 3309 est
930 3253 1141 3309 Christi
1173 3254 1295 3309 Filii
1317 3260 1375 3310 et
1397 3255 1495 3311 Dei
1518 3255 1736 3311 Patres.
1763 3254 1946 3310 Aliter
1971 3271 1985 3311 :
2019 3243 2061 3310 C
2100 3253 2287 3309 Nolite
2316 3270 2453 3327 ergo
2484 3254 2634 3309 efﬁci
2679 3255 2992 3326 participes
3038 3270 3262 3325 eorum,
3293 3255 3592 3325 probantes
3619 3251 3745 3324 quid

342 3339 443 3396 Dei
473 3352 528 3395 et
559 3339 744 3396 Patris
774 3359 892 3397 una
920 3359 1169 3414 persona
1198 3348 1381 3409 est,ut
1416 3344 1494 3399 ibi
1521 3360 1533 3400 :
1570 3344 1703 3399 Cum
1735 3344 1989 3400 tradide-

339 3430 416 3484 rit
444 3445 675 3498 regnum
732 3432 835 3486 Deo
863 3434 913 3486 et
967 3432 1127 3486 Patri
1156 3433 1200 3502 (Ι
1260 3432 1381 3487 Cor.
1434 3450 1528 3499 xv,
1586 3434 1698 3503 24),
1733 3450 1847 3488 non
1879 3433 1990 3488 erit

342 3518 533 3585 Pater,
562 3518 662 3573 sed
698 3519 834 3574 Deus
860 3522 1047 3575 omnia
1101 3522 1164 3574 in
1191 3521 1445 3575 omnibus
1500 3522 1682 3592 (Ibid.,
1735 3523 1846 3593 28).
1880 3520 1990 3576 Ubi

343 3610 541 3661 autem
573 3606 728 3662 Deus
748 3612 856 3673 est,
874 3612 995 3663 tam
1020 3608 1391 3680 Pater,quam
1427 3609 1607 3664 Filius
1625 3609 1870 3681 intelligi
1896 3626 1991 3680 po-

343 3697 479 3749 test.
511 3695 682 3758 Sunt,
711 3694 812 3767 qui
833 3696 1036 3751 dicunt
1056 3689 1291 3768 propter
1317 3698 1668 3765 Arium,tam
1691 3698 1989 3754 Christum

345 3783 704 3850 nominasse,
738 3800 915 3856 quam
948 3785 1201 3841 Patrem.

417 3872 601 3944 (1118)
658 3872 974 3945 Sequitur:
1035 3875 1202 3931 Nemo
1256 3891 1348 3931 vos
1390 3876 1639 3942 seducat,
1679 3880 1787 3931 etc.
1821 3876 1990 3940 Nota,

348 3962 502 4033 quod
535 3962 730 4030 verba,
762 3980 890 4035 quas
922 3964 1231 4030 seducunt,
1264 3966 1461 4020 inania
1494 3970 1667 4033 sunt;
1702 3981 1829 4037 qua:
1860 3980 1993 4020 vero

348 4046 657 4119 aediﬁcant,
691 4052 862 4124 plena
895 4057 1068 4125 atque
1099 4054 1375 4109 conferta.
1408 4054 1599 4109 Verba
1620 4054 1775 4110 enim
1799 4053 1999 4109 inania

350 4141 671 4211 proferunt,
704 4140 803 4213 qui
835 4141 1039 4197 dicunt
1059 4159 1174 4197 non
1205 4159 1333 4198 esse
1360 4144 1788 4210 infernum,nec
1820 4142 1995 4199 aliam

347 4228 550 4295 vitam,
582 4229 672 4286 vel
704 4229 960 4301 levigant
986 4247 1205 4302 poenas,
1225 4231 1469 4286 dicendo
1493 4249 1605 4287 non
1634 4249 1762 4287 esse
1784 4232 1997 4287 extrin-

351 4333 522 4373 secus
554 4334 807 4388 pcenam.
840 4320 939 4374 sed
976 4320 1192 4390 peccati
1239 4320 1676 4387 conscientiam,
1708 4320 1883 4376 veluti
1910 4322 1997 4377 fe-
2036 4362 2045 4371 .

352 4404 475 4463 bris
489 4406 844 4463 intrinsecus
858 4407 1722 4480 corripiens,punire.Quoniam
1749 4410 1819 4465 de
1838 4409 2001 4466 nulla

354 4512 415 4551 re
446 4496 528 4551 ita
554 4496 830 4553 irascitur
872 4497 1050 4565 Deus,
1089 4497 1244 4553 sicut
1280 4498 1351 4553 de
1383 4498 1512 4569 hoc,
1547 4499 1699 4569 quod
1734 4504 2002 4571 peccator

2094 3344 2167 3397 sit
2196 3343 2598 3415 beneplacitum
2629 3345 2755 3409 Deo,
2787 3342 2897 3398 etsi
2940 3343 3097 3399 enim
3147 3344 3314 3397 eratis
3342 3342 3647 3414 aliquando
3672 3345 3745 3397 te-

2094 3430 2300 3495 nebar,
2330 3437 2465 3499 etc.,
2498 3448 2684 3503 usque
2708 3434 2958 3487 veritate.

2170 3519 2484 3591 Sequitur:
2524 3523 2596 3575 Et
2624 3521 2793 3576 nolite
2815 3523 3245 3585 communicare,
3269 3523 3378 3576 etc.
3401 3518 3550 3574 Nota
3570 3519 3743 3591 quod,

2098 3626 2200 3681 per
2227 3625 2295 3663 ea
2323 3625 2451 3679 quas
2472 3608 2619 3663 dixit
2648 3609 2893 3680 agenda,
2913 3610 3272 3664 convertitur
3288 3609 3361 3663 ad
3383 3625 3451 3664 ea
3473 3625 3602 3679 quis
3636 3624 3743 3663 non

2100 3702 2240 3754 sunt
2269 3698 2514 3769 agenda.
2539 3698 2769 3752 Dixerat
2790 3698 2946 3752 enim
2971 3698 3229 3754 fructum
3260 3697 3409 3753 lucis
3434 3715 3448 3764 ;
3481 3714 3642 3753 nunc
3660 3698 3743 3753 di-

2100 3786 2198 3853 cit,
2232 3787 2492 3857 operibus
2521 3789 2905 3854 infructuosis.
2954 3788 3039 3842 Ita
3067 3792 3125 3842 et
3162 3788 3233 3842 ad
3266 3786 3503 3843 Galatas
3536 3803 3744 3843 nomen

2101 3877 2327 3932 fructus
2357 3876 2415 3930 in
2448 3876 2639 3941 bonis,
2672 3892 2884 3931 nomen
2915 3875 3110 3931 carnis
3137 3876 3198 3931 in
3228 3876 3386 3932 vitiis
3426 3876 3646 3949 posuit,
3678 3876 3744 3931 ob

2104 3966 2212 4021 hoc
2242 3964 2509 4021 videlicet
2562 3966 2716 4037 quod
2754 3964 2954 4019 nullus
3012 3965 3237 4019 fructus
3268 3969 3356 4019 est
3386 3964 3443 4019 in
3474 3963 3657 4021 vitiis.
3684 3964 3748 4019 Et

2105 4054 2243 4127 quia
2274 4072 2389 4109 non
2421 4054 2641 4108 sufﬁcit
2672 4052 2893 4108 malum
2920 4069 3034 4108 non
3059 4069 3253 4125 agere,
3279 4053 3390 4109 nisi
3422 4057 3480 4108 et
3501 4054 3749 4125 corriga-

2105 4148 2219 4210 tur,
2255 4142 2490 4197 subdit:
2522 4143 2692 4211 Magis
2735 4151 2919 4196 aulem
2944 4145 2998 4196 et
3024 4142 3357 4213 redarguite.
3386 4141 3467 4196 De
3498 4157 3566 4197 eo
3598 4140 3745 4213 quod

2107 4234 2301 4288 libers:
2323 4232 2692 4286 conscientiae
2714 4237 2803 4286 est
2826 4231 3174 4302 redarguere
3196 4230 3440 4298 malum,
3462 4229 3523 4285 id
3547 4227 3750 4295 est,cai

2107 4322 2222 4378 dici
2245 4339 2360 4376 non
2385 4326 2604 4392 potest:
2630 4321 3097 4392 Hypocrita,ejice
3113 4321 3585 4393 primumtrabem
3606 4321 3748 4391 (Luc.

2106 4429 2182 4478 v1,
2215 4412 2304 4482 42)
2332 4429 2345 4478 ;
2380 4411 2450 4466 de
2475 4427 2540 4465 eo
2564 4412 2716 4481 quod
2743 4410 3143 4465 communicat
3166 4408 3338 4465 malis
3355 4410 3749 4479 subjectorum

2110 4499 2404 4572 praelatus,
2438 4500 2486 4554 si
2513 4516 2627 4554 non
2660 4499 2970 4569 redarguat
2998 4505 3056 4554 et
3084 4498 3373 4554 emendet.

357 4657 828 4718 consuetudinis.
859 4657 973 4714 nisi
996 4658 1148 4741 inter
1166 4657 1372 4739 (doctos
1394 4674 1658 4730 quosque
1680 4659 2005 4742 apudGree-
2035 4647 2083 4713 D
2115 4660 2266 4732 quod
2301 4661 2371 4714 ad
2403 4658 2685 4713 actionem
2720 4656 3338 4783 perlinﬁ’gratiarum.
3369 4676 3397 4708 ι

357 4745 475 4783 cos.
508 4728 874 4783 εὐγαοίστιαν-
907 4730 978 4783 ad
1039 4730 1475 4783 distinctionem
1526 4730 1890 4783 eucharistiaa
1914 4732 2002 4783 di-
2184 4732 2368 4783 (1110)
2399 4732 2458 4783 In
2492 4736 2687 4783 autoe.
2725 4746 2909 4783 mare.
2987 4746 3038 4783 ic
3069 4728 3282 4783 legitur
3310 4746 3397 4783 cai

356 4745 475 4795 cos,
508 4728 874 4803 εὐχαρίστιαν,
907 4730 978 4785 ad
1016 4728 1475 4803 distinctionem
1526 4728 1890 4785 eucharistiaa
1914 4732 2002 4786 di-

356 4816 504 4863 cere.
557 4801 667 4856 hoc
712 4806 820 4866 est,
879 4801 1203 4874 gratiosum
1261 4818 1420 4874 esse,
1459 4805 1514 4856 et
1543 4818 1711 4874 agere
1741 4803 1998 4874 gratias;

400 4875 664 4945 ropterea
692 4878 829 4945 puto
863 4872 1222 4944 Apostolum,
1248 4872 1422 4945 quasi
1460 4872 1767 4928 Hebraeum
1793 4891 1861 4929 ex
1896 4876 2002 4930 lle-

400 4890 664 4942 ropterea
692 4890 829 4945 pUtO
863 4890 1222 4944 apostomm,
1255 4890 1422 4943 quasi
1460 4890 1761 4928 HGDI‘tBllm
1793 4891 1861 4929 ex
1896 4890 2001 4930 ue-

356 4890 546 5027 h‘raais,
583 4946 755 5027 verbo
788 4961 957 5027 psum
1011 4960 1138 5000 esse
1168 4944 1420 5027 vulgato,
1467 4949 1522 5027 et
1553 4962 1792 5027 sensum
1827 4963 2001 5027 suum

355 5015 597 5089 alterius
649 5015 1075 5089 significatione
1127 5015 1303 5089 (verbi
1363 5016 1648 5087 explicare
1706 5018 1998 5073 voluisse:

357 5087 611 5145 maxime
659 5087 795 5170 cum
826 5088 991 5170 apud.
1039 5087 1307 5142 Hebraeos
1346 5089 1752 5170 gratiosushet
1771 5090 2003 5170 gratias

356 5177 537 5233 agens
568 5178 705 5226 uno,
740 5166 806 5215 ut
835 5158 1019 5233 aiunt,
1066 5175 1335 5233 sermone
1381 5158 1627 5214 dicatur.
1663 5158 1823 5216 Unde
1854 5168 1911 5214 et
1941 5162 2001 5215 in

358 5231 681 5304 Proverbiis
713 5237 853 5304 puto
886 5231 964 5304 ita
1011 5232 1293 5304 scriptum
1347 5235 1531 5304 (Prov.
1564 5249 1642 5292 ιιι,
1679 5232 1826 5299 16.):
1861 5237 1997 5304 γυνῆ

359 5301 676 5379 ἀχάριστος
715 5298 908 5379 ἐγείρει
938 5298 1092 5377 ἀνδρὶ
1125 5298 1301 5379 δᾴξαν,
1326 5378 1331 5379 ν
1355 5320 1443 5356 mu
1456 5303 1562 5379 tier
1590 5298 2004 5379 grai-apsusbitat

360 5374 480 5448 viro
500 5374 763 5448 gloriam;
796 5374 900 5448 pro
942 5391 1007 5429 eo
1040 5374 1193 5446 quod
1254 5378 1342 5448 est
1368 5376 1607 5443 gratiosa
1627 5391 1646 5428 :
1675 5374 2004 5448 videremur

357 5447 474 5500 vim
507 5447 690 5526 facere
706 5445 1040 5526 Scriptura),
1062 5445 1130 5500 et
1158 5445 1375 5526 gratias
1400 5449 1662 5526 agentem
1695 5446 2001 5526 mulierem

359 5533 463 5589 pro
494 5519 748 5587 gratiosa
778 5516 1055 5574 audacter
1085 5518 1365 5587 accipere,
1395 5516 1506 5571 nisi
1540 5521 1598 5570 et
1628 5521 1845 5589 cazterai
1878 5518 2001 5572 edi-

362 5586 553 5660 tiones
579 5594 786 5660 nostrze
809 5589 1068 5660 opinioni
1092 5586 1496 5660 congruerent.
1521 5586 1730 5657 Aquila
1752 5589 2005 5660 enim,et

362 5608 552 5643 ῑιΟΠϐΒ
579 5608 786 5643 ιιοειιιω
809 5608 1068 5700 οὲιηιοηι
1092 5608 1496 5660 congruerent.
1521 5608 1730 5657 aquua
1752 5608 1998 5653 enim,et

360 5658 702 5735 Theodotio,
734 5664 790 5735 et
831 5663 1243 5735 nymmachus
1270 5660 1351 5714 ita
1379 5664 1705 5735 posuerunt
1728 5662 1864 5735 yavﬁ
1895 5659 1998 5735 χά.

365 5748 535 5805 ριτος,
564 5728 623 5783 id
683 5733 794 5798 est,
841 5727 1045 5786 inulier
1097 5727 1460 5803 gratiosafct
1511 5747 1625 5787 non
1658 5727 1996 5806 εὐχάρισὲὀς,

2184 4732 2368 4810 (1119)
2399 4732 2458 4810 ἐκ)
2492 4736 2687 4810 ειυῐοε·
2724 4728 3038 4810 massilia
3069 4728 3282 4810 legitur
3310 4746 3436 4810 οαρ-
3465 4728 3634 4785 XXII-

2183 4803 2365 4873 (1119)
2394 4802 2519 4857 Sive
2563 4799 3053 4873 insuasitiili'tatis:
3082 4799 3277 4869 ἀτὶήθει
3312 4799 3469 4856 enim
3504 4800 3693 4873 magis
3722 4816 3754 4855 a

2109 4871 2388 4941 suasione,
2422 4890 2665 4945 quamn
2720 4871 2927 4942 ﬁducia
2982 4888 3013 4928 θ
3070 4873 3318 4943 diverso,
3352 4874 3516 4943 juxta
3559 4871 3753 4928 divum

2090 4947 2345 5001 ’Hiernn.
2380 4944 2625 5015 intelligi
2664 4949 2871 5015 potest.

2184 5018 2365 5087 (1120)
2398 5017 2524 5071 Haec
2550 5013 2717 5087 quasi
2753 5032 2853 5087 per
2902 5013 3339 5087 ironiamdicta
3382 5014 3452 5069 de
3480 5015 3657 5071 verbo
3686 5014 3755 5069 ad

2109 5085 2355 5144 verbum
2368 5085 2785 5144 hausit'auctor
2806 5091 3002 5159 noster
3021 5085 3289 5159 a_Pelagii
3314 5087 3756 5159 commentario,

2112 5160 2240 5216 divo
2273 5161 2617 5232 Hieronymo
2648 5157 2995 5225 tributa,ubi
3017 5157 3156 5212 illud
3184 5157 3373 5229 parcet
3403 5157 3551 5213 vobis
3586 5158 3760 5214 inter-

2114 5233 2434 5287 roaativum
2472 5237 2578 5285 est.

2179 5250 2626 5430 ἷῗὶὲῖῗιὲοξιῗξὲῐ
2654 5301 2824 5358 Joan.
2858 5318 2943 5369 ιιι,
2974 5301 3077 5355 20:
3104 5298 3355 5371 Populus
3377 5300 3572 5356 sedens
3599 5303 3662 5356 in
3693 5309 3761 5357 te-

2216 5379 2293 5430 ris
2315 5383 2365 5430 et
2397 5375 2542 5428 nihil
2572 5374 2782 5430 videns.

2109 5374 2293 5430 nebris
2315 5383 2365 5430 et
2397 5375 2542 5428 nihil
2572 5374 2782 5431 videns.

2183 5448 2367 5517 (1122)
2400 5446 2738 5516 Exemplum
2772 5444 2881 5517 hoc
2903 5441 3018 5517 divi
3046 5441 3380 5517 Hieronymi
3412 5446 3521 5509 est,
3540 5443 3654 5517 qui
3678 5442 3758 5517 ait

2112 5514 2299 5572 facere
2332 5534 2437 5572 nos
2469 5514 2677 5573 debere
2700 5516 2783 5572 uti
2816 5514 3311 5589 prudentissimus
3332 5514 3639 5589 trapezita,
3658 5515 3755 5589 qui

2110 5589 2721 5662 sculptumnumisma
2739 5585 2854 5644 non
2879 5585 3070 5643 solum
3084 5586 3273 5654 oculo,
3298 5587 3396 5644 sed
3421 5585 3479 5644 et
3500 5585 3756 5662 pondere

2108 5664 2165 5716 et
2192 5661 2408 5717 tinnitu
2440 5661 2664 5734 probat.
