4014 6174
358 324 479 386 583

1381 316 1717 378 ATTONIS
1761 310 2346 374 VERCELLENSIS
2392 308 2748 370 EPISGOPI

3647 308 3765 370 584

363 458 507 513 mini
540 471 670 510 vero
701 451 977 508 monendi
1014 455 1173 518 sunt,
1233 450 1371 521 quia
1400 450 1447 504 si
1479 452 1680 504 contra
1709 447 1894 502 Deum
1926 446 1997 499 de
2034 446 2089 512 Α
2117 441 2500 510 Ammonitas,
2535 442 2839 505 Moabitae,
2871 446 2929 497 et
2979 440 3357 507 Chananaaos,
3398 438 3567 511 quasi
3616 439 3769 495 dice-

362 561 603 602 munere
634 544 761 613 ejus
793 541 1163 614 superbiunt,
1199 540 1245 594 si
1280 556 1400 604 eos,
1434 554 1584 609 quos
1620 554 1718 604 per
1740 533 1999 590 conditio

363 650 493 690 nem
528 636 729 687 tenent
758 629 1046 696 subditos,
1082 627 1331 699 aequales
1355 626 1466 681 sibi
1501 642 1600 697 per
1630 629 1848 679 natura:
1881 637 2012 675 con-

362 721 612 780 sortium
644 737 751 777 nos
783 723 1226 792 recognoscunt,
1249 720 1357 771 etc.
1391 714 1524 769 Istis
1554 714 1861 768 dicitur.ut
1891 709 2012 764 sint

364 810 725 878 obedientes,
746 808 1165 879 illisimperatu
1176 809 1293 875 r,ut
1312 804 1611 860 remittant
1630 801 1849 867 minas;
1872 798 2013 870 quia

365 919 482 958 uno
511 904 652 957 sunt
685 897 868 971 pretio
898 895 1267 967 redempti,et
1297 894 1368 948 ad
1401 909 1577 947 unam
1612 889 1856 961 patriam
1885 894 2009 942 ten-

353 991 521 1046 dunt.
557 989 767 1058 Magna
797 990 938 1041 sunt
961 985 1119 1056 jura,
1153 981 1448 1048 ccelestia;
1484 981 1639 1034 unde
1671 982 1727 1033 et
1755 975 2011 1032 Ecclesia

347 1093 566 1147 servos,
623 1081 682 1132 et
734 1075 972 1143 liberos,
1017 1072 1240 1135 doctos,
1290 1074 1346 1125 et
1376 1068 1611 1133 stultos,
1657 1081 1920 1138 magnos,
1953 1068 2010 1118 et

343 1183 549 1240 parvos
573 1162 875 1237 aequaliter
899 1160 1351 1232 recipit.0mnes
1377 1156 1628 1211 Ecclesia
1652 1153 1802 1208 filios
1826 1152 2004 1218 novit;

342 1257 501 1312 unde
529 1251 891 1311 sanctissimi
949 1250 1059 1304 viri
1092 1253 1213 1303 tam
1247 1247 1470 1318 primae,
1529 1260 1705 1316 quam
1739 1242 2007 1298 secunde

351 1344 674 1400 nativitatis
704 1339 940 1397 exordia
996 1338 1333 1399 recolentes,
1368 1333 1620 1390 famulos
1675 1349 1813 1388 suos
1854 1347 2004 1386 nun-

357 1449 537 1506 quam
570 1446 765 1488 servos
795 1428 1122 1497 nominant,
1157 1425 1258 1481 sed
1290 1426 1526 1490 fratres,
1554 1426 1610 1478 et
1630 1423 1702 1477 ad
1735 1419 2003 1477 osculum

353 1525 564 1579 vocant
619 1536 633 1576 :
697 1519 938 1574 horrent
981 1514 1136 1571 enim
1167 1529 1400 1579 nomen,
1434 1513 1588 1584 quod
1623 1527 1736 1566 non
1772 1515 2001 1576 natura,

352 1610 456 1667 sed
482 1608 766 1680 iniquitas
796 1606 950 1661 fecit.
983 1604 1142 1659 Servi
1175 1605 1329 1659 enim
1389 1618 1504 1657 non
1536 1617 1569 1655 a
1598 1599 1799 1665 Cham,
1835 1599 2004 1669 cujus

352 1696 681 1753 maledictio
712 1695 772 1750 in
800 1692 1141 1750 Chananaeis
1182 1689 1425 1762 impleta
1455 1695 1544 1745 est
1574 1690 1761 1759 (Deut.
1794 1704 1887 1748 v11,
1923 1686 2001 1757 2),

352 1804 420 1843 ex
449 1802 564 1859 quo
596 1800 761 1857 reges
792 1783 899 1839 orti
933 1786 1073 1838 sunt
1122 1780 1326 1852 (1143),
1360 1779 1460 1835 sed
1495 1779 1567 1833 ab
1601 1777 1912 1847 injustitia,
1946 1779 2003 1829 et

2119 536 2205 585 ret
2235 548 2248 586 :
2283 530 2326 586 Ο
2359 531 2609 602 Ephesii,
2646 548 2772 602 quae
2806 532 2877 585 de
2908 529 3121 601 praeliis
3155 528 3327 585 lsrael
3358 530 3637 584 adversus
3668 546 3769 584 na-

2118 621 2306 674 tiones
2337 619 2583 691 legistis,
2626 620 2897 675 videntur
2942 635 3163 674 sonare
3192 635 3429 673 carnem
3484 625 3768 688 nostram,

2118 712 2250 778 etc.,
2286 713 2358 785 ut,
2383 725 2450 762 ex
2482 708 2599 763 illis
2632 707 3033 779 intelligamus
3065 725 3179 762 non
3211 722 3341 763 esse
3374 707 3543 762 nobis
3572 708 3771 763 adver-

2118 813 2220 851 sus
2250 798 2581 867 carnem,id
2614 803 2703 852 est
2731 796 2999 851 homines
3025 797 3125 851 sed
3161 796 3444 851 adversus
3474 798 3771 852 daemones

2117 901 2244 940 esse
2275 890 2568 940 certamen
2623 884 2829 955 (1146).
2872 889 2943 941 In
2970 886 3277 942 cwlestibus
3324 902 3457 941 vero
3491 885 3637 940 dicit
3668 902 3769 957 pro

2117 991 2267 1043 aere,
2303 976 2457 1030 unde
2510 991 2643 1030 aves
2701 975 2829 1030 coeli
2880 975 3299 1043 nominamus;
3334 974 3475 1047 quia
3526 975 3641 1029 iste
3672 990 3773 1031 aer

2117 1063 2326 1135 plenus
2356 1068 2445 1119 est
2474 1064 2800 1119 immundis
2831 1064 3157 1135 spiritibus.

2185 1169 2458 1241 Sequitur
2491 1186 2503 1224 :
2532 1172 2830 1241 Pr0pterea
2858 1172 3111 1241 accipite,
3141 1176 3251 1227 etc.
3287 1171 3504 1225 Iterum
3538 1170 3751 1241 repetit
3802 1230 3807 1235 λ

2116 1257 2256 1328 quia
2286 1258 2519 1313 diﬁcilis
2549 1264 2637 1313 est
2666 1259 2924 1329 victoria,
2973 1263 3038 1314 ut
3078 1259 3329 1313 induant
3359 1276 3420 1314 se
3448 1275 3613 1314 arma
3645 1258 3770 1325 Dei,

2116 1345 2190 1401 Ut
2220 1347 2355 1416 quid
2388 1348 2415 1402 ‘l
2449 1349 2509 1404 Ut
2554 1351 2771 1419 possitis
2802 1350 3056 1404 resistere
3086 1350 3146 1403 in
3174 1350 3269 1404 die
3297 1349 3463 1412 malo,
3496 1347 3555 1402 id
3586 1352 3681 1404 est
3712 1349 3771 1403 in

2115 1434 2208 1490 die
2236 1435 2600 1502 tentationis,
2633 1437 2751 1491 sive
2780 1437 2841 1492 in
2870 1438 2964 1493 die
2994 1438 3298 1509 praesentis
3345 1437 3633 1509 temporis
3660 1455 3675 1504 ;
3708 1441 3773 1492 ut

2111 1522 2255 1578 illud
2291 1540 2305 1578 :
2342 1526 2461 1580 Dies
2489 1527 2632 1579 mali
2657 1530 2787 1581 sunt
2815 1526 3032 1597 (Ephes.
3066 1543 3122 1591 v,
3148 1526 3274 1597 16):
3307 1525 3428 1581 sive
3456 1523 3518 1580 in
3550 1526 3769 1595 futuro,

2112 1617 2178 1667 ut
2202 1612 2345 1667 illud
2383 1630 2395 1668 :
2434 1615 2497 1669 Ut
2528 1614 2659 1684 quid
2709 1615 2855 1670 vobis
2884 1614 3000 1670 dies
3056 1616 3327 1671 Domini?
3374 1615 3499 1670 Dies
3552 1615 3774 1670 Domini

2112 1702 2354 1758 tenebrae
2387 1706 2440 1757 et
2468 1718 2579 1757 non
2607 1704 2710 1757 tua:
2739 1704 2939 1775 (Amos.
2998 1721 3052 1758 v.
3113 1702 3224 1774 18).
3260 1702 3401 1759 Item
3436 1719 3450 1758 :
3484 1704 3612 1759 Dies
3662 1705 3771 1761 ire

2110 1790 2226 1845 dies
2254 1792 2359 1846 illa
2388 1791 2643 1861 (Sophon.
2703 1809 2745 1860 ι,
2807 1792 2915 1859 45),
2975 1798 3084 1848 etc.
3118 1792 3280 1858 Quod
3310 1809 3444 1848 vero
3483 1793 3629 1849 dicit
3659 1810 3674 1848 :
3709 1795 3771 1849 Et

356 1855 561 1931 mundi
590 1855 905 1945 iniquitate
936 1870 1070 1926 facti
1106 1873 1265 1924 sunt.
1300 1868 1445 1934 Quid
1481 1867 1666 1938 magis
1698 1866 1873 1920 habet
1900 1865 2001 1919 do-

2123 1882 2170 1934 ῐη
2201 1881 2455 1936 omnibus
2498 1883 2730 1952 perfecti
2776 1889 2946 1949 stare,
2997 1882 3475 1939 subaudiendum
3535 1888 3651 1951 est,
3709 1882 3768 1937 in

353 1966 549 2021 minus
578 1979 612 2018 a
640 1977 825 2028 servo,
859 1962 961 2015 aut
1010 1974 1214 2014 servus
1268 1957 1465 2011 minus
1498 1973 1531 2011 a
1560 1954 1845 2011 domino?
1877 1953 2001 2010 Non

359 2054 473 2111 nisi
504 2052 742 2109 nomine
773 2049 1208 2105 discernuntur.
1242 2046 1441 2117 Neque
1469 2061 1570 2117 pro
1602 2045 1786 2099 servis
1816 2047 1873 2098 et
1902 2043 2003 2098 do-

357 2141 558 2212 minis,
609 2140 710 2196 sed
764 2154 866 2209 pro
894 2136 1066 2192 bonis
1097 2139 1154 2191 et
1202 2134 1374 2190 malis
1405 2133 1688 2189 Dominus
1711 2131 2003 2203 judicium

350 2229 682 2287 celebravit.
714 2226 861 2282 Nam
893 2241 1092 2280 servus
1121 2224 1333 2290 bonus,
1365 2221 1544 2290 illius,
1563 2227 1621 2277 et
1652 2221 1880 2277 amicus
1903 2219 2005 2276 Dei

351 2324 441 2376 est
473 2337 487 2387 ;
521 2317 800 2373 dominus
827 2330 961 2370 vero
992 2312 1204 2380 malus,
1240 2311 1416 2378 filius,
1450 2315 1507 2366 et
1537 2326 1739 2366 servus
1769 2313 1858 2365 est
1887 2309 2006 2364 dia-

355 2406 495 2479 boli,
527 2410 586 2463 et
615 2405 777 2478 pejor
806 2401 965 2459 omni
996 2401 1292 2457 servitute.

424 2508 1071 2585 (1144)Sequitur:De
1128 2513 1342 2577 extero,
1402 2511 1510 2563 etc.
1576 2505 1656 2562 De
1703 2521 1768 2560 eo
1826 2505 2003 2575 quod,

355 2610 670 2676 postquam
703 2598 931 2655 monuit
959 2597 1296 2670 specialiter
1325 2596 1632 2667 quosdam,
1669 2610 1797 2648 mox
1831 2609 2005 2665 gene-

356 2691 537 2747 ralem
572 2688 1030 2746 admonitionem
1063 2686 1343 2754 subdens,
1404 2684 1486 2739 ait
1519 2702 1531 2740 :
1569 2683 2004 2755 Confortamini,

356 2797 473 2837 non
502 2780 564 2834 in
595 2779 782 2846 vobis,
817 2776 919 2832 sed
950 2778 1007 2830 in
1045 2776 1320 2835 Domino;
1351 2790 1465 2828 non
1490 2773 1547 2827 in
1576 2777 1785 2839 vestra,
1818 2772 1919 2827 sed
1950 2773 2011 2826 in

349 2871 469 2942 ejus
496 2868 754 2941 potentia.
788 2865 868 2921 De
888 2881 953 2921 eo
986 2864 1163 2937 quod,
1198 2879 1357 2919 more
1389 2862 1555 2917 ducis
1586 2866 1873 2917 armantis
1903 2860 2011 2915 mi-

351 2957 483 3015 lites
513 2959 583 3013 ad
618 2955 906 3029 praelium,
940 2970 1079 3009 suos
1105 2957 1316 3017 armat,
1341 2956 1397 3007 et
1426 2951 1626 3024 dirigit
1655 2952 1725 3005 ad
1760 2948 2010 3022 speciale

352 3052 646 3103 certamen
677 3041 990 3116 Apostolus
1022 3042 1334 3097 auditores.
1388 3040 1483 3095 Ait
1539 3040 1693 3094 enim
1733 3056 1744 3094 :
1795 3038 2010 3094 Induite

352 3152 445 3193 vos
473 3143 821 3192 armaturam
846 3130 1160 3194 Dei.Quare
1186 3129 1321 3184 Dei?
1342 3128 1667 3199 Quia,sicut
1689 3127 1785 3200 qui
1809 3133 2010 3182 contra

2113 1969 2411 2037 omnibus,
2448 1986 2575 2041 quae
2605 1970 2876 2041 superius
2908 1970 3131 2025 monui.

2184 2074 2462 2146 Sequitur
2495 2092 2506 2130 :
2542 2076 2690 2132 State
2717 2092 2869 2148 ergo,
2902 2080 3039 2146 etc.,
3071 2076 3129 2132 id
3160 2081 3269 2145 est,
3302 2076 3480 2133 veluti
3511 2077 3635 2143 ille,
3668 2079 3768 2151 qui

2114 2165 2389 2231 dicebat;
2431 2165 2635 2221 Statuit
2688 2182 2856 2237 supra
2908 2169 3124 2237 petram
3177 2165 3333 2238 pedes
3388 2182 3534 2223 meos
3591 2168 3768 2239 (Psat.

2113 2270 2304 2309 xxxxx:
2335 2253 2413 2321 3),
2438 2258 2782 2309 etc.Bonum
2805 2257 2912 2320 est,
2937 2259 3002 2309 ut
3031 2259 3430 2325 stantem,non
3447 2255 3769 2327 jacentem,

2115 2347 2174 2397 et
2205 2359 2320 2397 non
2353 2343 2724 2410 discinctum,
2746 2343 2842 2399 sed
2880 2343 3207 2399 accinctum
3232 2348 3289 2399 te
3317 2343 3597 2401 inimicus
3628 2351 3769 2402 tuus

2113 2430 2388 2487 inveniat.
2427 2437 2499 2487 De
2532 2448 2597 2488 eo
2652 2433 2806 2504 quod
2842 2433 3081 2487 interior
3110 2433 3284 2488 homo
3323 2433 3503 2490 habet
3531 2433 3770 2492 lumbos

2117 2537 2293 2588 suos;
2328 2520 2483 2576 unde
2515 2520 2800 2575 Dominus
2856 2539 2869 2578 :
2928 2523 3051 2576 Sint
3081 2522 3255 2577 lumbi
3283 2524 3455 2578 vestri
3474 2526 3773 2595 praecincti

2118 2610 2267 2680 (Luc.
2302 2627 2401 2675 x11,
2435 2611 2545 2676 35),
2579 2614 2689 2664 etc.
2725 2610 3006 2682 Sequitur
3051 2627 3063 2665 :
3100 2610 3287 2666 Induti
3344 2612 3574 2669 loricam
3596 2615 3768 2685 justi-

2118 2700 2227 2753 tize.
2263 2700 2411 2753 Bene
2433 2698 2664 2769 justitia
2720 2698 2914 2755 loricae
2944 2700 3180 2756 nomine
3212 2701 3593 2774 designatur;
3628 2703 3772 2775 quia

2118 2787 2269 2842 sicut
2300 2786 2399 2841 illa
2431 2787 2632 2842 multis
2659 2787 2915 2854 circulis,
2948 2789 3030 2844 ita
3058 2789 3172 2845 ista
3214 2792 3418 2847 multis
3447 2791 3770 2847 virtutibus

2118 2881 2583 2931 consummatur.

2189 2967 2265 3020 Et
2295 2965 2524 3019 ealceati
2549 2964 2835 3037 pedes.lsti
2859 2970 3000 3020 sunt
3031 2965 3239 3021 animae
3269 2968 3628 3041 pedes,quos
3650 2968 3770 3025 cal-

2118 3070 2303 3120 ceare,
2337 3055 2394 3108 id
2426 3060 2535 3120 est,
2574 3055 2804 3110 munire
2836 3055 3118 3110 debemus
3158 3062 3495 3112 sanctorum
3530 3058 3772 3114 Patrum

2117 3142 2417 3215 exemplis,
2437 3147 2500 3198 ut
2530 3142 2817 3215 intrepide
2849 3145 3229 3215 praedicemus
3261 3145 3641 3219 Evangelium
3669 3152 3777 3216 ;ut

350 3224 614 3283 visibiles
646 3223 844 3279 hostes
875 3220 1135 3285 dimicat,
1166 3218 1419 3273 visibilia
1450 3234 1615 3273 arma
1646 3216 1896 3288 accipit;
1928 3216 2004 3271 ita

2123 3231 2261 3287 illud
2297 3250 2309 3288 :
2345 3233 2519 3301 Quam
2544 3231 2773 3304 pulchri
2824 3233 2983 3304 pedes
3036 3216 3540 3306 evangelimntium
3580 3254 3773 3309 pacem

353 3332 520 3372 arma
549 3311 864 3369 invisibilia
891 3314 1031 3366 sunt
1060 3308 1391 3364 necessaria
1449 3312 1652 3362 contra
1684 3304 2004 3361 inv1sibiles

348 3404 570 3459 hostes.
602 3398 757 3455 Nihil
778 3402 867 3454 est
895 3397 1209 3462 dicere,ind
1222 3396 1339 3451 uite
1366 3412 1465 3450 vos
1496 3400 1856 3450 armaturam
1880 3392 2001 3463 Dei,

351 3492 466 3547 nisi
499 3507 512 3545 :
550 3487 776 3543 luduite
803 3502 905 3541 vos
936 3484 1253 3540 Dominum
1275 3484 1479 3539 Jesum
1503 3484 1802 3538 Christum
1827 3483 2000 3547 (Rom.

2114 3323 2241 3389 (Isa.
2302 3339 2397 3387 LII,
2430 3323 2503 3383 7;
2560 3323 2795 3377 Nahum.
2858 3340 2896 3389 Ι,
2930 3324 3036 3391 15;
3070 3325 3221 3380 Rom.
3280 3343 3336 3394 x,
3373 3327 3493 3391 15).
3566 3332 3646 3384 De
3702 3344 3772 3384 eo

2114 3411 2267 3483 quod
2303 3412 2476 3465 finem
2509 3416 2744 3466 scutum
2777 3416 2980 3479 vocat;
3015 3413 3337 3483 quia,sicut
3369 3421 3536 3471 scuto
3570 3418 3774 3474 omnia

2105 3499 2305 3571 jacula
2338 3499 2814 3572 exstinguuntur,
2849 3500 2931 3555 ita
2957 3502 3156 3556 omnia
3183 3503 3572 3573 adversaﬁde
3598 3523 3774 3579 supe-

349 3594 477 3646 χιιι,
511 3577 622 3648 14),
654 3575 714 3631 id
746 3579 855 3639 est,
886 3574 1211 3639 veritatem,
1239 3572 1558 3643 justitiam,
1594 3571 1889 3642 pietatem,
1949 3573 2004 3624 et

2123 3594 2336 3644 rantur.
2360 3589 2439 3643 De
2461 3605 2527 3643 eo
2542 3571 2708 3656 iquod
2734 3588 2898 3661 galea
2921 3588 3129 3646 salutis
3157 3591 3341 3647 munit
3365 3571 3630 3665 caput,id
3656 3571 3764 3667 est,

352 3671 583 3734 caetera,
618 3681 745 3736 quas
776 3660 1183 3733 intelliguntur
1211 3660 1271 3715 in
1302 3659 1554 3715 Christo.

429 3770 708 3845 Sequitur
760 3785 775 3825 :
824 3770 941 3825 Non
996 3775 1077 3823 est
1104 3767 1260 3823 nobis
1291 3765 1835 3837 colluetatio(l145),
1868 3771 2004 3831 etc.,

353 3863 414 3920 id
447 3866 556 3929 est,
589 3861 870 3917 adversus
898 3857 1188 3921 homines,
1223 3855 1321 3928 qui
1359 3871 1429 3911 ex
1458 3870 1629 3911 carne
1659 3859 1928 3910 constant
1950 3859 2007 3910 et

353 3951 683 4025 sanguine;
716 3949 808 4005 sed
861 3947 1120 4003 adversus
1174 3947 1469 4017 principes,
1509 3952 1559 4000 et
1611 3948 1912 4015 potestates,
1947 3944 2004 3998 id

352 4041 572 4114 est,qui
603 4039 716 4096 sibi
749 4037 1146 4110 principatum
1168 4034 1227 4090 in
1261 4033 1433 4090 malis
1454 4033 1794 4090 hominibus
1823 4032 2006 4089 vindi-

352 4136 529 4201 cant;
581 4129 842 4185 adversus
889 4126 1090 4181 mundi
1118 4128 1371 4191 rectores,
1404 4124 1462 4179 id
1495 4128 1603 4194 est,
1634 4124 2003 4189 tenebrarum,

354 4237 472 4277 non
503 4218 652 4287 cceli,
684 4222 740 4272 et
770 4222 932 4272 terrae
987 4231 999 4271 :
1051 4214 1344 4269 daemones
1375 4212 1532 4268 enim
1563 4216 1813 4268 rectores
1844 4215 2003 4280 sunt,

353 4326 471 4365 non
504 4305 732 4376 mundi,
763 4305 863 4360 sed
896 4301 1101 4358 mundi
1134 4306 1483 4357 amatorum.

422 4415 530 4471 Sed
560 4412 779 4486 gratias
810 4409 945 4475 Deo,
981 4408 1081 4480 qui
1109 4408 1259 4463 eruit
1288 4424 1393 4463 nos
1444 4408 1515 4462 de
1573 4407 1847 4463 tenebris.
1878 4408 2004 4462 Ma-

349 4519 596 4561 neamus
618 4517 753 4574 ergo
784 4499 843 4553 in
864 4498 992 4553 luce
1020 4514 1087 4553 ac
1116 4496 1402 4552 libertate.
1440 4495 1600 4551 Unde
1628 4500 1684 4551 et
1716 4496 1859 4567 ipsis
1910 4496 1995 4550 di-

2110 3676 2403 3732 interioris
2425 3677 2685 3732 hominis
2707 3679 3089 3734 sensus.Nam
3110 3680 3159 3735 si
3175 3679 3267 3736 his
3288 3682 3568 3738 omnibus
3581 3683 3766 3739 fueris

2113 3764 2376 3836 indutus,
2408 3770 2465 3821 et
2494 3783 2609 3821 non
2640 3766 2859 3822 habeas
2888 3766 3163 3840 gladium,
3192 3774 3247 3823 te
3267 3773 3570 3842 utcunque
3600 3777 3770 3843 potes

2116 3855 2442 3921 defendere,
2475 3856 2577 3911 sed
2608 3854 2915 3911 inimicum
2947 3861 3115 3911 tuum
3176 3874 3291 3913 non
3340 3857 3497 3915 vales
3540 3861 3769 3917 exstin-

2114 3944 2451 4015 guere.1deo
2484 3938 2716 3999 subdit:
2742 3946 2818 3999 Et
2847 3944 3101 4016 gladium
3116 3948 3345 4018 spiritus
3360 3964 3383 4009 ;
3413 3948 3571 4004 unde
3600 3950 3766 4005 alibi:

2120 4034 2274 4088 Vivus
2303 4036 2380 4088 est
2407 4034 2560 4088 enim
2586 4049 2761 4089 sermo
2810 4035 2908 4090 Dei
2937 4035 3143 4105 (1147),
3190 4040 3299 4091 etc.
3332 4036 3387 4091 Si
3416 4037 3575 4092 enim
3607 4039 3773 4095 verbi

2114 4121 2374 4194 gladium
2405 4138 2517 4176 non
2551 4121 2848 4194 habueris,
2884 4123 3286 4180 haereticorum
3330 4127 3624 4183 versutias
3655 4144 3770 4184 non

2114 4210 2281 4265 facile
2303 4210 2646 4282 superabis;
2671 4211 2822 4267 sicut
2853 4211 3025 4268 miles
3047 4213 3173 4268 sine
3192 4212 3385 4286 gladio
3408 4232 3523 4270 non
3547 4217 3774 4273 accedit

2115 4299 2187 4354 ad
2223 4298 2466 4369 bellum,
2490 4300 2573 4354 ita
2602 4301 3040 4371 omnisjustitia
3069 4302 3265 4358 intuta
3295 4307 3383 4359 est
3411 4304 3540 4361 sine
3570 4307 3768 4362 verbo.

2186 4405 2462 4477 Sequitur
2491 4423 2503 4460 :
2539 4407 2646 4461 Per
2674 4423 2887 4463 omnem
2914 4410 3237 4476 orationem,
3269 4415 3377 4465 etc.
3412 4415 3488 4467 De
3517 4428 3586 4468 eo
3610 4414 3771 4484 quod

2113 4495 2392 4550 distantia
2422 4499 2511 4550 est
2540 4496 2690 4550 inter
2720 4496 3041 4553 orationem
3073 4504 3130 4552 et
3154 4499 3642 4557 obsecrationem.
3665 4501 3767 4557 Di-

352 4594 504 4650 citur
537 4608 549 4648 :
585 4590 771 4647 Fuisti
811 4586 1119 4660 aliquando
1151 4584 1392 4642 tenebrae
1439 4583 1655 4656 (Ephes.
1689 4602 1744 4646 ν.
1775 4586 1852 4654 8),
1885 4589 1994 4639 etc.
2028 4589 2074 4653 Β
2106 4590 2245 4638 eunt
2271 4583 2430 4638 enim
2465 4584 2619 4655 quod
2652 4585 2978 4642 obsecratio
3012 4588 3075 4642 ﬁt
3105 4605 3207 4659 pro
3240 4590 3495 4661 peccatis
3528 4595 3766 4662 praeter—

354 4682 568 4748 Quterit
596 4681 743 4736 forte
773 4675 1171 4749 aliquis,unde
1201 4672 1520 4745 Apostolus
1552 4672 1808 4744 sumpsit
1838 4689 2001 4728 occa-

356 4769 579 4827 sionem
612 4769 725 4824 ista
753 4766 1004 4822 dicendi.
1040 4765 1205 4819 Forte
1235 4763 1305 4818 de
1337 4762 1705 4834 prteliis,quaa
1732 4761 1794 4816 in
1818 4762 2003 4817 histo-

358 4858 460 4915 riis
477 4856 771 4914 veteribus
796 4856 1108 4910 narrantur
1131 4856 1297 4925 gesta
1316 4869 1350 4907 a
1371 4850 1506 4907 ﬁliis
1529 4849 1705 4906 lsrael
1725 4851 2003 4906 adversus

419 5106 604 5176 (1143)
634 5106 699 5161 In
760 5102 1066 5176 Palestina
1122 5102 1364 5176 scil.7et
1392 5102 1572 5175 Syria,
1632 5101 1892 5175 Sidonia,
1947 5107 2005 5160 et

350 5174 734 5234 Pbmnicia.ex
766 5174 1233 5248 ipsisscil.erant
1253 5174 1999 5248 Jebusieistmorrbaeis,

350 5249 654 5313 Hevaiis,et
684 5246 1139 5320 quamplurimis
1171 5246 1302 5301 aliis
1336 5246 1670 5320 nationibus
1700 5247 2001 5320 reges,qui

351 5316 774 5400 alosuejuzita
830 5316 1065 5400 Domini
1095 5325 1447 5400 praeceptum
1482 5335 1582 5389 per
1610 5316 1727 5373 Noe
1761 5316 2002 5374 maledi-

353 5395 509 5446 ctum
547 5391 832 5462 prelatum
866 5391 1419 5462 exterminatisunt.

429 5459 610 5534 (1144)
645 5463 705 5517 In
729 5468 943 5534 iautog.
1007 5478 1190 5532 marg.
1250 5459 1345 5514 hic
1376 5459 1513 5534 .leg.
1574 5476 1699 5530 cap.
1760 5460 1914 5530 XXX,
1947 5465 2004 5516 et

355 5532 701 5606 paulopost
722 5529 1023 5588 Dominica
1048 5529 1181 5606 mi
1217 5536 1346 5606 post
1376 5529 1536 5585 Perit.

2112 4672 2232 4743 itis,
2262 4672 2349 4726 vel
2374 4673 2757 4744 praesentibus
2785 4692 2798 4742 ;
2832 4677 3015 4732 oratio
3073 4694 3178 4749 pro
3204 4678 3603 4750 adipiscendis
3636 4697 3765 4752 qua:

2112 4778 2430 4832 speramus.
2461 4761 2528 4815 Et
2558 4762 2696 4832 quia
2726 4780 2935 4835 magno
2973 4766 3066 4821 Dei
3094 4781 3335 4839 egemus
3365 4768 3659 4839 adjutoriu
3688 4770 3761 4825 ad

2112 4850 2502 4906 devincendas
2535 4849 2721 4906 hostis
2768 4853 2995 4925 antiqui
3025 4856 3334 4925 versutias;
3368 4858 3586 4914 idcirco
3617 4859 3761 4914 sub-

2182 5101 2499 5181 (411__4_6)l_iazc
2520 5102 2816 5181 expositio
2832 5122 2866 5159 a
2891 5104 3024 5159 divo
3047 5105 3394 5181 Hieronymo
3418 5108 3753 5181 desumpta.

2112 5173 2217 5248 Ubi
2252 5175 2392 5230 illud
2428 5179 2696 5239 nostram,
2730 5176 2956 5231 videtur
2987 5178 3176 5246 potius
3208 5173 3670 5248 emendandum,
3702 5185 3757 5236 et

2112 5244 2426 5316 legendum
2460 5248 2851 5310 nationem,vel
2882 5244 3095 5302 earum.

2184 5318 2365 5390 (1147)
2399 5318 2567 5373 Hebr.
2602 5335 2677 5382 ιν,
2716 5319 2779 5372 12
2811 5336 2824 5374 :
2866 5320 3019 5374 Vivus
3047 5328 3126 5374 est
3157 5324 3309 5376 enim
3339 5339 3518 5377 sermo
3562 5323 3679 5390 Dei,
3710 5329 3759 5377 et

2110 5386 2326 5465 efﬁcax,
2350 5386 2411 5443 ἐι
2438 5390 2839 5465 penetrabilior
2865 5394 3017 5445 omni
3042 5391 3228 5461 gladio
3258 5396 3494 5465 ancipiti
3519 5412 3538 5447 :
3568 5401 3621 5449 et
3644 5386 3761 5465 per-

2112 5461 2326 5529 tingens
2361 5476 2527 5531 usque
2555 5463 2628 5514 ad
2657 5460 2984 5535 divisiouem
3011 5460 3304 5528 animamur:
3330 5460 3584 5535 spiritus,
3614 5460 3757 5521 com-

2106 5547 2309 5610 pagum
2341 5547 2570 5610 quoque,
2603 5548 2667 5610 ac
2694 5532 3084 5610 medullarum,
3141 5540 3195 5591 et
3249 5532 3520 5593 discretor
3559 5532 3757 5610 cogita-

425 5602 605 5687 (1145)
666 5602 1011 5687 (ι’ρηεαιοαιίο
1059 5602 1273 5687 legitur
1330 5602 1388 5656 in
1449 5602 1601 5687 cod.,
1654 5602 1810 5676 quod
1832 5603 2003 5676 juxta
2111 5603 2344 5674 tionum,
2454 5602 2827 5660 intentionum
2854 5605 3050 5663 cordis.

350 5689 559 5741 omnes
586 5673 866 5733 lectiones
892 5673 1271 5735 emendatum
1303 5673 1528 5732 censui.

628 5926 661 5943 δ
