4026 6168
227 301 320 369 585
723 308 1138 369 EXPOSITIO
1181 308 1257 367 IN
1308 306 1737 367 EPISTULAS
1784 304 2243 365 PAULL—IN
2290 304 2534 364 EPIST.
2585 306 2688 363 AD
2734 305 3066 364 PHlLlPP.
3479 307 3599 368 586

221 439 424 512 junxit:
451 438 679 495 Orontes
710 440 862 494 omni
889 447 1133 510 tempore‘
1158 441 1219 494 in
1246 441 1469 510 spiritu.
1505 439 1572 493 Et
1601 438 1748 493 bene
1781 437 1840 491 in
1871 439 1922 502 Α
1957 436 2329 492 commendat
2359 437 2536 490 etiam
2565 437 3000 508 profectionem.
3035 439 3175 491 Cum
3207 438 3348 492 dicit
3378 439 3602 493 Charis-

227 530 402 602 spiritu
430 528 593 596 dicit,
629 533 692 583 ut
725 546 838 582 non
889 528 1153 584 dicamus
1199 530 1373 583 verba
1402 529 1699 596 meditata,
1749 527 1837 582 vel
1969 527 2142 580 simus
2160 525 2554 596 fratermnugui
2578 526 2767 580 meriti
2794 530 3312 594 monstratur,cum
3336 526 3607 582 charissi-

224 617 454 688 scripta;
490 618 590 672 sed
623 617 862 672 interior
913 618 1107 681 homo.
1141 618 1198 672 id
1230 622 1336 686 est,
1372 617 1638 687 spiritus,
1671 615 1846 687 pleno
1973 631 2104 670 mus
2163 631 2288 669 esse
2342 613 2553 667 dicitur
2611 615 2791 670 Pauli.
2842 617 2950 670 Sed
2994 616 3147 670 unde
3179 615 3609 672 charissimus‘?

228 705 492 762 desiderio
523 711 667 773 oret,
699 715 753 761 et
781 707 1193 777 omnitempore
1212 711 1353 762 oret.
1378 705 1528 760 Nota
1550 704 1703 776 quod
1728 704 1808 759 ait
1840 722 1856 757 :
1968 703 2243 772 Nunquid
2275 702 2413 774 quia
2443 702 2605 757 illius
2637 709 2757 758 erat
2780 704 3047 759 minister
3069 705 3094 758 ‘3
3116 705 3209 758 Ait
3227 704 3380 770 enim
3409 722 3420 760 :
3445 706 3608 761 Mini-

183 829 186 834 ι
228 797 317 851 Per
359 812 601 851 omnem.
652 794 952 867 Multiplex
1003 799 1091 850 est
1129 797 1282 850 enim
1316 795 1540 850 oratio:
1572 810 1728 848 nunc
1756 810 1858 864 pro
1967 795 2076 847 δίεν
2104 793 2163 845 in
2192 793 2458 857 Domino;
2495 790 2551 844 id
2583 796 2691 856 est,
2725 793 2784 846 in
2818 794 3206 864 praedicando.

224 884 396 949 nobis,
430 900 585 939 nunc
617 899 720 955 pro
749 883 902 952 aliis,
934 899 1094 938 nunc
1137 900 1237 954 pro
1291 883 1404 951 his,
1439 899 1564 954 qua;
1597 882 1666 937 ad
1702 882 1858 936 futu-
2039 880 2354 951 Sequitur:
2394 881 2457 936 Ut
2482 883 2814 947 coynoscatis
2842 899 2961 954 quae
2989 883 3143 939 circa
3167 899 3263 938 nos
3283 888 3432 951 sunt,
3456 888 3602 950 etc.;

222 991 331 1029 ram
357 973 561 1045 (1148),
585 989 742 1027 nunc
773 990 872 1045 pro
903 972 1017 1038 his,
1045 989 1171 1044 quae
1199 973 1266 1026 ad
1304 976 1646 1041 praesentem
1678 969 1856 1025 vitam
1966 969 2024 1024 id
2055 973 2166 1034 est,
2198 985 2344 1040 quas
2376 985 2578 1038 pmnas
2636 973 2692 1024 et
2742 987 2889 1039 quas
2951 976 3184 1026 catenas
3233 973 3508 1044 patimur.
3549 975 3613 1029 Ut

207 1063 514 1136 .pertinent.
533 1059 681 1117 Nota
704 1061 860 1134 quod
887 1061 1255 1117 cessantibus
1281 1062 1462 1133 (1149)
1480 1060 1672 1115 verbis
1693 1059 1860 1130 spiri-
1965 1059 2272 1114 consoletur
2300 1058 2462 1113 corda
2491 1062 2688 1128 vestra,
2723 1075 2793 1112 ne
2824 1059 2894 1112 de
2941 1077 3070 1114 mea
3119 1078 3277 1125 cura,
3309 1065 3366 1116 et
3395 1062 3612 1117 sollici-

219 1156 303 1206 tus
332 1151 502 1206 debet
532 1167 698 1206 orare
725 1166 738 1216 ;
771 1154 829 1205 et
859 1149 1111 1222 qualiter
1163 1148 1438 1215 ostendit,
1501 1165 1635 1203 cum
1667 1147 1810 1201 dicit
1840 1164 1852 1200 :
1967 1147 2172 1202 tudine
2195 1146 2490 1202 laboretis.
2517 1146 2596 1200 De
2618 1163 2682 1201 eo
2706 1147 2859 1217 quod
2883 1149 3123 1217 grandis
3147 1149 3464 1206 consolatio
3487 1168 3616 1206 esse

224 1241 369 1298 Omni
399 1248 652 1311 tempore.
684 1240 753 1294 Et
809 1240 948 1310 quia
1004 1237 1308 1293 subaudiri
1363 1241 1587 1308 poterat
1631 1240 1854 1290 certum
1967 1240 2194 1306 poterat
2225 1236 2426 1290 audire
2459 1234 2704 1289 Paulum
2739 1236 2932 1290 Roma)
2956 1236 3011 1290 in
3036 1237 3274 1292 domina
3295 1240 3618 1304 urbium,et

221 1336 460 1400 tempus,
492 1327 552 1382 id
585 1332 694 1393 est,
727 1327 854 1382 dies
885 1328 955 1383 ad
989 1326 1351 1400 operandum
1385 1325 1570 1396 (1150)
1594 1323 1856 1379 dataho-
1969 1325 2029 1378 in
2064 1341 2192 1378 arce
2225 1324 2470 1379 Romani
2503 1323 2732 1395 imperii
2767 1324 2836 1378 de
2867 1341 3114 1391 carcere,
3147 1331 3203 1380 et
3251 1328 3320 1382 de
3367 1328 3617 1383 vinculis

221 1418 350 1473 mini
379 1433 393 1472 :
425 1416 554 1473 ideo
584 1416 921 1488 subjunxit:
954 1417 1019 1470 Et
1049 1418 1108 1470 in
1139 1416 1258 1485 ipso
1289 1415 1580 1483 vigilantes
1609 1415 1669 1467 in
1708 1414 1858 1468 omni
1973 1412 2437 1482 triumphantem
2468 1431 2482 1480 ;
2517 1417 2573 1467 et
2603 1413 2731 1467 ideo
2764 1413 3082 1484 Tychicum
3116 1414 3298 1485 (1153)
3326 1431 3453 1470 esse
3475 1416 3616 1470 mis-

218 1507 499 1576 instantia,
535 1522 607 1560 ne
636 1505 920 1567 videlicet,
954 1503 1132 1558 veluti
1163 1503 1540 1567 dormientes,
1571 1501 1738 1570 lecta,
1772 1500 1856 1556 vel
1968 1518 2125 1568 sum,
2160 1507 2223 1555 ut
2253 1501 2430 1555 vitam
2462 1506 2521 1556 et
2551 1502 3046 1557 conversationem
3068 1503 3231 1558 Pauli
3258 1504 3342 1559 eis
3374 1505 3610 1560 nuntia-

219 1596 616 1652 commendata
634 1593 919 1649 dicamus.
944 1594 1104 1648 Sicut
1127 1591 1281 1648 enim
1307 1591 1603 1646 dormiens
1627 1589 1858 1662 ignorat
1973 1594 2079 1646 ret.
2114 1589 2325 1661 Magna
2355 1589 2589 1668 quidem
2623 1589 2942 1645 consolatio
2973 1607 3100 1646 esse
3151 1597 3374 1664 poterat
3403 1592 3622 1650 imitari

218 1685 360 1756 quod
387 1684 562 1750 dicit;
589 1682 670 1738 ita
694 1682 810 1748 ille,
837 1683 938 1755 qui
962 1682 1044 1736 ita
1063 1681 1326 1752 loquitur
1349 1680 1673 1750 orando,ut
1699 1678 1857 1733 aliud
1965 1677 2306 1745 volentium,
2343 1696 2515 1734 nosse
2561 1679 2758 1734 omnia
2814 1696 2941 1749 qua:
2996 1682 3066 1735 ab
3122 1682 3398 1753 Apostolo
3447 1698 3612 1752 gere-

217 1773 442 1846 cogitet.
470 1772 620 1827 Nota
649 1771 803 1842 quod
836 1774 1035 1865 monet
1059 1785 1157 1842 pro
1199 1769 1400 1865 sanctis
1451 1784 1638 1865 orare,
1669 1772 1725 1822 et
1757 1783 1858 1838 pro
1888 1799 1934 1865 B
1967 1767 2208 1823 bantur.

215 1881 288 1926 se.
318 1866 392 1916 Et
421 1861 689 1917 homines
719 1858 952 1926 tumidi,
986 1865 1042 1914 et
1066 1857 1302 1930 superbi
1352 1857 1685 1929 despiciunt
1715 1873 1852 1912 ora-
1888 1856 1932 1865 ”
2057 1856 2370 1926 Sequitur:
2405 1857 2544 1926 Pax,
2603 1860 2711 1910 etc.
2774 1856 2852 1912 De
2904 1873 2970 1912 eo
3019 1860 3172 1928 quod
3230 1857 3435 1912 ultima
3493 1875 3628 1930 pars

237 1951 423 2008 tiones
455 1954 791 2005 sanctorum
824 1947 1138 2020 requirere.
1172 1947 1318 2001 Nota
1353 1947 1506 2019 quod
1534 1947 1735 2018 etipse
1753 1951 1879 2000 orat
1987 1943 2240 2014 epistolae
2299 1945 2548 2015 precatio
2611 1950 2717 1999 est.
2777 1945 3052 2000 Precatur
3105 1951 3161 2001 et
3217 1951 3379 2017 optat
3423 1963 3623 2017 pacem

223 2059 312 2112 pro
347 2037 644 2112 Ephesiis,
680 2043 734 2092 et
758 2042 941 2107 rogat,
969 2042 1033 2091 ut
1055 2036 1236 2107 etipsi
1263 2040 1432 2090 orent
1460 2052 1563 2106 pro
1596 2035 1743 2106 ipso.
1769 2033 1876 2089 Ubi
1989 2033 2498 2099 fratribus,deindc
2520 2033 3263 2104 cbaritatem,postmodum
3296 2037 3629 2090 ﬁdemﬁec

217 2129 498 2185 discimus
521 2127 674 2198 qdod
701 2133 757 2181 et
787 2125 1007 2198 prmlati
1031 2142 1131 2196 pro
1156 2123 1429 2191 subditis,
1450 2128 1507 2178 et
1528 2123 1751 2178 subditi
1774 2139 1876 2194 pro
1987 2127 2145 2183 sunt.
2178 2139 2304 2192 quae
2338 2123 2654 2193 perfectum
2681 2122 2901 2177 faciunt
2921 2123 3338 2190 Christianum,
3362 2126 3460 2179 sed
3494 2125 3631 2180 cha-

220 2215 474 2292 prkelatis
495 2216 711 2271 debent
732 2231 918 2270 orare.
949 2215 1058 2270 Sed
1087 2213 1214 2268 vide
1236 2213 1393 2284 quod
1418 2229 1530 2267 non
1556 2229 1658 2284 pro
1683 2212 1874 2284 sospi-
1987 2210 2130 2265 ritas
2161 2210 2350 2290 major
2379 2214 2469 2264 est
2500 2227 2637 2281 pace
2669 2211 2716 2281 (Ι
2746 2210 2864 2266 Cor.
2901 2229 3022 2276 xm,
3057 2214 3145 2279 13)
3171 2231 3183 2278 ;
3209 2213 3348 2282 quia
3369 2218 3510 2267 sunt
3530 2213 3630 2284 qui

218 2315 325 2389 tate
351 2304 605 2373 carnali,
636 2308 738 2359 aut
763 2321 867 2376 pro
889 2301 1312 2375 temporalibus
1337 2302 1672 2373 quibusque
1700 2301 1875 2356 rebus
1985 2297 2254 2362 tolerant,
2279 2315 2425 2370 quos
2458 2316 2570 2354 non
2603 2298 2874 2370 diligunt.
2901 2301 3049 2354 Nota
3071 2302 3224 2371 quod
3249 2301 3375 2356 sine
3406 2302 3518 2356 ﬁde
3543 2319 3629 2356 re-

217 2386 374 2469 rogat
415 2411 604 2462 orare,
631 2394 730 2448 sed
757 2397 822 2447 ut
844 2393 1015 2448 detur
1035 2391 1083 2446 ei
1105 2407 1297 2446 sermo
1319 2409 1332 2458 ;
1357 2390 1414 2444 id
1447 2395 1554 2455 est,
1589 2394 1653 2444 ut
1684 2406 1874 2444 sermo
1987 2386 2149 2458 liqua
2180 2387 2462 2443 inutiliter
2490 2387 2813 2454 habentur;
2848 2393 2912 2443 ut
2939 2388 3112 2443 illud:
3141 2390 3325 2457 Omne,
3359 2391 3498 2462 quod
3523 2407 3633 2446 non

111 2530 114 2532 η
218 2484 504 2550 abundet,
537 2488 595 2538 et
625 2500 688 2537 os
721 2481 981 2554 apertius
1029 2479 1305 2551 loquatur
1335 2495 1469 2533 cum
1502 2478 1717 2534 ﬁducia
1748 2478 1874 2532 sine
1985 2484 2062 2530 est
2091 2493 2160 2530 ex
2187 2475 2314 2545 ﬁde,
2343 2481 2626 2546 peccatum
2656 2481 2732 2532 est
2768 2478 2939 2547 (Rom.
2989 2496 3100 2543 XIV,
3134 2480 3244 2551 13).
3277 2480 3426 2535 Nota
3457 2481 3632 2534 etiam

219 2574 421 2646 aliqua
451 2569 859 2642 trepidatione.
893 2569 1041 2625 Nota
1074 2568 1227 2640 quod
1261 2567 1370 2623 hoc
1399 2567 1595 2639 ipsum
1630 2567 1712 2622 eis
1744 2582 1876 2637 pro-
1987 2565 2141 2636 quod
2174 2565 2302 2636 ipsa
2333 2564 2478 2620 ﬁdes
2505 2582 2638 2620 cum
2694 2566 2935 2638 reliquis
2983 2567 3298 2623 virtutibus
3331 2586 3364 2623 a
3392 2570 3636 2624 Domino

215 2664 442 2729 dess'et,
476 2677 623 2731 quos
656 2663 876 2724 monet,
907 2661 971 2712 ut
1001 2661 1186 2714 orent.
1221 2656 1327 2712 Ubi
1377 2656 1662 2711 discimus
1713 2671 1877 2709 orare
1992 2654 2184 2709 datur.

217 2769 314 2824 pro
347 2749 455 2805 his
485 2765 632 2820 quos
663 2737 941 2803 docemus
971 2747 1030 2802 in
1064 2745 1328 2802 Domino.
2058 2743 2334 2815 Sequitur
2376 2761 2388 2798 :
2437 2743 2630 2798 Gratia
2661 2752 2844 2799 autem
2877 2759 3003 2799 cum
3032 2746 3306 2814 omnibus,
3332 2751 3440 2803 etc.
3471 2749 3542 2801 De
3573 2763 3640 2802 eo

283 2838 613 2912 Sequitur:
642 2853 744 2909 pro
775 2853 901 2908 quo,
934 2840 1045 2892 etc.
1075 2853 1088 2902 ;
1140 2835 1198 2889 id
1249 2840 1357 2905 est,
1408 2832 1735 2906 Evangelio.
1770 2831 1873 2889 Le~
1987 2833 2142 2902 quod
2168 2837 2501 2904 corruptam
2532 2833 2746 2887 habent
2768 2833 2940 2888 ﬁdem
2965 2833 3240 2902 haeretici,
3262 2836 3360 2906 qui
3387 2837 3455 2890 de
3473 2835 3639 2889 Chri-

221 2934 395 3001 gatus
429 2925 666 2991 Christi,
699 2924 835 2980 licet
885 2924 941 2977 in
992 2928 1195 2978 catena
1241 2923 1341 2989 sit,
1390 2926 1586 2976 tamen
1616 2920 1876 2974 ofﬁcium
1989 2926 2077 2976 sto
2109 2937 2222 2975 non
2258 2926 2410 2976 recte
2440 2921 2740 2988 sentiunt;
2775 2927 3108 2992 corruptam
3157 2924 3356 2992 etiam,
3389 2924 3488 2994 qui
3522 2941 3634 2992 non

219 3013 664 3088 evangelizandi
688 3011 930 3084 peragit.
955 3012 1065 3066 Sed
1089 3014 1236 3076 orat,
1258 3015 1322 3064 ut
1340 3027 1452 3064 non
1473 3008 1670 3064 dolore
1690 3009 1880 3063 vinca-
1988 3013 2146 3063 recta
2176 3008 2494 3064 intentione
2515 3008 2567 3064 ei
2589 3009 2880 3074 serviunt;
2907 3016 3240 3082 corruptam
3264 3017 3319 3066 et
3338 3011 3550 3081 illi,qui
3578 3013 3636 3066 in

219 3110 315 3160 tur
341 3122 356 3172 ;
397 3104 540 3175 quia
560 3117 763 3158 omnes
784 3100 965 3170 legati
984 3098 1146 3154 verbi
1167 3097 1306 3153 talia
1327 3097 1618 3152 sustinere
1641 3097 1874 3151 debent.
1923 3169 1953 3175 _
1991 3097 2097 3152 hac
2127 3101 2353 3152 tantum
2386 3097 2504 3151 vita
2535 3102 2673 3151 sunt
2703 3102 3006 3167 sperantes
3032 3101 3089 3153 in
3122 3100 3368 3154 Christo.
3390 3105 3515 3155 Non
3538 3101 3637 3154 de-

218 3169 393 3249 Unde
422 3169 731 3263 sequitur:
766 3169 932 3244 Itaiet
960 3191 1020 3242 in
1052 3189 1190 3260 ipso,
1223 3191 1331 3241 etc.
1366 3185 1512 3250 Quid
1545 3186 1700 3242 enim
1725 3184 1882 3240 aliud
1913 3169 1955 3234 C
1995 3186 2229 3240 fuerunt
2258 3184 2359 3255 qui
2392 3185 2799 3240 intellexerunt
2820 3192 3144 3258 corruptos,
3170 3189 3268 3260 qui
3293 3189 3640 3261 concubitus

213 3283 382 3338 inter
416 3282 681 3347 adversa,
709 3283 768 3333 et
796 3279 1077 3332 adversus
1101 3292 1301 3348 poenas
1333 3275 1536 3329 debuit
1566 3271 1884 3339 orare,nisi
1993 3273 2411 3344 experientiam
2446 3273 2704 3344 capiunt,
2739 3274 2839 3344 qui
2863 3274 3034 3347 vulgo
3057 3277 3314 3348 corrupti
3338 3277 3639 3332 dicuntur.

210 3375 279 3426 ut
316 3367 550 3428 ﬁducia
602 3366 713 3422 sibi
760 3366 1000 3420 daretur
1047 3365 1119 3420 ad
1176 3363 1672 3418 manifestandum
1704 3363 1885 3416 Evan-
1997 3364 2106 3418 Sed
2139 3362 2431 3433 quomodo
2465 3364 2535 3416 ab
2568 3362 2675 3417 hac
2707 3364 2897 3433 gratia
2926 3366 3197 3437 conjugia
3219 3372 3421 3421 sancta
3447 3365 3642 3422 exclu-

206 3457 460 3532 gelium
481 3455 510 3510 ?
538 3454 687 3509 Nota
718 3454 872 3525 quod
906 3459 1046 3508 tunc
1075 3453 1264 3523 major
1287 3453 1498 3507 ﬁducia
1519 3457 1628 3512 est.
1654 3451 1887 3523 quando
1996 3450 2252 3506 duntur?
2273 3453 2939 3525 Quaproptercorruptio
2957 3454 3495 3526 diciturcujuslibet
3515 3473 3642 3526 pec-

204 3546 473 3619 σορίοεθ
507 3549 562 3599 et
592 3540 1016 3598 rationabiliter
1045 3541 1281 3595 dicitur.
1998 3542 2109 3595 cati
2141 3541 2480 3596 dominatio.
2514 3541 2764 3612 Diligere
2793 3560 2925 3597 vero
2957 3544 3267 3598 Dominum
3303 3545 3360 3598 in
3394 3547 3645 3599 incorru-

285 3633 495 3708 (1151)
525 3632 836 3703 Sequitur:
876 3632 937 3687 Ut
986 3635 1173 3686 autem
1222 3645 1314 3684 vos
1364 3630 1572 3693 sciatis,
1606 3634 1714 3683 etc.
1744 3627 1892 3682 Nota
1994 3631 2178 3701 ptione
2205 3634 2312 3697 est,
2349 3647 2462 3684 non
2494 3647 2736 3701 regnare
2759 3637 3060 3702 peccatum
3095 3633 3152 3686 in
3188 3638 3386 3688 nostro
3419 3632 3649 3689 mortali

209 3725 381 3800 quod
401 3723 528 3778 duo
543 3721 766 3791 dicit,id
781 3725 1022 3790 est,quze
1039 3719 1190 3774 circa
1205 3717 1889 3789 mesunt,etquidagam.
2001 3735 2260 3790 corpore,
2293 3723 2402 3772 etc.
2432 3721 2601 3772 Amen
2623 3724 2817 3773 autem
2843 3720 3009 3791 quasi
3042 3721 3113 3775 ad
3145 3721 3650 3776 conﬁrmationem

209 3817 392 3870 Circa
429 3812 632 3884 ipsum
665 3810 805 3881 quid
838 3815 1027 3873 erant,
1060 3808 1175 3862 nisi
1206 3811 1419 3862 catenae
1441 3807 1469 3860 Ἰ
1489 3807 1559 3860 Et
1588 3807 1728 3877 quid
1762 3823 1893 3879 age-
2003 3807 2291 3874 omnium,
2316 3823 2441 3876 quae
2466 3807 2736 3877 superius
2764 3808 2979 3878 scripta
3009 3817 3169 3873 sunt,
3199 3809 3255 3862 in
3289 3811 3400 3863 ﬁne
3427 3810 3648 3880 posuit;

210 3906 340 3969 bat,
382 3901 515 3957 nisi
544 3899 833 3954 instanter
864 3896 1154 3953 docebat?
1185 3895 1266 3950 De
1309 3895 1400 3948 his
1431 3894 1512 3948 nil
1549 3911 1652 3966 per
1681 3895 1898 3964 episto-
2007 3912 2108 3966 per
2154 3910 2327 3965 quem
2383 3895 2758 3948 Hebraeorum
2818 3912 3146 3951 sermonem
3206 3913 3341 3950 vera
3371 3903 3427 3951 et
3459 3895 3656 3950 ﬁdelia

208 3994 339 4048 lam
379 3988 644 4063 pandit;
673 3987 774 4042 sed
807 3985 1005 4040 omnia
1036 4000 1138 4056 per
1170 3983 1441 4048 missum,
1470 3981 1528 4036 id
1559 3987 1667 4046 est,
1693 3982 1896 4054 Tychi-
2007 3999 2156 4051 esse,
2192 4000 2318 4053 quae
2351 3982 2570 4053 scripta
2602 3987 2762 4046 sunt,
2797 3984 3294 4038 demonstrantur.

210 4100 358 4140 cum
389 4078 594 4152 (1152)
619 4076 878 4131 mandat.
901 4074 1084 4144 Cujus
1108 4073 1263 4128 enim
1289 4071 1545 4128 ostendit
1565 4087 1896 4143 personam,
2083 4071 2319 4142 Explicit
2345 4071 2596 4141 cpz'stolat
2625 4071 2696 4124 ad
2725 4071 3001 4142 Ephesios.

288 4256 510 4343 (1148)
544 4206 759 4343 .Verba
810 4253 952 4318 haec,
1005 4268 1219 4308 nunc...
1279 4253 1552 4322 futurum,
1603 4249 1662 4304 in
1713 4265 1899 4321 marg.
2012 4265 2268 4343 ονεδλῐξιὲιίιξ»ξ

209 4319 558 4404 leguntdr.
728 4335 731 4343 '
1279 4319 1287 4322 ’
1735 4391 1747 4402 .
1847 4319 1870 4321 ⁷
2085 4321 2267 4461 (1450)
2299 4320 2563 4374 Fortasse
2593 4321 2671 4375 ad
2700 4319 2996 4375 orandum.

286 4399 513 4461 (1149)
537 4398 809 4452 Fortasse
835 4395 1324 4460 inccssantibus,ut
1340 4392 1712 4447 referaturad
1734 4391 1900 4455 illud,
2109 4392 2268 4461 1151)
2300 4396 2362 4444 In
2396 4397 2589 4461 autog.
2626 4408 2812 4461 marg.
2848 4392 2938 4446 hic
2969 4391 2996 4445 li

286 4391 513 4472 (1149)
537 4398 809 4452 Fortasse
835 4395 1324 4472 incessentibus,ut
1340 4393 1626 4472 referatur
1640 4392 1712 4472 ad
1734 4391 1900 4472 illud,
2300 4396 2362 4472 In
2396 4397 2812 4472 autoglmarg.
2848 4392 2938 4446 hic
2969 4391 3082 4462 leg.
3116 4408 3243 4464 cap.
3274 4393 3460 4447 XXXl.

207 4463 500 4530 z'n‘omnz'
550 4471 810 4538 tempore,
869 4469 930 4521 in
977 4467 1126 4538 omni
1177 4466 1477 4520 instantia:
1510 4463 1598 4538 vel
1630 4463 1808 4538 etiam
1833 4469 1905 4538 ut
2086 4464 2268 4538 (115;)
2307 4464 2363 4538 l_n
2397 4464 2518 4538 cod.
2544 4465 2803 4538 A'I‘itz’cmu.

199 4547 403 4618 jacet,
445 4538 592 4598 scil.
653 4534 717 4595 ut
775 4543 965 4594 mente
1022 4537 1220 4607 etiam,
1280 4535 1650 4591 cessantibus
1689 4534 1901 4602 verbis,
2090 4535 2270 4605 (1153)
2303 4534 2371 4588 Et
2400 4534 2494 4589 hic
2525 4535 2717 4590 denuo
2748 4535 2996 4589 Titicum.

775 4902 1239 5000 INCIPIT
1308 4901 1919 4996 EPISTULA
1987 4902 2152 4994 AD
2223 4901 3153 4996 PHILIPPENSES.

200 5253 753 5334 Philippensibus
783 5249 1097 5323 Apostolus
1147 5249 1389 5303 verbum
1418 5248 1551 5304 ﬁdei
1584 5248 1917 5320 praedicavit
1944 5263 1991 5326 D
2022 5249 2273 5322 pleniter
2304 5263 2402 5304 eos
2439 5248 2718 5305 instruxit
2755 5253 2813 5305 et
2852 5250 3120 5306 solidavit
3161 5249 3219 5303 in
3263 5249 3395 5304 ﬁde.
3429 5250 3497 5304 Et
3527 5250 3668 5321 quia

201 5352 266 5405 in
303 5350 586 5406 visione
607 5340 964 5405 admonitus,
990 5338 1143 5393 sicut
1167 5336 1224 5390 in
1245 5335 1488 5390 Actibus
1521 5336 1916 5407 apostolorum
2030 5341 2159 5409 post
2187 5338 2316 5406 ejus
2357 5337 2697 5393 abscessum
2739 5356 2853 5394 non
2895 5345 3032 5394 sunt
3069 5336 3332 5392 translati
3380 5339 3450 5392 ad
3484 5339 3665 5407 aliud,

197 5439 481 5512 legitur,
564 5437 634 5488 ut
687 5427 986 5486 accederet
1040 5426 1112 5481 ad
1168 5441 1289 5492 eos,
1347 5429 1404 5480 et
1450 5424 1699 5496 aperiret
1750 5442 1920 5480 aures
2028 5426 2182 5480 sicut
2226 5426 2463 5493 Galatae,
2495 5425 2810 5482 laudantur
2837 5428 2908 5480 ab
2932 5423 3226 5495 Apostolo.
3256 5426 3409 5482 Laus
3439 5445 3669 5500 quoque
3731 5450 3736 5453 ·

199 5543 444 5584 eorum
487 5521 584 5579 ad
643 5515 998 5575 addiendum
1053 5514 1295 5568 verbum
1353 5513 1455 5568 Dei
1492 5513 1626 5584 (Act.
1661 5530 1772 5580 xvr,
1808 5514 1918 5584 19).
2029 5514 2298 5580 istorum,
2328 5514 2676 5587 vituperatio
2708 5520 2796 5570 est
2825 5513 3093 5581 aliorum,
3125 5513 3182 5569 id
3227 5520 3315 5570 est
3343 5516 3670 5573 Corinthio-

198 5615 463 5676 Mansit
501 5607 680 5668 enim
711 5605 867 5680 apud
907 5601 1039 5660 illos
1094 5601 1301 5659 diebus
1356 5600 1580 5672 multis,
1614 5618 1920 5678 quousque
2030 5620 2180 5660 rum.
2215 5603 2287 5660 Hi
2319 5604 2500 5673 enim,
2533 5621 2664 5661 cum
2697 5600 2969 5675 Apostolo
3006 5604 3357 5675 praedicante
3389 5607 3668 5663 credidis-

597 5737 868 5822 Pareat.
907 5728 1230 5796 CXXXIV.
3280 5734 3352 5791 19
