4014 6174
374 209 515 270 ,ὔδῖ

1423 206 1678 263 ΑΤΤΟΝ
1695 206 1756 261 l8
1809 205 1849 258 V
1867 201 2258 259 lCltCELLEN
2273 201 2387 258 SlS
2440 195 2805 259 l‘lPlStlUPl'

3679 194 3798 256 588

408 343 556 405 sent,
592 342 817 392 tantum
877 337 934 390 in
995 339 1106 392 lide
1159 343 1214 392 ct
1273 337 1517 402 scientia
1575 336 1944 408 profecerunt
1994 335 2056 387 ut
2084 333 2139 398 Α
2172 331 2260 402 pis
2291 331 2496 387 civitas
2525 335 2614 386 est
2642 330 3003 387 Macedoniae.
3037 329 3108 386 Hi
3138 332 3369 400 accepto
3396 328 3570 384 verbo
3603 329 3808 386 verita-

409 427 582 482 ctiam
621 425 992 497 Evangelium
1027 427 1406 497 praedicarent
1459 429 1633 496 atque
1673 423 2048 479 defenderent

409 533 442 570 a
473 514 976 586 pseudoapostolis
1000 517 1431 587 impugnatum.
1459 516 1700 586 Propter
1727 513 1833 568 hoc
1861 512 1930 567 ab
1954 511 2047 580 his

405 603 579 659 etiam
613 603 824 675 accipit
844 608 1136 676 sumptus,
1159 611 1221 659 ut
1241 604 1372 660 aliis
1397 603 1707 675 praedicare
1733 602 2044 670 sufﬁceret.

405 692 522 748 Hos
554 709 688 749 vero
723 693 1084 762 collaudans,
1118 698 1315 749 monet
1370 710 1488 761 eos,
1548 709 1619 748 ne
1677 690 2048 764 passionibus

404 780 562 836 illius
587 786 930 848 terreantur,
957 784 1171 854 quibus
1190 801 1304 839 non
1330 782 1653 839 destruitur
1673 778 2047 847 Evangelium

401 870 632 940 Christi,
656 871 755 926 sed
788 859 1188 939 confirmatur,
1211 872 1349 943 quia
1380 888 1482 943 pro
1507 887 1567 926 re
1591 869 1741 925 falsa
1761 868 1847 923 vel
1871 867 2050 922 dubia

399 949 565 1015 tanta
594 960 846 1032 perferre
877 977 991 1016 non
1026 966 1242 1033 posset.
1271 962 1382 1017 Sed
1415 960 1683 1031 quamvis
1711 958 2045 1023 laudentur,

402 1055 566 1103 erant
596 1050 744 1104 inter
773 1066 871 1104 eos
917 1049 1263 1121 imperfecti.
1327 1051 1393 1103 Et
1452 1066 1566 1104 non
1625 1048 1877 1113 mirum;
1913 1046 2050 1116 quia

399 1143 601 1194 sancta
635 1138 885 1192 Ecclesia
942 1139 1219 1210 permista
1283 1143 1388 1201 est,
1433 1138 1573 1209 quia
1605 1153 1740 1191 arca
1771 1140 1877 1205 est,
1910 1133 2051 1205 quia

407 1228 609 1282 tandiu
629 1232 799 1283 erunt
815 1245 997 1299 grana
1014 1229 1186 1283 mista
1206 1245 1338 1282 cum
1365 1227 1569 1299 paleis,
1591 1241 1898 1297 quousque
1921 1241 2050 1279 ven-

406 1317 763 1388 tilabrojusti
777 1317 1140 1371 discriminis
1157 1316 1768 1388 pcrmundctur.Quod
1787 1314 2051 1385 designa-

402 1407 577 1461 batur
608 1421 706 1477 per
736 1407 1026 1476 hoc,quod
1059 1407 1310 1461 Jebusaei
1344 1405 1757 1461 habitaverunt
1787 1420 1920 1458 cum
1951 1406 2051 1455 Ju-

404 1494 542 1549 daeis
574 1495 634 1549 in
665 1494 989 1550 Jerusalem
1021 1496 1216 1565 (Judic.
1279 1513 1316 1563 1,
1374 1495 1486 1567 21).
1546 1493 1692 1560 Quid
1754 1493 1910 1547 enim
1950 1507 2051 1564 per

402 1583 749 1654 Jerusalem,
784 1601 909 1656 quae
949 1586 1084 1640 visio
1126 1583 1340 1640 dicitur
1381 1585 1554 1656 pacis,
1603 1582 1715 1638 nisi
1753 1579 2050 1637 Ecclesia?

2155 421 2231 476 tis
2289 421 2672 493 perstiterunt
2729 421 2788 475 in
2850 421 2985 489 ﬁde,
3049 436 3154 475 nec
3229 422 3571 488 receperunt
3629 417 3807 476 falsos

2157 511 2474 582 apostolos.
2503 515 2622 566 Hos
2654 509 2966 576 collaudat,
2991 509 3253 565 scribens
3279 509 3360 564 eis
3383 511 3565 564 Roma
3587 508 3658 564 de
3681 525 3809 564 car-

2157 616 2284 654 cere
2305 616 2406 670 per
2429 599 2912 672 Epaphroditum.
2935 599 3080 654 Cum
3101 615 3236 654 vero
3259 597 3420 666 dicit,
3454 600 3722 670 episcopis
3752 601 3809 654 ct

2132 688 2492 758 .diaconibus,
2523 706 2636 746 non
2667 689 2994 762 pontiﬁces,
3028 688 3130 744 sed
3165 687 3813 760 presbyteros,nomine
3863 755 3868 760 ,

2158 777 2582 850 episcoporum,
2611 779 2737 837 vult
2766 777 3036 850 intelligi.
3062 777 3185 834 Non
3219 777 3376 834 enim
3410 783 3534 833 erat
3565 776 3711 832 ratio
3743 780 3813 832 ut

2157 865 2216 922 in
2241 884 2360 922 una
2388 867 2618 924 civitate
2674 866 2869 939 plures
2927 870 3124 923 essent
3169 865 3450 939 episcopi.
3509 865 3616 922 Illo
3649 865 3808 922 enim

2159 959 2415 1027 tempore
2446 955 2763 1028 presbyteri
2792 956 3049 1028 episcopi
3071 956 3446 1011 vocabantur.

2228 1044 2373 1107 Quid
2406 1061 2537 1100 vero
2568 1045 2786 1100 sanctis
2843 1048 3025 1116 optat,
3086 1044 3363 1113 ostendit,
3395 1060 3532 1100 cum
3566 1042 3772 1099 subdit
3797 1048 3834 1096 :'

2160 1134 2345 1188 Gratia
2373 1133 2544 1201 vobis,
2578 1138 2627 1188 et
2653 1150 2769 1204 pax
2799 1149 2833 1186 a
2865 1135 2987 1188 Deo.
3022 1133 3088 1188 Et
3119 1133 3381 1205 pulchre,
3414 1131 3554 1204 quia
3579 1136 3813 1187 sancto-

2157 1241 2287 1277 rum
2318 1223 2601 1277 memoria
2640 1240 2775 1278 cum
2824 1223 3148 1294 gratiarum
3202 1224 3428 1279 actione
3460 1222 3806 1278 celebratur.

2159 1313 2358 1368 Gratia
2406 1312 2561 1367 enim
2622 1318 2733 1382 est,
2793 1330 2908 1385 qua
2967 1313 3305 1369 relaxantur
3362 1317 3639 1385 peccata:
3707 1329 3810 1384 pax

2157 1419 2312 1471 vero,
2375 1419 2489 1474 qua
2539 1401 2994 1458 reconciliantur
3051 1403 3189 1459 Deo.
3247 1402 3373 1458 Huc
3435 1419 3626 1474 usque
3657 1401 3809 1458 salu-

2160 1492 2321 1547 tatio.

2228 1581 2539 1653 Sequitur:
2575 1581 2792 1637 Gratias
2827 1597 2928 1651 ago
2956 1581 3063 1636 Deo
3091 1597 3232 1649 meo,
3266 1584 3374 1636 etc.
3407 1580 3556 1636 Nota
3590 1581 3748 1652 quod
3777 1596 3808 1636 ι

407 1673 472 1726 Et
500 1673 638 1744 quid
671 1690 772 1745 per
798 1674 1117 1740 Jebusaios,
1139 1675 1239 1744 qui
1259 1675 1641 1729 conculcantes
1662 1672 2050 1743 interpretan-
2083 1707 2130 1773 B
2160 1670 2480 1742 gratiarum
2512 1671 2736 1727 actione
2765 1670 3023 1727 inchoat.
3059 1670 3208 1727 Nota
3255 1670 3430 1726 etiam
3471 1669 3631 1741 quod
3669 1669 3808 1726 dile-

403 1766 520 1828 tur,
552 1761 664 1818 nisi
695 1763 832 1818 mali
863 1763 1616 1835 designantur?Moraliter.
1637 1760 1784 1827 Quid
1815 1765 1904 1816 est
1926 1760 2050 1814 ani-

406 1867 502 1906 ma
532 1856 754 1922 sancta,
788 1852 899 1906 nisi
956 1851 1324 1908 Jerusalem?
1355 1854 1510 1920 Quae,
1541 1851 1810 1923 quamvis
1841 1849 2053 1904 habeat

403 1940 636 2012 pietatis
695 1957 759 1995 ac
813 1941 1137 1997 sanctitatis
1203 1958 1398 2013 opera,
1459 1940 1727 2012 nunquid
1787 1939 2052 1994 funditus

406 2034 562 2085 caret
591 2029 782 2085 malo?
811 2031 957 2096 Quia
988 2047 1124 2101 ergo
1154 2031 1214 2084 in
1247 2031 1443 2085 anima
1475 2034 1678 2086 sancta
1709 2035 1846 2084 sunt
1875 2029 2053 2083 Jebu-

409 2119 529 2189 saxei,
562 2118 619 2173 id
653 2124 742 2174 est
769 2119 1102 2174 atfectiones
1163 2120 1486 2185 contrariae,
1534 2120 1605 2173 ad
1660 2118 1768 2173 hoc
1829 2117 2052 2172 laboret

410 2223 646 2263 necesse
672 2211 852 2275 est,ut
869 2207 1007 2279 quia
1022 2208 1405 2279 concupiscit,
1423 2207 1904 2279 concupiscentia:
1937 2223 2052 2261 non

411 2295 756 2364 consentiat,
790 2301 1079 2367 quatenus
1137 2299 1249 2352 etsi
1310 2314 1343 2352 a
1398 2303 1560 2369 tergo
1605 2299 1959 2363 murmurat,
1993 2295 2053 2349 in

409 2387 556 2442 facie
587 2403 700 2441 non
733 2387 985 2442 resistat.
1018 2386 1232 2442 Taliter
1278 2402 1513 2463 necesse
1553 2391 1660 2454 est,
1695 2385 1844 2453 dico,
1878 2384 2049 2454 vivat,

409 2476 507 2547 qui
539 2492 673 2531 cum
699 2475 1170 2547 Philippensibus
1196 2475 1425 2532 laudari
1449 2479 1505 2530 et
1526 2491 1765 2531 sensum
1794 2471 2052 2546 Apostoli

408 2569 712 2636 penetrare
741 2564 1050 2620 desiderat.
1085 2565 1167 2620 De
1196 2581 1261 2620 eo
1292 2565 1448 2636 quod
1475 2563 1903 2636 Philippenses,
1933 2564 2053 2620 Ma-

408 2654 657 2708 cedones
683 2653 860 2708 iidem
891 2653 1073 2708 Graeci
1091 2658 1230 2708 sunt
1251 2671 1263 2709 :
1286 2670 1412 2724 quae
1443 2653 1850 2726 provincia,ab
1883 2653 2051 2706 Ema-

410 2747 468 2798 te
497 2741 784 2812 Emathia,
818 2742 1027 2798 deinde
1085 2760 1118 2798 a
1178 2743 1493 2799 Macedone
1550 2758 1683 2814 rege
1722 2741 2055 2798 Macedonia

413 2832 570 2887 dicta
598 2836 705 2887 est.
724 2831 842 2903 Ipsi
873 2837 1011 2886 sunt
1034 2831 1210 2887 Jones
1236 2849 1270 2887 a
1297 2832 1482 2888 Jaban
1515 2831 1633 2887 ﬁlio
1660 2831 1872 2903 Japhet
1901 2848 2052 2887 nun-

416 2920 630 2992 cupati.
664 2920 744 2975 De
775 2936 840 2975 eo
871 2921 1025 2992 quod
1080 2920 1290 2993 positio
1342 2921 1519 2992 hujus
1573 2920 1879 2992 provincias
1918 2918 2052 2976 talis

417 3015 525 3066 est.
585 3009 770 3065 Habet
828 3010 899 3065 ab
957 3009 1178 3066 oriente
1235 3027 1397 3066 mare
1454 3012 1758 3083 ngaeum;
1819 3010 1890 3065 ad
1957 3027 2052 3065 oc-

2163 1760 2415 1815 ctionem
2447 1777 2614 1816 suam
2646 1777 2783 1833 erga
2803 1777 2901 1816 eos
2924 1760 3198 1827 ostendit,
3222 1776 3325 1831 pro
3350 1759 3566 1831 quibus
3590 1759 3808 1814 indesi-

2163 1853 2369 1904 nenter
2426 1854 2568 1904 orat.
2627 1851 2880 1905 Attende
2933 1849 3089 1922 quod
3143 1848 3403 1917 instruit,
3462 1853 3528 1903 ut
3557 1865 3680 1904 non
3713 1864 3808 1920 pro

2164 1943 2384 2009 nostro,
2418 1944 2519 1994 aut
2557 1943 2890 1994 nostrorum
2951 1938 3160 2003 solum,
3220 1939 3320 1995 sed
3377 1955 3480 2010 pro
3541 1938 3810 1993 omnium

2162 2028 2424 2100 profectu
2456 2028 2784 2084 laudemus.
2817 2029 2886 2083 Et
2917 2029 3056 2100 quia
3083 2029 3231 2099 justi
3262 2033 3452 2096 erant,
3486 2027 3619 2083 ideo
3653 2027 3808 2094 dicit,

2161 2119 2511 2189 cumgaudio
2537 2118 2979 2189 deprecationem
3021 2119 3267 2189 faciens:
3321 2118 3607 2190 quoniam
3640 2115 3806 2172 aliter

2162 2211 2291 2261 orat
2319 2223 2422 2280 pro
2453 2206 2693 2274 Galatis,
2728 2205 2893 2262 aliter
2922 2223 3026 2278 pro
3059 2206 3557 2279 Philippensibus.
3593 2205 3660 2260 In
3694 2204 3813 2260 illis

2163 2301 2287 2351 erat
2317 2313 2548 2365 mceror,
2599 2295 2736 2367 quia
2783 2300 3181 2365 recesserant;
3232 2295 3293 2351 in
3341 2295 3470 2352 istis
3500 2281 3810 2367 gaudium,

2165 2384 2303 2456 quia
2333 2386 2587 2441 stabant.
2613 2385 2681 2440 Et
2701 2401 2808 2440 nos
2827 2402 2964 2440 cum
2986 2385 3200 2457 gaudio
3223 2399 3462 2440 oramus
3485 2401 3587 2457 pro
3610 2383 3812 2451 bonis,

2163 2490 2296 2529 cum
2328 2490 2572 2530 mazrore
2600 2490 2735 2529 vero
2779 2490 2883 2545 pro
2933 2472 3126 2529 malis.
3157 2473 3304 2529 Nota
3334 2473 3490 2546 quod
3521 2473 3807 2546 gaudium

2162 2562 2271 2618 hoc
2300 2564 2455 2618 dicat
2485 2562 2763 2635 spiritale,
2799 2580 2913 2619 non
2966 2562 3283 2636 corporale.
3315 2563 3480 2618 Unde
3506 2579 3638 2619 vero
3659 2578 3810 2635 gra-

2162 2652 2277 2708 tias
2309 2657 2461 2725 agat,
2493 2653 2726 2724 exponit
2754 2669 2888 2708 cum
2918 2652 3092 2708 dicit:
3123 2669 3287 2725 super
3313 2653 3806 2708 communicatione

2162 2749 2376 2798 vestra:
2410 2741 2468 2795 id
2499 2745 2588 2798 est
2618 2742 2756 2813 quia
2787 2740 3232 2798 communicatis
3265 2757 3517 2810 mecum,
3550 2742 3806 2814 Evange-

2162 2829 2309 2886 lium
2339 2831 2726 2902 praedicando.
2770 2831 2931 2895 Quod
2989 2848 3122 2886 vero
3180 2830 3340 2899 dicit,
3393 2848 3431 2886 a
3481 2833 3668 2904 primo
3697 2831 3803 2896 die,

2163 2919 2603 2992 intelligendum
2661 2924 2766 2987 est,
2821 2937 2856 2976 a
2906 2914 3186 2992 tempore,
3243 2936 3312 2975 ex
3378 2936 3493 2992 quo
3553 2919 3805 2976 credidi-

2167 3011 2310 3079 stis;
2346 3027 2410 3066 ac
2442 3009 2490 3066 si
2519 3010 2772 3066 diceret:
2817 3010 2881 3065 In
2928 3010 3101 3079 bono,
3153 3009 3308 3082 quod
3347 3008 3626 3083 ccepistis,
3668 3024 3806 3081 per-

414 3116 554 3155 casu
597 3097 988 3168 Dalmatiam;
1022 3116 1055 3154 a
1087 3098 1328 3155 meridie
1373 3082 1611 3169 Asiam;
1663 3100 1734 3154 ab
1785 3099 2054 3171 aquilone
2083 3082 2128 3146 C
2167 3099 2463 3156 severatis.

411 3188 677 3261 Mysiam.

935 3278 1194 3333 INCIPIT
1235 3278 1532 3334 TEXTUS.

479 3368 633 3437 (CAP.
669 3366 736 3438 l.)
769 3367 975 3422 Paulus
1002 3375 1053 3422 et
1079 3368 1401 3423 Timotheus.
1427 3368 1534 3422 Per
1555 3368 1663 3423 hoc
1686 3370 1838 3440 quod
1868 3370 2050 3440 Apos-

405 3456 499 3511 lus
520 3457 768 3511 aliorum
793 3471 994 3510 secum
1021 3456 1489 3527 nominajungit,
1514 3460 1876 3511 monstratur
1897 3457 2052 3527 quod

405 3563 507 3616 per
539 3545 859 3600 multorum
892 3562 993 3600 ora
1025 3545 1278 3616 Spiritus
1301 3551 1542 3600 sanctus
1565 3562 1747 3600 unum
1781 3545 2052 3616 exprimit

407 3651 667 3704 sensum,
694 3651 870 3689 unam
899 3635 1112 3690 format
1133 3634 1478 3689 doctrinam.
1509 3635 1622 3690 Nec
1654 3634 1889 3702 mirum,
1913 3633 2051 3706 quia

404 3723 778 3779 multitudinis
806 3724 1142 3778 credentium
1173 3732 1289 3778 erat
1337 3741 1427 3779 cor
1457 3741 1629 3778 unum
1660 3723 1796 3791 (Act.
1830 3740 1904 3790 1v,
1935 3723 2046 3794 32).

408 3812 483 3868 Ut
537 3812 673 3868 hinc
729 3814 958 3869 discant
1009 3813 1414 3885 praedicatores
1482 3830 1597 3868 uno
1660 3830 1756 3869 ore
1811 3813 2050 3868 laudare

406 3902 614 3959 Deum.
650 3909 723 3958 De
753 3919 817 3958 eo
849 3903 1003 3974 quod
1059 3919 1270 3958 nomen
1323 3919 1499 3958 suum
1552 3919 1710 3958 more
1753 3919 1956 3974 regum
1988 3901 2047 3956 in

406 3993 693 4066 principio
726 3994 889 4065 ponit
909 3991 1310 4064 epistolarum,
1337 3997 1401 4047 ut
1424 3992 1768 4064 dignitatem
1793 3991 1880 4046 sui
1915 4008 2049 4064 apo-

407 4081 655 4138 stolatus
685 4083 970 4137 ostendat.
1004 4081 1082 4136 De
1112 4099 1177 4137 eo
1211 4082 1365 4153 quod
1400 4081 1730 4153 apostolum
1781 4097 1843 4136 se
1873 4084 2044 4149 tacet,

408 4171 546 4243 quia
575 4171 692 4225 illis
723 4171 1013 4226 scribebat
1044 4170 1143 4241 qui
1177 4170 1246 4224 de
1277 4170 1374 4226 illo
1406 4175 1561 4225 recta
1592 4171 1941 4226 sentiebant.
1970 4175 2047 4224 De

407 4259 613 4316 morali
637 4260 1038 4314 instructions.
1062 4260 1141 4315 De
1163 4275 1228 4314 eo
1251 4260 1406 4330 quod
1430 4259 1820 4315 conditionem
1854 4263 2047 4315 osten-

404 4349 510 4420 dit,
543 4366 676 4404 cum
735 4349 956 4413 subdit,
988 4350 1170 4416 servi;
1232 4365 1347 4402 non
1405 4348 1699 4415 vitiorum,
1741 4348 1863 4415 sed,
1923 4349 2047 4403 Iesu

2233 3189 2416 3262 (1154)
2447 3188 2594 3254 Quia
2624 3204 2866 3245 securus
2895 3188 2966 3244 de
3012 3187 3111 3244 Dei
3161 3187 3535 3245 miseratione
3565 3187 3812 3244 conﬁdit

2159 3279 2294 3336 illos
2325 3282 2816 3352 perseveraturos,
2857 3277 2984 3333 ideo
3037 3277 3216 3333 dicit:
3271 3278 3558 3349 Conﬁdens
3593 3279 3692 3334 hoc
3718 3279 3809 3350 ip-

2159 3387 2303 3435 sum,
2337 3371 2468 3439 quia
2497 3370 2595 3441 qui
2620 3369 2776 3440 coepit
2811 3369 2870 3422 in
2899 3367 3046 3422 vobis
3093 3383 3243 3440 opus,
3303 3371 3414 3423 etc.
3471 3367 3619 3424 Nota
3649 3367 3805 3440 quod

2159 3457 2254 3512 hic
2275 3457 2536 3512 ‘destruit
2564 3455 2717 3524 illos,
2750 3456 2850 3528 qui
2896 3456 3100 3512 dicunt
3129 3474 3163 3512 a
3192 3456 3363 3512 nobis
3395 3456 3673 3512 inchoare
3701 3457 3806 3512 bo-

2160 3547 2472 3602 num.Ecce
2494 3545 2755 3618 dicit,qui
2773 3547 2949 3618 ccepit:
2975 3549 3032 3601 et
3053 3546 3336 3602 Dominus
3362 3563 3374 3602 :
3398 3546 3530 3602 Sine
3553 3563 3638 3602 me
3657 3547 3808 3602 nihil

2152 3635 2379 3704 potestis
2437 3632 2612 3703 (Joan.
2667 3649 2758 3702 xv,
2790 3633 2845 3704 5)
2881 3651 2894 3688 :
2928 3636 2984 3688 et
3014 3632 3360 3690 Psalmista:
3420 3634 3806 3717 Misericordia

2157 3723 2273 3794 ejus
2291 3723 2591 3791 praeveniet
2609 3737 2696 3776 me
2716 3722 2884 3794 (Psul.
2917 3722 3130 3794 Lvm,1)
3156 3727 3281 3794 ;et:
3313 3723 3688 3780 Misericordia
3707 3732 3807 3780 tua

2156 3815 2524 3884 subsequatur
2541 3827 2626 3866 me
2647 3812 2818 3884 (Psal,
2841 3829 2978 3880 xxu,
3002 3812 3080 3884 6).
3106 3812 3233 3884 Ipse
3255 3813 3412 3868 enim
3435 3815 3718 3886 pravenit
3736 3819 3807 3870 ut

2156 3901 2425 3970 velimus,
2467 3905 2524 3956 et
2561 3901 2687 3973 ipse
2727 3901 3110 3973 subsequitur
3150 3919 3221 3957 ne
3261 3902 3516 3959 inaniter
3551 3903 3804 3960 velimus

2157 3991 2504 4062 (1155),nota
2519 3991 2673 4061 quod
2692 3990 2835 4045 diem
2854 3991 3053 4046 Christi
3069 3991 3345 4054 vocat,vel
3362 3992 3587 4048 obitum
3607 3994 3807 4065 cujus-

2159 4078 2952 4151 que,veldiemjudicii.Nota
2978 4079 3155 4136 etiam
3187 4082 3340 4153 quod
3373 4081 3467 4138 his
3486 4083 3680 4151 verbis
3700 4099 3796 4140 eos
3895 4105 3898 4114 ·

2157 4169 2227 4225 ad
2248 4168 2734 4240 perseverantiam
2751 4173 3042 4241 provocat.
3058 4170 3128 4225 Et
3153 4177 3293 4227 nota
3315 4157 3696 4244 quodj'ustum
3709 4174 3800 4230 di-

2158 4257 2237 4313 cit
2258 4258 2436 4338 hocse
2465 4260 2686 4327 sentire,
2719 4276 2784 4317 eo
2816 4260 2970 4332 quod
3001 4259 3215 4316 habeat
3244 4259 3376 4318 illos
3397 4264 3458 4316 in
3477 4262 3642 4318 corde
3661 4272 3710 4320 et
3741 4265 3804 4319 in

2156 4348 2427 4416 vinculis;
2463 4349 2632 4422 quasi
2655 4349 2843 4406 dicat:
2873 4351 3015 4406 adeo
3037 4367 3138 4407 vos
3167 4350 3367 4424 diligo,
3393 4357 3459 4407 ut
3480 4369 3585 4409 nec
3607 4353 3808 4410 vincu-

408 4438 626 4494 Christi.
662 4438 791 4493 Haec
821 4437 1075 4493 conditio
1126 4437 1375 4493 nobilior
1418 4442 1506 4492 est
1552 4437 1711 4492 omni
1741 4437 2044 4508 dignitate,
2079 4453 2126 4517 Ι)
2159 4438 2232 4508 la,
2262 4437 2347 4493 vel
2380 4437 2608 4511 ﬂagella
2639 4438 2866 4510 possint
2893 4440 3236 4496 memoriam
3277 4441 3454 4497 vestri
3510 4443 3741 4499 auferre
3771 4459 3807 4500 a

407 4528 544 4599 quia
573 4544 774 4584 servus
805 4527 1037 4594 Christi,
1068 4544 1270 4582 servus
1304 4530 1393 4582 est
1423 4527 1690 4597 justitiae,
1725 4527 2044 4598 sapientiae,

409 4618 714 4686 castitatis,
745 4623 803 4672 et
828 4617 920 4673 his
969 4616 1202 4672 similia.
1239 4617 1383 4672 Nam
1434 4617 1572 4686 quia
1620 4614 1835 4671 Paulus
1865 4626 1921 4670 et
1951 4617 2047 4671 Ti-

411 4704 679 4761 motheus
709 4706 991 4774 scribunt,
1023 4706 1341 4761 videndum
1396 4711 1485 4762 est
1539 4705 1753 4777 quibus
1784 4706 1883 4773 ait,
1913 4722 2042 4760 san-

408 4796 506 4849 etis
533 4796 814 4850 omnibus:
881 4812 992 4848 non
1053 4794 1528 4866 Philippensibus
1586 4795 1898 4862 omnibus;
1944 4795 2046 4849 sed

406 4885 627 4951 sanctis,
674 4901 744 4939 ne
771 4886 992 4938 mittant
1043 4887 1395 4952 margaritas,
1453 4889 1558 4939 etc.
1594 4884 1800 4955 (Matth.
1835 4901 1937 4950 vn,
1966 4885 2042 4955 6);

404 4990 508 5029 nec
539 4973 900 5045 quibuslibet
932 4973 1170 5041 sanctis,
1204 4975 1302 5030 sed
1338 4976 1398 5028 in
1431 4973 1642 5030 Chrsito
1672 4976 1814 5029 Jesu.
1863 4976 2047 5030 Haere-

398 5063 496 5118 tici
528 5080 643 5119 non
672 5068 812 5119 sunt
840 5064 899 5118 in
929 5063 1156 5119 Christo
1183 5064 1391 5130 sancti,
1417 5065 1556 5135 quia
1587 5080 1700 5119 non
1729 5067 1880 5119 recte
1912 5079 2044 5119 sen-

397 5153 551 5209 tiunt
580 5155 651 5208 de
681 5153 932 5209 Christo.

465 5244 778 5315 Sequitur:
812 5244 918 5313 Qui
941 5247 1065 5300 sunt
1097 5244 1392 5316 Philippis.
1430 5244 1505 5298 De
1538 5258 1603 5298 eo
1634 5243 1789 5314 quod
1822 5242 2046 5316 Philip-

505 5477 650 5549 1151)
689 5476 742 5549 in
780 5481 973 5548 autog.
1009 5493 1193 5549 marg.
1224 5477 1319 5531 hic
1349 5474 1456 5549 leg.
1495 5492 1542 5530 c.
1582 5475 1650 5528 Il.

2158 4528 2330 4582 corde
2381 4543 2532 4582 meo.
2591 4529 2656 4582 In
2713 4529 3030 4598 defensione
3086 4545 3240 4599 vero,
3288 4539 3340 4587 et
3395 4533 3808 4602 conﬁrmatione

2156 4615 2444 4684 Evangelii
2471 4615 2611 4670 dicit
2641 4614 2774 4672 illos
2805 4617 2917 4672 sibi
2946 4619 3133 4686 socios,
3158 4620 3482 4678 secundum
3503 4621 3613 4677 hoc
3643 4623 3802 4694 quod

2157 4705 2428 4775 superius
2460 4705 2702 4772 dixerat,
2735 4721 2897 4776 super
2923 4710 3421 4765 communicatione
3435 4719 3635 4766 vestra.
3657 4711 3806 4767 Nota

2157 4794 2313 4865 quod
2341 4793 2401 4847 in
2435 4793 2664 4849 duobus
2704 4796 2933 4867 praefert
2979 4797 3385 4870 Philippenses
3425 4800 3710 4872 Ephesiis,
3739 4800 3800 4856 id

2156 4888 2263 4955 est,
2298 4884 2355 4938 in
2387 4883 2495 4939 hoc
2533 4885 2689 4954 quod
2731 4889 2923 4941 certus
2966 4892 3055 4943 est
3082 4888 3152 4942 de
3184 4891 3616 4960 perseverantia
3644 4890 3802 4962 ipso-

2158 4990 2311 5040 rum,
2385 4979 2443 5029 et
2507 4975 2660 5044 quod
2727 4975 2986 5045 quotidie
3063 4975 3294 5034 lectioni
3371 4980 3673 5035 vacabant.
3731 4979 3803 5035 Et

2157 5063 2396 5135 pulchre
2456 5063 2596 5118 dicit
2651 5065 2818 5118 socios
2875 5065 3087 5134 gaudii,
3147 5067 3316 5138 quasi
3376 5067 3632 5125 diceret:
3686 5068 3802 5123 sic-

2157 5158 2222 5209 ut
2251 5153 2394 5209 socii
2453 5153 2597 5209 estis
2649 5151 2866 5209 laboris
2922 5159 2979 5211 et
3035 5156 3331 5228 doctrinae,
3392 5157 3558 5215 eritis
3599 5157 3800 5231 gaudii

2157 5259 2320 5299 80011.

504 5547 655 5620 1153)
693 5548 829 5602 Vidc
887 5553 1122 5606 cwterus
1146 5547 1492 5620 “Epistolas,
1554 5547 1930 5620 potissimum
1969 5551 2040 5608 ad
2081 5552 2272 5619 Rom.,
2309 5550 2405 5606 ubi
2435 5549 2504 5608 de
2536 5549 2722 5621 gratia
2752 5550 2947 5608 divina
2979 5551 3116 5624 agit.
