  <div class='ocr_page' id='page_1' title='image "/cluster/home/n/w/nwhite01/storage/ocr_20150623/134/hvd.32044023361702/300.png"; bbox 0 0 4026 6168; ppageno 0'>
   <div class='ocr_carea' id='block_1_1' title="bbox 282 246 401 305">
    <p class='ocr_par' dir='ltr' id='par_1_1' title="bbox 282 246 401 305">
     <span class='ocr_line' id='line_1_1' title="bbox 282 246 401 305; baseline 0.008 -1"><span class='ocrx_word' id='word_1_1' title='bbox 282 246 401 305; x_wconf 80' lang='lat'><strong>589</strong></span> 
     </span>
    </p>
   </div>
   <div class='ocr_carea' id='block_1_2' title="bbox 359 358 1307 448">
    <p class='ocr_par' dir='ltr' id='par_1_2' title="bbox 359 358 1307 448">
     <span class='ocr_line' id='line_1_2' title="bbox 359 358 1307 448; baseline 0.003 -18"><span class='ocrx_word' id='word_1_2' title='bbox 359 373 635 446; x_wconf 90' lang='lat' dir='ltr'><strong>Sequitur</strong></span> <span class='ocrx_word' id='word_1_3' title='bbox 667 390 680 429; x_wconf 88' lang='lat'><strong>:</strong></span> <span class='ocrx_word' id='word_1_4' title='bbox 736 376 904 433; x_wconf 80' lang='lat' dir='ltr'><strong>Testis</strong></span> <span class='ocrx_word' id='word_1_5' title='bbox 944 358 1113 448; x_wconf 67' lang='lat' dir='ltr'><strong>enim,</strong></span> <span class='ocrx_word' id='word_1_6' title='bbox 1147 380 1256 433; x_wconf 88' lang='lat' dir='ltr'><strong>etc.</strong></span> <span class='ocrx_word' id='word_1_7' title='bbox 1294 393 1307 433; x_wconf 91' lang='lat'><strong>:</strong></span> 
     </span>
    </p>
   </div>
   <div class='ocr_carea' id='block_1_3' title="bbox 283 462 1928 541">
    <p class='ocr_par' dir='ltr' id='par_1_3' title="bbox 283 462 1928 541">
     <span class='ocr_line' id='line_1_3' title="bbox 283 462 1928 541; baseline 0.001 -24"><span class='ocrx_word' id='word_1_8' title='bbox 283 462 353 531; x_wconf 87' lang='lat' dir='ltr'><strong>ri,</strong></span> <span class='ocrx_word' id='word_1_9' title='bbox 377 464 558 535; x_wconf 87' lang='lat'><strong>(1156)</strong></span> <span class='ocrx_word' id='word_1_10' title='bbox 580 468 643 519; x_wconf 88' lang='lat' dir='ltr'><strong>ut</strong></span> <span class='ocrx_word' id='word_1_11' title='bbox 667 463 833 520; x_wconf 89' lang='lat' dir='ltr'><strong>illud.</strong></span> <span class='ocrx_word' id='word_1_12' title='bbox 855 467 961 535; x_wconf 81' lang='lat' dir='ltr'><strong>Qui</strong></span> <span class='ocrx_word' id='word_1_13' title='bbox 978 466 1272 522; x_wconf 72' lang='lat' dir='ltr'><strong>manduca!</strong></span> <span class='ocrx_word' id='word_1_14' title='bbox 1290 483 1511 522; x_wconf 86' lang='lat' dir='ltr'><strong>carnem</strong></span> <span class='ocrx_word' id='word_1_15' title='bbox 1532 482 1730 533; x_wconf 83' lang='lat' dir='ltr'><strong>meam,</strong></span> <span class='ocrx_word' id='word_1_16' title='bbox 1752 467 1928 541; x_wconf 77' lang='lat' dir='ltr'><strong>(Joan.</strong></span> 
     </span>
    </p>
   </div>
   <div class='ocr_carea' id='block_1_4' title="bbox 283 553 1931 629">
    <p class='ocr_par' dir='ltr' id='par_1_4' title="bbox 283 553 1931 629">
     <span class='ocr_line' id='line_1_4' title="bbox 283 553 1931 629; baseline 0.001 -22"><span class='ocrx_word' id='word_1_17' title='bbox 283 568 358 622; x_wconf 73' lang='grc' dir='ltr'><strong>γι,</strong></span> <span class='ocrx_word' id='word_1_18' title='bbox 390 553 482 623; x_wconf 85' lang='grc'><strong>57)</strong></span> <span class='ocrx_word' id='word_1_19' title='bbox 513 558 621 608; x_wconf 98' lang='lat' dir='ltr'><strong>etc.</strong></span> <span class='ocrx_word' id='word_1_20' title='bbox 654 569 668 611; x_wconf 88' lang='lat'><strong>:</strong></span> <span class='ocrx_word' id='word_1_21' title='bbox 698 555 820 609; x_wconf 92' lang='lat' dir='ltr'><strong>sive</strong></span> <span class='ocrx_word' id='word_1_22' title='bbox 850 555 931 610; x_wconf 88' lang='lat' dir='ltr'><strong>ita</strong></span> <span class='ocrx_word' id='word_1_23' title='bbox 959 571 1058 609; x_wconf 90' lang='lat' dir='ltr'><strong>vos</strong></span> <span class='ocrx_word' id='word_1_24' title='bbox 1089 554 1289 628; x_wconf 86' lang='lat' dir='ltr'><strong>diligo,</strong></span> <span class='ocrx_word' id='word_1_25' title='bbox 1323 555 1490 629; x_wconf 87' lang='lat' dir='ltr'><strong>quasi</strong></span> <span class='ocrx_word' id='word_1_26' title='bbox 1524 555 1743 611; x_wconf 80' lang='lat' dir='ltr'><strong>viscera</strong></span> <span class='ocrx_word' id='word_1_27' title='bbox 1771 554 1931 609; x_wconf 87' lang='lat' dir='ltr'><strong>Chri-</strong></span> 
     </span>
    </p>
   </div>
   <div class='ocr_carea' id='block_1_5' title="bbox 278 639 1932 714">
    <p class='ocr_par' dir='ltr' id='par_1_5' title="bbox 278 639 1932 714">
     <span class='ocr_line' id='line_1_5' title="bbox 278 639 1932 714; baseline 0.001 -19"><span class='ocrx_word' id='word_1_28' title='bbox 278 640 355 695; x_wconf 89' lang='lat' dir='ltr'><strong>sti</strong></span> <span class='ocrx_word' id='word_1_29' title='bbox 386 639 593 711; x_wconf 87' lang='grc'>(1157).</span> <span class='ocrx_word' id='word_1_30' title='bbox 648 646 791 697; x_wconf 90' lang='lat' dir='ltr'><strong>Cum</strong></span> <span class='ocrx_word' id='word_1_31' title='bbox 821 642 1003 698; x_wconf 90' lang='lat' dir='ltr'><strong>Deum</strong></span> <span class='ocrx_word' id='word_1_32' title='bbox 1038 648 1249 699; x_wconf 80' lang='lat' dir='ltr'><strong>testem</strong></span> <span class='ocrx_word' id='word_1_33' title='bbox 1282 644 1531 714; x_wconf 85' lang='lat' dir='ltr'><strong>invocat,</strong></span> <span class='ocrx_word' id='word_1_34' title='bbox 1562 659 1679 699; x_wconf 89' lang='lat' dir='ltr'><strong>non</strong></span> <span class='ocrx_word' id='word_1_35' title='bbox 1727 648 1932 698; x_wconf 89' lang='lat' dir='ltr'><strong>contra</strong></span> 
     </span>
    </p>
   </div>
   <div class='ocr_carea' id='block_1_6' title="bbox 283 730 1933 804">
    <p class='ocr_par' dir='ltr' id='par_1_6' title="bbox 283 730 1933 804">
     <span class='ocr_line' id='line_1_6' title="bbox 283 730 1933 804; baseline 0.002 -20"><span class='ocrx_word' id='word_1_36' title='bbox 283 735 639 804; x_wconf 84' lang='lat' dir='ltr'><strong>preceptum</strong></span> <span class='ocrx_word' id='word_1_37' title='bbox 654 730 884 787; x_wconf 89' lang='lat' dir='ltr'><strong>Domini</strong></span> <span class='ocrx_word' id='word_1_38' title='bbox 902 731 1061 802; x_wconf 90' lang='lat' dir='ltr'><strong>facit,</strong></span> <span class='ocrx_word' id='word_1_39' title='bbox 1076 732 1212 803; x_wconf 86' lang='lat' dir='ltr'><strong>quia</strong></span> <span class='ocrx_word' id='word_1_40' title='bbox 1240 732 1580 788; x_wconf 81' lang='lat' dir='ltr'><strong>necessitate</strong></span> <span class='ocrx_word' id='word_1_41' title='bbox 1594 733 1784 804; x_wconf 86' lang='lat' dir='ltr'><strong>jurat;</strong></span> <span class='ocrx_word' id='word_1_42' title='bbox 1809 731 1933 787; x_wconf 85' lang='lat' dir='ltr'>vult</span> 
     </span>
    </p>
   </div>
   <div class='ocr_carea' id='block_1_7' title="bbox 190 800 1930 894">
    <p class='ocr_par' dir='ltr' id='par_1_7' title="bbox 190 800 1930 894">
     <span class='ocr_line' id='line_1_7' title="bbox 190 800 1930 894; baseline 0 -19"><span class='ocrx_word' id='word_1_43' title='bbox 190 834 201 849; x_wconf 69' lang='grc' dir='ltr'><strong>ι</strong></span> <span class='ocrx_word' id='word_1_44' title='bbox 288 800 446 875; x_wconf 67' lang='lat' dir='ltr'><strong>enim</strong></span> <span class='ocrx_word' id='word_1_45' title='bbox 470 800 535 874; x_wconf 71' lang='lat' dir='ltr'><strong>in</strong></span> <span class='ocrx_word' id='word_1_46' title='bbox 565 818 650 874; x_wconf 90' lang='lat' dir='ltr'><strong>illi</strong></span> <span class='ocrx_word' id='word_1_47' title='bbox 669 819 843 875; x_wconf 81' lang='lat' dir='ltr'><strong>ﬁdem</strong></span> <span class='ocrx_word' id='word_1_48' title='bbox 861 800 1385 890; x_wconf 81' lang='lat' dir='ltr'><strong>accommodent,et</strong></span> <span class='ocrx_word' id='word_1_49' title='bbox 1413 800 1660 894; x_wconf 80' lang='lat' dir='ltr'><strong>diligant</strong></span> <span class='ocrx_word' id='word_1_50' title='bbox 1690 820 1930 893; x_wconf 89' lang='lat' dir='ltr'><strong>diligen-</strong></span> 
     </span>
    </p>
   </div>
   <div class='ocr_carea' id='block_1_8' title="bbox 248 910 1926 975">
    <p class='ocr_par' dir='ltr' id='par_1_8' title="bbox 248 910 1926 975">
     <span class='ocr_line' id='line_1_8' title="bbox 248 910 1926 975; baseline 0.001 -11"><span class='ocrx_word' id='word_1_51' title='bbox 248 912 428 975; x_wconf 66' lang='lat' dir='ltr'><strong>,tem,</strong></span> <span class='ocrx_word' id='word_1_52' title='bbox 476 913 535 964; x_wconf 91' lang='lat' dir='ltr'><strong>et</strong></span> <span class='ocrx_word' id='word_1_53' title='bbox 580 914 779 964; x_wconf 89' lang='lat' dir='ltr'><strong>ament</strong></span> <span class='ocrx_word' id='word_1_54' title='bbox 835 914 1127 965; x_wconf 90' lang='lat' dir='ltr'><strong>amantem</strong></span> <span class='ocrx_word' id='word_1_55' title='bbox 1177 926 1259 965; x_wconf 90' lang='lat' dir='ltr'><strong>se.</strong></span> <span class='ocrx_word' id='word_1_56' title='bbox 1314 910 1611 967; x_wconf 72' lang='lat' dir='ltr'><strong>Desiderat</strong></span> <span class='ocrx_word' id='word_1_57' title='bbox 1656 927 1755 967; x_wconf 92' lang='lat' dir='ltr'><strong>eos</strong></span> <span class='ocrx_word' id='word_1_58' title='bbox 1812 926 1926 965; x_wconf 87' lang='lat' dir='ltr'><strong>non</strong></span> 
     </span>
    </p>
   </div>
   <div class='ocr_carea' id='block_1_9' title="bbox 280 996 1429 1071">
    <p class='ocr_par' dir='ltr' id='par_1_9' title="bbox 280 996 1429 1071">
     <span class='ocr_line' id='line_1_9' title="bbox 280 996 1429 1071; baseline 0 -18"><span class='ocrx_word' id='word_1_59' title='bbox 280 996 524 1067; x_wconf 78' lang='lat' dir='ltr'><strong>carnali,</strong></span> <span class='ocrx_word' id='word_1_60' title='bbox 558 998 658 1053; x_wconf 90' lang='lat' dir='ltr'><strong>sed</strong></span> <span class='ocrx_word' id='word_1_61' title='bbox 699 997 950 1070; x_wconf 82' lang='lat' dir='ltr'><strong>spiritali</strong></span> <span class='ocrx_word' id='word_1_62' title='bbox 996 1015 1191 1055; x_wconf 89' lang='lat' dir='ltr'><strong>amore</strong></span> <span class='ocrx_word' id='word_1_63' title='bbox 1222 1000 1429 1071; x_wconf 75' lang='lat'><strong>(1158).</strong></span> 
     </span>
    </p>
   </div>
   <div class='ocr_carea' id='block_1_10' title="bbox 352 1104 1926 1178">
    <p class='ocr_par' dir='ltr' id='par_1_10' title="bbox 352 1104 1926 1178">
     <span class='ocr_line' id='line_1_10' title="bbox 352 1104 1926 1178; baseline -0.001 -17"><span class='ocrx_word' id='word_1_64' title='bbox 352 1104 665 1177; x_wconf 85' lang='lat' dir='ltr'><strong>Sequitur:</strong></span> <span class='ocrx_word' id='word_1_65' title='bbox 696 1105 761 1160; x_wconf 86' lang='lat' dir='ltr'><strong>Et</strong></span> <span class='ocrx_word' id='word_1_66' title='bbox 791 1106 890 1162; x_wconf 87' lang='lat' dir='ltr'><strong>hoc</strong></span> <span class='ocrx_word' id='word_1_67' title='bbox 918 1121 1030 1174; x_wconf 91' lang='lat' dir='ltr'><strong>oro,</strong></span> <span class='ocrx_word' id='word_1_68' title='bbox 1052 1110 1160 1162; x_wconf 85' lang='lat' dir='ltr'><strong>etc.</strong></span> <span class='ocrx_word' id='word_1_69' title='bbox 1187 1122 1200 1161; x_wconf 92' lang='lat'><strong>:</strong></span> <span class='ocrx_word' id='word_1_70' title='bbox 1235 1106 1382 1162; x_wconf 89' lang='lat' dir='ltr'><strong>Nota</strong></span> <span class='ocrx_word' id='word_1_71' title='bbox 1410 1106 1567 1178; x_wconf 91' lang='lat' dir='ltr'><strong>quod</strong></span> <span class='ocrx_word' id='word_1_72' title='bbox 1597 1122 1712 1161; x_wconf 90' lang='lat' dir='ltr'><strong>non</strong></span> <span class='ocrx_word' id='word_1_73' title='bbox 1734 1104 1926 1162; x_wconf 90' lang='lat' dir='ltr'><strong>solum</strong></span> 
     </span>
    </p>
   </div>
   <div class='ocr_carea' id='block_1_11' title="bbox 284 1194 1925 1266">
    <p class='ocr_par' dir='ltr' id='par_1_11' title="bbox 284 1194 1925 1266">
     <span class='ocr_line' id='line_1_11' title="bbox 284 1194 1925 1266; baseline 0 -17"><span class='ocrx_word' id='word_1_74' title='bbox 284 1194 549 1266; x_wconf 86' lang='lat' dir='ltr'><strong>precipit</strong></span> <span class='ocrx_word' id='word_1_75' title='bbox 569 1210 695 1266; x_wconf 86' lang='lat' dir='ltr'><strong>que</strong></span> <span class='ocrx_word' id='word_1_76' title='bbox 727 1194 964 1266; x_wconf 83' lang='lat' dir='ltr'><strong>iaciant,</strong></span> <span class='ocrx_word' id='word_1_77' title='bbox 986 1195 1086 1261; x_wconf 88' lang='lat' dir='ltr'><strong>sed</strong></span> <span class='ocrx_word' id='word_1_78' title='bbox 1118 1200 1246 1251; x_wconf 89' lang='lat' dir='ltr'><strong>orat</strong></span> <span class='ocrx_word' id='word_1_79' title='bbox 1266 1201 1330 1251; x_wconf 90' lang='lat' dir='ltr'><strong>ut</strong></span> <span class='ocrx_word' id='word_1_80' title='bbox 1359 1195 1610 1266; x_wconf 80' lang='lat' dir='ltr'><strong>faciant;</strong></span> <span class='ocrx_word' id='word_1_81' title='bbox 1643 1194 1780 1266; x_wconf 89' lang='lat' dir='ltr'><strong>quia</strong></span> <span class='ocrx_word' id='word_1_82' title='bbox 1809 1210 1925 1249; x_wconf 91' lang='lat' dir='ltr'><strong>non</strong></span> 
     </span>
    </p>
   </div>
   <div class='ocr_carea' id='block_1_12' title="bbox 284 1282 1927 1357">
    <p class='ocr_par' dir='ltr' id='par_1_12' title="bbox 284 1282 1927 1357">
     <span class='ocr_line' id='line_1_12' title="bbox 284 1282 1927 1357; baseline 0 -19"><span class='ocrx_word' id='word_1_83' title='bbox 284 1282 505 1339; x_wconf 67' lang='lat' dir='ltr'><strong>sufﬁcit</strong></span> <span class='ocrx_word' id='word_1_84' title='bbox 535 1299 707 1339; x_wconf 82' lang='lat' dir='ltr'><strong>nosse</strong></span> <span class='ocrx_word' id='word_1_85' title='bbox 737 1284 893 1355; x_wconf 90' lang='lat' dir='ltr'><strong>quod</strong></span> <span class='ocrx_word' id='word_1_86' title='bbox 925 1286 1216 1357; x_wconf 90' lang='lat' dir='ltr'><strong>agendum</strong></span> <span class='ocrx_word' id='word_1_87' title='bbox 1246 1290 1356 1354; x_wconf 92' lang='lat' dir='ltr'><strong>est,</strong></span> <span class='ocrx_word' id='word_1_88' title='bbox 1388 1283 1501 1341; x_wconf 88' lang='lat' dir='ltr'><strong>nisi</strong></span> <span class='ocrx_word' id='word_1_89' title='bbox 1546 1283 1699 1340; x_wconf 90' lang='lat' dir='ltr'><strong>adsit</strong></span> <span class='ocrx_word' id='word_1_90' title='bbox 1736 1283 1927 1356; x_wconf 90' lang='lat' dir='ltr'><strong>gratia</strong></span> 
     </span>
    </p>
   </div>
   <div class='ocr_carea' id='block_1_13' title="bbox 269 1370 1052 1444">
    <p class='ocr_par' dir='ltr' id='par_1_13' title="bbox 269 1370 1052 1444">
     <span class='ocr_line' id='line_1_13' title="bbox 269 1370 1052 1444; baseline 0 -17"><span class='ocrx_word' id='word_1_91' title='bbox 269 1371 491 1443; x_wconf 89' lang='lat' dir='ltr'><strong>juvans</strong></span> <span class='ocrx_word' id='word_1_92' title='bbox 521 1376 586 1427; x_wconf 92' lang='lat' dir='ltr'><strong>ut</strong></span> <span class='ocrx_word' id='word_1_93' title='bbox 617 1370 816 1444; x_wconf 82' lang='lat' dir='ltr'><strong>perﬁci</strong></span> <span class='ocrx_word' id='word_1_94' title='bbox 847 1372 1052 1444; x_wconf 88' lang='lat' dir='ltr'><strong>possit.</strong></span> 
     </span>
    </p>
   </div>
   <div class='ocr_carea' id='block_1_14' title="bbox 355 1479 1924 1552">
    <p class='ocr_par' dir='ltr' id='par_1_14' title="bbox 355 1479 1924 1552">
     <span class='ocr_line' id='line_1_14' title="bbox 355 1479 1924 1552; baseline -0.001 -16"><span class='ocrx_word' id='word_1_95' title='bbox 355 1479 628 1551; x_wconf 86' lang='lat' dir='ltr'><strong>Sequitur</strong></span> <span class='ocrx_word' id='word_1_96' title='bbox 662 1496 675 1534; x_wconf 92' lang='lat'>:</span> <span class='ocrx_word' id='word_1_97' title='bbox 720 1479 782 1534; x_wconf 88' lang='lat' dir='ltr'><strong>In</strong></span> <span class='ocrx_word' id='word_1_98' title='bbox 811 1479 1065 1544; x_wconf 81' lang='lat' dir='ltr'><strong>scientia,</strong></span> <span class='ocrx_word' id='word_1_99' title='bbox 1097 1487 1207 1535; x_wconf 87' lang='lat' dir='ltr'><strong>etc.</strong></span> <span class='ocrx_word' id='word_1_100' title='bbox 1240 1480 1386 1536; x_wconf 89' lang='lat' dir='ltr'><strong>Nota</strong></span> <span class='ocrx_word' id='word_1_101' title='bbox 1415 1481 1568 1552; x_wconf 92' lang='lat' dir='ltr'><strong>quod</strong></span> <span class='ocrx_word' id='word_1_102' title='bbox 1603 1479 1924 1535; x_wconf 88' lang='lat' dir='ltr'><strong>scientibus</strong></span> 
     </span>
    </p>
   </div>
   <div class='ocr_carea' id='block_1_15' title="bbox 273 1566 1926 1645">
    <p class='ocr_par' dir='ltr' id='par_1_15' title="bbox 273 1566 1926 1645">
     <span class='ocr_line' id='line_1_15' title="bbox 273 1566 1926 1645; baseline -0.001 -20"><span class='ocrx_word' id='word_1_103' title='bbox 273 1568 586 1625; x_wconf 86' lang='lat' dir='ltr'><strong>scientiam</strong></span> <span class='ocrx_word' id='word_1_104' title='bbox 608 1573 737 1623; x_wconf 87' lang='lat' dir='ltr'><strong>orat</strong></span> <span class='ocrx_word' id='word_1_105' title='bbox 764 1566 912 1637; x_wconf 91' lang='lat' dir='ltr'><strong>dari,</strong></span> <span class='ocrx_word' id='word_1_106' title='bbox 937 1567 1235 1645; x_wconf 82' lang='lat' dir='ltr'><strong>quissine</strong></span> <span class='ocrx_word' id='word_1_107' title='bbox 1262 1568 1510 1625; x_wconf 89' lang='lat' dir='ltr'><strong>scientia</strong></span> <span class='ocrx_word' id='word_1_108' title='bbox 1530 1584 1702 1624; x_wconf 89' lang='lat' dir='ltr'><strong>nemo</strong></span> <span class='ocrx_word' id='word_1_109' title='bbox 1734 1572 1926 1641; x_wconf 85' lang='lat' dir='ltr'><strong>potest</strong></span> 
     </span>
    </p>
   </div>
   <div class='ocr_carea' id='block_1_16' title="bbox 272 1655 1919 1729">
    <p class='ocr_par' dir='ltr' id='par_1_16' title="bbox 272 1655 1919 1729">
     <span class='ocr_line' id='line_1_16' title="bbox 272 1655 1919 1729; baseline 0.001 -18"><span class='ocrx_word' id='word_1_110' title='bbox 272 1656 691 1721; x_wconf 85' lang='lat' dir='ltr'><strong>sinceritatem,</strong></span> <span class='ocrx_word' id='word_1_111' title='bbox 721 1655 780 1711; x_wconf 90' lang='lat' dir='ltr'><strong>id</strong></span> <span class='ocrx_word' id='word_1_112' title='bbox 811 1661 900 1713; x_wconf 89' lang='lat' dir='ltr'><strong>est</strong></span> <span class='ocrx_word' id='word_1_113' title='bbox 931 1656 1321 1729; x_wconf 84' lang='lat' dir='ltr'><strong>integritatem</strong></span> <span class='ocrx_word' id='word_1_114' title='bbox 1353 1657 1587 1727; x_wconf 90' lang='lat' dir='ltr'><strong>habere,</strong></span> <span class='ocrx_word' id='word_1_115' title='bbox 1612 1673 1719 1713; x_wconf 88' lang='lat' dir='ltr'><strong>nec</strong></span> <span class='ocrx_word' id='word_1_116' title='bbox 1744 1658 1919 1728; x_wconf 81' lang='lat' dir='ltr'><strong>potio-</strong></span> 
     </span>
    </p>
   </div>
   <div class='ocr_carea' id='block_1_17' title="bbox 805 246 3158 312">
    <p class='ocr_par' dir='ltr' id='par_1_17' title="bbox 805 246 3158 312">
     <span class='ocr_line' id='line_1_17' title="bbox 805 246 3158 312; baseline 0.003 -6"><span class='ocrx_word' id='word_1_117' title='bbox 805 246 1220 308; x_wconf 84' lang='lat' dir='ltr'><strong>EXPOSI&#39;I‘IO</strong></span> <span class='ocrx_word' id='word_1_118' title='bbox 1264 247 1340 307; x_wconf 85' lang='grc' dir='ltr'>ΙΝ</span> <span class='ocrx_word' id='word_1_119' title='bbox 1388 246 1817 308; x_wconf 79' lang='lat' dir='ltr'><strong>EPISTOLAS</strong></span> <span class='ocrx_word' id='word_1_120' title='bbox 1863 246 2121 308; x_wconf 81' lang='lat' dir='ltr'><strong>PAULI.</strong></span> <span class='ocrx_word' id='word_1_121' title='bbox 2154 279 2232 291; x_wconf 90' lang='lat'><strong><em>—</em></strong></span> <span class='ocrx_word' id='word_1_122' title='bbox 2261 249 2337 307; x_wconf 89' lang='grc' dir='ltr'>ΙΝ</span> <span class='ocrx_word' id='word_1_123' title='bbox 2386 250 2627 310; x_wconf 89' lang='lat' dir='ltr'><strong>EPIST.</strong></span> <span class='ocrx_word' id='word_1_124' title='bbox 2680 250 2782 309; x_wconf 82' lang='lat' dir='ltr'><strong>AD</strong></span> <span class='ocrx_word' id='word_1_125' title='bbox 2830 252 3158 312; x_wconf 83' lang='lat' dir='ltr'><strong>PHILIPP.</strong></span> 
     </span>
    </p>
   </div>
   <div class='ocr_carea' id='block_1_18' title="bbox 3566 257 3683 317">
    <p class='ocr_par' dir='ltr' id='par_1_18' title="bbox 3566 257 3683 317">
     <span class='ocr_line' id='line_1_18' title="bbox 3566 257 3683 317; baseline 0.026 -3"><span class='ocrx_word' id='word_1_126' title='bbox 3566 257 3683 317; x_wconf 83' lang='lat'><strong>590</strong></span> 
     </span>
    </p>
   </div>
   <div class='ocr_carea' id='block_1_19' title="bbox 1358 376 3679 451">
    <p class='ocr_par' dir='ltr' id='par_1_19' title="bbox 1358 376 3679 451">
     <span class='ocr_line' id='line_1_19' title="bbox 1358 376 3679 451; baseline 0.005 -20"><span class='ocrx_word' id='word_1_127' title='bbox 1358 378 1417 433; x_wconf 90' lang='lat' dir='ltr'><strong>id</strong></span> <span class='ocrx_word' id='word_1_128' title='bbox 1449 381 1558 447; x_wconf 90' lang='lat' dir='ltr'><strong>est,</strong></span> <span class='ocrx_word' id='word_1_129' title='bbox 1592 376 1925 449; x_wconf 89' lang='lat' dir='ltr'><strong>incorpora-</strong></span> <span class='ocrx_word' id='word_1_130' title='bbox 1958 385 2007 445; x_wconf 79' lang='grc' dir='ltr'><strong>Α</strong></span> <span class='ocrx_word' id='word_1_131' title='bbox 2042 377 2175 432; x_wconf 89' lang='lat' dir='ltr'><strong>bem</strong></span> <span class='ocrx_word' id='word_1_132' title='bbox 2209 378 2548 450; x_wconf 88' lang='lat' dir='ltr'><strong>replentem,</strong></span> <span class='ocrx_word' id='word_1_133' title='bbox 2581 382 2864 451; x_wconf 83' lang='lat' dir='ltr'><strong>majorem</strong></span> <span class='ocrx_word' id='word_1_134' title='bbox 2892 382 2943 437; x_wconf 90' lang='lat' dir='ltr'><strong>ei</strong></span> <span class='ocrx_word' id='word_1_135' title='bbox 2981 382 3259 439; x_wconf 88' lang='lat' dir='ltr'><strong>invidiam</strong></span> <span class='ocrx_word' id='word_1_136' title='bbox 3293 386 3679 442; x_wconf 84' lang='lat' dir='ltr'><strong>cumularent.</strong></span> 
     </span>
    </p>
   </div>
   <div class='ocr_carea' id='block_1_20' title="bbox 2040 466 3680 547">
    <p class='ocr_par' dir='ltr' id='par_1_20' title="bbox 2040 466 3680 547">
     <span class='ocr_line' id='line_1_20' title="bbox 2040 466 3680 547; baseline 0.007 -27"><span class='ocrx_word' id='word_1_137' title='bbox 2040 466 2182 522; x_wconf 79' lang='lat' dir='ltr'><strong>Nota</strong></span> <span class='ocrx_word' id='word_1_138' title='bbox 2209 469 2361 537; x_wconf 90' lang='lat' dir='ltr'><strong>quod</strong></span> <span class='ocrx_word' id='word_1_139' title='bbox 2388 470 2513 523; x_wconf 70' lang='lat' dir='ltr'><strong>dum</strong></span> <span class='ocrx_word' id='word_1_140' title='bbox 2546 471 2767 541; x_wconf 80' lang='lat' dir='ltr'><strong>species</strong></span> <span class='ocrx_word' id='word_1_141' title='bbox 2798 471 2960 525; x_wconf 86' lang='lat' dir='ltr'><strong>bone</strong></span> <span class='ocrx_word' id='word_1_142' title='bbox 2992 473 3221 527; x_wconf 90' lang='lat' dir='ltr'><strong>duabus</strong></span> <span class='ocrx_word' id='word_1_143' title='bbox 3244 476 3547 530; x_wconf 84' lang='lat' dir='ltr'><strong>contrariis</strong></span> <span class='ocrx_word' id='word_1_144' title='bbox 3580 494 3680 547; x_wconf 93' lang='lat' dir='ltr'><strong>op-</strong></span> 
     </span>
    </p>
   </div>
   <div class='ocr_carea' id='block_1_21' title="bbox 2038 558 3684 632">
    <p class='ocr_par' dir='ltr' id='par_1_21' title="bbox 2038 558 3684 632">
     <span class='ocr_line' id='line_1_21' title="bbox 2038 558 3684 632; baseline 0.007 -24"><span class='ocrx_word' id='word_1_145' title='bbox 2038 562 2363 626; x_wconf 85' lang='lat' dir='ltr'><strong>ponuntur;</strong></span> <span class='ocrx_word' id='word_1_146' title='bbox 2386 558 2454 611; x_wconf 87' lang='lat' dir='ltr'><strong>ad</strong></span> <span class='ocrx_word' id='word_1_147' title='bbox 2476 561 2723 630; x_wconf 85' lang='lat' dir='ltr'><strong>primam</strong></span> <span class='ocrx_word' id='word_1_148' title='bbox 2742 561 2896 616; x_wconf 89' lang='lat' dir='ltr'><strong>enim</strong></span> <span class='ocrx_word' id='word_1_149' title='bbox 2915 562 3224 632; x_wconf 87' lang='lat' dir='ltr'><strong>respondet</strong></span> <span class='ocrx_word' id='word_1_150' title='bbox 3241 565 3515 629; x_wconf 85' lang='lat' dir='ltr'><strong>secunda,</strong></span> <span class='ocrx_word' id='word_1_151' title='bbox 3536 567 3684 621; x_wconf 89' lang='lat' dir='ltr'><strong>bona</strong></span> 
     </span>
    </p>
   </div>
   <div class='ocr_carea' id='block_1_22' title="bbox 2039 644 3680 720">
    <p class='ocr_par' dir='ltr' id='par_1_22' title="bbox 2039 644 3680 720">
     <span class='ocr_line' id='line_1_22' title="bbox 2039 644 3680 720; baseline 0.007 -22"><span class='ocrx_word' id='word_1_152' title='bbox 2039 644 2193 699; x_wconf 89' lang='lat' dir='ltr'><strong>enim</strong></span> <span class='ocrx_word' id='word_1_153' title='bbox 2220 644 2488 702; x_wconf 83' lang='lat' dir='ltr'><strong>voluntas</strong></span> <span class='ocrx_word' id='word_1_154' title='bbox 2514 650 2801 704; x_wconf 88' lang='lat' dir='ltr'><strong>contraria</strong></span> <span class='ocrx_word' id='word_1_155' title='bbox 2831 655 2918 705; x_wconf 88' lang='lat' dir='ltr'><strong>est</strong></span> <span class='ocrx_word' id='word_1_156' title='bbox 2948 650 3277 706; x_wconf 71' lang='lat' dir='ltr'><strong>invidentia:</strong></span> <span class='ocrx_word' id='word_1_157' title='bbox 3303 670 3316 720; x_wconf 95' lang='lat'><strong>;</strong></span> <span class='ocrx_word' id='word_1_158' title='bbox 3351 654 3520 708; x_wconf 88' lang='lat' dir='ltr'><strong>tertia</strong></span> <span class='ocrx_word' id='word_1_159' title='bbox 3549 672 3680 710; x_wconf 93' lang='lat' dir='ltr'><strong>vero</strong></span> 
     </span>
    </p>
   </div>
   <div class='ocr_carea' id='block_1_23' title="bbox 2038 733 3680 812">
    <p class='ocr_par' dir='ltr' id='par_1_23' title="bbox 2038 733 3680 812">
     <span class='ocr_line' id='line_1_23' title="bbox 2038 733 3680 812; baseline 0.005 -24"><span class='ocrx_word' id='word_1_160' title='bbox 2038 733 2281 789; x_wconf 88' lang='lat' dir='ltr'><strong>adversa</strong></span> <span class='ocrx_word' id='word_1_161' title='bbox 2328 738 2416 789; x_wconf 89' lang='lat' dir='ltr'><strong>est</strong></span> <span class='ocrx_word' id='word_1_162' title='bbox 2462 741 2700 806; x_wconf 87' lang='lat' dir='ltr'><strong>quarte,</strong></span> <span class='ocrx_word' id='word_1_163' title='bbox 2733 738 3012 808; x_wconf 85' lang='lat' dir='ltr'><strong>quoniam</strong></span> <span class='ocrx_word' id='word_1_164' title='bbox 3058 739 3310 795; x_wconf 89' lang='lat' dir='ltr'><strong>charitas</strong></span> <span class='ocrx_word' id='word_1_165' title='bbox 3349 757 3486 812; x_wconf 89' lang='lat' dir='ltr'><strong>erga</strong></span> <span class='ocrx_word' id='word_1_166' title='bbox 3516 741 3680 797; x_wconf 88' lang='lat' dir='ltr'><strong>Chri-</strong></span> 
     </span>
    </p>
   </div>
   <div class='ocr_carea' id='block_1_24' title="bbox 2038 822 3675 901">
    <p class='ocr_par' dir='ltr' id='par_1_24' title="bbox 2038 822 3675 901">
     <span class='ocr_line' id='line_1_24' title="bbox 2038 822 3675 901; baseline 0.006 -24"><span class='ocrx_word' id='word_1_167' title='bbox 2038 827 2215 890; x_wconf 87' lang='lat' dir='ltr'><strong>stum,</strong></span> <span class='ocrx_word' id='word_1_168' title='bbox 2233 822 2318 879; x_wconf 87' lang='lat' dir='ltr'><strong>vel</strong></span> <span class='ocrx_word' id='word_1_169' title='bbox 2337 825 2583 879; x_wconf 89' lang='lat' dir='ltr'><strong>Paulum</strong></span> <span class='ocrx_word' id='word_1_170' title='bbox 2604 842 2715 880; x_wconf 90' lang='lat' dir='ltr'><strong>non</strong></span> <span class='ocrx_word' id='word_1_171' title='bbox 2744 831 2933 898; x_wconf 86' lang='lat' dir='ltr'><strong>potest</strong></span> <span class='ocrx_word' id='word_1_172' title='bbox 2956 832 3191 899; x_wconf 87' lang='lat' dir='ltr'><strong>propter</strong></span> <span class='ocrx_word' id='word_1_173' title='bbox 3210 832 3675 901; x_wconf 87' lang='lat' dir='ltr'><strong>persecutionem</strong></span> 
     </span>
    </p>
   </div>
   <div class='ocr_carea' id='block_1_25' title="bbox 2037 910 3673 991">
    <p class='ocr_par' dir='ltr' id='par_1_25' title="bbox 2037 910 3673 991">
     <span class='ocr_line' id='line_1_25' title="bbox 2037 910 3673 991; baseline 0.005 -26"><span class='ocrx_word' id='word_1_174' title='bbox 2037 910 2198 966; x_wconf 90' lang='lat' dir='ltr'><strong>Pauli</strong></span> <span class='ocrx_word' id='word_1_175' title='bbox 2227 912 2538 983; x_wconf 69' lang='lat' dir='ltr'><strong>praedicare</strong></span> <span class='ocrx_word' id='word_1_176' title='bbox 2558 913 2875 971; x_wconf 87' lang='lat' dir='ltr'><strong>Christum.</strong></span> <span class='ocrx_word' id='word_1_177' title='bbox 2893 916 3027 971; x_wconf 90' lang='lat' dir='ltr'><strong>Mali</strong></span> <span class='ocrx_word' id='word_1_178' title='bbox 3048 934 3174 989; x_wconf 62' lang='lat' dir='ltr'><strong>quae</strong></span> <span class='ocrx_word' id='word_1_179' title='bbox 3192 935 3293 973; x_wconf 81' lang='lat' dir='ltr'><strong>sua</strong></span> <span class='ocrx_word' id='word_1_180' title='bbox 3318 923 3445 974; x_wconf 85' lang='lat' dir='ltr'><strong>sunt</strong></span> <span class='ocrx_word' id='word_1_181' title='bbox 3467 921 3673 991; x_wconf 85' lang='lat' dir='ltr'><strong>predi-</strong></span> 
     </span>
    </p>
   </div>
   <div class='ocr_carea' id='block_1_26' title="bbox 2036 1000 3670 1080">
    <p class='ocr_par' dir='ltr' id='par_1_26' title="bbox 2036 1000 3670 1080">
     <span class='ocr_line' id='line_1_26' title="bbox 2036 1000 3670 1080; baseline 0.006 -26"><span class='ocrx_word' id='word_1_182' title='bbox 2036 1000 2217 1056; x_wconf 91' lang='lat' dir='ltr'><strong>cando</strong></span> <span class='ocrx_word' id='word_1_183' title='bbox 2239 1012 2516 1073; x_wconf 67' lang='lat' dir='ltr'><strong>quaerunt,</strong></span> <span class='ocrx_word' id='word_1_184' title='bbox 2534 1020 2649 1057; x_wconf 85' lang='lat' dir='ltr'><strong>non</strong></span> <span class='ocrx_word' id='word_1_185' title='bbox 2669 1021 2785 1075; x_wconf 79' lang='lat' dir='ltr'><strong>que</strong></span> <span class='ocrx_word' id='word_1_186' title='bbox 2802 1007 2932 1061; x_wconf 88' lang='lat' dir='ltr'><strong>Jesu</strong></span> <span class='ocrx_word' id='word_1_187' title='bbox 2948 1006 3153 1062; x_wconf 86' lang='lat' dir='ltr'><strong>Christi</strong></span> <span class='ocrx_word' id='word_1_188' title='bbox 3173 1008 3436 1080; x_wconf 78' lang='lat' dir='ltr'><strong>(Philipp.</strong></span> <span class='ocrx_word' id='word_1_189' title='bbox 3461 1026 3522 1079; x_wconf 79' lang='grc' dir='ltr'><strong>ιι,</strong></span> <span class='ocrx_word' id='word_1_190' title='bbox 3544 1010 3636 1080; x_wconf 87' lang='grc'>21)</span> <span class='ocrx_word' id='word_1_191' title='bbox 3658 1028 3670 1064; x_wconf 95' lang='lat'>:</span> 
     </span>
    </p>
   </div>
   <div class='ocr_carea' id='block_1_27' title="bbox 2035 1089 3670 1169">
    <p class='ocr_par' dir='ltr' id='par_1_27' title="bbox 2035 1089 3670 1169">
     <span class='ocr_line' id='line_1_27' title="bbox 2035 1089 3670 1169; baseline 0.006 -26"><span class='ocrx_word' id='word_1_192' title='bbox 2035 1090 2134 1144; x_wconf 87' lang='lat' dir='ltr'><strong>sed</strong></span> <span class='ocrx_word' id='word_1_193' title='bbox 2157 1090 2289 1145; x_wconf 91' lang='lat' dir='ltr'><strong>boni</strong></span> <span class='ocrx_word' id='word_1_194' title='bbox 2310 1089 2509 1147; x_wconf 81' lang='lat' dir='ltr'><strong>fideles</strong></span> <span class='ocrx_word' id='word_1_195' title='bbox 2532 1109 2645 1148; x_wconf 90' lang='lat' dir='ltr'><strong>non</strong></span> <span class='ocrx_word' id='word_1_196' title='bbox 2665 1093 2987 1165; x_wconf 87' lang='lat' dir='ltr'><strong>quemlibet</strong></span> <span class='ocrx_word' id='word_1_197' title='bbox 3007 1095 3452 1164; x_wconf 88' lang='lat' dir='ltr'><strong>hominum,sed</strong></span> <span class='ocrx_word' id='word_1_198' title='bbox 3475 1098 3670 1169; x_wconf 88' lang='lat' dir='ltr'><strong>ipsum</strong></span> 
     </span>
    </p>
   </div>
   <div class='ocr_carea' id='block_1_28' title="bbox 2034 1178 3677 1257">
    <p class='ocr_par' dir='ltr' id='par_1_28' title="bbox 2034 1178 3677 1257">
     <span class='ocr_line' id='line_1_28' title="bbox 2034 1178 3677 1257; baseline 0.006 -24"><span class='ocrx_word' id='word_1_199' title='bbox 2034 1178 2347 1235; x_wconf 89' lang='lat' dir='ltr'><strong>Dominum</strong></span> <span class='ocrx_word' id='word_1_200' title='bbox 2379 1180 2714 1236; x_wconf 88' lang='lat' dir='ltr'><strong>obedienter</strong></span> <span class='ocrx_word' id='word_1_201' title='bbox 2743 1182 3012 1251; x_wconf 86' lang='lat' dir='ltr'><strong>audiunt,</strong></span> <span class='ocrx_word' id='word_1_202' title='bbox 3042 1185 3142 1256; x_wconf 92' lang='lat' dir='ltr'><strong>qui</strong></span> <span class='ocrx_word' id='word_1_203' title='bbox 3176 1185 3255 1240; x_wconf 90' lang='lat' dir='ltr'><strong>ait</strong></span> <span class='ocrx_word' id='word_1_204' title='bbox 3288 1202 3299 1239; x_wconf 93' lang='lat'>:</span> <span class='ocrx_word' id='word_1_205' title='bbox 3334 1201 3459 1257; x_wconf 69' lang='lat' dir='ltr'><strong>qua}</strong></span> <span class='ocrx_word' id='word_1_206' title='bbox 3486 1186 3677 1243; x_wconf 85' lang='lat' dir='ltr'><strong>dicunt</strong></span> 
     </span>
    </p>
   </div>
   <div class='ocr_carea' id='block_1_29' title="bbox 2030 1269 3676 1341">
    <p class='ocr_par' dir='ltr' id='par_1_29' title="bbox 2030 1269 3676 1341">
     <span class='ocr_line' id='line_1_29' title="bbox 2030 1269 3676 1341; baseline 0.005 -18"><span class='ocrx_word' id='word_1_207' title='bbox 2030 1269 2217 1337; x_wconf 82' lang='lat' dir='ltr'><strong>lacitc,</strong></span> <span class='ocrx_word' id='word_1_208' title='bbox 2267 1276 2376 1325; x_wconf 90' lang='lat' dir='ltr'><strong>etc.</strong></span> <span class='ocrx_word' id='word_1_209' title='bbox 2428 1269 2649 1341; x_wconf 72' lang='lat' dir='ltr'><strong>(Matth.</strong></span> <span class='ocrx_word' id='word_1_210' title='bbox 2700 1288 2860 1340; x_wconf 82' lang='lat' dir='ltr'><strong>xxm,</strong></span> <span class='ocrx_word' id='word_1_211' title='bbox 2906 1274 2982 1341; x_wconf 89' lang='lat'><strong>3).</strong></span> <span class='ocrx_word' id='word_1_212' title='bbox 3014 1275 3148 1329; x_wconf 88' lang='lat' dir='ltr'><strong>Ideo</strong></span> <span class='ocrx_word' id='word_1_213' title='bbox 3179 1275 3427 1331; x_wconf 88' lang='lat' dir='ltr'><strong>audiunt</strong></span> <span class='ocrx_word' id='word_1_214' title='bbox 3456 1275 3676 1332; x_wconf 90' lang='lat' dir='ltr'><strong>utiliter</strong></span> 
     </span>
    </p>
   </div>
   <div class='ocr_carea' id='block_1_30' title="bbox 2033 1357 3673 1436">
    <p class='ocr_par' dir='ltr' id='par_1_30' title="bbox 2033 1357 3673 1436">
     <span class='ocr_line' id='line_1_30' title="bbox 2033 1357 3673 1436; baseline 0.005 -24"><span class='ocrx_word' id='word_1_215' title='bbox 2033 1357 2208 1413; x_wconf 90' lang='lat' dir='ltr'><strong>etiam</strong></span> <span class='ocrx_word' id='word_1_216' title='bbox 2232 1376 2360 1430; x_wconf 86' lang='lat' dir='ltr'><strong>que</strong></span> <span class='ocrx_word' id='word_1_217' title='bbox 2392 1358 2614 1415; x_wconf 90' lang='lat' dir='ltr'><strong>utiliter</strong></span> <span class='ocrx_word' id='word_1_218' title='bbox 2634 1377 2748 1415; x_wconf 87' lang='lat' dir='ltr'><strong>non</strong></span> <span class='ocrx_word' id='word_1_219' title='bbox 2781 1366 3073 1433; x_wconf 89' lang='lat' dir='ltr'><strong>aguntur;</strong></span> <span class='ocrx_word' id='word_1_220' title='bbox 3108 1379 3215 1418; x_wconf 88' lang='lat' dir='ltr'><strong>sua</strong></span> <span class='ocrx_word' id='word_1_221' title='bbox 3234 1364 3390 1419; x_wconf 86' lang='lat' dir='ltr'><strong>enim</strong></span> <span class='ocrx_word' id='word_1_222' title='bbox 3418 1381 3673 1436; x_wconf 89' lang='lat' dir='ltr'><strong>querere</strong></span> 
     </span>
    </p>
   </div>
   <div class='ocr_carea' id='block_1_31' title="bbox 2034 1448 3245 1514">
    <p class='ocr_par' dir='ltr' id='par_1_31' title="bbox 2034 1448 3245 1514">
     <span class='ocr_line' id='line_1_31' title="bbox 2034 1448 3245 1514; baseline 0.004 -14"><span class='ocrx_word' id='word_1_223' title='bbox 2034 1449 2312 1514; x_wconf 89' lang='lat' dir='ltr'><strong>student;</strong></span> <span class='ocrx_word' id='word_1_224' title='bbox 2353 1448 2454 1503; x_wconf 88' lang='lat' dir='ltr'><strong>sed</strong></span> <span class='ocrx_word' id='word_1_225' title='bbox 2486 1464 2596 1503; x_wconf 88' lang='lat' dir='ltr'><strong>sua</strong></span> <span class='ocrx_word' id='word_1_226' title='bbox 2625 1448 2832 1511; x_wconf 80' lang='lat' dir='ltr'><strong>docere</strong></span> <span class='ocrx_word' id='word_1_227' title='bbox 2860 1467 2976 1505; x_wconf 90' lang='lat' dir='ltr'><strong>non</strong></span> <span class='ocrx_word' id='word_1_228' title='bbox 3009 1451 3245 1505; x_wconf 90' lang='lat' dir='ltr'><strong>audent.</strong></span> 
     </span>
    </p>
   </div>
   <div class='ocr_carea' id='block_1_32' title="bbox 2104 1566 3674 1636">
    <p class='ocr_par' dir='ltr' id='par_1_32' title="bbox 2104 1566 3674 1636">
     <span class='ocr_line' id='line_1_32' title="bbox 2104 1566 3674 1636; baseline 0.001 -15"><span class='ocrx_word' id='word_1_229' title='bbox 2104 1566 2385 1636; x_wconf 90' lang='lat' dir='ltr'><strong>Sequitur</strong></span> <span class='ocrx_word' id='word_1_230' title='bbox 2417 1581 2430 1619; x_wconf 91' lang='lat'><strong>:</strong></span> <span class='ocrx_word' id='word_1_231' title='bbox 2484 1566 2628 1634; x_wconf 85' lang='lat' dir='ltr'><strong>Quid</strong></span> <span class='ocrx_word' id='word_1_232' title='bbox 2657 1568 2852 1620; x_wconf 81' lang='lat' dir='ltr'><strong>enim?</strong></span> <span class='ocrx_word' id='word_1_233' title='bbox 2879 1574 2986 1621; x_wconf 90' lang='lat' dir='ltr'><strong>etc.</strong></span> <span class='ocrx_word' id='word_1_234' title='bbox 3019 1566 3090 1620; x_wconf 88' lang='lat' dir='ltr'><strong>Et</strong></span> <span class='ocrx_word' id='word_1_235' title='bbox 3116 1570 3205 1622; x_wconf 91' lang='lat' dir='ltr'><strong>est</strong></span> <span class='ocrx_word' id='word_1_236' title='bbox 3236 1584 3444 1623; x_wconf 84' lang='lat' dir='ltr'><strong>sensus</strong></span> <span class='ocrx_word' id='word_1_237' title='bbox 3479 1585 3493 1622; x_wconf 90' lang='lat'><strong>:</strong></span> <span class='ocrx_word' id='word_1_238' title='bbox 3527 1567 3674 1633; x_wconf 88' lang='lat' dir='ltr'><strong>Quid</strong></span> 
     </span>
    </p>
   </div>
   <div class='ocr_carea' id='block_1_33' title="bbox 2031 1654 3673 1726">
    <p class='ocr_par' dir='ltr' id='par_1_33' title="bbox 2031 1654 3673 1726">
     <span class='ocr_line' id='line_1_33' title="bbox 2031 1654 3673 1726; baseline 0.001 -15"><span class='ocrx_word' id='word_1_239' title='bbox 2031 1654 2212 1720; x_wconf 90' lang='lat' dir='ltr'><strong>enim,</strong></span> <span class='ocrx_word' id='word_1_240' title='bbox 2235 1659 2337 1710; x_wconf 90' lang='lat' dir='ltr'><strong>aut</strong></span> <span class='ocrx_word' id='word_1_241' title='bbox 2355 1670 2534 1725; x_wconf 91' lang='lat' dir='ltr'><strong>quare</strong></span> <span class='ocrx_word' id='word_1_242' title='bbox 2558 1671 2810 1725; x_wconf 87' lang='lat' dir='ltr'><strong>movear,</strong></span> <span class='ocrx_word' id='word_1_243' title='bbox 2831 1660 2933 1709; x_wconf 88' lang='lat' dir='ltr'><strong>aut</strong></span> <span class='ocrx_word' id='word_1_244' title='bbox 2955 1671 3134 1726; x_wconf 90' lang='lat' dir='ltr'><strong>quare</strong></span> <span class='ocrx_word' id='word_1_245' title='bbox 3154 1654 3213 1709; x_wconf 92' lang='lat' dir='ltr'><strong>in</strong></span> <span class='ocrx_word' id='word_1_246' title='bbox 3239 1654 3673 1712; x_wconf 86' lang='lat' dir='ltr'><strong>tribulationem</strong></span> 
     </span>
    </p>
   </div>
   <div class='ocr_carea' id='block_1_34' title="bbox 273 1743 3677 1819">
    <p class='ocr_par' dir='ltr' id='par_1_34' title="bbox 273 1743 3677 1819">
     <span class='ocr_line' id='line_1_34' title="bbox 273 1743 3677 1819; baseline 0 -19"><span class='ocrx_word' id='word_1_247' title='bbox 273 1763 363 1811; x_wconf 89' lang='lat' dir='ltr'><strong>ra,</strong></span> <span class='ocrx_word' id='word_1_248' title='bbox 384 1744 442 1800; x_wconf 88' lang='lat' dir='ltr'><strong>id</strong></span> <span class='ocrx_word' id='word_1_249' title='bbox 474 1749 564 1801; x_wconf 88' lang='lat' dir='ltr'><strong>est</strong></span> <span class='ocrx_word' id='word_1_250' title='bbox 583 1744 818 1801; x_wconf 87' lang='lat' dir='ltr'><strong>utiliora</strong></span> <span class='ocrx_word' id='word_1_251' title='bbox 842 1745 1108 1819; x_wconf 90' lang='lat' dir='ltr'><strong>probare,</strong></span> <span class='ocrx_word' id='word_1_252' title='bbox 1132 1751 1189 1801; x_wconf 90' lang='lat' dir='ltr'><strong>et</strong></span> <span class='ocrx_word' id='word_1_253' title='bbox 1210 1747 1401 1801; x_wconf 85' lang='lat' dir='ltr'><strong>fructu</strong></span> <span class='ocrx_word' id='word_1_254' title='bbox 1426 1747 1711 1803; x_wconf 89' lang='lat' dir='ltr'><strong>bonorum</strong></span> <span class='ocrx_word' id='word_1_255' title='bbox 1739 1746 1919 1801; x_wconf 87' lang='lat' dir='ltr'><strong>abun-</strong></span> <span class='ocrx_word' id='word_1_256' title='bbox 1947 1752 1994 1817; x_wconf 87' lang='grc' dir='ltr'><strong>Β</strong></span> <span class='ocrx_word' id='word_1_257' title='bbox 2028 1743 2396 1811; x_wconf 87' lang='lat' dir='ltr'><strong>mittar,cum</strong></span> <span class='ocrx_word' id='word_1_258' title='bbox 2416 1743 2657 1798; x_wconf 89' lang='lat' dir='ltr'><strong>omnino</strong></span> <span class='ocrx_word' id='word_1_259' title='bbox 2675 1744 2963 1815; x_wconf 87' lang='lat' dir='ltr'><strong>gaudeam</strong></span> <span class='ocrx_word' id='word_1_260' title='bbox 2984 1744 3138 1816; x_wconf 91' lang='lat' dir='ltr'><strong>quod</strong></span> <span class='ocrx_word' id='word_1_261' title='bbox 3157 1745 3315 1800; x_wconf 88' lang='lat' dir='ltr'><strong>omni</strong></span> <span class='ocrx_word' id='word_1_262' title='bbox 3340 1746 3511 1801; x_wconf 88' lang='lat' dir='ltr'><strong>modo</strong></span> <span class='ocrx_word' id='word_1_263' title='bbox 3531 1762 3677 1801; x_wconf 89' lang='lat' dir='ltr'><strong>nun-</strong></span> 
     </span>
    </p>
   </div>
   <div class='ocr_carea' id='block_1_35' title="bbox 271 1833 1920 1908">
    <p class='ocr_par' dir='ltr' id='par_1_35' title="bbox 271 1833 1920 1908">
     <span class='ocr_line' id='line_1_35' title="bbox 271 1833 1920 1908; baseline 0 -19"><span class='ocrx_word' id='word_1_264' title='bbox 271 1835 432 1890; x_wconf 90' lang='lat' dir='ltr'><strong>dare.</strong></span> <span class='ocrx_word' id='word_1_265' title='bbox 466 1834 536 1889; x_wconf 90' lang='lat' dir='ltr'><strong>Et</strong></span> <span class='ocrx_word' id='word_1_266' title='bbox 565 1834 636 1889; x_wconf 92' lang='lat' dir='ltr'><strong>ad</strong></span> <span class='ocrx_word' id='word_1_267' title='bbox 668 1833 810 1906; x_wconf 90' lang='lat' dir='ltr'><strong>quid</strong></span> <span class='ocrx_word' id='word_1_268' title='bbox 844 1834 952 1890; x_wconf 93' lang='lat' dir='ltr'><strong>hoc</strong></span> <span class='ocrx_word' id='word_1_269' title='bbox 972 1833 999 1889; x_wconf 68' lang='grc' dir='ltr'>Τ</span> <span class='ocrx_word' id='word_1_270' title='bbox 1028 1834 1304 1908; x_wconf 92' lang='lat' dir='ltr'><strong>Nunquid</strong></span> <span class='ocrx_word' id='word_1_271' title='bbox 1351 1840 1418 1890; x_wconf 90' lang='lat' dir='ltr'><strong>ut</strong></span> <span class='ocrx_word' id='word_1_272' title='bbox 1460 1835 1571 1891; x_wconf 90' lang='lat' dir='ltr'><strong>hoc</strong></span> <span class='ocrx_word' id='word_1_273' title='bbox 1600 1834 1920 1891; x_wconf 84' lang='lat' dir='ltr'><strong>laudetur?</strong></span> 
     </span>
    </p>
   </div>
   <div class='ocr_carea' id='block_1_36' title="bbox 271 1922 1923 1990">
    <p class='ocr_par' dir='ltr' id='par_1_36' title="bbox 271 1922 1923 1990">
     <span class='ocr_line' id='line_1_36' title="bbox 271 1922 1923 1990; baseline 0 -12"><span class='ocrx_word' id='word_1_274' title='bbox 271 1924 421 1978; x_wconf 88' lang='lat' dir='ltr'><strong>Non.</strong></span> <span class='ocrx_word' id='word_1_275' title='bbox 456 1923 567 1979; x_wconf 89' lang='lat' dir='ltr'><strong>Sed</strong></span> <span class='ocrx_word' id='word_1_276' title='bbox 598 1923 669 1979; x_wconf 90' lang='lat' dir='ltr'><strong>ad</strong></span> <span class='ocrx_word' id='word_1_277' title='bbox 702 1924 920 1979; x_wconf 83' lang='lat' dir='ltr'><strong>laudem</strong></span> <span class='ocrx_word' id='word_1_278' title='bbox 948 1925 1063 1990; x_wconf 91' lang='lat' dir='ltr'><strong>Dei,</strong></span> <span class='ocrx_word' id='word_1_279' title='bbox 1095 1926 1420 1980; x_wconf 89' lang='lat' dir='ltr'><strong>secundum</strong></span> <span class='ocrx_word' id='word_1_280' title='bbox 1451 1922 1595 1979; x_wconf 91' lang='lat' dir='ltr'><strong>illud</strong></span> <span class='ocrx_word' id='word_1_281' title='bbox 1630 1940 1644 1979; x_wconf 87' lang='lat'><strong>:</strong></span> <span class='ocrx_word' id='word_1_282' title='bbox 1696 1923 1923 1980; x_wconf 84' lang='lat' dir='ltr'><strong>videant</strong></span> 
     </span>
    </p>
   </div>
   <div class='ocr_carea' id='block_1_37' title="bbox 271 2012 1456 2085">
    <p class='ocr_par' dir='ltr' id='par_1_37' title="bbox 271 2012 1456 2085">
     <span class='ocr_line' id='line_1_37' title="bbox 271 2012 1456 2085; baseline -0.001 -18"><span class='ocrx_word' id='word_1_283' title='bbox 271 2028 443 2083; x_wconf 82' lang='lat' dir='ltr'><strong>opera</strong></span> <span class='ocrx_word' id='word_1_284' title='bbox 471 2019 654 2068; x_wconf 80' lang='lat' dir='ltr'><strong>vestra</strong></span> <span class='ocrx_word' id='word_1_285' title='bbox 683 2012 842 2081; x_wconf 84' lang='lat' dir='ltr'><strong>bona,</strong></span> <span class='ocrx_word' id='word_1_286' title='bbox 868 2018 978 2069; x_wconf 88' lang='lat' dir='ltr'><strong>etc.</strong></span> <span class='ocrx_word' id='word_1_287' title='bbox 1011 2013 1227 2081; x_wconf 77' lang='lat' dir='ltr'><strong>(Matth.</strong></span> <span class='ocrx_word' id='word_1_288' title='bbox 1259 2030 1313 2079; x_wconf 90' lang='lat' dir='ltr'><strong>v,</strong></span> <span class='ocrx_word' id='word_1_289' title='bbox 1347 2014 1456 2085; x_wconf 89' lang='lat'><strong>16).</strong></span> 
     </span>
    </p>
   </div>
   <div class='ocr_carea' id='block_1_38' title="bbox 345 2118 1919 2191">
    <p class='ocr_par' dir='ltr' id='par_1_38' title="bbox 345 2118 1919 2191">
     <span class='ocr_line' id='line_1_38' title="bbox 345 2118 1919 2191; baseline 0 -16"><span class='ocrx_word' id='word_1_290' title='bbox 345 2120 529 2191; x_wconf 87' lang='grc'>(1159)</span> <span class='ocrx_word' id='word_1_291' title='bbox 561 2118 887 2191; x_wconf 81' lang='lat' dir='ltr'><strong>Sequitur:</strong></span> <span class='ocrx_word' id='word_1_292' title='bbox 938 2118 1093 2174; x_wconf 88' lang='lat' dir='ltr'><strong>Scire</strong></span> <span class='ocrx_word' id='word_1_293' title='bbox 1138 2126 1323 2175; x_wconf 87' lang='lat' dir='ltr'><strong>autem</strong></span> <span class='ocrx_word' id='word_1_294' title='bbox 1368 2134 1459 2175; x_wconf 87' lang='lat' dir='ltr'><strong>vos</strong></span> <span class='ocrx_word' id='word_1_295' title='bbox 1506 2119 1651 2185; x_wconf 80' lang='lat' dir='ltr'><strong>volo,</strong></span> <span class='ocrx_word' id='word_1_296' title='bbox 1695 2121 1919 2191; x_wconf 78' lang='lat' dir='ltr'><strong>fratres,</strong></span> 
     </span>
    </p>
   </div>
   <div class='ocr_carea' id='block_1_39' title="bbox 273 2206 1922 2265">
    <p class='ocr_par' dir='ltr' id='par_1_39' title="bbox 273 2206 1922 2265">
     <span class='ocr_line' id='line_1_39' title="bbox 273 2206 1922 2265; baseline -0.001 0"><span class='ocrx_word' id='word_1_297' title='bbox 273 2213 387 2265; x_wconf 86' lang='lat' dir='ltr'><strong>etc.</strong></span> <span class='ocrx_word' id='word_1_298' title='bbox 422 2208 522 2263; x_wconf 86' lang='lat' dir='ltr'><strong>His</strong></span> <span class='ocrx_word' id='word_1_299' title='bbox 563 2207 754 2263; x_wconf 88' lang='lat' dir='ltr'><strong>verbis</strong></span> <span class='ocrx_word' id='word_1_300' title='bbox 802 2206 1137 2263; x_wconf 88' lang='lat' dir='ltr'><strong>consolatur</strong></span> <span class='ocrx_word' id='word_1_301' title='bbox 1182 2224 1282 2263; x_wconf 89' lang='lat' dir='ltr'><strong>eos</strong></span> <span class='ocrx_word' id='word_1_302' title='bbox 1330 2209 1399 2263; x_wconf 90' lang='lat' dir='ltr'><strong>de</strong></span> <span class='ocrx_word' id='word_1_303' title='bbox 1445 2208 1922 2263; x_wconf 89' lang='lat' dir='ltr'><strong>tribulationibus</strong></span> 
     </span>
    </p>
   </div>
   <div class='ocr_carea' id='block_1_40' title="bbox 276 2296 1922 2364">
    <p class='ocr_par' dir='ltr' id='par_1_40' title="bbox 276 2296 1922 2364">
     <span class='ocr_line' id='line_1_40' title="bbox 276 2296 1922 2364; baseline -0.001 -11"><span class='ocrx_word' id='word_1_304' title='bbox 276 2298 426 2361; x_wconf 86' lang='lat' dir='ltr'><strong>suis.</strong></span> <span class='ocrx_word' id='word_1_305' title='bbox 458 2298 524 2352; x_wconf 88' lang='lat' dir='ltr'><strong>Et</strong></span> <span class='ocrx_word' id='word_1_306' title='bbox 568 2302 657 2352; x_wconf 87' lang='lat' dir='ltr'><strong>est</strong></span> <span class='ocrx_word' id='word_1_307' title='bbox 702 2313 912 2351; x_wconf 87' lang='lat' dir='ltr'><strong>sensus</strong></span> <span class='ocrx_word' id='word_1_308' title='bbox 946 2313 958 2350; x_wconf 89' lang='lat'><strong>:</strong></span> <span class='ocrx_word' id='word_1_309' title='bbox 1010 2296 1134 2351; x_wconf 93' lang='lat' dir='ltr'><strong>Non</strong></span> <span class='ocrx_word' id='word_1_310' title='bbox 1179 2296 1371 2351; x_wconf 90' lang='lat' dir='ltr'><strong>solum</strong></span> <span class='ocrx_word' id='word_1_311' title='bbox 1404 2314 1517 2352; x_wconf 90' lang='lat' dir='ltr'><strong>non</strong></span> <span class='ocrx_word' id='word_1_312' title='bbox 1550 2298 1787 2364; x_wconf 90' lang='lat' dir='ltr'><strong>obsunt,</strong></span> <span class='ocrx_word' id='word_1_313' title='bbox 1820 2298 1922 2352; x_wconf 90' lang='lat' dir='ltr'><strong>sed</strong></span> 
     </span>
    </p>
   </div>
   <div class='ocr_carea' id='block_1_41' title="bbox 275 2378 1925 2459">
    <p class='ocr_par' dir='ltr' id='par_1_41' title="bbox 275 2378 1925 2459">
     <span class='ocr_line' id='line_1_41' title="bbox 275 2378 1925 2459; baseline -0.001 -17"><span class='ocrx_word' id='word_1_314' title='bbox 275 2378 453 2442; x_wconf 70' lang='lat' dir='ltr'><strong>etiam</strong></span> <span class='ocrx_word' id='word_1_315' title='bbox 482 2390 753 2459; x_wconf 89' lang='lat' dir='ltr'><strong>prosunt,</strong></span> <span class='ocrx_word' id='word_1_316' title='bbox 778 2385 920 2439; x_wconf 90' lang='lat' dir='ltr'><strong>dum</strong></span> <span class='ocrx_word' id='word_1_317' title='bbox 943 2401 1057 2440; x_wconf 92' lang='lat' dir='ltr'><strong>non</strong></span> <span class='ocrx_word' id='word_1_318' title='bbox 1089 2401 1193 2456; x_wconf 91' lang='lat' dir='ltr'><strong>pro</strong></span> <span class='ocrx_word' id='word_1_319' title='bbox 1216 2386 1481 2455; x_wconf 89' lang='lat' dir='ltr'><strong>crimine,</strong></span> <span class='ocrx_word' id='word_1_320' title='bbox 1505 2387 1603 2441; x_wconf 91' lang='lat' dir='ltr'><strong>sed</strong></span> <span class='ocrx_word' id='word_1_321' title='bbox 1638 2403 1740 2458; x_wconf 90' lang='lat' dir='ltr'><strong>pro</strong></span> <span class='ocrx_word' id='word_1_322' title='bbox 1762 2385 1925 2441; x_wconf 89' lang='lat' dir='ltr'><strong>Chri-</strong></span> 
     </span>
    </p>
   </div>
   <div class='ocr_carea' id='block_1_42' title="bbox 276 2475 609 2547">
    <p class='ocr_par' dir='ltr' id='par_1_42' title="bbox 276 2475 609 2547">
     <span class='ocr_line' id='line_1_42' title="bbox 276 2475 609 2547; baseline -0.009 -16"><span class='ocrx_word' id='word_1_323' title='bbox 276 2480 369 2531; x_wconf 85' lang='lat' dir='ltr'><strong>sto</strong></span> <span class='ocrx_word' id='word_1_324' title='bbox 402 2475 609 2547; x_wconf 91' lang='lat' dir='ltr'><strong>patior.</strong></span> 
     </span>
    </p>
   </div>
   <div class='ocr_carea' id='block_1_43' title="bbox 353 2581 1923 2654">
    <p class='ocr_par' dir='ltr' id='par_1_43' title="bbox 353 2581 1923 2654">
     <span class='ocr_line' id='line_1_43' title="bbox 353 2581 1923 2654; baseline -0.001 -16"><span class='ocrx_word' id='word_1_325' title='bbox 353 2581 630 2654; x_wconf 89' lang='lat' dir='ltr'><strong>Sequitur</strong></span> <span class='ocrx_word' id='word_1_326' title='bbox 663 2599 676 2637; x_wconf 94' lang='lat'><strong>:</strong></span> <span class='ocrx_word' id='word_1_327' title='bbox 707 2583 789 2637; x_wconf 79' lang='lat' dir='ltr'><strong>Ha</strong></span> <span class='ocrx_word' id='word_1_328' title='bbox 816 2586 877 2637; x_wconf 85' lang='lat' dir='ltr'><strong>ut</strong></span> <span class='ocrx_word' id='word_1_329' title='bbox 905 2582 1150 2647; x_wconf 85' lang='lat' dir='ltr'><strong>vincula,</strong></span> <span class='ocrx_word' id='word_1_330' title='bbox 1181 2586 1289 2638; x_wconf 89' lang='lat' dir='ltr'><strong>etc.</strong></span> <span class='ocrx_word' id='word_1_331' title='bbox 1324 2582 1536 2653; x_wconf 87' lang='lat' dir='ltr'><strong>Magna</strong></span> <span class='ocrx_word' id='word_1_332' title='bbox 1563 2581 1692 2637; x_wconf 85' lang='lat' dir='ltr'><strong>laus</strong></span> <span class='ocrx_word' id='word_1_333' title='bbox 1724 2581 1923 2637; x_wconf 88' lang='lat' dir='ltr'><strong>vincu-</strong></span> 
     </span>
    </p>
   </div>
   <div class='ocr_carea' id='block_1_44' title="bbox 277 2670 1925 2744">
    <p class='ocr_par' dir='ltr' id='par_1_44' title="bbox 277 2670 1925 2744">
     <span class='ocr_line' id='line_1_44' title="bbox 277 2670 1925 2744; baseline 0.001 -18"><span class='ocrx_word' id='word_1_334' title='bbox 277 2670 468 2728; x_wconf 68' lang='lat' dir='ltr'><strong>lathm</strong></span> <span class='ocrx_word' id='word_1_335' title='bbox 499 2688 628 2728; x_wconf 90' lang='lat' dir='ltr'><strong>esse</strong></span> <span class='ocrx_word' id='word_1_336' title='bbox 656 2688 760 2744; x_wconf 94' lang='lat' dir='ltr'><strong>pro</strong></span> <span class='ocrx_word' id='word_1_337' title='bbox 790 2672 1013 2728; x_wconf 89' lang='lat' dir='ltr'><strong>Christo</strong></span> <span class='ocrx_word' id='word_1_338' title='bbox 1044 2673 1105 2727; x_wconf 87' lang='lat' dir='ltr'><strong>in</strong></span> <span class='ocrx_word' id='word_1_339' title='bbox 1133 2674 1285 2727; x_wconf 89' lang='lat' dir='ltr'><strong>omni</strong></span> <span class='ocrx_word' id='word_1_340' title='bbox 1308 2673 1571 2743; x_wconf 71' lang='lat' dir='ltr'><strong>praetorio</strong></span> <span class='ocrx_word' id='word_1_341' title='bbox 1598 2676 1649 2728; x_wconf 84' lang='lat' dir='ltr'><strong>et</strong></span> <span class='ocrx_word' id='word_1_342' title='bbox 1678 2673 1739 2726; x_wconf 86' lang='lat' dir='ltr'><strong>in</strong></span> <span class='ocrx_word' id='word_1_343' title='bbox 1767 2675 1925 2727; x_wconf 66' lang='lat' dir='ltr'><strong>caete-</strong></span> 
     </span>
    </p>
   </div>
   <div class='ocr_carea' id='block_1_45' title="bbox 274 2760 1924 2834">
    <p class='ocr_par' dir='ltr' id='par_1_45' title="bbox 274 2760 1924 2834">
     <span class='ocr_line' id='line_1_45' title="bbox 274 2760 1924 2834; baseline -0.001 -16"><span class='ocrx_word' id='word_1_344' title='bbox 274 2764 361 2818; x_wconf 84' lang='lat' dir='ltr'><strong>ris</strong></span> <span class='ocrx_word' id='word_1_345' title='bbox 387 2762 656 2830; x_wconf 84' lang='lat' dir='ltr'><strong>omnibus,</strong></span> <span class='ocrx_word' id='word_1_346' title='bbox 687 2761 745 2816; x_wconf 91' lang='lat' dir='ltr'><strong>id</strong></span> <span class='ocrx_word' id='word_1_347' title='bbox 794 2766 902 2831; x_wconf 89' lang='lat' dir='ltr'><strong>est,</strong></span> <span class='ocrx_word' id='word_1_348' title='bbox 936 2765 1071 2817; x_wconf 91' lang='lat' dir='ltr'><strong>ante</strong></span> <span class='ocrx_word' id='word_1_349' title='bbox 1101 2776 1267 2834; x_wconf 89' lang='lat' dir='ltr'><strong>reges</strong></span> <span class='ocrx_word' id='word_1_350' title='bbox 1313 2766 1371 2816; x_wconf 90' lang='lat' dir='ltr'><strong>et</strong></span> <span class='ocrx_word' id='word_1_351' title='bbox 1414 2761 1471 2816; x_wconf 91' lang='lat' dir='ltr'><strong>in</strong></span> <span class='ocrx_word' id='word_1_352' title='bbox 1504 2761 1727 2817; x_wconf 89' lang='lat' dir='ltr'><strong>ceteris</strong></span> <span class='ocrx_word' id='word_1_353' title='bbox 1756 2760 1924 2827; x_wconf 90' lang='lat' dir='ltr'><strong>locis,</strong></span> 
     </span>
    </p>
   </div>
   <div class='ocr_carea' id='block_1_46' title="bbox 276 2850 1930 2922">
    <p class='ocr_par' dir='ltr' id='par_1_46' title="bbox 276 2850 1930 2922">
     <span class='ocr_line' id='line_1_46' title="bbox 276 2850 1930 2922; baseline -0.001 -16"><span class='ocrx_word' id='word_1_354' title='bbox 276 2852 379 2906; x_wconf 90' lang='lat' dir='ltr'><strong>ubi</strong></span> <span class='ocrx_word' id='word_1_355' title='bbox 401 2852 633 2922; x_wconf 85' lang='lat' dir='ltr'><strong>judices</strong></span> <span class='ocrx_word' id='word_1_356' title='bbox 663 2850 940 2907; x_wconf 91' lang='lat' dir='ltr'><strong>resident.</strong></span> <span class='ocrx_word' id='word_1_357' title='bbox 969 2850 1314 2907; x_wconf 88' lang='lat' dir='ltr'><strong>Pretorium</strong></span> <span class='ocrx_word' id='word_1_358' title='bbox 1344 2850 1558 2905; x_wconf 89' lang='lat' dir='ltr'><strong>dicitur</strong></span> <span class='ocrx_word' id='word_1_359' title='bbox 1588 2850 1757 2922; x_wconf 90' lang='lat' dir='ltr'><strong>quasi</strong></span> <span class='ocrx_word' id='word_1_360' title='bbox 1788 2867 1930 2922; x_wconf 89' lang='lat' dir='ltr'><strong>pre-</strong></span> 
     </span>
    </p>
   </div>
   <div class='ocr_carea' id='block_1_47' title="bbox 279 2938 1928 3013">
    <p class='ocr_par' dir='ltr' id='par_1_47' title="bbox 279 2938 1928 3013">
     <span class='ocr_line' id='line_1_47' title="bbox 279 2938 1928 3013; baseline -0.001 -18"><span class='ocrx_word' id='word_1_361' title='bbox 279 2940 624 3013; x_wconf 89' lang='lat' dir='ltr'><strong>ceptorium,</strong></span> <span class='ocrx_word' id='word_1_362' title='bbox 650 2956 715 2996; x_wconf 92' lang='lat' dir='ltr'><strong>eo</strong></span> <span class='ocrx_word' id='word_1_363' title='bbox 745 2944 899 3011; x_wconf 89' lang='lat' dir='ltr'><strong>quod</strong></span> <span class='ocrx_word' id='word_1_364' title='bbox 930 2938 1009 2994; x_wconf 88' lang='lat' dir='ltr'><strong>ibi</strong></span> <span class='ocrx_word' id='word_1_365' title='bbox 1043 2944 1253 3011; x_wconf 88' lang='lat' dir='ltr'><strong>pretor</strong></span> <span class='ocrx_word' id='word_1_366' title='bbox 1282 2939 1481 2995; x_wconf 91' lang='lat' dir='ltr'><strong>sedeat</strong></span> <span class='ocrx_word' id='word_1_367' title='bbox 1510 2940 1582 2994; x_wconf 91' lang='lat' dir='ltr'><strong>ad</strong></span> <span class='ocrx_word' id='word_1_368' title='bbox 1613 2938 1928 2994; x_wconf 89' lang='lat' dir='ltr'><strong>discutien-</strong></span> 
     </span>
    </p>
   </div>
   <div class='ocr_carea' id='block_1_48' title="bbox 278 3027 1924 3100">
    <p class='ocr_par' dir='ltr' id='par_1_48' title="bbox 278 3027 1924 3100">
     <span class='ocr_line' id='line_1_48' title="bbox 278 3027 1924 3100; baseline -0.002 -15"><span class='ocrx_word' id='word_1_369' title='bbox 278 3030 447 3085; x_wconf 89' lang='lat' dir='ltr'><strong>dum.</strong></span> <span class='ocrx_word' id='word_1_370' title='bbox 493 3030 774 3085; x_wconf 88' lang='lat' dir='ltr'><strong>Pretores</strong></span> <span class='ocrx_word' id='word_1_371' title='bbox 818 3028 977 3099; x_wconf 88' lang='lat' dir='ltr'><strong>dicti,</strong></span> <span class='ocrx_word' id='word_1_372' title='bbox 1011 3027 1179 3100; x_wconf 90' lang='lat' dir='ltr'><strong>quasi</strong></span> <span class='ocrx_word' id='word_1_373' title='bbox 1222 3032 1624 3100; x_wconf 88' lang='lat' dir='ltr'><strong>preceptores,</strong></span> <span class='ocrx_word' id='word_1_374' title='bbox 1657 3045 1722 3083; x_wconf 89' lang='lat' dir='ltr'><strong>eo</strong></span> <span class='ocrx_word' id='word_1_375' title='bbox 1766 3028 1924 3100; x_wconf 92' lang='lat' dir='ltr'><strong>quod</strong></span> 
     </span>
    </p>
   </div>
   <div class='ocr_carea' id='block_1_49' title="bbox 2030 1832 3674 1907">
    <p class='ocr_par' dir='ltr' id='par_1_49' title="bbox 2030 1832 3674 1907">
     <span class='ocr_line' id='line_1_49' title="bbox 2030 1832 3674 1907; baseline 0.001 -18"><span class='ocrx_word' id='word_1_376' title='bbox 2030 1834 2213 1889; x_wconf 90' lang='lat' dir='ltr'><strong>tiatur</strong></span> <span class='ocrx_word' id='word_1_377' title='bbox 2254 1832 2569 1890; x_wconf 87' lang='lat' dir='ltr'><strong>Christus?</strong></span> <span class='ocrx_word' id='word_1_378' title='bbox 2611 1833 2826 1888; x_wconf 85' lang='lat' dir='ltr'><strong>Occasio</strong></span> <span class='ocrx_word' id='word_1_379' title='bbox 2856 1834 3011 1888; x_wconf 89' lang='lat' dir='ltr'><strong>enim</strong></span> <span class='ocrx_word' id='word_1_380' title='bbox 3043 1838 3132 1889; x_wconf 88' lang='lat' dir='ltr'><strong>est</strong></span> <span class='ocrx_word' id='word_1_381' title='bbox 3160 1834 3393 1905; x_wconf 89' lang='lat' dir='ltr'><strong>quando</strong></span> <span class='ocrx_word' id='word_1_382' title='bbox 3426 1852 3540 1889; x_wconf 89' lang='lat' dir='ltr'><strong>non</strong></span> <span class='ocrx_word' id='word_1_383' title='bbox 3574 1852 3674 1907; x_wconf 93' lang='lat' dir='ltr'><strong>pro</strong></span> 
     </span>
    </p>
   </div>
   <div class='ocr_carea' id='block_1_50' title="bbox 2030 1920 3675 1993">
    <p class='ocr_par' dir='ltr' id='par_1_50' title="bbox 2030 1920 3675 1993">
     <span class='ocr_line' id='line_1_50' title="bbox 2030 1920 3675 1993; baseline 0 -14"><span class='ocrx_word' id='word_1_384' title='bbox 2030 1940 2112 1989; x_wconf 89' lang='lat' dir='ltr'><strong>se,</strong></span> <span class='ocrx_word' id='word_1_385' title='bbox 2146 1923 2246 1979; x_wconf 89' lang='lat' dir='ltr'><strong>sed</strong></span> <span class='ocrx_word' id='word_1_386' title='bbox 2281 1926 2517 1993; x_wconf 89' lang='lat' dir='ltr'><strong>propter</strong></span> <span class='ocrx_word' id='word_1_387' title='bbox 2545 1920 2703 1976; x_wconf 89' lang='lat' dir='ltr'><strong>aliud</strong></span> <span class='ocrx_word' id='word_1_388' title='bbox 2735 1921 3004 1978; x_wconf 82' lang='lat' dir='ltr'><strong>Christus</strong></span> <span class='ocrx_word' id='word_1_389' title='bbox 3034 1922 3385 1992; x_wconf 87' lang='lat' dir='ltr'><strong>predicatur</strong></span> <span class='ocrx_word' id='word_1_390' title='bbox 3418 1943 3430 1979; x_wconf 89' lang='lat'><strong>:</strong></span> <span class='ocrx_word' id='word_1_391' title='bbox 3476 1924 3675 1980; x_wconf 83' lang='lat' dir='ltr'><strong>veritas</strong></span> 
     </span>
    </p>
   </div>
   <div class='ocr_carea' id='block_1_51' title="bbox 2028 2009 3672 2083">
    <p class='ocr_par' dir='ltr' id='par_1_51' title="bbox 2028 2009 3672 2083">
     <span class='ocr_line' id='line_1_51' title="bbox 2028 2009 3672 2083; baseline 0.001 -16"><span class='ocrx_word' id='word_1_392' title='bbox 2028 2029 2163 2069; x_wconf 91' lang='lat' dir='ltr'><strong>vero</strong></span> <span class='ocrx_word' id='word_1_393' title='bbox 2184 2015 2273 2066; x_wconf 87' lang='lat' dir='ltr'><strong>est</strong></span> <span class='ocrx_word' id='word_1_394' title='bbox 2297 2011 2530 2083; x_wconf 89' lang='lat' dir='ltr'><strong>quando</strong></span> <span class='ocrx_word' id='word_1_395' title='bbox 2558 2026 2659 2081; x_wconf 88' lang='lat' dir='ltr'><strong>pro</strong></span> <span class='ocrx_word' id='word_1_396' title='bbox 2693 2027 2755 2065; x_wconf 92' lang='lat' dir='ltr'><strong>se</strong></span> <span class='ocrx_word' id='word_1_397' title='bbox 2785 2009 2911 2080; x_wconf 86' lang='lat' dir='ltr'><strong>ipso</strong></span> <span class='ocrx_word' id='word_1_398' title='bbox 2943 2010 3209 2083; x_wconf 83' lang='lat' dir='ltr'><strong>diligitur</strong></span> <span class='ocrx_word' id='word_1_399' title='bbox 3238 2010 3525 2068; x_wconf 90' lang='lat' dir='ltr'><strong>Christus.</strong></span> <span class='ocrx_word' id='word_1_400' title='bbox 3560 2013 3672 2068; x_wconf 90' lang='lat' dir='ltr'><strong>Sed</strong></span> 
     </span>
    </p>
   </div>
   <div class='ocr_carea' id='block_1_52' title="bbox 2030 2098 3674 2172">
    <p class='ocr_par' dir='ltr' id='par_1_52' title="bbox 2030 2098 3674 2172">
     <span class='ocr_line' id='line_1_52' title="bbox 2030 2098 3674 2172; baseline 0 -15"><span class='ocrx_word' id='word_1_401' title='bbox 2030 2100 2149 2158; x_wconf 90' lang='lat' dir='ltr'><strong>sive</strong></span> <span class='ocrx_word' id='word_1_402' title='bbox 2177 2099 2297 2170; x_wconf 92' lang='lat' dir='ltr'><strong>illo,</strong></span> <span class='ocrx_word' id='word_1_403' title='bbox 2332 2100 2453 2155; x_wconf 85' lang='lat' dir='ltr'><strong>sive</strong></span> <span class='ocrx_word' id='word_1_404' title='bbox 2482 2099 2592 2155; x_wconf 90' lang='lat' dir='ltr'><strong>isto</strong></span> <span class='ocrx_word' id='word_1_405' title='bbox 2624 2098 2925 2156; x_wconf 89' lang='lat' dir='ltr'><strong>nuntietur</strong></span> <span class='ocrx_word' id='word_1_406' title='bbox 2954 2101 3145 2168; x_wconf 88' lang='lat' dir='ltr'><strong>modo,</strong></span> <span class='ocrx_word' id='word_1_407' title='bbox 3170 2100 3298 2155; x_wconf 89' lang='lat' dir='ltr'><strong>ideo</strong></span> <span class='ocrx_word' id='word_1_408' title='bbox 3324 2101 3582 2172; x_wconf 84' lang='lat' dir='ltr'><strong>gaudere</strong></span> <span class='ocrx_word' id='word_1_409' title='bbox 3612 2118 3674 2157; x_wconf 89' lang='lat' dir='ltr'><strong>se</strong></span> 
     </span>
    </p>
   </div>
   <div class='ocr_carea' id='block_1_53' title="bbox 2030 2187 3671 2261">
    <p class='ocr_par' dir='ltr' id='par_1_53' title="bbox 2030 2187 3671 2261">
     <span class='ocr_line' id='line_1_53' title="bbox 2030 2187 3671 2261; baseline -0.001 -16"><span class='ocrx_word' id='word_1_410' title='bbox 2030 2189 2190 2258; x_wconf 88' lang='lat' dir='ltr'><strong>dicit,</strong></span> <span class='ocrx_word' id='word_1_411' title='bbox 2215 2189 2353 2261; x_wconf 87' lang='lat' dir='ltr'><strong>quia</strong></span> <span class='ocrx_word' id='word_1_412' title='bbox 2373 2187 2639 2243; x_wconf 89' lang='lat' dir='ltr'><strong>Christus</strong></span> <span class='ocrx_word' id='word_1_413' title='bbox 2671 2188 3028 2254; x_wconf 87' lang='lat' dir='ltr'><strong>nominatur,</strong></span> <span class='ocrx_word' id='word_1_414' title='bbox 3049 2187 3315 2244; x_wconf 90' lang='lat' dir='ltr'><strong>Christus</strong></span> <span class='ocrx_word' id='word_1_415' title='bbox 3347 2189 3671 2244; x_wconf 86' lang='lat' dir='ltr'><strong>nuntiatur.</strong></span> 
     </span>
    </p>
   </div>
   <div class='ocr_carea' id='block_1_54' title="bbox 2030 2275 3674 2350">
    <p class='ocr_par' dir='ltr' id='par_1_54' title="bbox 2030 2275 3674 2350">
     <span class='ocr_line' id='line_1_54' title="bbox 2030 2275 3674 2350; baseline 0 -17"><span class='ocrx_word' id='word_1_416' title='bbox 2030 2279 2163 2334; x_wconf 89' lang='lat' dir='ltr'><strong>Ideo</strong></span> <span class='ocrx_word' id='word_1_417' title='bbox 2187 2277 2401 2332; x_wconf 87' lang='lat' dir='ltr'><strong>Paulus</strong></span> <span class='ocrx_word' id='word_1_418' title='bbox 2423 2278 2733 2350; x_wconf 82' lang='lat' dir='ltr'><strong>gaudebat,</strong></span> <span class='ocrx_word' id='word_1_419' title='bbox 2759 2276 2899 2348; x_wconf 89' lang='lat' dir='ltr'><strong>quia</strong></span> <span class='ocrx_word' id='word_1_420' title='bbox 2924 2293 3027 2347; x_wconf 93' lang='lat' dir='ltr'><strong>per</strong></span> <span class='ocrx_word' id='word_1_421' title='bbox 3048 2275 3283 2331; x_wconf 80' lang='lat' dir='ltr'><strong>fallaces</strong></span> <span class='ocrx_word' id='word_1_422' title='bbox 3305 2294 3505 2333; x_wconf 90' lang='lat' dir='ltr'><strong>verum</strong></span> <span class='ocrx_word' id='word_1_423' title='bbox 3529 2295 3674 2350; x_wconf 78' lang='lat' dir='ltr'><strong>pre-</strong></span> 
     </span>
    </p>
   </div>
   <div class='ocr_carea' id='block_1_55' title="bbox 2033 2365 3672 2438">
    <p class='ocr_par' dir='ltr' id='par_1_55' title="bbox 2033 2365 3672 2438">
     <span class='ocr_line' id='line_1_55' title="bbox 2033 2365 3672 2438; baseline -0.002 -16"><span class='ocrx_word' id='word_1_424' title='bbox 2033 2368 2355 2435; x_wconf 88' lang='lat' dir='ltr'><strong>dicabatur,</strong></span> <span class='ocrx_word' id='word_1_425' title='bbox 2389 2373 2445 2420; x_wconf 91' lang='lat' dir='ltr'><strong>et</strong></span> <span class='ocrx_word' id='word_1_426' title='bbox 2475 2382 2574 2438; x_wconf 88' lang='lat' dir='ltr'><strong>per</strong></span> <span class='ocrx_word' id='word_1_427' title='bbox 2606 2365 2893 2421; x_wconf 88' lang='lat' dir='ltr'><strong>malorum</strong></span> <span class='ocrx_word' id='word_1_428' title='bbox 2927 2382 3029 2420; x_wconf 90' lang='lat' dir='ltr'><strong>ora</strong></span> <span class='ocrx_word' id='word_1_429' title='bbox 3060 2365 3330 2420; x_wconf 87' lang='lat' dir='ltr'><strong>Christus</strong></span> <span class='ocrx_word' id='word_1_430' title='bbox 3360 2368 3672 2421; x_wconf 84' lang='lat' dir='ltr'><strong>annuntia-</strong></span> 
     </span>
    </p>
   </div>
   <div class='ocr_carea' id='block_1_56' title="bbox 2033 2454 3674 2526">
    <p class='ocr_par' dir='ltr' id='par_1_56' title="bbox 2033 2454 3674 2526">
     <span class='ocr_line' id='line_1_56' title="bbox 2033 2454 3674 2526; baseline 0 -16"><span class='ocrx_word' id='word_1_431' title='bbox 2033 2456 2224 2510; x_wconf 89' lang='lat' dir='ltr'><strong>batur.</strong></span> <span class='ocrx_word' id='word_1_432' title='bbox 2260 2454 2458 2509; x_wconf 86' lang='lat' dir='ltr'><strong>Multis</strong></span> <span class='ocrx_word' id='word_1_433' title='bbox 2501 2454 2656 2508; x_wconf 88' lang='lat' dir='ltr'><strong>enim</strong></span> <span class='ocrx_word' id='word_1_434' title='bbox 2689 2460 2935 2526; x_wconf 90' lang='lat' dir='ltr'><strong>prosunt</strong></span> <span class='ocrx_word' id='word_1_435' title='bbox 2965 2454 3223 2509; x_wconf 85' lang='lat' dir='ltr'><strong>docendo</strong></span> <span class='ocrx_word' id='word_1_436' title='bbox 3255 2471 3383 2526; x_wconf 84' lang='lat' dir='ltr'><strong>que</strong></span> <span class='ocrx_word' id='word_1_437' title='bbox 3424 2473 3537 2510; x_wconf 86' lang='lat' dir='ltr'><strong>non</strong></span> <span class='ocrx_word' id='word_1_438' title='bbox 3594 2457 3674 2510; x_wconf 81' lang='lat' dir='ltr'><strong>ta-</strong></span> 
     </span>
    </p>
   </div>
   <div class='ocr_carea' id='block_1_57' title="bbox 2033 2542 3677 2615">
    <p class='ocr_par' dir='ltr' id='par_1_57' title="bbox 2033 2542 3677 2615">
     <span class='ocr_line' id='line_1_57' title="bbox 2033 2542 3677 2615; baseline 0 -16"><span class='ocrx_word' id='word_1_439' title='bbox 2033 2545 2195 2599; x_wconf 88' lang='lat' dir='ltr'><strong>ciunt</strong></span> <span class='ocrx_word' id='word_1_440' title='bbox 2226 2561 2239 2599; x_wconf 93' lang='lat'><strong>:</strong></span> <span class='ocrx_word' id='word_1_441' title='bbox 2276 2544 2373 2597; x_wconf 83' lang='lat' dir='ltr'><strong>sed</strong></span> <span class='ocrx_word' id='word_1_442' title='bbox 2407 2543 2577 2614; x_wconf 83' lang='lat' dir='ltr'><strong>longe</strong></span> <span class='ocrx_word' id='word_1_443' title='bbox 2607 2542 2876 2613; x_wconf 82' lang='lat' dir='ltr'><strong>pluribus</strong></span> <span class='ocrx_word' id='word_1_444' title='bbox 2905 2544 3266 2615; x_wconf 88' lang='lat' dir='ltr'><strong>prodessent,</strong></span> <span class='ocrx_word' id='word_1_445' title='bbox 3302 2544 3348 2597; x_wconf 89' lang='lat' dir='ltr'><strong>si</strong></span> <span class='ocrx_word' id='word_1_446' title='bbox 3380 2562 3449 2599; x_wconf 84' lang='lat' dir='ltr'><strong>ex</strong></span> <span class='ocrx_word' id='word_1_447' title='bbox 3480 2544 3677 2599; x_wconf 89' lang='lat' dir='ltr'><strong>animo</strong></span> 
     </span>
    </p>
   </div>
   <div class='ocr_carea' id='block_1_58' title="bbox 2032 2624 3677 2705">
    <p class='ocr_par' dir='ltr' id='par_1_58' title="bbox 2032 2624 3677 2705">
     <span class='ocr_line' id='line_1_58' title="bbox 2032 2624 3677 2705; baseline 0.001 -19"><span class='ocrx_word' id='word_1_448' title='bbox 2032 2632 2338 2705; x_wconf 88' lang='lat' dir='ltr'><strong>diligerent</strong></span> <span class='ocrx_word' id='word_1_449' title='bbox 2367 2648 2495 2703; x_wconf 85' lang='lat' dir='ltr'><strong>que</strong></span> <span class='ocrx_word' id='word_1_450' title='bbox 2524 2632 2829 2687; x_wconf 88' lang='lat' dir='ltr'><strong>docebant.</strong></span> <span class='ocrx_word' id='word_1_451' title='bbox 2864 2632 3123 2687; x_wconf 89' lang='lat' dir='ltr'><strong>Primum</strong></span> <span class='ocrx_word' id='word_1_452' title='bbox 3156 2624 3436 2704; x_wconf 73' lang='lat' dir='ltr'><strong>gaudium</strong></span> <span class='ocrx_word' id='word_1_453' title='bbox 3482 2637 3572 2687; x_wconf 92' lang='lat' dir='ltr'><strong>est</strong></span> <span class='ocrx_word' id='word_1_454' title='bbox 3618 2633 3677 2688; x_wconf 92' lang='lat' dir='ltr'><strong>in</strong></span> 
     </span>
    </p>
   </div>
   <div class='ocr_carea' id='block_1_59' title="bbox 2034 2719 3678 2793">
    <p class='ocr_par' dir='ltr' id='par_1_59' title="bbox 2034 2719 3678 2793">
     <span class='ocr_line' id='line_1_59' title="bbox 2034 2719 3678 2793; baseline 0 -17"><span class='ocrx_word' id='word_1_455' title='bbox 2034 2720 2335 2787; x_wconf 82' lang='lat' dir='ltr'><strong>fratribus,</strong></span> <span class='ocrx_word' id='word_1_456' title='bbox 2361 2720 2462 2792; x_wconf 88' lang='lat' dir='ltr'><strong>qui</strong></span> <span class='ocrx_word' id='word_1_457' title='bbox 2485 2720 2637 2774; x_wconf 85' lang='lat' dir='ltr'><strong>bona</strong></span> <span class='ocrx_word' id='word_1_458' title='bbox 2662 2719 2988 2789; x_wconf 89' lang='lat' dir='ltr'><strong>voluntate;</strong></span> <span class='ocrx_word' id='word_1_459' title='bbox 3013 2721 3339 2776; x_wconf 89' lang='lat' dir='ltr'><strong>secundum</strong></span> <span class='ocrx_word' id='word_1_460' title='bbox 3363 2722 3420 2776; x_wconf 92' lang='lat' dir='ltr'><strong>in</strong></span> <span class='ocrx_word' id='word_1_461' title='bbox 3442 2721 3557 2790; x_wconf 90' lang='lat' dir='ltr'><strong>his,</strong></span> <span class='ocrx_word' id='word_1_462' title='bbox 3578 2722 3678 2793; x_wconf 91' lang='lat' dir='ltr'><strong>qui</strong></span> 
     </span>
    </p>
   </div>
   <div class='ocr_carea' id='block_1_60' title="bbox 2034 2808 3215 2881">
    <p class='ocr_par' dir='ltr' id='par_1_60' title="bbox 2034 2808 3215 2881">
     <span class='ocr_line' id='line_1_60' title="bbox 2034 2808 3215 2881; baseline -0.001 -16"><span class='ocrx_word' id='word_1_463' title='bbox 2034 2809 2191 2866; x_wconf 89' lang='lat' dir='ltr'><strong>mala</strong></span> <span class='ocrx_word' id='word_1_464' title='bbox 2218 2809 2514 2865; x_wconf 88' lang='lat' dir='ltr'><strong>voluntate</strong></span> <span class='ocrx_word' id='word_1_465' title='bbox 2544 2808 2837 2864; x_wconf 91' lang='lat' dir='ltr'><strong>Christum</strong></span> <span class='ocrx_word' id='word_1_466' title='bbox 2878 2809 3215 2881; x_wconf 86' lang='lat' dir='ltr'><strong>predicant.</strong></span> 
     </span>
    </p>
   </div>
   <div class='ocr_carea' id='block_1_61' title="bbox 2104 2934 3678 3005">
    <p class='ocr_par' dir='ltr' id='par_1_61' title="bbox 2104 2934 3678 3005">
     <span class='ocr_line' id='line_1_61' title="bbox 2104 2934 3678 3005; baseline 0.001 -17"><span class='ocrx_word' id='word_1_467' title='bbox 2104 2937 2291 2999; x_wconf 89' lang='lat' dir='ltr'><strong>Quare</strong></span> <span class='ocrx_word' id='word_1_468' title='bbox 2321 2934 2590 3005; x_wconf 89' lang='lat' dir='ltr'><strong>gaudeat,</strong></span> <span class='ocrx_word' id='word_1_469' title='bbox 2622 2934 2879 3005; x_wconf 81' lang='lat' dir='ltr'><strong>exponit,</strong></span> <span class='ocrx_word' id='word_1_470' title='bbox 2909 2951 3042 2989; x_wconf 90' lang='lat' dir='ltr'><strong>cum</strong></span> <span class='ocrx_word' id='word_1_471' title='bbox 3074 2934 3275 2989; x_wconf 90' lang='lat' dir='ltr'><strong>subdit</strong></span> <span class='ocrx_word' id='word_1_472' title='bbox 3307 2952 3321 2990; x_wconf 86' lang='lat'><strong>:</strong></span> <span class='ocrx_word' id='word_1_473' title='bbox 3371 2934 3493 2989; x_wconf 88' lang='lat' dir='ltr'><strong>Scio</strong></span> <span class='ocrx_word' id='word_1_474' title='bbox 3529 2936 3678 2989; x_wconf 85' lang='lat' dir='ltr'><strong>enim</strong></span> 
     </span>
    </p>
   </div>
   <div class='ocr_carea' id='block_1_62' title="bbox 2033 3022 3675 3096">
    <p class='ocr_par' dir='ltr' id='par_1_62' title="bbox 2033 3022 3675 3096">
     <span class='ocr_line' id='line_1_62' title="bbox 2033 3022 3675 3096; baseline -0.001 -17"><span class='ocrx_word' id='word_1_475' title='bbox 2033 3026 2165 3096; x_wconf 86' lang='lat' dir='ltr'><strong>quia</strong></span> <span class='ocrx_word' id='word_1_476' title='bbox 2193 3022 2290 3078; x_wconf 86' lang='lat' dir='ltr'><strong>hoc</strong></span> <span class='ocrx_word' id='word_1_477' title='bbox 2319 3023 2462 3077; x_wconf 87' lang='lat' dir='ltr'><strong>mihi</strong></span> <span class='ocrx_word' id='word_1_478' title='bbox 2490 3024 2792 3092; x_wconf 82' lang='lat' dir='ltr'><strong>proveniet,</strong></span> <span class='ocrx_word' id='word_1_479' title='bbox 2824 3028 2933 3077; x_wconf 90' lang='lat' dir='ltr'><strong>etc.</strong></span> <span class='ocrx_word' id='word_1_480' title='bbox 2964 3023 3035 3076; x_wconf 85' lang='lat' dir='ltr'><strong>Et</strong></span> <span class='ocrx_word' id='word_1_481' title='bbox 3073 3028 3161 3077; x_wconf 93' lang='lat' dir='ltr'><strong>est</strong></span> <span class='ocrx_word' id='word_1_482' title='bbox 3203 3039 3413 3077; x_wconf 89' lang='lat' dir='ltr'><strong>sensus</strong></span> <span class='ocrx_word' id='word_1_483' title='bbox 3446 3038 3459 3075; x_wconf 89' lang='lat'><strong>:</strong></span> <span class='ocrx_word' id='word_1_484' title='bbox 3513 3023 3675 3086; x_wconf 88' lang='lat' dir='ltr'><strong>Quod</strong></span> 
     </span>
    </p>
   </div>
   <div class='ocr_carea' id='block_1_63' title="bbox 278 3109 3674 3192">
    <p class='ocr_par' dir='ltr' id='par_1_63' title="bbox 278 3109 3674 3192">
     <span class='ocr_line' id='line_1_63' title="bbox 278 3109 3674 3192; baseline -0.003 -17"><span class='ocrx_word' id='word_1_485' title='bbox 278 3123 569 3192; x_wconf 83' lang='lat' dir='ltr'><strong>precepts</strong></span> <span class='ocrx_word' id='word_1_486' title='bbox 589 3119 752 3188; x_wconf 90' lang='lat' dir='ltr'><strong>dant,</strong></span> <span class='ocrx_word' id='word_1_487' title='bbox 779 3116 835 3171; x_wconf 91' lang='lat' dir='ltr'><strong>id</strong></span> <span class='ocrx_word' id='word_1_488' title='bbox 866 3120 976 3184; x_wconf 88' lang='lat' dir='ltr'><strong>est,</strong></span> <span class='ocrx_word' id='word_1_489' title='bbox 1000 3115 1275 3189; x_wconf 88' lang='lat' dir='ltr'><strong>prefecti,</strong></span> <span class='ocrx_word' id='word_1_490' title='bbox 1303 3115 1471 3188; x_wconf 88' lang='lat' dir='ltr'><strong>quasi</strong></span> <span class='ocrx_word' id='word_1_491' title='bbox 1498 3116 1922 3189; x_wconf 87' lang='lat' dir='ltr'><strong>prepositores.</strong></span> <span class='ocrx_word' id='word_1_492' title='bbox 1956 3118 1997 3183; x_wconf 83' lang='lat' dir='ltr'><strong>C</strong></span> <span class='ocrx_word' id='word_1_493' title='bbox 2036 3112 2121 3167; x_wconf 90' lang='lat' dir='ltr'><strong>illi</strong></span> <span class='ocrx_word' id='word_1_494' title='bbox 2163 3128 2340 3167; x_wconf 89' lang='lat' dir='ltr'><strong>causa</strong></span> <span class='ocrx_word' id='word_1_495' title='bbox 2384 3110 2655 3165; x_wconf 89' lang='lat' dir='ltr'><strong>interitus</strong></span> <span class='ocrx_word' id='word_1_496' title='bbox 2688 3109 2800 3166; x_wconf 90' lang='lat' dir='ltr'><strong>mei</strong></span> <span class='ocrx_word' id='word_1_497' title='bbox 2832 3111 3231 3181; x_wconf 90' lang='lat' dir='ltr'><strong>pronuntiant,</strong></span> <span class='ocrx_word' id='word_1_498' title='bbox 3264 3110 3382 3166; x_wconf 89' lang='lat' dir='ltr'><strong>scio</strong></span> <span class='ocrx_word' id='word_1_499' title='bbox 3414 3112 3567 3181; x_wconf 90' lang='lat' dir='ltr'><strong>quod</strong></span> <span class='ocrx_word' id='word_1_500' title='bbox 3602 3111 3674 3166; x_wconf 92' lang='lat' dir='ltr'><strong>ad</strong></span> 
     </span>
    </p>
   </div>
   <div class='ocr_carea' id='block_1_64' title="bbox 354 3222 1922 3298">
    <p class='ocr_par' dir='ltr' id='par_1_64' title="bbox 354 3222 1922 3298">
     <span class='ocr_line' id='line_1_64' title="bbox 354 3222 1922 3298; baseline -0.001 -17"><span class='ocrx_word' id='word_1_501' title='bbox 354 3227 540 3298; x_wconf 81' lang='lat'><strong>(1160)</strong></span> <span class='ocrx_word' id='word_1_502' title='bbox 569 3224 888 3297; x_wconf 89' lang='lat' dir='ltr'><strong>Sequitur:</strong></span> <span class='ocrx_word' id='word_1_503' title='bbox 946 3224 1009 3281; x_wconf 83' lang='lat' dir='ltr'><strong>Ut</strong></span> <span class='ocrx_word' id='word_1_504' title='bbox 1055 3224 1261 3295; x_wconf 80' lang='lat' dir='ltr'><strong>plures,</strong></span> <span class='ocrx_word' id='word_1_505' title='bbox 1310 3227 1444 3290; x_wconf 90' lang='lat' dir='ltr'><strong>etc.,</strong></span> <span class='ocrx_word' id='word_1_506' title='bbox 1494 3222 1664 3294; x_wconf 90' lang='lat' dir='ltr'><strong>quasi</strong></span> <span class='ocrx_word' id='word_1_507' title='bbox 1713 3222 1869 3278; x_wconf 90' lang='lat' dir='ltr'><strong>dicat</strong></span> <span class='ocrx_word' id='word_1_508' title='bbox 1908 3240 1922 3280; x_wconf 88' lang='lat'><strong>:</strong></span> 
     </span>
    </p>
   </div>
   <div class='ocr_carea' id='block_1_65' title="bbox 277 3309 1926 3383">
    <p class='ocr_par' dir='ltr' id='par_1_65' title="bbox 277 3309 1926 3383">
     <span class='ocr_line' id='line_1_65' title="bbox 277 3309 1926 3383; baseline -0.001 -15"><span class='ocrx_word' id='word_1_509' title='bbox 277 3312 450 3369; x_wconf 71' lang='lat' dir='ltr'><strong>Multi</strong></span> <span class='ocrx_word' id='word_1_510' title='bbox 474 3314 682 3367; x_wconf 76' lang='lat' dir='ltr'><strong>fratres</strong></span> <span class='ocrx_word' id='word_1_511' title='bbox 702 3309 968 3383; x_wconf 85' lang='lat' dir='ltr'><strong>exemplo</strong></span> <span class='ocrx_word' id='word_1_512' title='bbox 993 3309 1359 3366; x_wconf 88' lang='lat' dir='ltr'><strong>vinculorum</strong></span> <span class='ocrx_word' id='word_1_513' title='bbox 1391 3326 1679 3375; x_wconf 84' lang='lat' dir='ltr'><strong>meorum,</strong></span> <span class='ocrx_word' id='word_1_514' title='bbox 1702 3312 1926 3382; x_wconf 86' lang='lat' dir='ltr'><strong>abjecto</strong></span> 
     </span>
    </p>
   </div>
   <div class='ocr_carea' id='block_1_66' title="bbox 278 3388 1926 3471">
    <p class='ocr_par' dir='ltr' id='par_1_66' title="bbox 278 3388 1926 3471">
     <span class='ocr_line' id='line_1_66' title="bbox 278 3388 1926 3471; baseline -0.002 -13"><span class='ocrx_word' id='word_1_515' title='bbox 278 3388 515 3466; x_wconf 82' lang='lat' dir='ltr'><strong>timore,</strong></span> <span class='ocrx_word' id='word_1_516' title='bbox 546 3399 728 3455; x_wconf 91' lang='lat' dir='ltr'><strong>libere</strong></span> <span class='ocrx_word' id='word_1_517' title='bbox 756 3400 1070 3471; x_wconf 87' lang='lat' dir='ltr'><strong>predicent</strong></span> <span class='ocrx_word' id='word_1_518' title='bbox 1097 3398 1417 3455; x_wconf 86' lang='lat' dir='ltr'><strong>Christum.</strong></span> <span class='ocrx_word' id='word_1_519' title='bbox 1452 3400 1517 3454; x_wconf 86' lang='lat' dir='ltr'><strong>Et</strong></span> <span class='ocrx_word' id='word_1_520' title='bbox 1562 3400 1702 3470; x_wconf 88' lang='lat' dir='ltr'><strong>quia</strong></span> <span class='ocrx_word' id='word_1_521' title='bbox 1747 3401 1926 3456; x_wconf 90' lang='lat' dir='ltr'><strong>variis</strong></span> 
     </span>
    </p>
   </div>
   <div class='ocr_carea' id='block_1_67' title="bbox 280 3488 1926 3561">
    <p class='ocr_par' dir='ltr' id='par_1_67' title="bbox 280 3488 1926 3561">
     <span class='ocr_line' id='line_1_67' title="bbox 280 3488 1926 3561; baseline 0 -16"><span class='ocrx_word' id='word_1_522' title='bbox 280 3488 709 3557; x_wconf 81' lang='lat' dir='ltr'><strong>intentionibus</strong></span> <span class='ocrx_word' id='word_1_523' title='bbox 762 3488 1030 3545; x_wconf 86' lang='lat' dir='ltr'><strong>homines</strong></span> <span class='ocrx_word' id='word_1_524' title='bbox 1082 3489 1403 3561; x_wconf 88' lang='lat' dir='ltr'><strong>predicant</strong></span> <span class='ocrx_word' id='word_1_525' title='bbox 1449 3489 1768 3555; x_wconf 89' lang='lat' dir='ltr'><strong>Christum,</strong></span> <span class='ocrx_word' id='word_1_526' title='bbox 1798 3489 1926 3545; x_wconf 92' lang='lat' dir='ltr'><strong>ideo</strong></span> 
     </span>
    </p>
   </div>
   <div class='ocr_carea' id='block_1_68' title="bbox 278 3576 1930 3649">
    <p class='ocr_par' dir='ltr' id='par_1_68' title="bbox 278 3576 1930 3649">
     <span class='ocr_line' id='line_1_68' title="bbox 278 3576 1930 3649; baseline -0.002 -15"><span class='ocrx_word' id='word_1_527' title='bbox 278 3577 485 3635; x_wconf 90' lang='lat' dir='ltr'><strong>subdit</strong></span> <span class='ocrx_word' id='word_1_528' title='bbox 518 3596 532 3633; x_wconf 89' lang='lat'><strong>:</strong></span> <span class='ocrx_word' id='word_1_529' title='bbox 582 3576 807 3649; x_wconf 82' lang='lat' dir='ltr'><strong>quidam</strong></span> <span class='ocrx_word' id='word_1_530' title='bbox 834 3576 1069 3649; x_wconf 85' lang='lat' dir='ltr'><strong>quidem,</strong></span> <span class='ocrx_word' id='word_1_531' title='bbox 1101 3581 1209 3631; x_wconf 90' lang='lat' dir='ltr'><strong>etc.</strong></span> <span class='ocrx_word' id='word_1_532' title='bbox 1242 3576 1322 3630; x_wconf 90' lang='lat' dir='ltr'><strong>De</strong></span> <span class='ocrx_word' id='word_1_533' title='bbox 1365 3591 1432 3631; x_wconf 89' lang='lat' dir='ltr'><strong>eo</strong></span> <span class='ocrx_word' id='word_1_534' title='bbox 1482 3576 1637 3647; x_wconf 91' lang='lat' dir='ltr'><strong>quod</strong></span> <span class='ocrx_word' id='word_1_535' title='bbox 1678 3581 1930 3649; x_wconf 92' lang='lat' dir='ltr'><strong>quatuor</strong></span> 
     </span>
    </p>
   </div>
   <div class='ocr_carea' id='block_1_69' title="bbox 279 3664 1927 3741">
    <p class='ocr_par' dir='ltr' id='par_1_69' title="bbox 279 3664 1927 3741">
     <span class='ocr_line' id='line_1_69' title="bbox 279 3664 1927 3741; baseline -0.001 -18"><span class='ocrx_word' id='word_1_536' title='bbox 279 3684 583 3741; x_wconf 90' lang='lat' dir='ltr'><strong>personas,</strong></span> <span class='ocrx_word' id='word_1_537' title='bbox 598 3683 725 3738; x_wconf 84' lang='lat' dir='ltr'><strong>que</strong></span> <span class='ocrx_word' id='word_1_538' title='bbox 743 3665 1038 3721; x_wconf 87' lang='lat' dir='ltr'><strong>Christum</strong></span> <span class='ocrx_word' id='word_1_539' title='bbox 1061 3664 1396 3736; x_wconf 85' lang='lat' dir='ltr'><strong>predicant,</strong></span> <span class='ocrx_word' id='word_1_540' title='bbox 1414 3664 1506 3720; x_wconf 92' lang='lat' dir='ltr'><strong>hic</strong></span> <span class='ocrx_word' id='word_1_541' title='bbox 1527 3665 1927 3721; x_wconf 89' lang='lat' dir='ltr'><strong>ostendit.Sed</strong></span> 
     </span>
    </p>
   </div>
   <div class='ocr_carea' id='block_1_70' title="bbox 278 3752 1931 3828">
    <p class='ocr_par' dir='ltr' id='par_1_70' title="bbox 278 3752 1931 3828">
     <span class='ocr_line' id='line_1_70' title="bbox 278 3752 1931 3828; baseline -0.001 -17"><span class='ocrx_word' id='word_1_542' title='bbox 278 3756 473 3828; x_wconf 90' lang='lat' dir='ltr'><strong>prima</strong></span> <span class='ocrx_word' id='word_1_543' title='bbox 492 3760 550 3810; x_wconf 93' lang='lat' dir='ltr'><strong>et</strong></span> <span class='ocrx_word' id='word_1_544' title='bbox 569 3754 782 3810; x_wconf 89' lang='lat' dir='ltr'><strong>ultima</strong></span> <span class='ocrx_word' id='word_1_545' title='bbox 801 3770 869 3810; x_wconf 86' lang='lat' dir='ltr'><strong>ex</strong></span> <span class='ocrx_word' id='word_1_546' title='bbox 893 3752 1259 3826; x_wconf 87' lang='lat' dir='ltr'><strong>malignitate</strong></span> <span class='ocrx_word' id='word_1_547' title='bbox 1281 3753 1629 3825; x_wconf 88' lang='lat' dir='ltr'><strong>predicant;</strong></span> <span class='ocrx_word' id='word_1_548' title='bbox 1662 3754 1789 3809; x_wconf 89' lang='lat' dir='ltr'><strong>due</strong></span> <span class='ocrx_word' id='word_1_549' title='bbox 1815 3771 1931 3809; x_wconf 87' lang='lat' dir='ltr'><strong>me-</strong></span> 
     </span>
    </p>
   </div>
   <div class='ocr_carea' id='block_1_71' title="bbox 277 3842 1931 3915">
    <p class='ocr_par' dir='ltr' id='par_1_71' title="bbox 277 3842 1931 3915">
     <span class='ocr_line' id='line_1_71' title="bbox 277 3842 1931 3915; baseline -0.001 -15"><span class='ocrx_word' id='word_1_550' title='bbox 277 3846 387 3900; x_wconf 83' lang='lat' dir='ltr'><strong>die</strong></span> <span class='ocrx_word' id='word_1_551' title='bbox 410 3861 478 3900; x_wconf 80' lang='lat' dir='ltr'><strong>ex</strong></span> <span class='ocrx_word' id='word_1_552' title='bbox 506 3845 660 3900; x_wconf 87' lang='lat' dir='ltr'><strong>bono</strong></span> <span class='ocrx_word' id='word_1_553' title='bbox 684 3845 904 3900; x_wconf 90' lang='lat' dir='ltr'><strong>animo.</strong></span> <span class='ocrx_word' id='word_1_554' title='bbox 927 3843 1035 3898; x_wconf 89' lang='lat' dir='ltr'><strong>Sed</strong></span> <span class='ocrx_word' id='word_1_555' title='bbox 1058 3842 1375 3898; x_wconf 90' lang='lat' dir='ltr'><strong>videndum</strong></span> <span class='ocrx_word' id='word_1_556' title='bbox 1399 3842 1542 3915; x_wconf 89' lang='lat' dir='ltr'><strong>quid</strong></span> <span class='ocrx_word' id='word_1_557' title='bbox 1566 3843 1718 3898; x_wconf 86' lang='lat' dir='ltr'><strong>inter</strong></span> <span class='ocrx_word' id='word_1_558' title='bbox 1746 3860 1807 3898; x_wconf 91' lang='lat' dir='ltr'><strong>se</strong></span> <span class='ocrx_word' id='word_1_559' title='bbox 1838 3844 1931 3899; x_wconf 88' lang='lat' dir='ltr'><strong>di-</strong></span> 
     </span>
    </p>
   </div>
   <div class='ocr_carea' id='block_1_72' title="bbox 279 3922 1931 4003">
    <p class='ocr_par' dir='ltr' id='par_1_72' title="bbox 279 3922 1931 4003">
     <span class='ocr_line' id='line_1_72' title="bbox 279 3922 1931 4003; baseline -0.002 -13"><span class='ocrx_word' id='word_1_560' title='bbox 279 3922 687 3991; x_wconf 59' lang='lat' dir='ltr'><strong>stent.‘Prima</strong></span> <span class='ocrx_word' id='word_1_561' title='bbox 727 3937 819 3988; x_wconf 87' lang='lat' dir='ltr'><strong>est</strong></span> <span class='ocrx_word' id='word_1_562' title='bbox 858 3932 930 3987; x_wconf 89' lang='lat' dir='ltr'><strong>de</strong></span> <span class='ocrx_word' id='word_1_563' title='bbox 961 3929 1328 4003; x_wconf 89' lang='lat' dir='ltr'><strong>malignitate</strong></span> <span class='ocrx_word' id='word_1_564' title='bbox 1359 3937 1596 4003; x_wconf 91' lang='lat' dir='ltr'><strong>pr0pter</strong></span> <span class='ocrx_word' id='word_1_565' title='bbox 1625 3930 1931 4002; x_wconf 88' lang='lat' dir='ltr'><strong>invidiam,</strong></span> 
     </span>
    </p>
   </div>
   <div class='ocr_carea' id='block_1_73' title="bbox 279 4019 1933 4097">
    <p class='ocr_par' dir='ltr' id='par_1_73' title="bbox 279 4019 1933 4097">
     <span class='ocr_line' id='line_1_73' title="bbox 279 4019 1933 4097; baseline -0.001 -20"><span class='ocrx_word' id='word_1_566' title='bbox 279 4023 422 4095; x_wconf 91' lang='lat' dir='ltr'><strong>quia</strong></span> <span class='ocrx_word' id='word_1_567' title='bbox 450 4021 668 4092; x_wconf 90' lang='lat' dir='ltr'><strong>dolent,</strong></span> <span class='ocrx_word' id='word_1_568' title='bbox 692 4026 759 4076; x_wconf 91' lang='lat' dir='ltr'><strong>ut</strong></span> <span class='ocrx_word' id='word_1_569' title='bbox 786 4020 947 4077; x_wconf 91' lang='lat' dir='ltr'><strong>solus</strong></span> <span class='ocrx_word' id='word_1_570' title='bbox 978 4019 1089 4097; x_wconf 76' lang='lat' dir='ltr'><strong>sibi</strong></span> <span class='ocrx_word' id='word_1_571' title='bbox 1112 4019 1369 4075; x_wconf 90' lang='lat' dir='ltr'><strong>vindicet</strong></span> <span class='ocrx_word' id='word_1_572' title='bbox 1389 4019 1695 4075; x_wconf 85' lang='lat' dir='ltr'><strong>scientiam</strong></span> <span class='ocrx_word' id='word_1_573' title='bbox 1725 4021 1933 4091; x_wconf 53' lang='lat' dir='ltr'><strong>predi-</strong></span> 
     </span>
    </p>
   </div>
   <div class='ocr_carea' id='block_1_74' title="bbox 278 4107 1936 4183">
    <p class='ocr_par' dir='ltr' id='par_1_74' title="bbox 278 4107 1936 4183">
     <span class='ocr_line' id='line_1_74' title="bbox 278 4107 1936 4183; baseline -0.003 -15"><span class='ocrx_word' id='word_1_574' title='bbox 278 4112 490 4180; x_wconf 86' lang='lat' dir='ltr'><strong>candi;</strong></span> <span class='ocrx_word' id='word_1_575' title='bbox 522 4110 842 4183; x_wconf 85' lang='lat' dir='ltr'><strong>predicant</strong></span> <span class='ocrx_word' id='word_1_576' title='bbox 871 4113 936 4165; x_wconf 90' lang='lat' dir='ltr'><strong>ut</strong></span> <span class='ocrx_word' id='word_1_577' title='bbox 966 4110 1234 4165; x_wconf 85' lang='lat' dir='ltr'><strong>auferant</strong></span> <span class='ocrx_word' id='word_1_578' title='bbox 1251 4107 1522 4180; x_wconf 90' lang='lat' dir='ltr'><strong>gloriam,</strong></span> <span class='ocrx_word' id='word_1_579' title='bbox 1548 4124 1727 4180; x_wconf 88' lang='lat' dir='ltr'><strong>quam</strong></span> <span class='ocrx_word' id='word_1_580' title='bbox 1758 4108 1936 4164; x_wconf 90' lang='lat' dir='ltr'><strong>habet</strong></span> 
     </span>
    </p>
   </div>
   <div class='ocr_carea' id='block_1_75' title="bbox 277 4190 1936 4273">
    <p class='ocr_par' dir='ltr' id='par_1_75' title="bbox 277 4190 1936 4273">
     <span class='ocr_line' id='line_1_75' title="bbox 277 4190 1936 4273; baseline -0.002 -18"><span class='ocrx_word' id='word_1_581' title='bbox 277 4200 437 4273; x_wconf 88' lang='lat' dir='ltr'><strong>apud</strong></span> <span class='ocrx_word' id='word_1_582' title='bbox 457 4202 758 4256; x_wconf 69' lang='lat' dir='ltr'><strong>credentes</strong></span> <span class='ocrx_word' id='word_1_583' title='bbox 778 4217 793 4267; x_wconf 87' lang='lat'><strong>;</strong></span> <span class='ocrx_word' id='word_1_584' title='bbox 816 4198 1083 4254; x_wconf 89' lang='lat' dir='ltr'><strong>invident</strong></span> <span class='ocrx_word' id='word_1_585' title='bbox 1104 4190 1282 4264; x_wconf 89' lang='lat' dir='ltr'><strong>enim,</strong></span> <span class='ocrx_word' id='word_1_586' title='bbox 1302 4197 1442 4268; x_wconf 88' lang='lat' dir='ltr'><strong>quia</strong></span> <span class='ocrx_word' id='word_1_587' title='bbox 1457 4197 1721 4252; x_wconf 87' lang='lat' dir='ltr'><strong>sentiunt</strong></span> <span class='ocrx_word' id='word_1_588' title='bbox 1741 4213 1874 4252; x_wconf 89' lang='lat' dir='ltr'><strong>eum</strong></span> <span class='ocrx_word' id='word_1_589' title='bbox 1901 4213 1936 4252; x_wconf 90' lang='lat' dir='ltr'><strong>a</strong></span> 
     </span>
    </p>
   </div>
   <div class='ocr_carea' id='block_1_76' title="bbox 278 4285 1934 4360">
    <p class='ocr_par' dir='ltr' id='par_1_76' title="bbox 278 4285 1934 4360">
     <span class='ocr_line' id='line_1_76' title="bbox 278 4285 1934 4360; baseline -0.003 -15"><span class='ocrx_word' id='word_1_590' title='bbox 278 4289 399 4345; x_wconf 90' lang='lat' dir='ltr'><strong>Deo</strong></span> <span class='ocrx_word' id='word_1_591' title='bbox 429 4289 680 4345; x_wconf 89' lang='lat' dir='ltr'><strong>electum</strong></span> <span class='ocrx_word' id='word_1_592' title='bbox 715 4305 728 4344; x_wconf 93' lang='lat'><strong>:</strong></span> <span class='ocrx_word' id='word_1_593' title='bbox 763 4292 1062 4360; x_wconf 89' lang='lat' dir='ltr'><strong>postrema</strong></span> <span class='ocrx_word' id='word_1_594' title='bbox 1090 4288 1162 4342; x_wconf 93' lang='lat' dir='ltr'><strong>de</strong></span> <span class='ocrx_word' id='word_1_595' title='bbox 1192 4285 1347 4342; x_wconf 87' lang='lat' dir='ltr'><strong>malo</strong></span> <span class='ocrx_word' id='word_1_596' title='bbox 1376 4291 1489 4356; x_wconf 92' lang='lat' dir='ltr'><strong>est,</strong></span> <span class='ocrx_word' id='word_1_597' title='bbox 1524 4285 1663 4359; x_wconf 89' lang='lat' dir='ltr'><strong>quia</strong></span> <span class='ocrx_word' id='word_1_598' title='bbox 1693 4302 1809 4341; x_wconf 90' lang='lat' dir='ltr'><strong>non</strong></span> <span class='ocrx_word' id='word_1_599' title='bbox 1840 4301 1934 4341; x_wconf 87' lang='lat' dir='ltr'><strong>ca-</strong></span> 
     </span>
    </p>
   </div>
   <div class='ocr_carea' id='block_1_77' title="bbox 277 4375 1934 4448">
    <p class='ocr_par' dir='ltr' id='par_1_77' title="bbox 277 4375 1934 4448">
     <span class='ocr_line' id='line_1_77' title="bbox 277 4375 1934 4448; baseline -0.003 -13"><span class='ocrx_word' id='word_1_600' title='bbox 277 4386 391 4448; x_wconf 89' lang='lat' dir='ltr'><strong>ste,</strong></span> <span class='ocrx_word' id='word_1_601' title='bbox 414 4395 529 4435; x_wconf 89' lang='lat' dir='ltr'><strong>non</strong></span> <span class='ocrx_word' id='word_1_602' title='bbox 562 4385 763 4434; x_wconf 89' lang='lat' dir='ltr'><strong>sancte</strong></span> <span class='ocrx_word' id='word_1_603' title='bbox 793 4376 1090 4434; x_wconf 89' lang='lat' dir='ltr'><strong>Christum</strong></span> <span class='ocrx_word' id='word_1_604' title='bbox 1126 4375 1531 4448; x_wconf 89' lang='lat' dir='ltr'><strong>pronuntiant,</strong></span> <span class='ocrx_word' id='word_1_605' title='bbox 1555 4376 1657 4431; x_wconf 90' lang='lat' dir='ltr'><strong>sed</strong></span> <span class='ocrx_word' id='word_1_606' title='bbox 1689 4381 1754 4430; x_wconf 90' lang='lat' dir='ltr'><strong>ut</strong></span> <span class='ocrx_word' id='word_1_607' title='bbox 1782 4377 1934 4445; x_wconf 88' lang='lat' dir='ltr'><strong>Apo-</strong></span> 
     </span>
    </p>
   </div>
   <div class='ocr_carea' id='block_1_78' title="bbox 2034 3199 3676 3270">
    <p class='ocr_par' dir='ltr' id='par_1_78' title="bbox 2034 3199 3676 3270">
     <span class='ocr_line' id='line_1_78' title="bbox 2034 3199 3676 3270; baseline -0.001 -14"><span class='ocrx_word' id='word_1_608' title='bbox 2034 3199 2283 3256; x_wconf 82' lang='lat' dir='ltr'><strong>salutem</strong></span> <span class='ocrx_word' id='word_1_609' title='bbox 2314 3199 2458 3254; x_wconf 89' lang='lat' dir='ltr'><strong>mihi</strong></span> <span class='ocrx_word' id='word_1_610' title='bbox 2490 3199 2821 3270; x_wconf 90' lang='lat' dir='ltr'><strong>proveniet;</strong></span> <span class='ocrx_word' id='word_1_611' title='bbox 2854 3199 2955 3253; x_wconf 90' lang='lat' dir='ltr'><strong>sed</strong></span> <span class='ocrx_word' id='word_1_612' title='bbox 2988 3203 3261 3270; x_wconf 89' lang='lat' dir='ltr'><strong>operante</strong></span> <span class='ocrx_word' id='word_1_613' title='bbox 3291 3199 3539 3265; x_wconf 88' lang='lat' dir='ltr'><strong>Christo,</strong></span> <span class='ocrx_word' id='word_1_614' title='bbox 3574 3199 3676 3270; x_wconf 91' lang='lat' dir='ltr'><strong>qui</strong></span> 
     </span>
    </p>
   </div>
   <div class='ocr_carea' id='block_1_79' title="bbox 2036 3287 3683 3359">
    <p class='ocr_par' dir='ltr' id='par_1_79' title="bbox 2036 3287 3683 3359">
     <span class='ocr_line' id='line_1_79' title="bbox 2036 3287 3683 3359; baseline -0.002 -15"><span class='ocrx_word' id='word_1_615' title='bbox 2036 3290 2106 3344; x_wconf 88' lang='lat' dir='ltr'><strong>ad</strong></span> <span class='ocrx_word' id='word_1_616' title='bbox 2131 3304 2321 3344; x_wconf 91' lang='lat' dir='ltr'><strong>meam</strong></span> <span class='ocrx_word' id='word_1_617' title='bbox 2348 3287 2599 3343; x_wconf 89' lang='lat' dir='ltr'><strong>salutem</strong></span> <span class='ocrx_word' id='word_1_618' title='bbox 2623 3288 2819 3343; x_wconf 91' lang='lat' dir='ltr'><strong>omnia</strong></span> <span class='ocrx_word' id='word_1_619' title='bbox 2838 3288 3145 3359; x_wconf 85' lang='lat' dir='ltr'><strong>gubernat.</strong></span> <span class='ocrx_word' id='word_1_620' title='bbox 3169 3293 3227 3342; x_wconf 92' lang='lat' dir='ltr'><strong>et</strong></span> <span class='ocrx_word' id='word_1_621' title='bbox 3246 3288 3490 3343; x_wconf 89' lang='lat' dir='ltr'><strong>adversa</strong></span> <span class='ocrx_word' id='word_1_622' title='bbox 3509 3287 3683 3341; x_wconf 89' lang='lat' dir='ltr'><strong>vertit</strong></span> 
     </span>
    </p>
   </div>
   <div class='ocr_carea' id='block_1_80' title="bbox 2036 3375 3676 3449">
    <p class='ocr_par' dir='ltr' id='par_1_80' title="bbox 2036 3375 3676 3449">
     <span class='ocr_line' id='line_1_80' title="bbox 2036 3375 3676 3449; baseline -0.001 -17"><span class='ocrx_word' id='word_1_623' title='bbox 2036 3379 2093 3431; x_wconf 92' lang='lat' dir='ltr'><strong>in</strong></span> <span class='ocrx_word' id='word_1_624' title='bbox 2119 3393 2485 3449; x_wconf 89' lang='lat' dir='ltr'><strong>prosperum.</strong></span> <span class='ocrx_word' id='word_1_625' title='bbox 2503 3375 2738 3431; x_wconf 87' lang='lat' dir='ltr'><strong>Etiamsi</strong></span> <span class='ocrx_word' id='word_1_626' title='bbox 2765 3376 2864 3431; x_wconf 88' lang='lat' dir='ltr'><strong>tali</strong></span> <span class='ocrx_word' id='word_1_627' title='bbox 2886 3392 3063 3430; x_wconf 89' lang='lat' dir='ltr'><strong>causa</strong></span> <span class='ocrx_word' id='word_1_628' title='bbox 3083 3375 3359 3431; x_wconf 91' lang='lat' dir='ltr'><strong>nuntiant</strong></span> <span class='ocrx_word' id='word_1_629' title='bbox 3376 3376 3676 3431; x_wconf 89' lang='lat' dir='ltr'><strong>Christum</strong></span> 
     </span>
    </p>
   </div>
   <div class='ocr_carea' id='block_1_81' title="bbox 2036 3464 3683 3537">
    <p class='ocr_par' dir='ltr' id='par_1_81' title="bbox 2036 3464 3683 3537">
     <span class='ocr_line' id='line_1_81' title="bbox 2036 3464 3683 3537; baseline -0.001 -16"><span class='ocrx_word' id='word_1_630' title='bbox 2036 3470 2103 3521; x_wconf 89' lang='lat' dir='ltr'><strong>ut</strong></span> <span class='ocrx_word' id='word_1_631' title='bbox 2129 3482 2235 3537; x_wconf 90' lang='lat' dir='ltr'><strong>ego</strong></span> <span class='ocrx_word' id='word_1_632' title='bbox 2265 3465 2454 3537; x_wconf 89' lang='lat' dir='ltr'><strong>patiar</strong></span> <span class='ocrx_word' id='word_1_633' title='bbox 2496 3468 2553 3520; x_wconf 86' lang='lat' dir='ltr'><strong>et</strong></span> <span class='ocrx_word' id='word_1_634' title='bbox 2596 3464 2841 3528; x_wconf 89' lang='lat' dir='ltr'><strong>crucier,</strong></span> <span class='ocrx_word' id='word_1_635' title='bbox 2872 3469 3069 3519; x_wconf 87' lang='lat' dir='ltr'><strong>tamen</strong></span> <span class='ocrx_word' id='word_1_636' title='bbox 3101 3479 3236 3536; x_wconf 90' lang='lat' dir='ltr'><strong>spes</strong></span> <span class='ocrx_word' id='word_1_637' title='bbox 3267 3481 3398 3521; x_wconf 88' lang='lat' dir='ltr'><strong>mea</strong></span> <span class='ocrx_word' id='word_1_638' title='bbox 3427 3464 3485 3519; x_wconf 90' lang='lat' dir='ltr'><strong>in</strong></span> <span class='ocrx_word' id='word_1_639' title='bbox 3513 3464 3683 3520; x_wconf 89' lang='lat' dir='ltr'><strong>Chri-</strong></span> 
     </span>
    </p>
   </div>
   <div class='ocr_carea' id='block_1_82' title="bbox 2036 3553 3689 3626">
    <p class='ocr_par' dir='ltr' id='par_1_82' title="bbox 2036 3553 3689 3626">
     <span class='ocr_line' id='line_1_82' title="bbox 2036 3553 3689 3626; baseline -0.001 -16"><span class='ocrx_word' id='word_1_640' title='bbox 2036 3559 2147 3621; x_wconf 91' lang='lat' dir='ltr'><strong>sto,</strong></span> <span class='ocrx_word' id='word_1_641' title='bbox 2168 3554 2307 3626; x_wconf 88' lang='lat' dir='ltr'><strong>quia</strong></span> <span class='ocrx_word' id='word_1_642' title='bbox 2339 3556 2410 3609; x_wconf 91' lang='lat' dir='ltr'><strong>de</strong></span> <span class='ocrx_word' id='word_1_643' title='bbox 2440 3553 2534 3609; x_wconf 89' lang='lat' dir='ltr'><strong>his</strong></span> <span class='ocrx_word' id='word_1_644' title='bbox 2561 3553 2839 3609; x_wconf 89' lang='lat' dir='ltr'><strong>omnibus</strong></span> <span class='ocrx_word' id='word_1_645' title='bbox 2860 3557 3131 3624; x_wconf 83' lang='lat' dir='ltr'><strong>exspecto</strong></span> <span class='ocrx_word' id='word_1_646' title='bbox 3164 3554 3513 3618; x_wconf 88' lang='lat' dir='ltr'><strong>mercedem,</strong></span> <span class='ocrx_word' id='word_1_647' title='bbox 3537 3558 3593 3609; x_wconf 92' lang='lat' dir='ltr'><strong>et</strong></span> <span class='ocrx_word' id='word_1_648' title='bbox 3623 3557 3689 3608; x_wconf 92' lang='lat' dir='ltr'><strong>ut</strong></span> 
     </span>
    </p>
   </div>
   <div class='ocr_carea' id='block_1_83' title="bbox 2037 3641 3687 3714">
    <p class='ocr_par' dir='ltr' id='par_1_83' title="bbox 2037 3641 3687 3714">
     <span class='ocr_line' id='line_1_83' title="bbox 2037 3641 3687 3714; baseline -0.001 -15"><span class='ocrx_word' id='word_1_649' title='bbox 2037 3647 2450 3700; x_wconf 90' lang='lat' dir='ltr'><strong>convertantur</strong></span> <span class='ocrx_word' id='word_1_650' title='bbox 2481 3642 2763 3698; x_wconf 89' lang='lat' dir='ltr'><strong>sustineo.</strong></span> <span class='ocrx_word' id='word_1_651' title='bbox 2796 3642 2914 3698; x_wconf 85' lang='lat' dir='ltr'><strong>Hoc</strong></span> <span class='ocrx_word' id='word_1_652' title='bbox 2944 3641 3069 3697; x_wconf 92' lang='lat' dir='ltr'><strong>loco</strong></span> <span class='ocrx_word' id='word_1_653' title='bbox 3100 3659 3213 3697; x_wconf 90' lang='lat' dir='ltr'><strong>non</strong></span> <span class='ocrx_word' id='word_1_654' title='bbox 3261 3650 3349 3697; x_wconf 88' lang='lat' dir='ltr'><strong>est</strong></span> <span class='ocrx_word' id='word_1_655' title='bbox 3399 3642 3687 3714; x_wconf 89' lang='lat' dir='ltr'><strong>accipien-</strong></span> 
     </span>
    </p>
   </div>
   <div class='ocr_carea' id='block_1_84' title="bbox 2038 3730 3691 3803">
    <p class='ocr_par' dir='ltr' id='par_1_84' title="bbox 2038 3730 3691 3803">
     <span class='ocr_line' id='line_1_84' title="bbox 2038 3730 3691 3803; baseline -0.002 -15"><span class='ocrx_word' id='word_1_656' title='bbox 2038 3733 2202 3799; x_wconf 90' lang='lat' dir='ltr'><strong>dum,</strong></span> <span class='ocrx_word' id='word_1_657' title='bbox 2228 3736 2294 3787; x_wconf 90' lang='lat' dir='ltr'><strong>ut</strong></span> <span class='ocrx_word' id='word_1_658' title='bbox 2314 3732 2555 3803; x_wconf 90' lang='lat' dir='ltr'><strong>quidam</strong></span> <span class='ocrx_word' id='word_1_659' title='bbox 2580 3736 2808 3803; x_wconf 89' lang='lat' dir='ltr'><strong>putant,</strong></span> <span class='ocrx_word' id='word_1_660' title='bbox 2834 3730 3302 3802; x_wconf 86' lang='lat' dir='ltr'><strong>predicationem</strong></span> <span class='ocrx_word' id='word_1_661' title='bbox 3328 3731 3542 3787; x_wconf 89' lang='lat' dir='ltr'><strong>Christi</strong></span> <span class='ocrx_word' id='word_1_662' title='bbox 3574 3730 3691 3785; x_wconf 91' lang='lat' dir='ltr'><strong>he-</strong></span> 
     </span>
    </p>
   </div>
   <div class='ocr_carea' id='block_1_85' title="bbox 2040 3819 3692 3891">
    <p class='ocr_par' dir='ltr' id='par_1_85' title="bbox 2040 3819 3692 3891">
     <span class='ocr_line' id='line_1_85' title="bbox 2040 3819 3692 3891; baseline -0.002 -14"><span class='ocrx_word' id='word_1_663' title='bbox 2040 3820 2237 3877; x_wconf 90' lang='lat' dir='ltr'><strong>reticis</strong></span> <span class='ocrx_word' id='word_1_664' title='bbox 2291 3821 2363 3875; x_wconf 89' lang='lat' dir='ltr'><strong>ab</strong></span> <span class='ocrx_word' id='word_1_665' title='bbox 2409 3822 2685 3890; x_wconf 88' lang='lat' dir='ltr'><strong>Apostolo</strong></span> <span class='ocrx_word' id='word_1_666' title='bbox 2737 3835 2865 3874; x_wconf 90' lang='lat' dir='ltr'><strong>esse</strong></span> <span class='ocrx_word' id='word_1_667' title='bbox 2908 3835 3269 3883; x_wconf 89' lang='lat' dir='ltr'><strong>concessam,</strong></span> <span class='ocrx_word' id='word_1_668' title='bbox 3305 3823 3370 3873; x_wconf 91' lang='lat' dir='ltr'><strong>ut</strong></span> <span class='ocrx_word' id='word_1_669' title='bbox 3400 3819 3692 3891; x_wconf 91' lang='lat' dir='ltr'><strong>quomodo</strong></span> 
     </span>
    </p>
   </div>
   <div class='ocr_carea' id='block_1_86' title="bbox 2039 3906 3691 3978">
    <p class='ocr_par' dir='ltr' id='par_1_86' title="bbox 2039 3906 3691 3978">
     <span class='ocr_line' id='line_1_86' title="bbox 2039 3906 3691 3978; baseline -0.001 -15"><span class='ocrx_word' id='word_1_670' title='bbox 2039 3908 2241 3963; x_wconf 89' lang='lat' dir='ltr'><strong>volunt</strong></span> <span class='ocrx_word' id='word_1_671' title='bbox 2271 3907 2569 3963; x_wconf 86' lang='lat' dir='ltr'><strong>Christum</strong></span> <span class='ocrx_word' id='word_1_672' title='bbox 2602 3906 2954 3977; x_wconf 88' lang='lat' dir='ltr'><strong>predicent;</strong></span> <span class='ocrx_word' id='word_1_673' title='bbox 2988 3907 3087 3961; x_wconf 90' lang='lat' dir='ltr'><strong>sed</strong></span> <span class='ocrx_word' id='word_1_674' title='bbox 3121 3907 3262 3977; x_wconf 91' lang='lat' dir='ltr'><strong>quia</strong></span> <span class='ocrx_word' id='word_1_675' title='bbox 3306 3924 3372 3962; x_wconf 91' lang='lat' dir='ltr'><strong>eo</strong></span> <span class='ocrx_word' id='word_1_676' title='bbox 3410 3912 3691 3978; x_wconf 87' lang='lat' dir='ltr'><strong>tempore,</strong></span> 
     </span>
    </p>
   </div>
   <div class='ocr_carea' id='block_1_87' title="bbox 2043 3994 3690 4066">
    <p class='ocr_par' dir='ltr' id='par_1_87' title="bbox 2043 3994 3690 4066">
     <span class='ocr_line' id='line_1_87' title="bbox 2043 3994 3690 4066; baseline -0.001 -15"><span class='ocrx_word' id='word_1_677' title='bbox 2043 4012 2160 4066; x_wconf 92' lang='lat' dir='ltr'><strong>quo</strong></span> <span class='ocrx_word' id='word_1_678' title='bbox 2192 3994 2507 4066; x_wconf 88' lang='lat' dir='ltr'><strong>Apostolus</strong></span> <span class='ocrx_word' id='word_1_679' title='bbox 2547 3994 2812 4059; x_wconf 88' lang='lat' dir='ltr'><strong>docebat,</strong></span> <span class='ocrx_word' id='word_1_680' title='bbox 2845 4000 3011 4049; x_wconf 91' lang='lat' dir='ltr'><strong>erant</strong></span> <span class='ocrx_word' id='word_1_681' title='bbox 3062 3995 3162 4065; x_wconf 90' lang='lat' dir='ltr'><strong>qui</strong></span> <span class='ocrx_word' id='word_1_682' title='bbox 3212 3995 3342 4049; x_wconf 91' lang='lat' dir='ltr'><strong>ideo</strong></span> <span class='ocrx_word' id='word_1_683' title='bbox 3391 3995 3690 4049; x_wconf 89' lang='lat' dir='ltr'><strong>Christum</strong></span> 
     </span>
    </p>
   </div>
   <div class='ocr_carea' id='block_1_88' title="bbox 2044 4082 3693 4156">
    <p class='ocr_par' dir='ltr' id='par_1_88' title="bbox 2044 4082 3693 4156">
     <span class='ocr_line' id='line_1_88' title="bbox 2044 4082 3693 4156; baseline -0.001 -18"><span class='ocrx_word' id='word_1_684' title='bbox 2044 4084 2453 4156; x_wconf 72' lang='lat' dir='ltr'><strong>praedicarent,</strong></span> <span class='ocrx_word' id='word_1_685' title='bbox 2486 4087 2550 4137; x_wconf 89' lang='lat' dir='ltr'><strong>ut</strong></span> <span class='ocrx_word' id='word_1_686' title='bbox 2601 4083 2884 4152; x_wconf 88' lang='lat' dir='ltr'><strong>majorem</strong></span> <span class='ocrx_word' id='word_1_687' title='bbox 2920 4082 3381 4153; x_wconf 89' lang='lat' dir='ltr'><strong>persecutionem</strong></span> <span class='ocrx_word' id='word_1_688' title='bbox 3412 4082 3693 4138; x_wconf 89' lang='lat' dir='ltr'><strong>adversus</strong></span> 
     </span>
    </p>
   </div>
   <div class='ocr_carea' id='block_1_89' title="bbox 2044 4169 3695 4243">
    <p class='ocr_par' dir='ltr' id='par_1_89' title="bbox 2044 4169 3695 4243">
     <span class='ocr_line' id='line_1_89' title="bbox 2044 4169 3695 4243; baseline -0.001 -17"><span class='ocrx_word' id='word_1_689' title='bbox 2044 4169 2394 4243; x_wconf 87' lang='lat' dir='ltr'><strong>Apostolum</strong></span> <span class='ocrx_word' id='word_1_690' title='bbox 2428 4171 2767 4236; x_wconf 85' lang='lat' dir='ltr'><strong>excitarent,</strong></span> <span class='ocrx_word' id='word_1_691' title='bbox 2801 4169 2942 4224; x_wconf 91' lang='lat' dir='ltr'><strong>dicit</strong></span> <span class='ocrx_word' id='word_1_692' title='bbox 2992 4186 3054 4225; x_wconf 90' lang='lat' dir='ltr'><strong>se</strong></span> <span class='ocrx_word' id='word_1_693' title='bbox 3099 4170 3372 4242; x_wconf 87' lang='lat' dir='ltr'><strong>gaudere,</strong></span> <span class='ocrx_word' id='word_1_694' title='bbox 3405 4169 3525 4225; x_wconf 87' lang='lat' dir='ltr'><strong>sive</strong></span> <span class='ocrx_word' id='word_1_695' title='bbox 3555 4170 3695 4241; x_wconf 89' lang='lat' dir='ltr'><strong>quia</strong></span> 
     </span>
    </p>
   </div>
   <div class='ocr_carea' id='block_1_90' title="bbox 2046 4257 3691 4331">
    <p class='ocr_par' dir='ltr' id='par_1_90' title="bbox 2046 4257 3691 4331">
     <span class='ocr_line' id='line_1_90' title="bbox 2046 4257 3691 4331; baseline -0.001 -16"><span class='ocrx_word' id='word_1_696' title='bbox 2046 4260 2315 4316; x_wconf 89' lang='lat' dir='ltr'><strong>Christus</strong></span> <span class='ocrx_word' id='word_1_697' title='bbox 2339 4275 2570 4331; x_wconf 89' lang='lat' dir='ltr'><strong>quoque</strong></span> <span class='ocrx_word' id='word_1_698' title='bbox 2595 4259 2765 4314; x_wconf 91' lang='lat' dir='ltr'><strong>modo</strong></span> <span class='ocrx_word' id='word_1_699' title='bbox 2787 4258 3112 4328; x_wconf 89' lang='lat' dir='ltr'><strong>nuntiatur,</strong></span> <span class='ocrx_word' id='word_1_700' title='bbox 3142 4258 3260 4314; x_wconf 93' lang='lat' dir='ltr'><strong>sive</strong></span> <span class='ocrx_word' id='word_1_701' title='bbox 3285 4258 3425 4331; x_wconf 89' lang='lat' dir='ltr'><strong>quia</strong></span> <span class='ocrx_word' id='word_1_702' title='bbox 3446 4257 3691 4314; x_wconf 90' lang='lat' dir='ltr'><strong>tribula-</strong></span> 
     </span>
    </p>
   </div>
   <div class='ocr_carea' id='block_1_91' title="bbox 2046 4349 2861 4420">
    <p class='ocr_par' dir='ltr' id='par_1_91' title="bbox 2046 4349 2861 4420">
     <span class='ocr_line' id='line_1_91' title="bbox 2046 4349 2861 4420; baseline -0.005 -15"><span class='ocrx_word' id='word_1_703' title='bbox 2046 4349 2310 4405; x_wconf 90' lang='lat' dir='ltr'><strong>tionibus</strong></span> <span class='ocrx_word' id='word_1_704' title='bbox 2343 4365 2565 4405; x_wconf 90' lang='lat' dir='ltr'><strong>merces</strong></span> <span class='ocrx_word' id='word_1_705' title='bbox 2595 4351 2861 4420; x_wconf 85' lang='lat' dir='ltr'><strong>augetur.</strong></span> 
     </span>
    </p>
   </div>
   <div class='ocr_carea' id='block_1_92' title="bbox 280 4463 3692 4545">
    <p class='ocr_par' dir='ltr' id='par_1_92' title="bbox 280 4463 3692 4545">
     <span class='ocr_line' id='line_1_92' title="bbox 280 4463 3692 4545; baseline -0.002 -20"><span class='ocrx_word' id='word_1_706' title='bbox 280 4467 431 4525; x_wconf 88' lang='lat' dir='ltr'><strong>stolo</strong></span> <span class='ocrx_word' id='word_1_707' title='bbox 457 4472 722 4524; x_wconf 88' lang='lat' dir='ltr'><strong>noceant.</strong></span> <span class='ocrx_word' id='word_1_708' title='bbox 742 4469 889 4523; x_wconf 82' lang='lat' dir='ltr'><strong>Cum</strong></span> <span class='ocrx_word' id='word_1_709' title='bbox 913 4465 1068 4522; x_wconf 91' lang='lat' dir='ltr'><strong>enim</strong></span> <span class='ocrx_word' id='word_1_710' title='bbox 1098 4468 1296 4538; x_wconf 90' lang='lat' dir='ltr'><strong>aperte</strong></span> <span class='ocrx_word' id='word_1_711' title='bbox 1320 4463 1937 4537; x_wconf 88' lang='lat' dir='ltr'><strong>negarentChristum,</strong></span> <span class='ocrx_word' id='word_1_712' title='bbox 1969 4482 2015 4545; x_wconf 71' lang='grc' dir='ltr'><strong>Β</strong></span> <span class='ocrx_word' id='word_1_713' title='bbox 2121 4466 2402 4538; x_wconf 89' lang='lat' dir='ltr'><strong>Sequitur</strong></span> <span class='ocrx_word' id='word_1_714' title='bbox 2435 4481 2448 4519; x_wconf 90' lang='lat'><strong>:</strong></span> <span class='ocrx_word' id='word_1_715' title='bbox 2502 4467 2649 4536; x_wconf 83' lang='lat' dir='ltr'><strong>Quia</strong></span> <span class='ocrx_word' id='word_1_716' title='bbox 2692 4467 2752 4520; x_wconf 86' lang='lat' dir='ltr'><strong>in</strong></span> <span class='ocrx_word' id='word_1_717' title='bbox 2778 4465 2934 4521; x_wconf 82' lang='lat' dir='ltr'><strong>nullo</strong></span> <span class='ocrx_word' id='word_1_718' title='bbox 2962 4465 3295 4537; x_wconf 81' lang='lat' dir='ltr'><strong>confundor,</strong></span> <span class='ocrx_word' id='word_1_719' title='bbox 3326 4469 3460 4533; x_wconf 90' lang='lat' dir='ltr'><strong>etc.,</strong></span> <span class='ocrx_word' id='word_1_720' title='bbox 3494 4464 3552 4519; x_wconf 90' lang='lat' dir='ltr'><strong>id</strong></span> <span class='ocrx_word' id='word_1_721' title='bbox 3584 4468 3692 4533; x_wconf 90' lang='lat' dir='ltr'><strong>est,</strong></span> 
     </span>
    </p>
   </div>
   <div class='ocr_carea' id='block_1_93' title="bbox 282 4550 1935 4626">
    <p class='ocr_par' dir='ltr' id='par_1_93' title="bbox 282 4550 1935 4626">
     <span class='ocr_line' id='line_1_93' title="bbox 282 4550 1935 4626; baseline -0.002 -15"><span class='ocrx_word' id='word_1_722' title='bbox 282 4555 583 4625; x_wconf 80' lang='lat' dir='ltr'><strong>ﬁngebant</strong></span> <span class='ocrx_word' id='word_1_723' title='bbox 609 4554 910 4610; x_wconf 88' lang='lat' dir='ltr'><strong>Christum</strong></span> <span class='ocrx_word' id='word_1_724' title='bbox 942 4553 1277 4626; x_wconf 82' lang='lat' dir='ltr'><strong>predicare,</strong></span> <span class='ocrx_word' id='word_1_725' title='bbox 1311 4556 1378 4607; x_wconf 94' lang='lat' dir='ltr'><strong>ut</strong></span> <span class='ocrx_word' id='word_1_726' title='bbox 1406 4550 1845 4607; x_wconf 89' lang='lat' dir='ltr'><strong>tribulationem</strong></span> <span class='ocrx_word' id='word_1_727' title='bbox 1877 4558 1935 4607; x_wconf 90' lang='lat' dir='ltr'><strong>et</strong></span> 
     </span>
    </p>
   </div>
   <div class='ocr_carea' id='block_1_94' title="bbox 286 4640 1932 4715">
    <p class='ocr_par' dir='ltr' id='par_1_94' title="bbox 286 4640 1932 4715">
     <span class='ocr_line' id='line_1_94' title="bbox 286 4640 1932 4715; baseline -0.001 -16"><span class='ocrx_word' id='word_1_728' title='bbox 286 4647 571 4714; x_wconf 82' lang='lat' dir='ltr'><strong>majorem</strong></span> <span class='ocrx_word' id='word_1_729' title='bbox 602 4642 859 4699; x_wconf 89' lang='lat' dir='ltr'><strong>dolorem</strong></span> <span class='ocrx_word' id='word_1_730' title='bbox 892 4641 1207 4715; x_wconf 80' lang='lat' dir='ltr'><strong>Apostolus</strong></span> <span class='ocrx_word' id='word_1_731' title='bbox 1236 4641 1559 4698; x_wconf 91' lang='lat' dir='ltr'><strong>habuisset.</strong></span> <span class='ocrx_word' id='word_1_732' title='bbox 1590 4640 1718 4697; x_wconf 91' lang='lat' dir='ltr'><strong>Sive</strong></span> <span class='ocrx_word' id='word_1_733' title='bbox 1748 4657 1815 4697; x_wconf 89' lang='lat' dir='ltr'><strong>ea</strong></span> <span class='ocrx_word' id='word_1_734' title='bbox 1843 4641 1932 4697; x_wconf 88' lang='lat' dir='ltr'><strong>in-</strong></span> 
     </span>
    </p>
   </div>
   <div class='ocr_carea' id='block_1_95' title="bbox 282 4731 1938 4805">
    <p class='ocr_par' dir='ltr' id='par_1_95' title="bbox 282 4731 1938 4805">
     <span class='ocr_line' id='line_1_95' title="bbox 282 4731 1938 4805; baseline -0.001 -16"><span class='ocrx_word' id='word_1_735' title='bbox 282 4734 543 4789; x_wconf 88' lang='lat' dir='ltr'><strong>tentione</strong></span> <span class='ocrx_word' id='word_1_736' title='bbox 563 4733 977 4805; x_wconf 83' lang='lat' dir='ltr'><strong>predicabant,</strong></span> <span class='ocrx_word' id='word_1_737' title='bbox 1002 4738 1065 4787; x_wconf 91' lang='lat' dir='ltr'><strong>ut</strong></span> <span class='ocrx_word' id='word_1_738' title='bbox 1085 4736 1395 4805; x_wconf 89' lang='lat' dir='ltr'><strong>gravarent</strong></span> <span class='ocrx_word' id='word_1_739' title='bbox 1415 4738 1451 4785; x_wconf 82' lang='lat' dir='ltr'><strong>A</strong></span> <span class='ocrx_word' id='word_1_740' title='bbox 1462 4731 1780 4804; x_wconf 88' lang='lat' dir='ltr'><strong>postolum,</strong></span> <span class='ocrx_word' id='word_1_741' title='bbox 1796 4748 1938 4803; x_wconf 88' lang='lat' dir='ltr'><strong>qua-</strong></span> 
     </span>
    </p>
   </div>
   <div class='ocr_carea' id='block_1_96' title="bbox 281 4820 1936 4895">
    <p class='ocr_par' dir='ltr' id='par_1_96' title="bbox 281 4820 1936 4895">
     <span class='ocr_line' id='line_1_96' title="bbox 281 4820 1936 4895; baseline -0.001 -17"><span class='ocrx_word' id='word_1_742' title='bbox 281 4824 332 4878; x_wconf 86' lang='lat' dir='ltr'><strong>si</strong></span> <span class='ocrx_word' id='word_1_743' title='bbox 364 4823 563 4895; x_wconf 90' lang='lat' dir='ltr'><strong>plures</strong></span> <span class='ocrx_word' id='word_1_744' title='bbox 593 4820 915 4894; x_wconf 90' lang='lat' dir='ltr'><strong>discipulos</strong></span> <span class='ocrx_word' id='word_1_745' title='bbox 947 4821 1279 4887; x_wconf 86' lang='lat' dir='ltr'><strong>facientem,</strong></span> <span class='ocrx_word' id='word_1_746' title='bbox 1310 4824 1384 4877; x_wconf 90' lang='lat' dir='ltr'><strong>et’</strong></span> <span class='ocrx_word' id='word_1_747' title='bbox 1405 4820 1671 4877; x_wconf 90' lang='lat' dir='ltr'><strong>doctrina</strong></span> <span class='ocrx_word' id='word_1_748' title='bbox 1703 4838 1812 4877; x_wconf 91' lang='lat' dir='ltr'><strong>sua</strong></span> <span class='ocrx_word' id='word_1_749' title='bbox 1841 4838 1936 4877; x_wconf 90' lang='lat' dir='ltr'><strong>or-</strong></span> 
     </span>
    </p>
   </div>
   <div class='ocr_carea' id='block_1_97' title="bbox 358 5070 1940 5144">
    <p class='ocr_par' dir='ltr' id='par_1_97' title="bbox 358 5070 1940 5144">
     <span class='ocr_line' id='line_1_97' title="bbox 358 5070 1940 5144; baseline -0.001 -15"><span class='ocrx_word' id='word_1_750' title='bbox 358 5074 542 5144; x_wconf 83' lang='lat'><strong>(1156)</strong></span> <span class='ocrx_word' id='word_1_751' title='bbox 576 5073 640 5129; x_wconf 96' lang='lat' dir='ltr'><strong>In</strong></span> <span class='ocrx_word' id='word_1_752' title='bbox 694 5075 889 5144; x_wconf 90' lang='lat' dir='ltr'><strong>autog.</strong></span> <span class='ocrx_word' id='word_1_753' title='bbox 942 5070 1156 5144; x_wconf 84' lang='lat' dir='ltr'><strong>legitur</strong></span> <span class='ocrx_word' id='word_1_754' title='bbox 1199 5071 1557 5144; x_wconf 78' lang='lat' dir='ltr'><strong>incorporati.</strong></span> <span class='ocrx_word' id='word_1_755' title='bbox 1600 5070 1807 5144; x_wconf 79' lang='lat' dir='ltr'><strong>Visum</strong></span> <span class='ocrx_word' id='word_1_756' title='bbox 1850 5076 1940 5127; x_wconf 90' lang='lat' dir='ltr'><strong>est</strong></span> 
     </span>
    </p>
   </div>
   <div class='ocr_carea' id='block_1_98' title="bbox 286 5141 1940 5218">
    <p class='ocr_par' dir='ltr' id='par_1_98' title="bbox 286 5141 1940 5218">
     <span class='ocr_line' id='line_1_98' title="bbox 286 5141 1940 5218; baseline -0.001 -19"><span class='ocrx_word' id='word_1_757' title='bbox 286 5141 499 5218; x_wconf 83' lang='lat' dir='ltr'><strong>legere,</strong></span> <span class='ocrx_word' id='word_1_758' title='bbox 526 5141 882 5218; x_wconf 65' lang='lat' dir='ltr'><strong>incorporafi</strong></span> <span class='ocrx_word' id='word_1_759' title='bbox 902 5163 921 5209; x_wconf 89' lang='lat'><strong><em>;</em></strong></span> <span class='ocrx_word' id='word_1_760' title='bbox 953 5141 1198 5218; x_wconf 58' lang='lat' dir='ltr'><strong>scilicet</strong></span> <span class='ocrx_word' id='word_1_761' title='bbox 1221 5147 1286 5196; x_wconf 91' lang='lat' dir='ltr'><strong>ut</strong></span> <span class='ocrx_word' id='word_1_762' title='bbox 1336 5142 1526 5218; x_wconf 77' lang='lat' dir='ltr'><strong>aptior</strong></span> <span class='ocrx_word' id='word_1_763' title='bbox 1564 5142 1940 5218; x_wconf 78' lang='lat' dir='ltr'><strong>expositioet</strong></span> 
     </span>
    </p>
   </div>
   <div class='ocr_carea' id='block_1_99' title="bbox 289 5213 1937 5288">
    <p class='ocr_par' dir='ltr' id='par_1_99' title="bbox 289 5213 1937 5288">
     <span class='ocr_line' id='line_1_99' title="bbox 289 5213 1937 5288; baseline -0.001 -17"><span class='ocrx_word' id='word_1_764' title='bbox 289 5213 757 5288; x_wconf 47' lang='lat' dir='ltr'><strong>ménti&#39;Apostoli</strong></span> <span class='ocrx_word' id='word_1_765' title='bbox 780 5213 1272 5288; x_wconf 84' lang='lat' dir='ltr'><strong>accommodatior</strong></span> <span class='ocrx_word' id='word_1_766' title='bbox 1294 5213 1760 5288; x_wconf 70' lang='lat' dir='ltr'><strong>redderetur.Ait</strong></span> <span class='ocrx_word' id='word_1_767' title='bbox 1781 5214 1937 5269; x_wconf 89' lang='lat' dir='ltr'><strong>enim</strong></span> 
     </span>
    </p>
   </div>
   <div class='ocr_carea' id='block_1_100' title="bbox 284 5284 1940 5360">
    <p class='ocr_par' dir='ltr' id='par_1_100' title="bbox 284 5284 1940 5360">
     <span class='ocr_line' id='line_1_100' title="bbox 284 5284 1940 5360; baseline -0.002 -16"><span class='ocrx_word' id='word_1_768' title='bbox 284 5284 647 5360; x_wconf 77' lang='lat' dir='ltr'><strong>Apostolus:</strong></span> <span class='ocrx_word' id='word_1_769' title='bbox 705 5288 878 5342; x_wconf 81' lang='lat' dir='ltr'><strong>Testis</strong></span> <span class='ocrx_word' id='word_1_770' title='bbox 929 5286 1071 5360; x_wconf 76' lang='lat' dir='ltr'><strong>mihi</strong></span> <span class='ocrx_word' id='word_1_771' title='bbox 1113 5289 1193 5339; x_wconf 82' lang='lat' dir='ltr'><strong>est</strong></span> <span class='ocrx_word' id='word_1_772' title='bbox 1240 5287 1393 5360; x_wconf 66' lang='lat' dir='ltr'><strong>Deus</strong></span> <span class='ocrx_word' id='word_1_773' title='bbox 1425 5284 1940 5360; x_wconf 69' lang='lat' dir='ltr'><strong>quomodocupiam</strong></span> 
     </span>
    </p>
   </div>
   <div class='ocr_carea' id='block_1_101' title="bbox 284 5356 1937 5428">
    <p class='ocr_par' dir='ltr' id='par_1_101' title="bbox 284 5356 1937 5428">
     <span class='ocr_line' id='line_1_101' title="bbox 284 5356 1937 5428; baseline -0.003 -12"><span class='ocrx_word' id='word_1_774' title='bbox 284 5356 474 5416; x_wconf 71' lang='lat' dir='ltr'><strong>onmes</strong></span> <span class='ocrx_word' id='word_1_775' title='bbox 518 5374 609 5415; x_wconf 89' lang='lat' dir='ltr'><strong>vos</strong></span> <span class='ocrx_word' id='word_1_776' title='bbox 656 5360 720 5413; x_wconf 84' lang='lat' dir='ltr'><strong>in</strong></span> <span class='ocrx_word' id='word_1_777' title='bbox 763 5358 1059 5413; x_wconf 82' lang='lat' dir='ltr'><strong>visceribus</strong></span> <span class='ocrx_word' id='word_1_778' title='bbox 1098 5362 1232 5414; x_wconf 86' lang='lat' dir='ltr'><strong>Jesu</strong></span> <span class='ocrx_word' id='word_1_779' title='bbox 1263 5356 1512 5411; x_wconf 83' lang='lat' dir='ltr'><strong>Christi:</strong></span> <span class='ocrx_word' id='word_1_780' title='bbox 1562 5356 1715 5428; x_wconf 91' lang='lat' dir='ltr'><strong>quod</strong></span> <span class='ocrx_word' id='word_1_781' title='bbox 1748 5356 1937 5412; x_wconf 77' lang='lat' dir='ltr'><strong>tntum</strong></span> 
     </span>
    </p>
   </div>
   <div class='ocr_carea' id='block_1_102' title="bbox 281 5428 1942 5501">
    <p class='ocr_par' dir='ltr' id='par_1_102' title="bbox 281 5428 1942 5501">
     <span class='ocr_line' id='line_1_102' title="bbox 281 5428 1942 5501; baseline -0.002 -16"><span class='ocrx_word' id='word_1_782' title='bbox 281 5432 462 5487; x_wconf 83' lang='lat' dir='ltr'><strong>verbo</strong></span> <span class='ocrx_word' id='word_1_783' title='bbox 485 5431 851 5501; x_wconf 85' lang='lat' dir='ltr'><strong>incorporari,</strong></span> <span class='ocrx_word' id='word_1_784' title='bbox 876 5428 1099 5501; x_wconf 83' lang='lat' dir='ltr'><strong>scilicet</strong></span> <span class='ocrx_word' id='word_1_785' title='bbox 1124 5428 1375 5495; x_wconf 89' lang='lat' dir='ltr'><strong>Christo,</strong></span> <span class='ocrx_word' id='word_1_786' title='bbox 1398 5428 1717 5501; x_wconf 79' lang='lat' dir='ltr'><strong>exprimere</strong></span> <span class='ocrx_word' id='word_1_787' title='bbox 1739 5433 1942 5501; x_wconf 83' lang='lat' dir='ltr'><strong>auctor</strong></span> 
     </span>
    </p>
   </div>
   <div class='ocr_carea' id='block_1_103' title="bbox 286 5498 1943 5573">
    <p class='ocr_par' dir='ltr' id='par_1_103' title="bbox 286 5498 1943 5573">
     <span class='ocr_line' id='line_1_103' title="bbox 286 5498 1943 5573; baseline -0.001 -15"><span class='ocrx_word' id='word_1_788' title='bbox 286 5508 490 5559; x_wconf 91' lang='lat' dir='ltr'><strong>noster</strong></span> <span class='ocrx_word' id='word_1_789' title='bbox 538 5498 789 5563; x_wconf 73' lang='lat' dir='ltr'><strong>fortasse</strong></span> <span class='ocrx_word' id='word_1_790' title='bbox 837 5498 1041 5558; x_wconf 85' lang='lat' dir='ltr'><strong>voluit.</strong></span> <span class='ocrx_word' id='word_1_791' title='bbox 1072 5500 1310 5573; x_wconf 89' lang='lat' dir='ltr'><strong>Hocque</strong></span> <span class='ocrx_word' id='word_1_792' title='bbox 1338 5498 1668 5557; x_wconf 81' lang='lat' dir='ltr'><strong>collaudare</strong></span> <span class='ocrx_word' id='word_1_793' title='bbox 1712 5499 1943 5557; x_wconf 89' lang='lat' dir='ltr'><strong>videtur</strong></span> 
     </span>
    </p>
   </div>
   <div class='ocr_carea' id='block_1_104' title="bbox 291 5574 839 5633">
    <p class='ocr_par' dir='ltr' id='par_1_104' title="bbox 291 5574 839 5633">
     <span class='ocr_line' id='line_1_104' title="bbox 291 5574 839 5633; baseline -0.004 0"><span class='ocrx_word' id='word_1_794' title='bbox 291 5575 453 5633; x_wconf 88' lang='lat' dir='ltr'><strong>infra</strong></span> <span class='ocrx_word' id='word_1_795' title='bbox 492 5574 591 5631; x_wconf 88' lang='lat' dir='ltr'><strong>cit.</strong></span> <span class='ocrx_word' id='word_1_796' title='bbox 622 5577 839 5632; x_wconf 80' lang='lat' dir='ltr'><strong>textus.</strong></span> 
     </span>
    </p>
   </div>
   <div class='ocr_carea' id='block_1_105' title="bbox 2044 4552 3695 4627">
    <p class='ocr_par' dir='ltr' id='par_1_105' title="bbox 2044 4552 3695 4627">
     <span class='ocr_line' id='line_1_105' title="bbox 2044 4552 3695 4627; baseline -0.002 -16"><span class='ocrx_word' id='word_1_797' title='bbox 2044 4556 2105 4611; x_wconf 91' lang='lat' dir='ltr'><strong>in</strong></span> <span class='ocrx_word' id='word_1_798' title='bbox 2138 4553 2301 4610; x_wconf 92' lang='lat' dir='ltr'><strong>nullo</strong></span> <span class='ocrx_word' id='word_1_799' title='bbox 2323 4571 2552 4627; x_wconf 89' lang='lat' dir='ltr'><strong>genere,</strong></span> <span class='ocrx_word' id='word_1_800' title='bbox 2576 4570 2692 4626; x_wconf 90' lang='lat' dir='ltr'><strong>quo</strong></span> <span class='ocrx_word' id='word_1_801' title='bbox 2722 4553 2990 4610; x_wconf 90' lang='lat' dir='ltr'><strong>Christus</strong></span> <span class='ocrx_word' id='word_1_802' title='bbox 3011 4552 3315 4609; x_wconf 88' lang='lat' dir='ltr'><strong>nuntiatur</strong></span> <span class='ocrx_word' id='word_1_803' title='bbox 3342 4571 3355 4609; x_wconf 89' lang='lat'><strong>:</strong></span> <span class='ocrx_word' id='word_1_804' title='bbox 3390 4568 3695 4625; x_wconf 89' lang='lat' dir='ltr'><strong>nunquam</strong></span> 
     </span>
    </p>
   </div>
   <div class='ocr_carea' id='block_1_106' title="bbox 2042 4638 3697 4715">
    <p class='ocr_par' dir='ltr' id='par_1_106' title="bbox 2042 4638 3697 4715">
     <span class='ocr_line' id='line_1_106' title="bbox 2042 4638 3697 4715; baseline -0.002 -14"><span class='ocrx_word' id='word_1_805' title='bbox 2042 4644 2204 4701; x_wconf 91' lang='lat' dir='ltr'><strong>enim</strong></span> <span class='ocrx_word' id='word_1_806' title='bbox 2235 4638 2601 4714; x_wconf 76' lang='lat' dir='ltr'><strong>erubescam,</strong></span> <span class='ocrx_word' id='word_1_807' title='bbox 2634 4643 2733 4698; x_wconf 87' lang='lat' dir='ltr'><strong>sed</strong></span> <span class='ocrx_word' id='word_1_808' title='bbox 2786 4643 2844 4697; x_wconf 92' lang='lat' dir='ltr'><strong>in</strong></span> <span class='ocrx_word' id='word_1_809' title='bbox 2894 4646 3141 4714; x_wconf 90' lang='lat' dir='ltr'><strong>utroque</strong></span> <span class='ocrx_word' id='word_1_810' title='bbox 3186 4642 3470 4715; x_wconf 89' lang='lat' dir='ltr'><strong>gaudebo.</strong></span> <span class='ocrx_word' id='word_1_811' title='bbox 3505 4642 3611 4710; x_wconf 81' lang='lat' dir='ltr'><strong>Qui</strong></span> <span class='ocrx_word' id='word_1_812' title='bbox 3646 4645 3697 4697; x_wconf 86' lang='lat' dir='ltr'><strong>et</strong></span> 
     </span>
    </p>
   </div>
   <div class='ocr_carea' id='block_1_107' title="bbox 2042 4720 3696 4805">
    <p class='ocr_par' dir='ltr' id='par_1_107' title="bbox 2042 4720 3696 4805">
     <span class='ocr_line' id='line_1_107' title="bbox 2042 4720 3696 4805; baseline -0.002 -15"><span class='ocrx_word' id='word_1_813' title='bbox 2042 4751 2214 4803; x_wconf 76' lang='lat' dir='ltr'><strong>nunc,</strong></span> <span class='ocrx_word' id='word_1_814' title='bbox 2245 4738 2297 4789; x_wconf 84' lang='lat' dir='ltr'><strong>et</strong></span> <span class='ocrx_word' id='word_1_815' title='bbox 2325 4749 2565 4805; x_wconf 85' lang='lat' dir='ltr'><strong>semper,</strong></span> <span class='ocrx_word' id='word_1_816' title='bbox 2584 4731 2724 4786; x_wconf 88' lang='lat' dir='ltr'><strong>dicit</strong></span> <span class='ocrx_word' id='word_1_817' title='bbox 2755 4730 3128 4804; x_wconf 83' lang='lat' dir='ltr'><strong>magnificare</strong></span> <span class='ocrx_word' id='word_1_818' title='bbox 3157 4720 3452 4788; x_wconf 84' lang='lat' dir='ltr'><strong>Christum</strong></span> <span class='ocrx_word' id='word_1_819' title='bbox 3484 4732 3544 4787; x_wconf 92' lang='lat' dir='ltr'><strong>in</strong></span> <span class='ocrx_word' id='word_1_820' title='bbox 3576 4748 3696 4787; x_wconf 89' lang='lat' dir='ltr'><strong>cor-</strong></span> 
     </span>
    </p>
   </div>
   <div class='ocr_carea' id='block_1_108' title="bbox 2044 4820 3689 4896">
    <p class='ocr_par' dir='ltr' id='par_1_108' title="bbox 2044 4820 3689 4896">
     <span class='ocr_line' id='line_1_108' title="bbox 2044 4820 3689 4896; baseline -0.003 -16"><span class='ocrx_word' id='word_1_821' title='bbox 2044 4841 2183 4896; x_wconf 92' lang='lat' dir='ltr'><strong>pore</strong></span> <span class='ocrx_word' id='word_1_822' title='bbox 2206 4840 2335 4891; x_wconf 90' lang='lat' dir='ltr'><strong>suo,</strong></span> <span class='ocrx_word' id='word_1_823' title='bbox 2367 4822 2509 4894; x_wconf 89' lang='lat' dir='ltr'><strong>quia</strong></span> <span class='ocrx_word' id='word_1_824' title='bbox 2530 4836 2663 4876; x_wconf 91' lang='lat' dir='ltr'><strong>cum</strong></span> <span class='ocrx_word' id='word_1_825' title='bbox 2693 4837 2906 4892; x_wconf 89' lang='lat' dir='ltr'><strong>corpus</strong></span> <span class='ocrx_word' id='word_1_826' title='bbox 2927 4820 3115 4893; x_wconf 91' lang='lat' dir='ltr'><strong>ipsius</strong></span> <span class='ocrx_word' id='word_1_827' title='bbox 3132 4820 3320 4894; x_wconf 78' lang='lat' dir='ltr'><strong>penis</strong></span> <span class='ocrx_word' id='word_1_828' title='bbox 3340 4820 3689 4889; x_wconf 82' lang='lat' dir='ltr'><strong>afﬁceretur,</strong></span> 
     </span>
    </p>
   </div>
   <div class='ocr_carea' id='block_1_109' title="bbox 2121 5066 3691 5145">
    <p class='ocr_par' dir='ltr' id='par_1_109' title="bbox 2121 5066 3691 5145">
     <span class='ocr_line' id='line_1_109' title="bbox 2121 5066 3691 5145; baseline -0.004 -18"><span class='ocrx_word' id='word_1_829' title='bbox 2121 5072 2306 5144; x_wconf 87' lang='lat'><strong>(1157)</strong></span> <span class='ocrx_word' id='word_1_830' title='bbox 2338 5071 2443 5145; x_wconf 83' lang='lat' dir='ltr'><strong>Hic</strong></span> <span class='ocrx_word' id='word_1_831' title='bbox 2490 5070 2603 5126; x_wconf 89' lang='lat' dir='ltr'><strong>div.</strong></span> <span class='ocrx_word' id='word_1_832' title='bbox 2656 5070 3012 5145; x_wconf 79' lang='lat' dir='ltr'><strong>Hieronymi,</strong></span> <span class='ocrx_word' id='word_1_833' title='bbox 3043 5088 3175 5145; x_wconf 79' lang='lat' dir='ltr'><strong>seu</strong></span> <span class='ocrx_word' id='word_1_834' title='bbox 3224 5073 3417 5145; x_wconf 91' lang='lat' dir='ltr'><strong>potius</strong></span> <span class='ocrx_word' id='word_1_835' title='bbox 3474 5066 3691 5139; x_wconf 89' lang='lat' dir='ltr'><strong>Pelagii</strong></span> 
     </span>
    </p>
   </div>
   <div class='ocr_carea' id='block_1_110' title="bbox 2049 5142 3105 5214">
    <p class='ocr_par' dir='ltr' id='par_1_110' title="bbox 2049 5142 3105 5214">
     <span class='ocr_line' id='line_1_110' title="bbox 2049 5142 3105 5214; baseline -0.003 -14"><span class='ocrx_word' id='word_1_836' title='bbox 2049 5142 2486 5200; x_wconf 84' lang='lat' dir='ltr'><strong>Commentaria</strong></span> <span class='ocrx_word' id='word_1_837' title='bbox 2517 5158 2634 5214; x_wconf 83' lang='lat' dir='ltr'><strong>pre</strong></span> <span class='ocrx_word' id='word_1_838' title='bbox 2664 5142 2849 5198; x_wconf 89' lang='lat' dir='ltr'><strong>oculis</strong></span> <span class='ocrx_word' id='word_1_839' title='bbox 2877 5142 3105 5199; x_wconf 90' lang='lat' dir='ltr'><strong>habuit.</strong></span> 
     </span>
    </p>
   </div>
   <div class='ocr_carea' id='block_1_111' title="bbox 2122 5209 3697 5286">
    <p class='ocr_par' dir='ltr' id='par_1_111' title="bbox 2122 5209 3697 5286">
     <span class='ocr_line' id='line_1_111' title="bbox 2122 5209 3697 5286; baseline -0.004 -16"><span class='ocrx_word' id='word_1_840' title='bbox 2122 5216 2307 5285; x_wconf 78' lang='lat'><strong>(1158)</strong></span> <span class='ocrx_word' id='word_1_841' title='bbox 2338 5213 2487 5286; x_wconf 84' lang='lat' dir='ltr'><strong>Hec,</strong></span> <span class='ocrx_word' id='word_1_842' title='bbox 2518 5209 2647 5285; x_wconf 73' lang='lat' dir='ltr'><strong>quae</strong></span> <span class='ocrx_word' id='word_1_843' title='bbox 2669 5216 2914 5286; x_wconf 90' lang='lat' dir='ltr'><strong>repetita</strong></span> <span class='ocrx_word' id='word_1_844' title='bbox 2946 5217 3153 5279; x_wconf 80' lang='lat' dir='ltr'><strong>forent,</strong></span> <span class='ocrx_word' id='word_1_845' title='bbox 3184 5212 3371 5283; x_wconf 87' lang='lat' dir='ltr'><strong>magis</strong></span> <span class='ocrx_word' id='word_1_846' title='bbox 3394 5209 3697 5286; x_wconf 78' lang='lat' dir='ltr'><strong>magisque</strong></span> 
     </span>
    </p>
   </div>
   <div class='ocr_carea' id='block_1_112' title="bbox 2048 5280 3701 5357">
    <p class='ocr_par' dir='ltr' id='par_1_112' title="bbox 2048 5280 3701 5357">
     <span class='ocr_line' id='line_1_112' title="bbox 2048 5280 3701 5357; baseline -0.004 -16"><span class='ocrx_word' id='word_1_847' title='bbox 2048 5280 2434 5357; x_wconf 84' lang='lat' dir='ltr'><strong>comprobant</strong></span> <span class='ocrx_word' id='word_1_848' title='bbox 2454 5280 2765 5357; x_wconf 74' lang='lat' dir='ltr'><strong>legendum</strong></span> <span class='ocrx_word' id='word_1_849' title='bbox 2795 5287 3065 5355; x_wconf 88' lang='lat' dir='ltr'><strong>superius</strong></span> <span class='ocrx_word' id='word_1_850' title='bbox 3088 5280 3443 5357; x_wconf 72' lang='lat' dir='ltr'><strong>incorporari</strong></span> <span class='ocrx_word' id='word_1_851' title='bbox 3468 5280 3701 5357; x_wconf 39' lang='lat' dir='ltr'><strong>loco&#39;in-</strong></span> 
     </span>
    </p>
   </div>
   <div class='ocr_carea' id='block_1_113' title="bbox 2048 5353 3700 5429">
    <p class='ocr_par' dir='ltr' id='par_1_113' title="bbox 2048 5353 3700 5429">
     <span class='ocr_line' id='line_1_113' title="bbox 2048 5353 3700 5429; baseline -0.003 -16"><span class='ocrx_word' id='word_1_852' title='bbox 2048 5353 2350 5429; x_wconf 73' lang='lat' dir='ltr'><strong>corporali,</strong></span> <span class='ocrx_word' id='word_1_853' title='bbox 2372 5373 2443 5411; x_wconf 92' lang='lat' dir='ltr'><strong>ne</strong></span> <span class='ocrx_word' id='word_1_854' title='bbox 2465 5353 2687 5429; x_wconf 71' lang='lat' dir='ltr'><strong>scilicet</strong></span> <span class='ocrx_word' id='word_1_855' title='bbox 2706 5353 2981 5412; x_wconf 86' lang='lat' dir='ltr'><strong>inanibus</strong></span> <span class='ocrx_word' id='word_1_856' title='bbox 3005 5353 3700 5429; x_wconf 80' lang='lat' dir='ltr'><strong>repetitionibus,quibus</strong></span> 
     </span>
    </p>
   </div>
   <div class='ocr_carea' id='block_1_114' title="bbox 2051 5425 3463 5500">
    <p class='ocr_par' dir='ltr' id='par_1_114' title="bbox 2051 5425 3463 5500">
     <span class='ocr_line' id='line_1_114' title="bbox 2051 5425 3463 5500; baseline -0.004 -16"><span class='ocrx_word' id='word_1_857' title='bbox 2051 5425 2289 5484; x_wconf 78' lang='lat' dir='ltr'><strong>omnino</strong></span> <span class='ocrx_word' id='word_1_858' title='bbox 2320 5425 2479 5483; x_wconf 76' lang='lat' dir='ltr'><strong>Caret</strong></span> <span class='ocrx_word' id='word_1_859' title='bbox 2508 5428 2805 5500; x_wconf 83' lang='lat' dir='ltr'><strong>interpres</strong></span> <span class='ocrx_word' id='word_1_860' title='bbox 2829 5433 3044 5500; x_wconf 79' lang='lat' dir='ltr'><strong>noster,</strong></span> <span class='ocrx_word' id='word_1_861' title='bbox 3072 5425 3245 5481; x_wconf 83' lang='lat' dir='ltr'><strong>locus</strong></span> <span class='ocrx_word' id='word_1_862' title='bbox 3276 5425 3463 5500; x_wconf 76' lang='lat' dir='ltr'><strong>detur.</strong></span> 
     </span>
    </p>
   </div>
   <div class='ocr_carea' id='block_1_115' title="bbox 2123 5496 3415 5571">
    <p class='ocr_par' dir='ltr' id='par_1_115' title="bbox 2123 5496 3415 5571">
     <span class='ocr_line' id='line_1_115' title="bbox 2123 5496 3415 5571; baseline -0.002 -16"><span class='ocrx_word' id='word_1_863' title='bbox 2123 5501 2306 5569; x_wconf 83' lang='lat'><strong>(1159)</strong></span> <span class='ocrx_word' id='word_1_864' title='bbox 2340 5502 2399 5555; x_wconf 94' lang='lat' dir='ltr'><strong>ln</strong></span> <span class='ocrx_word' id='word_1_865' title='bbox 2434 5506 2631 5571; x_wconf 88' lang='lat' dir='ltr'><strong>autog.</strong></span> <span class='ocrx_word' id='word_1_866' title='bbox 2667 5496 2852 5570; x_wconf 80' lang='lat' dir='ltr'><strong>marg.</strong></span> <span class='ocrx_word' id='word_1_867' title='bbox 2881 5498 2978 5571; x_wconf 81' lang='lat' dir='ltr'><strong>hic</strong></span> <span class='ocrx_word' id='word_1_868' title='bbox 3003 5496 3119 5571; x_wconf 90' lang='lat' dir='ltr'><strong>_leg.</strong></span> <span class='ocrx_word' id='word_1_869' title='bbox 3156 5513 3282 5569; x_wconf 90' lang='lat' dir='ltr'><strong>cap.</strong></span> <span class='ocrx_word' id='word_1_870' title='bbox 3318 5496 3415 5571; x_wconf 91' lang='lat' dir='ltr'><strong>I_l_l.</strong></span> 
     </span>
    </p>
   </div>
   <div class='ocr_carea' id='block_1_116' title="bbox 2125 5566 3401 5649">
    <p class='ocr_par' dir='ltr' id='par_1_116' title="bbox 2125 5566 3401 5649">
     <span class='ocr_line' id='line_1_116' title="bbox 2125 5566 3401 5649; baseline -0.005 -20"><span class='ocrx_word' id='word_1_871' title='bbox 2125 5566 2310 5649; x_wconf 86' lang='lat'><strong>(1160)</strong></span> <span class='ocrx_word' id='word_1_872' title='bbox 2342 5573 2404 5629; x_wconf 88' lang='lat' dir='ltr'><strong>In</strong></span> <span class='ocrx_word' id='word_1_873' title='bbox 2434 5566 2629 5646; x_wconf 73' lang='lat' dir='ltr'><strong>autog.</strong></span> <span class='ocrx_word' id='word_1_874' title='bbox 2665 5566 2848 5642; x_wconf 69' lang='lat' dir='ltr'><strong>marg.</strong></span> <span class='ocrx_word' id='word_1_875' title='bbox 2881 5567 2974 5624; x_wconf 92' lang='lat' dir='ltr'><strong>hic</strong></span> <span class='ocrx_word' id='word_1_876' title='bbox 3002 5566 3115 5641; x_wconf 78' lang='lat' dir='ltr'><strong>leg.</strong></span> <span class='ocrx_word' id='word_1_877' title='bbox 3147 5566 3275 5644; x_wconf 83' lang='lat' dir='ltr'><strong>cap.</strong></span> <span class='ocrx_word' id='word_1_878' title='bbox 3307 5568 3401 5631; x_wconf 81' lang='grc' dir='ltr'><strong>ιν.</strong></span> 
     </span>
    </p>
   </div>
  </div>
