4026 6168
302 305 408 359 5111

1325 298 1578 354 ATTth
1593 297 1659 353 IS
1711 297 1754 350 V
1768 297 1909 353 ΕΗΒ
1923 295 2231 352 ΕΙᾸᾸέΝΞΙ
2245 298 2280 348 8
2335 295 2446 352 l‘lPl
2461 294 2672 354 Stlthl

3578 294 3694 352 592

303 434 403 490 ille
433 433 740 505 pricdicare
772 429 1066 486 Christum
1099 445 1213 483 non
1248 427 1585 484 desistebat.
1618 428 1686 481 Et
1715 425 1823 481 hoc
1853 428 1943 480 est
1969 425 2025 492 Α
2055 426 2283 480 manebo
2315 443 2333 478 :
2381 443 2512 481 vere
2559 429 2624 482 ut
2672 429 2853 498 pater,
2887 440 3021 481 vere
3070 427 3136 480 ut
3183 423 3443 482 famulus
3471 424 3598 494 Dei,
3627 426 3697 482 de

308 525 460 597 quod
493 522 727 578 subdit:
761 521 872 576 sive
895 537 996 592 per
1026 520 1211 586 vitam,
1241 522 1355 572 sive
1382 534 1478 588 per
1505 521 1768 576 mortem;
1804 532 1869 570 ac
1892 515 1941 570 si

307 613 507 668 dicat:
562 611 620 666 Si
670 609 972 666 tolerando
1028 626 1226 681 pomus
1274 607 1486 676 vixero,
1537 604 1944 678 prmdicabitur

305 701 586 767 Christus,
622 704 678 755 et
708 701 756 755 si
788 701 973 772 poenis
1004 703 1273 754 mortuus
1307 697 1489 763 fuero,
1521 696 1709 768 magis
1744 692 1946 766 przedi-

305 790 534 845 cabitur
555 789 821 846 Christus
843 790 1056 861 (1161);
1081 804 1213 844 cum
1234 786 1487 842 viderint
1509 803 1600 841 me
1631 801 1735 840 nec
1757 782 1943 855 pmnis

305 879 608 949 detritum,
633 880 841 950 (1162),
866 895 970 933 nec
997 881 1185 933 morte
1206 879 1569 944 revocatum;
1596 874 1696 930 sed
1724 873 1783 928 in
1806 889 1944 945 pra)-

306 969 596 1024 dicatione
636 983 1054 1039 perseverasse.

378 1057 656 1130 Sequitur
685 1073 698 1112 :
753 1058 886 1112 Mihi
930 1058 1078 1112 enim
1106 1055 1572 1110 vivere-Christus
1602 1061 1701 1122 est,
1735 1055 1844 1107 etc.
1877 1051 1949 1106 Et

308 1152 396 1204 est
421 1163 630 1202 sensus
655 1162 667 1200 :
697 1145 869 1201 Nulla
893 1144 1037 1200 mihi
1058 1143 1327 1200 voluntas
1350 1147 1434 1199 est
1453 1142 1547 1196 hic
1567 1140 1817 1208 vivendi,
1834 1139 1947 1195 nisi

308 1241 374 1291 ut
404 1253 617 1308 corpus
645 1235 924 1291 aediﬁcem
955 1233 1218 1305 exemplo
1252 1248 1400 1288 meo.
1436 1232 1680 1287 Mortem
1713 1247 1825 1286 non
1871 1228 1948 1284 ti-

308 1343 458 1392 meo,
478 1326 618 1397 quia
638 1321 856 1381 lucrum
881 1329 970 1379 est
999 1323 1144 1378 mihi
1171 1324 1332 1378 mori.
1363 1323 1552 1377 Vivere
1581 1327 1776 1376 autem
1808 1319 1951 1373 mihi

309 1415 552 1470 Christus
572 1420 676 1485 est,
700 1431 838 1485 quia
868 1414 966 1484 qui
999 1413 1057 1467 in
1092 1412 1190 1467 illo
1216 1415 1431 1485 sperat,
1454 1425 1686 1482 semper
1705 1409 1862 1476 vivit,
1893 1412 1950 1463 et

307 1520 482 1568 nunc,
507 1507 564 1559 et
593 1503 988 1573 postmodum.
1013 1500 1167 1555 Nihil
1203 1517 1337 1573 ergo
1370 1500 1518 1554 illud
1547 1502 1653 1570 est,
1683 1499 1838 1570 quod
1861 1497 1947 1552 illi

308 1597 509 1666 agunt.
545 1593 672 1647 Sive
703 1592 992 1660 occidant,
1025 1590 1142 1645 sive
1174 1589 1359 1662 poenis
1389 1589 1664 1655 lacerent,
1690 1587 1833 1642 mihi
1867 1586 1948 1641 nil

308 1681 518 1736 horum
553 1685 738 1747 nocet,
772 1679 909 1752 quia
937 1681 1077 1734 mihi
1105 1682 1304 1747 vivere,
1336 1682 1444 1734 etc.
1480 1679 1639 1750 Quod
1667 1679 1718 1732 si
1746 1678 1946 1744 vivere,

309 1775 418 1826 etc.
444 1770 588 1834 Quia
614 1770 884 1842 superius
915 1770 1137 1825 dixerat
1160 1788 1172 1825 :
1207 1770 1339 1824 Mihi
1363 1769 1548 1823 vivere
1574 1766 1819 1823 Christus
1840 1775 1952 1831 est;
1981 1805 2028 1870 B

309 1863 365 1915 et
394 1858 681 1914 incertum
701 1863 825 1914 erat
845 1859 916 1914 de
946 1875 1062 1930 qua
1091 1858 1209 1914 vita
1230 1857 1493 1928 dixisset,
1517 1875 1588 1913 an
1612 1857 1682 1912 de
1711 1857 1844 1926 ista,
1874 1875 1947 1912 an

308 1949 379 2004 de
409 1948 627 2018 futura,
661 1949 789 2004 ideo
822 1948 1054 2018 adjecit,
1086 1948 1156 2002 de
1186 1947 1321 2019 ista,
1354 1963 1480 2019 quae
1525 1948 1584 2001 in
1627 1963 1794 2001 carne
1837 1950 1944 2001 est.

306 2042 470 2105 Cum,
504 2037 717 2108 inquit,
750 2040 810 2092 in
848 2054 1012 2093 carne
1042 2054 1197 2104 sum,
1228 2039 1441 2108 fructus
1468 2036 1606 2090 mihi
1638 2037 1818 2105 operis
1846 2040 1948 2090 est.

307 2127 414 2192 Qui
447 2125 716 2181 fructus?
764 2126 836 2181 Ut
866 2127 1175 2198 prazdicem
1205 2126 1524 2195 Christum,
1559 2129 1623 2180 ut
1652 2124 1951 2180 salvantur

305 2214 498 2286 multi,
531 2219 588 2270 et
618 2214 984 2272 illuminetur
1013 2216 1291 2272 mundus.
1323 2215 1426 2270 Isti
1457 2219 1596 2271 sunt
1625 2215 1854 2270 fructus
1886 2214 1946 2269 in

306 2320 478 2360 carne
506 2303 771 2361 viventis.

374 2391 682 2464 Sequitur:
718 2395 791 2448 Et
818 2393 950 2464 quid
977 2394 1207 2463 eligam,
1241 2394 1450 2463 ignoro.
1483 2395 1550 2446 Et
1581 2394 1670 2448 est
1699 2408 1943 2447 sensus:

306 2480 363 2535 Si
395 2481 631 2550 morior,
655 2481 886 2538 lucrum
913 2482 1120 2550 habeo,
1141 2483 1279 2554 quia
1299 2482 1370 2536 ad
1397 2480 1565 2536 illum
1585 2482 1754 2547 vado,
1774 2497 1948 2553 quem

307 2570 487 2643 diligo
513 2596 528 2640 ;
559 2588 817 2640 rursum,
852 2571 901 2628 si
933 2572 1027 2627 hic
1054 2571 1202 2639 vivo,
1233 2573 1486 2627 fructum
1519 2573 1710 2644 operis
1740 2571 1950 2640 habeo,

310 2659 755 2732 evangelizando
785 2660 1108 2727 Christum,
1153 2665 1210 2716 et
1261 2661 1333 2715 ad
1382 2660 1558 2715 fidem
1608 2661 1951 2716 adducendo

310 2748 550 2805 multos.
586 2750 742 2816 Ideo,
776 2749 991 2821 inquit,
1024 2750 1219 2805 nescio
1264 2755 1464 2804 utrum
1495 2754 1743 2805 mortem
1778 2766 1952 2822 appe-

310 2843 456 2906 tam,
488 2855 562 2893 an
593 2839 784 2894 adhuc
815 2839 876 2893 in
905 2839 1026 2894 vita
1055 2855 1349 2894 maneam.

379 2928 654 2999 Sequitur
687 2944 698 2982 :
755 2928 1009 2983 Coarctor
1058 2931 1244 2982 autem
1289 2943 1317 2982 e
1366 2926 1596 2995 duobus,
1629 2929 1736 2982 etc.
1769 2927 1850 2983 De
1887 2943 1952 2983 eo

313 3017 466 3088 quod
498 3018 702 3073 beatus
724 3015 1090 3088 Augustinus
1111 3016 1252 3072 dicit
1271 3017 1556 3072 incertum
1580 3031 1708 3071 esse
1730 3019 1951 3082 utrum,

2052 515 2280 570 duabus
2313 515 2734 587 cupiditatibus
2779 519 3034 571 arctatus
3082 513 3258 588 elegit
3305 532 3545 572 manere
3593 533 3699 588 pro

2053 603 2205 659 aliis.
2227 604 2584 674 Permanebo,
2609 603 2835 675 inquit;
2867 604 2926 658 id
2955 608 3063 672 est,
3088 620 3278 676 usque
3303 604 3374 659 ad
3401 605 3704 677 perfectio-

2055 710 2187 748 nem
2221 695 2505 762 manebo;
2549 693 2607 748 id
2657 698 2764 762 est,
2797 710 2976 749 causa
3020 694 3198 750 vestri
3245 695 3562 766 profectus,
3592 711 3706 767 per

2055 784 2425 854 praesentiam
2460 800 2648 839 meam
2681 784 2870 839 denuo
2901 785 3056 856 apud
3089 801 3230 853 vos;
3263 784 3320 839 id
3353 789 3461 856 est,
3497 789 3561 840 ut
3589 800 3697 858 ego

2054 889 2308 942 praesens
2367 872 2636 937 sentiam,
2696 874 3196 944 quemadmodum
3262 873 3448 948 gloria
3508 879 3704 931 vestra

2054 961 2320 1030 exsultet,
2343 971 2393 1018 et
2425 963 2664 1018 abundet
2685 963 2742 1018 in
2779 962 2988 1018 Christo
3000 983 3020 1031 ,-
3050 963 3204 1034 quod
3234 962 3536 1019 Christum
3567 962 3701 1019 dili-

2057 1051 2234 1123 gitis;
2267 1051 2419 1122 quod
2446 1051 2671 1108 Christo
2705 1052 2971 1121 servitis;
3004 1053 3160 1124 quod
3182 1052 3398 1110 Christi
3423 1070 3527 1110 vos
3548 1053 3701 1110 servi
3785 1108 3798 1125 ,

2057 1141 2348 1212 gaudetis.

2130 1229 2406 1300 Sequitur
2433 1249 2446 1286 :
2481 1232 2709 1287 Tantum
2737 1229 2901 1300 digne
2928 1232 3224 1301 Evangelia
3247 1231 3450 1288 Christi
3477 1248 3702 1290 conver-
3767 1279 3770 1284 .

2057 1319 2284 1373 sumini.
2308 1319 2553 1391 Dignam
2574 1318 2698 1375 vult
2717 1337 2815 1376 eos
2845 1320 3057 1376 habere
3077 1322 3603 1391 conversationem,
3631 1339 3706 1379 ne

2059 1409 2334 1480 poeniteat
2363 1425 2495 1464 eum
2535 1409 2790 1466 voluisse
2833 1426 3132 1467 remanere
3180 1411 3238 1466 in
3289 1429 3483 1468 carne.
3518 1412 3705 1485 Digne

2057 1503 2431 1554 conversatur
2453 1498 2896 1572 Evangelio,qui
2915 1502 3241 1557 secundum
3264 1502 3392 1573 ejus
3414 1507 3703 1575 praecepta

2057 1587 2216 1657 vivit,
2244 1587 2345 1659 qui
2367 1604 2530 1660 spem
2561 1605 2728 1644 suam
2756 1588 2815 1643 in
2838 1587 2939 1645 illo
2971 1588 3232 1646 collocat.
3255 1590 3441 1654 Quam
3463 1608 3702 1647 conver-

2059 1676 2344 1732 sationem
2366 1677 2602 1750 exponit
2625 1677 2870 1734 dicendo
2895 1695 2909 1733 :
2945 1680 3008 1736 Ut
3035 1681 3152 1734 sive
3177 1696 3303 1735 cum
3332 1696 3553 1736 venero.
3575 1679 3703 1738 Uno

2058 1765 2214 1820 enim
2244 1765 2455 1838 spiritu
2484 1770 2656 1836 stare,
2683 1767 3037 1824 unanimiter
3066 1767 3352 1837 laborare,
3375 1769 3550 1842 digne
3571 1786 3682 1826 con

2057 1855 2276 1910 versari
2303 1860 2393 1911 est
2415 1855 2748 1929 Evangelia.
2772 1856 2841 1911 Et
2859 1860 2948 1912 est
2970 1857 3132 1914 ordo.
3157 1857 3599 1915 Conversamini
3624 1859 3707 1914 di-

2058 1959 2191 2016 gne,
2225 1948 2290 1999 ut
2319 1945 2490 2014 digne
2519 1945 2591 2000 de
2619 1945 2783 2001 vobis
2813 1946 3071 2018 audiam,
3103 1949 3235 2019 quia
3274 1948 3432 2004 statis
3483 1951 3544 2004 in
3595 1966 3703 2006 uno

2059 2035 2296 2104 spiritu;
2327 2034 2554 2089 audiam
2584 2043 2769 2090 autem
2796 2036 3012 2105 absens,
3042 2035 3130 2092 vel
3160 2037 3390 2093 videam
3422 2054 3698 2110 praesens.

2132 2123 2202 2178 Et
2248 2123 2417 2195 quasi
2463 2123 2879 2197 interrogasset
2925 2142 3060 2181 eum
3100 2125 3336 2199 aliquis,
3370 2143 3553 2199 quare
3581 2133 3700 2184 tam

2061 2227 2412 2284 magnopere
2428 2214 2804 2270 commend-as
2821 2214 3106 2270 unitatem
3125 2215 3366 2288 spiritus
3386 2221 3444 2272 et
3461 2199 3704 2286 laboris:

2058 2301 2184 2373 ipse
2215 2300 2418 2396 aperit,
2445 2319 2578 2396 cum
2610 2303 2850 2396 subdit:
2888 2308 2956 2362 Ut
2982 2306 3042 2360 in
3071 2305 3226 2396 nullo
3257 2307 3600 2396 terreamini.
3624 2305 3706 2396 Qa

2061 2407 2126 2445 eo
2147 2391 2299 2462 quod
2327 2391 2495 2462 quasi
2521 2392 2639 2447 dux
2658 2392 2826 2448 docet
2846 2409 2985 2449 suos
3011 2397 3076 2448 ut
3095 2394 3214 2451 sint
3235 2394 3567 2464 unanimes,
3587 2391 3702 2453 non

2060 2478 2253 2548 divisi,
2289 2485 2352 2534 ut
2377 2480 2677 2535 victoriam
2709 2480 2968 2552 capiant,
2999 2486 3055 2538 et
3102 2498 3219 2538 non
3263 2486 3594 2540 terreantur
3631 2485 3702 2541 ab

2060 2568 2429 2624 adversariis.
2458 2569 2686 2635 Quare?
2717 2571 2862 2636 Quia
2887 2570 2970 2626 eis
3002 2571 3102 2644 qui
3124 2578 3238 2644 'pro
3258 2572 3486 2630 Christo
3512 2573 3698 2630 tribu-

2059 2657 2257 2713 lantur
2285 2659 2356 2713 ad
2388 2657 2635 2715 salutem
2665 2659 2893 2732 proﬁcit
2917 2678 2930 2719 :
2963 2659 3082 2717 illis
3106 2678 3239 2717 vero
3264 2662 3363 2734 qui
3394 2656 3702 2735 tribulaht,

2063 2747 2135 2802 ad
2166 2746 2502 2819 perniciem.
2528 2751 2595 2802 Et
2623 2749 2762 2820 quia
2782 2748 3089 2821 multiplex
3119 2755 3207 2807 est
3235 2751 3347 2808 iste
3370 2752 3704 2824 conﬂictus,

2061 2836 2188 2892 ideo
2221 2836 2364 2891 dicit
2396 2853 2409 2892 :
2440 2838 2504 2892 In
2531 2837 2686 2892 nullo
2717 2839 3041 2895 terreamini
3057 2857 3079 2902 ,·
3109 2839 3168 2894 id
3199 2844 3308 2908 est,
3334 2857 3440 2897 nec
3471 2841 3706 2899 callidis

2061 2924 2581 2996 disputationibus,
2615 2941 2803 2998 neque
2845 2928 3242 3000 passionibus,
3274 2946 3466 3003 neque
3493 2947 3707 3004 oppro-

2061 3014 2226 3070 briis.
2252 3013 2333 3070 De
2351 3031 2418 3070 eo
2440 3015 2593 3086 quod
2625 3015 2734 3071 iste
2757 3016 2920 3072 locus
2941 3020 3000 3072 et
3028 3023 3332 3091 martyres,
3353 3024 3413 3076 et
3441 3020 3710 3078 membra

309 3107 518 3162 duobus
567 3105 1054 3177 concupiscentiam
1083 3105 1266 3177 (1163)
1315 3105 1538 3172 habens,
1588 3122 1661 3160 an
1709 3112 1956 3162 coarctor
2003 3176 2010 3177 ί
2064 3103 2279 3159 Christi
2309 3102 2462 3160 inter
2505 3104 2770 3162 membra
2799 3105 3014 3162 diaboli
3046 3107 3406 3166 decertantia
3435 3111 3708 3168 corrobo-

311 3203 496 3252 autem
525 3211 553 3251 e
582 3176 792 3251 duobus
815 3212 834 3250 :
864 3198 930 3250 ut
957 3194 1103 3250 illud
1135 3195 1525 3267 adjungatur:
1560 3197 1952 3266 Concupiscen-
1984 3176 2026 3245 C
2066 3197 2175 3249 rat.

311 3287 450 3340 tiam
479 3285 682 3340 habens
719 3284 948 3340 dissolvi
995 3287 1048 3338 et
1101 3300 1215 3339 esse
1255 3300 1378 3338 cum
1409 3283 1644 3350 Christo,
1677 3284 1778 3340 sed
1809 3300 1954 3355 quo-

311 3374 471 3430 niam
503 3373 585 3428 ita
614 3373 833 3442 subdit,
865 3371 1042 3428 multo
1071 3374 1220 3428 enim
1248 3374 1426 3442 magis
1444 3374 1722 3444 'Optimum
1747 3373 1953 3444 (1164),

311 3461 425 3518 ieta
456 3461 759 3534 particula,
793 3462 850 3516 id
882 3466 992 3527 est,
1024 3463 1192 3527 enim,
1226 3460 1396 3516 solvit
1424 3461 1574 3516 hanc
1604 3461 1956 3533 ambiguita-

312 3555 452 3606 tem.
479 3552 826 3622 lnterpretes
845 3565 998 3618 vero,
1024 3549 1124 3621 qui
1146 3549 1296 3605 hanc
1318 3549 1704 3620 abstulerunt,
1729 3549 1830 3605 illa
1854 3551 1958 3605 du-

317 3641 394 3696 cti
417 3643 555 3695 sunt
574 3639 881 3707 sententia,
903 3641 969 3692 ut
988 3655 1102 3694 non
1125 3637 1317 3694 solum
1339 3637 1609 3710 compelli
1641 3655 1671 3694 e
1705 3638 1953 3710 duobus,

317 3729 420 3785 sed
451 3727 628 3784 etiam
660 3728 912 3783 duorum
943 3726 1158 3783 habere
1178 3726 1710 3798 concupiscentiam
1739 3727 1958 3783 videre-

315 3821 431 3872 tur.
481 3816 575 3873 Sic
629 3831 765 3888 ergo
817 3815 1299 3888 distinguendum
1347 3819 1482 3871 est:
1535 3815 1684 3883 Quod
1729 3816 1954 3887 eligam,

314 3909 508 3979 ignoro
531 3923 553 3969 ;
583 3914 825 3962 eoarctor
851 3912 1032 3960 autem
1077 3922 1107 3961 e
1152 3906 1376 3961 duobus.
1411 3906 1595 3969 Quam
1629 3905 1955 3980 distinctio-

317 4011 453 4052 nem
502 3994 769 4067 sequitur
800 4011 814 4048 :
869 3994 1374 4067 Concupiscentiam
1417 3994 1622 4051 habens
1650 3995 1880 4051 dissolvi
1907 4000 1958 4052 et

316 4102 425 4142 esse
471 4101 593 4140 cum
645 4083 876 4140 Christo.
928 4085 996 4138 Et
1047 4088 1327 4156 tanquam
1375 4088 1729 4156 quaerentur,
1776 4101 1958 4156 quare

314 4174 492 4245 hujus
520 4175 601 4229 rei
622 4174 834 4230 habeat
853 4173 1405 4246 concupiscentiam,
1424 4175 1592 4229 multo
1615 4176 1792 4245 magis
1814 4177 1957 4246 opti-

311 4280 483 4331 mum,
515 4263 725 4334 inquit.
759 4261 873 4318 Cur
903 4278 1037 4334 ergo
1085 4279 1115 4317 e
1155 4263 1384 4318 duobus
1415 4263 1730 4319 coarctaris
1751 4263 1779 4318 ?
1809 4263 1957 4329 Quia

314 4356 402 4407 est
427 4351 704 4408 manendi
726 4353 1047 4407 necessitas
1077 4351 1137 4406 in
1161 4368 1352 4407 carne.
1379 4352 1540 4420 Ecce,
1567 4369 1702 4407 cum
1725 4353 1956 4409 duobus

314 4445 658 4509 coarctetur,
692 4441 868 4496 habet
907 4440 1286 4512 cupiditatem
1336 4440 1647 4513 moriendi,
1680 4441 1855 4499 habet
1900 4447 1957 4499 et

2134 3281 2408 3354 Sequitur
2439 3301 2454 3340 :
2502 3284 2567 3340 Et
2592 3284 2691 3339 hoc
2717 3301 2753 3340 α
2783 3289 2924 3354 Deo,
2957 3289 3068 3342 etc.
3096 3304 3109 3342 :
3159 3286 3220 3342 id
3250 3291 3358 3356 est,
3391 3304 3427 3344 a
3456 3292 3572 3345 Deo
3595 3287 3709 3345 hoc

2063 3378 2357 3444 operatur,
2381 3377 2446 3428 ut
2475 3374 2634 3445 quod
2655 3373 2785 3430 aliis
2814 3378 2904 3430 est
2932 3374 3202 3447 perditio,
3223 3376 3388 3434 vobis
3414 3377 3495 3433 sit
3524 3377 3711 3435 salva-

2064 3460 2165 3517 tio.
2188 3465 2254 3517 In
2276 3462 2490 3533 quibus
2520 3462 2630 3519 hoc
2652 3464 2967 3535 operatur?
2996 3464 3061 3520 In
3090 3465 3276 3534 vobis,
3303 3466 3522 3538 quibus
3542 3467 3714 3526 dona-

2064 3557 2180 3605 tum
2200 3554 2298 3617 est,
2321 3553 2431 3605 etc.
2454 3553 2801 3624 Quanquam
2824 3553 3085 3610 studiose
3107 3554 3422 3627 Apostolus
3446 3556 3551 3612 Dei
3572 3573 3709 3630 gra-

2064 3637 2207 3694 tiam
2238 3639 2296 3694 in
2327 3639 2603 3696 omnibus
2625 3640 2881 3711 extollat,
2907 3643 2978 3698 ad
3008 3641 3244 3700 laudem
3264 3648 3462 3701 tamen
3483 3645 3706 3719 Philip-

2063 3725 2335 3796 pensium
2388 3727 2659 3798 pertinet,
2691 3729 2848 3800 quod
2897 3729 3061 3802 dicit,
3094 3748 3129 3786 a
3178 3731 3293 3789 Deo
3340 3737 3512 3790 Patre
3549 3733 3708 3806 .ipsis

2065 3813 2348 3869 donatum
2381 3819 2444 3870 ut
2473 3817 2712 3872 credant
2739 3821 2797 3873 et
2825 3818 3125 3890 patiantur
3147 3837 3248 3892 pro
3281 3821 3494 3879 Christo
3527 3841 3557 3888 ε,
3589 3839 3706 3880 non

2065 3903 2222 3959 enim
2240 3903 2347 3960 hoc
2363 3905 2628 3962 concedit
2643 3911 2744 3962 aut
2755 3907 3075 3975 donat,nisi
3094 3911 3455 3970 amatoribus
3467 3911 3708 3983 Christi,

2066 4009 2215 4064 quos
2243 3994 2368 4066 ipse
2389 4011 2584 4051 amare
2615 4011 2677 4052 se
2704 3996 2855 4052 fecit.
2881 3997 3027 4053 Nam
3058 3997 3231 4056 multi
3255 4000 3474 4058 habent
3505 4002 3707 4069 ﬁdem,

2066 4083 2164 4137 sed
2193 4100 2307 4138 non
2333 4087 2557 4140 tantam
2580 4089 2645 4140 ut
2664 4090 2904 4158 possent
2929 4087 3047 4159 pati
3076 4104 3180 4160 pro
3203 4089 3452 4147 Christo.
3477 4091 3548 4147 Et
3571 4092 3711 4163 quia

2065 4175 2288 4230 dixerat
2302 4173 2386 4229 eis
2398 4173 2595 4231 datam
2614 4179 2678 4231 ut
2693 4175 2990 4247 patiantur
3006 4193 3110 4250 pro
3123 4178 3509 4252 Christo,subj
3519 4181 3704 4254 unxit,

2063 4266 2358 4320 certamen.

2135 4352 2443 4424 Sequitur:
2477 4352 2625 4408 Idem
2651 4361 2942 4425 certamen,
2971 4360 3082 4413 etc.
3109 4372 3122 4411 :
3157 4356 3216 4413 id
3245 4361 3355 4426 est,
3382 4357 3516 4416 nolo
3549 4359 3710 4417 hunc

2063 4441 2343 4514 ignoretis
2374 4457 2619 4513 agonem
2651 4459 2665 4510 ;
2714 4442 2838 4514 ipse
2887 4446 2978 4499 est
3022 4461 3198 4516 quem
3237 4445 3467 4504 vidistis
3496 4447 3558 4503 in
3589 4465 3707 4516 me,

311 4531 716 4587 necessitatem
736 4529 793 4584 in
813 4546 985 4585 carne
1003 4529 1355 4584 manendi.O
1375 4534 1661 4602 quantum
1680 4532 1951 4587 affectum
1986 4552 2031 4616 Β
2062 4531 2150 4586 vel
2182 4529 2430 4586 audistis
2460 4547 2530 4586 ex
2567 4547 2660 4586 me
2688 4555 2703 4600 ;
2751 4531 2809 4586 id
2842 4536 2950 4601 est,
2982 4549 3198 4604 carcer,
3230 4540 3463 4604 catenas,
3497 4536 3706 4610 ﬂagra,

311 4619 640 4676 dilectionis
662 4619 867 4674 habuit
895 4619 1005 4674 iste
1027 4635 1164 4691 erga
1183 4619 1482 4674 credentes
1505 4619 1516 4673 l
1542 4619 1650 4682 Qui
1673 4637 1775 4691 pro
1796 4620 1949 4693 aliis,

312 4727 426 4766 non
449 4711 601 4782 quod
635 4710 746 4765 sibi
770 4709 1079 4780 optimum,
1104 4709 1205 4764 sed
1235 4709 1388 4780 quod
1415 4710 1808 4765 necessarium
1832 4716 1954 4767 erat

309 4799 460 4866 aliis,
487 4799 677 4871 elegit,
702 4799 946 4854 dicendo
973 4815 985 4853 :
1018 4807 1068 4854 et
1097 4783 1194 4854 hoc
1213 4798 1507 4869 conﬁdens,
1531 4803 1638 4854 etc.
1665 4799 1802 4863 Quis
1835 4817 1950 4856 non

306 4889 462 4944 tertii
493 4889 619 4943 coeli
652 4887 900 4958 cupidus
931 4887 1254 4959 despiceret
1277 4890 1548 4943 terrena?
1578 4888 1718 4952 Quis
1747 4889 1951 4946 avidus

307 4977 565 5052 paradisi
589 4994 704 5031 non
727 4976 845 5030 hmc
865 4976 1062 5031 omnia
1083 4978 1420 5048 sperneret?
1441 4977 1580 5041 Quis
1603 4994 1950 5033 arcanorum

304 5069 614 5126 verborum
651 5083 874 5121 memor
904 5083 1018 5121 non
1053 5070 1450 5121 contemneret
1481 5067 1804 5121 humanum
1827 5066 1950 5122 elo-

307 5157 554 5231 quium?
587 5157 726 5220 Quis
759 5158 816 5210 in
859 5159 944 5210 tot
973 5155 1475 5226 persecutionibus
1507 5156 1802 5211 desudans
1834 5173 1949 5212 non

305 5245 542 5319 eligeret
573 5245 834 5318 requiem
857 5244 883 5299 ‘2
914 5244 1025 5299 Sed
1070 5245 1209 5316 quia
1263 5244 1548 5299 charitem
1595 5245 1946 5316 anteposuit,

305 5334 413 5391 hoc
443 5335 637 5407 elegit,
663 5335 817 5407 quod
849 5334 1154 5406 proﬁceret
1183 5333 1336 5400 aliis,
1363 5333 1608 5389 dicendo
1633 5349 1644 5388 :
1678 5336 1787 5391 scio
1818 5333 1949 5406 quia

303 5565 318 5620 1
374 5493 788 5616 (116tl)Verba,
849 5498 901 5550 et
951 5496 1067 5550 si...
1131 5493 1396 5563 Christus,
1458 5492 1518 5550 in
1579 5494 1697 5551 imo
1757 5511 1942 5570 marg.

327 5580 476 5620 enim
513 5581 600 5618 ΠΡ.

327 5580 600 5634 aguntur.

372 5636 553 5706 (1162)
584 5635 684 5689 Vel
721 5639 861 5691 forte
891 5637 1229 5692 deterritum.

2062 4623 2118 4673 et
2163 4624 2366 4674 caetera
2413 4619 2572 4677 talia.
2605 4620 2686 4675 De
2729 4636 2794 4676 eo
2844 4623 2999 4692 quod
3049 4622 3163 4679 alia
3207 4624 3492 4696 viderant,
3525 4625 3584 4682 id
3616 4631 3706 4684 est

2061 4709 2213 4779 apud
2247 4725 2329 4773 se,
2363 4713 2418 4764 et
2446 4707 2560 4764 alia
2589 4709 2917 4780 audierant,
2949 4711 3008 4766 id
3051 4718 3161 4784 est,
3195 4729 3323 4785 quae
3351 4714 3440 4772 vel
3470 4715 3704 4773 Jeroso-

2055 4796 2232 4869 lymis
2261 4796 2350 4852 vel
2395 4797 2585 4852 Romae
2618 4798 2954 4870 pertulerat.

2132 4885 2287 4956 (CAP.
2323 4884 2416 4956 II.)
2447 4887 2765 4958 Sequitur:
2822 4888 2884 4944 Si
2928 4905 3035 4961 qua
3077 4905 3201 4962 ergo
3239 4893 3559 4963 consolatio,
3592 4898 3699 4950 etc.

2132 4979 2209 5030 De
2220 4992 2285 5030 eo
2300 4976 2448 5047 quod
2473 4977 2654 5048 petitu
2664 4994 2762 5033 rus
2775 4977 3218 5048 beneﬁcium,ut
3228 4982 3512 5054 gaudium
3527 5000 3699 5039 suum

2060 5064 2390 5136 impleatur,
2410 5066 2565 5137 quod
2590 5069 2697 5134 est,
2723 5067 2878 5121 idem
2900 5068 3152 5140 sapiant,
3171 5073 3229 5125 et
3251 5071 3307 5125 in
3333 5071 3494 5128 nullo
3519 5073 3591 5129 ab
3619 5074 3704 5129 in-

2055 5153 2242 5209 vicem
2274 5155 2622 5226 discrepent,
2655 5157 2825 5228 quasi
2864 5156 3147 5214 rationem
3179 5160 3522 5231 meritorum
3555 5179 3700 5235 prae-

2058 5243 2256 5314 mittit,
2291 5243 2504 5316 quibus
2535 5245 2810 5316 impetret
2839 5247 2995 5318 quod
3025 5247 3230 5320 poscit.
3261 5249 3538 5308 Rationes
3567 5268 3701 5307 vero

2059 5333 2401 5390 meritorum
2427 5338 2598 5404 sunt;
2626 5334 2766 5407 quia
2785 5335 3045 5393 advocati
3066 5337 3127 5393 in
3148 5337 3376 5397 Christo
3397 5340 3707 5398 consolan-

2126 5492 2310 5637 (1163;
2342 5496 2502 5562 Quod
2535 5496 2865 5552 desiderium
2899 5497 2952 5554 in
2995 5498 3154 5566 Vulg.
3190 5499 3302 5576 leg.
3347 5523 3364 5558 ‹.

2126 5565 2284 5632 (1164
2335 5566 2505 5637 Vulg.
2539 5570 2707 5626 multo
2741 5572 2925 5637 magis
2959 5574 3172 5629 melius.

2125 5565 2307 5637 (1164)
2335 5566 2505 5639 Vulg.
2539 5570 2707 5626 multo
2741 5572 2925 5648 magis
2959 5574 3172 5629 melius.
