4014 6172
349 262 468 320 599

1369 215 1706 322 ATTCNIS
1751 261 2336 323 VERCELLENSIS
2383 261 2738 324 EPISGOPI

3640 261 3770 326 600

419 393 692 464 Sequitur
721 409 734 448 :
775 393 968 449 Videte
996 395 1354 448 concisionem
1386 391 1744 463 (1182).Quid
1768 397 1858 447 est
1878 408 1984 446 con
2014 395 2070 460 Α
2171 394 2446 465 Sequitur
2477 411 2490 449 :
2525 393 2588 448 Si
2632 409 2735 464 quo
2785 393 2943 449 modo
2988 409 3300 462 occurram,
3331 397 3442 449 etc.
3475 409 3492 448 :
3525 394 3600 449 ad
3633 409 3772 466 per-

350 482 632 549 cisio,nisi
665 483 972 553 praecisio“?
1019 487 1127 537 Eos
1177 483 1332 536 enim
1380 481 1666 553 designat,
1702 481 1799 551 qui
1847 479 1994 535 invi-

352 571 552 624 dentes
583 571 874 642 gentibus,
905 572 1185 643 pravitate
1215 571 1581 642 eloquiorum
1609 560 1850 624 suorum
1869 587 1996 641 per-

351 663 646 713 verterant
677 658 932 722 Galatas,
968 661 1282 715 suadentes
1312 659 1998 725 circumcisionem.Quos

349 747 496 802 bene
526 763 682 803 canes
708 753 892 816 vocat,
926 749 1022 820 qui
1057 749 1312 820 primum
1347 749 1586 819 latrant,
1607 749 1822 803 deinde
1845 766 1997 804 mor-

351 853 423 892 su
457 854 602 891 saevo
635 837 892 892 lacerant
920 853 1174 892 carnem.
1309 843 1314 856 '
1348 831 1356 844 “

423 927 699 996 Sequitur
732 945 744 981 :
778 931 886 984 Nos
916 929 1066 982 enim
1084 944 1270 982 sumus
1289 927 1761 996 circumcisio,qui
1777 929 2005 997 spiritui

277 1087 279 1092 ι
354 1015 451 1069 Dei
498 1016 678 1085 (1183)
725 1019 1009 1070 servimus.
1065 1016 1145 1070 De
1191 1032 1258 1070 eo
1310 1016 1464 1084 quod
1523 1015 1737 1070 Christi
1797 1016 2001 1070 famuli

357 1104 782 1159 circumcidunt
811 1123 1016 1160 omnes
1046 1122 1256 1160 sensus
1287 1121 1444 1159 suos.
1477 1107 1554 1158 Ac
1585 1104 1634 1158 si
1667 1105 1856 1159 dicat:
1883 1105 2004 1159 Cir-

356 1193 752 1248 cumcidimus
781 1194 934 1249 enim
959 1211 1130 1248 omne
1161 1193 1380 1248 malum
1404 1210 1437 1247 a
1461 1193 1736 1248 cordibus
1769 1194 2003 1249 nostris:

361 1281 448 1336 illi
483 1287 676 1338 autem
711 1283 888 1338 unius
920 1282 1166 1337 membri
1188 1283 1462 1337 auferunt
1493 1281 1724 1352 pellem.

434 1372 708 1442 Sequitur
741 1389 754 1426 :
787 1376 861 1426 Et
887 1373 1209 1440 gloriamur.
1259 1371 1532 1442 Nunquid
1566 1371 1626 1424 in
1655 1371 1822 1443 lege?
1861 1372 2008 1429 Non.

354 1461 470 1516 Sed
504 1461 560 1514 in
595 1459 824 1515 Christo
852 1461 1015 1527 Jesu,
1063 1465 1112 1514 et
1153 1477 1263 1514 non
1311 1462 1366 1514 in
1417 1476 1583 1514 carne
1624 1460 1882 1528 ﬁduciam
1911 1461 2012 1514 ha-

371 1551 581 1605 bentes:
595 1549 650 1603 id
683 1553 913 1617 est,non
942 1549 1228 1604 habemus
1259 1565 1422 1620 spem
1445 1549 1502 1602 in
1525 1549 1742 1604 carnali
1765 1549 2012 1604 circum-

374 1633 611 1704 cisione,
645 1639 800 1693 sicut
827 1638 931 1704 illi,
962 1639 1058 1708 qui
1089 1638 1146 1691 in
1180 1654 1247 1692 ea
1271 1637 1650 1692 salvationem
1683 1654 1852 1692 suam
1895 1637 2016 1693 col-

2107 484 2388 538 fectorum
2423 483 2906 538 resurrectionem
2961 482 3123 552 dicit,
3159 498 3276 538 non
3325 483 3618 538 malorum
3669 499 3773 538 so-

2108 572 2395 627 cietatem.
2441 572 2617 626 Docet
2645 571 2801 626 enim
2834 571 2988 642 quod
3023 571 3072 626 si
3105 571 3165 625 in
3197 571 3315 626 vita
3343 572 3485 626 socii
3536 573 3776 644 passio-

2110 662 2201 716 nis
2230 661 2602 728 fuerimus,in
2635 659 3062 716 resurrectione
3084 660 3238 716 obvii
3269 661 3514 717 Domino
3549 662 3779 716 erimus

2110 749 2184 820 (ΙΙ
2212 748 2330 804 Cor.
2367 767 2403 814 ι,
2443 750 2511 818 7ς,
2541 749 2869 820 [Thess.1v,
2909 750 3015 808 16).

2181 838 2500 909 Sequitur:
2533 839 2648 894 Non
2699 838 2840 909 quod
2882 839 3006 910 jam
3055 841 3373 910 acceperim,
3418 841 3528 894 etc.
3579 840 3780 903 Quan-

2113 931 2240 982 tum
2289 927 2359 980 ad
2410 927 2838 998 perfectionem,
2891 943 3068 998 quam
3113 928 3170 982 in
3229 927 3336 982 hac
3385 927 3504 982 vita
3553 927 3782 982 habent

2115 1015 2323 1079 sancti,
2367 1015 2632 1088 pertinet,
2669 1015 2959 1088 perfectus
3007 1021 3132 1071 erat
3181 1015 3432 1084 Paulus;
3483 1021 3802 1088 quantum_

2117 1104 2187 1158 ad
2220 1105 2474 1158 futuram
2507 1103 2944 1176 perfectionem,
2993 1104 3391 1176 imperfectus.
3431 1105 3586 1159 Nam
3643 1104 3784 1173 quia

2118 1193 2453 1248 laudaverat
2492 1191 2918 1265 Philippenses,
2971 1209 3043 1248 ne
3090 1192 3174 1247 illi
3225 1197 3325 1248 aut
3379 1192 3782 1264 superbirent,

2120 1285 2222 1337 aut
2275 1281 2424 1354 pigri
2469 1286 2856 1348 remanerent,
2907 1280 3050 1336 dicit
3107 1298 3169 1337 se
3215 1280 3658 1352 imperfectum,
3721 1283 3780 1335 ut

2122 1387 2256 1426 cum
2289 1369 2397 1425 hoc
2429 1369 2718 1436 audirent,
2751 1370 3012 1426 dicerent
3043 1387 3056 1424 :
3091 1371 3150 1425 Si
3180 1369 3498 1442 Apostolus
3531 1386 3654 1424 non
3697 1373 3779 1425 est

2124 1459 2432 1531 perfectus,
2483 1459 2616 1530 quis
2665 1457 2974 1514 hominum
3024 1463 3213 1531 potest
3241 1459 3300 1514 in
3332 1457 3442 1513 hac
3485 1457 3612 1514 vita
3661 1474 3780 1513 esse

2127 1547 2418 1618 perfectus
2433 1547 2462 1600 ‘I

2200 1633 2266 1690 Et
2288 1635 2417 1690 ideo
2449 1634 2750 1706 sequitur:
2776 1635 2982 1706 Sequor
3004 1644 3218 1706 autem,
3238 1638 3287 1690 si
3305 1634 3779 1708 comprehendam,

365 1727 578 1782 locant.
617 1727 684 1782 Et
713 1744 784 1782 ne
814 1728 1149 1782 viderentur
1180 1727 1251 1781 ob
1283 1727 1391 1782 hoc
1421 1727 1630 1794 dicere,
1675 1726 1842 1798 quasi
1889 1727 2012 1798 ipse
2043 1763 2091 1828 Β
2129 1729 2240 1780 etc.
2295 1726 2407 1779 Iste
2452 1723 2756 1778 ecclesiam
2802 1724 3017 1780 Christi
3063 1725 3374 1780 devastans
3399 1725 3782 1796 comprehen-

365 1833 480 1871 non
507 1815 810 1872 habuisset
839 1833 1074 1871 causam
1108 1815 1418 1895 gloriandi,
1453 1815 1754 1886 subjunxit
1783 1833 1794 1870 :
1827 1817 2009 1883 Quan-

362 1921 528 1976 quam
558 1914 608 1961 et
635 1921 748 1976 ego,
777 1911 884 1960 etc.
921 1923 932 1959 :
971 1905 1026 1959 id
1059 1911 1165 1976 est,
1193 1921 1432 1976 possum
1472 1911 1530 1960 et
1579 1904 1638 1958 in
1691 1921 1862 1960 carne
1892 1904 2018 1976 glo-

363 1993 527 2058 riari,
561 1994 610 2048 si
637 1993 784 2049 volo.

437 2084 619 2150 (118-4)
654 2082 929 2154 Sequitur
953 2101 965 2138 :
990 2082 1055 2138 Si
1081 2083 1205 2154 quis
1237 2083 1384 2137 alius
1409 2082 1626 2137 videtur
1648 2083 1706 2138 in
1726 2099 2019 2153 carn.e,ego

361 2173 704 2242 magis.Ecce
735 2173 924 2238 docet,
957 2181 1138 2242 quare
1171 2171 1228 2224 in
1263 2189 1432 2225 carne
1478 2171 1750 2226 fiduciam
1793 2172 1967 2227 habet
1999 2185 2012 2223 ε

355 2260 602 2329 scilicet,
653 2261 792 2331 quia
843 2261 1080 2316 Judaaus
1133 2265 1218 2314 est
1271 2259 1735 2330 circumcisione,
1785 2277 2018 2331 genere,

363 2349 541 2416 tribu,
576 2354 767 2420 gente,
797 2348 942 2420 lege,
997 2348 1502 2402 administratione
1547 2349 1606 2402 in
1657 2347 1780 2420 lege
1825 2350 2018 2405 studio

365 2438 614 2493 etiamet
647 2439 809 2505 vita;
867 2442 924 2492 et
956 2441 1152 2492 tamen
1191 2436 1311 2490 haec
1358 2437 1555 2491 omnia
1601 2437 1882 2493 damnum
1931 2438 2020 2494 sib

367 2543 495 2582 esse
527 2526 665 2581 dicit
691 2532 925 2598 propter
953 2525 1268 2580 Christum.

431 2615 703 2686 Sequitur
734 2631 746 2670 :
784 2615 1149 2671 Circumcisus
1178 2619 1366 2669 octava
1393 2614 1500 2684 die,
1533 2619 1641 2669 etc.
1672 2613 1752 2669 De
1775 2630 1840 2670 eo
1861 2615 2016 2686 quod

371 2703 462 2758 his
493 2703 830 2759 manifestat
857 2704 1070 2771 verbis,
1105 2719 1282 2774 quare
1317 2703 1374 2756 in
1409 2719 1578 2758 carne
1613 2703 1800 2775 magis
1841 2720 2018 2774 quam

369 2794 558 2848 caeteri
591 2793 844 2864 potuerit
873 2792 1342 2864 gloriari:qui,ut
1375 2792 1707 2847 ostenderet
1729 2797 2016 2863 quantum

269 2955 274 2960 ‘
375 2882 638 2938 studium
670 2898 806 2953 erga
833 2882 1201 2936 Judaismum
1233 2880 1524 2958 habuerit,
1560 2880 1699 2936 dicit
1729 2897 1790 2935 se
1824 2880 2018 2936 Eccle-

375 2971 521 3028 siam
553 2971 650 3026 Dei
683 2975 1080 3043 persecutum,
1112 2975 1170 3025 et
1199 2969 1325 3025 sine
1356 2961 1590 3040 querela
1617 2969 1676 3024 in
1708 2968 1834 3041 lege
1882 2987 2016 3024 con-

368 3065 683 3116 versatum.
716 3061 824 3114 Sed
857 3076 982 3130 qua:
1014 3059 1176 3131 prius
1202 3058 1429 3113 lucrum
1463 3058 1699 3129 credidi,
1734 3059 2018 3114 damnum

2129 1829 2232 1894 sus
2264 1818 2373 1880 est,
2405 1813 2639 1884 quando
2669 1812 2728 1866 in
2758 1813 2850 1867 via
2875 1815 3148 1885 apparuit
3175 1813 3226 1869 ei
3255 1813 3428 1870 Jesus
3449 1813 3771 1883 (lct.1x,3).

2128 1902 2276 1958 Nota
2307 1903 2460 1973 quod
2495 1918 2608 1957 non
2641 1901 2918 1957 omnibus
2947 1902 3320 1974 passionibus
3361 1903 3492 1958 suis
3521 1903 3772 1958 Christus

2129 1991 2396 2046 liberavit
2441 2007 2646 2046 omnes
2693 1995 3028 2062 sequentes,
3061 1995 3118 2046 et
3164 1991 3608 2063 quodammodo
3633 2007 3772 2046 com-

2129 2079 2436 2153 prehendit
2471 2079 2775 2135 universos
2823 2096 2884 2136 se
2933 2085 3264 2152 sequentes.
3321 2080 3421 2136 llle
3472 2096 3644 2152 ergo,
3697 2081 3782 2152 qui

2129 2169 2392 2241 sequitur
2441 2167 2762 2239 Christum,
2794 2173 2852 2224 et
2879 2169 3372 2242 comprehendere
3411 2169 3544 2226 vult
3593 2170 3788 2226 Chris-

2127 2262 2276 2328 tum,
2307 2257 2368 2312 in
2399 2257 2673 2314 omnibus
2703 2258 3080 2329 passionibus
3111 2258 3236 2314 suis
3265 2259 3434 2331 sequi
3467 2257 3650 2315 illum
3705 2259 3794 2346 de-

2129 2347 2244 2418 bet,
2277 2352 2343 2402 ut
2372 2346 2824 2418 comprehendat
2872 2345 3174 2404 Christum
3225 2349 3283 2402 in
3323 2364 3410 2419 eo,
3461 2347 3522 2402 in
3570 2345 3798 2420 quo’et

2130 2435 2587 2506 comprehensus
2625 2439 2713 2490 est
2743 2451 2778 2490 a
2805 2435 3055 2492 Christo.
3709 2467 3716 2478 ο

2199 2524 2386 2596 (1186)
2419 2524 2739 2596 Sequitur:
2775 2526 2895 2593 Ego
2941 2541 3028 2580 me
3077 2541 3188 2582 non
3233 2526 3493 2594 arbitror,
3539 2530 3658 2583 etc.
3715 2525 3802 2582 De

2129 2629 2195 2668 eo
2238 2614 2394 2684 quod
2445 2612 2716 2685 superius
2761 2612 2902 2669 dicit
2931 2630 2994 2670 se
3024 2631 3142 2670 non
3173 2614 3486 2688 accepisse,
3517 2631 3628 2672 nec
3665 2617 3798 2688 per-

2129 2703 2343 2758 fectum
2395 2717 2544 2770 esse,
2593 2704 2649 2756 et
2693 2717 2848 2756 nunc
2893 2717 3010 2758 non
3062 2703 3611 2774 comprehendisse;
3661 2702 3803 2776 quia

2130 2795 2418 2863 quantum
2450 2789 2520 2846 ad
2551 2789 2966 2862 perfectionem
2997 2792 3204 2848 futura:
3237 2792 3364 2848 vita:
3409 2791 3659 2863 attinet,
3693 2793 3800 2848 im-

2129 2880 2418 2952 perfectus
2447 2883 2884 2950 erat,quantum
2909 2880 2980 2934 ad
3005 2881 3500 2954 comparationem
3537 2881 3804 2937 aliorum

2129 2970 2188 3024 in
2241 2986 2412 3024 carne
2459 2969 2780 3025 viventium
2830 2969 3089 3042 respicit,
3138 2971 3436 3043 perfectus
3485 2975 3634 3027 erat.
3695 2969 3802 3028 Sed

2129 3056 2347 3113 dicitse
2369 3057 2437 3112 ad
2460 3055 2794 3128 exemplum
2813 3057 3136 3130 saggitlarii
3157 3059 3228 3114 ad
3255 3058 3628 3132 propositum
3653 3063 3720 3115 et
3737 3059 3804 3114 ad

370 3149 512 3204 mihi
547 3149 732 3203 facere
761 3147 1014 3203 intellexi
1051 3164 1061 3202 :
1096 3153 1151 3202 et
1184 3147 1323 3218 quia
1349 3147 1450 3202 illa
1469 3146 1579 3202 hoc
1609 3151 1867 3220 tempore
1899 3164 2014 3203 non
2047 3132 2090 3199 C
2136 3147 2371 3220 signum
2390 3145 2586 3217 jacula
2607 3145 2955 3219 dirigere,ne
2979 3148 3193 3219 sagitta
3211 3149 3282 3203 ad
3307 3147 3556 3204 alteram
3575 3155 3804 3221 partem

371 3237 559 3294 valere
589 3237 914 3309 recognovi,
957 3237 1084 3291 ideo
1133 3241 1416 3314 tanquam
1463 3235 1793 3290 detrimenta
1839 3236 2022 3292 habeo

378 3327 574 3382 omnia
593 3325 691 3380 illa
719 3325 854 3380 vilia
885 3330 1120 3396 propter
1147 3324 1464 3389 Christum,
1489 3323 1702 3396 quibus
1745 3325 2023 3396 putabam

379 3431 471 3469 me
501 3415 680 3469 vitam
713 3415 1016 3484 acquirere
1051 3430 1063 3466 :
1101 3413 1220 3468 haec
1251 3417 1486 3484 pr0pter
1533 3411 1850 3481 Christum,
1898 3417 2028 3468 tan-

379 3519 556 3574 quam
589 3502 1026 3572 impedimenta,
1062 3501 1277 3572 abjeci;
1324 3509 1374 3555 et
1418 3501 1660 3555 arbitror
1687 3505 1748 3554 ut
1773 3504 2029 3572 stercora,

378 3596 437 3646 ut
469 3590 744 3646 Christum
776 3591 1142 3659 lucri/“ariam.
1179 3589 1326 3652 Quid
1361 3593 1468 3654 est,
1501 3589 1918 3644 detrimentum
1951 3591 2034 3645 fe-

382 3680 456 3743 ci,
491 3679 604 3735 nisi
635 3679 1004 3733 detrimentis
1033 3675 1276 3732 eﬂ‘ectus
1308 3677 1490 3746 (1185)
1521 3677 1700 3731 sum?

453 3767 722 3838 Sequitur
757 3784 768 3820 :
801 3769 866 3821 Et
895 3767 1147 3820 inveniar
1194 3767 1255 3820 in
1302 3766 1418 3831 illo,
1451 3764 1508 3818 id
1549 3769 1658 3830 est,
1691 3765 1749 3818 in
1781 3765 2029 3834 Christo,

391 3871 500 3910 non
547 3856 746 3912 habens
791 3872 970 3910 meam
1010 3855 1308 3926 justitiam,
1361 3855 1416 3908 id
1477 3857 1585 3921 est,
1638 3853 1816 3926 legis;
1869 3855 2033 3926 quasi

383 3945 542 4000 dicat
592 3961 604 3998 :
654 3944 894 3999 Justitia
943 3959 1072 3998 mea
1131 3947 1254 3998 erat
1301 3958 1432 3996 cum
1485 3957 1614 3996 meo
1664 3946 1904 4010 conatu;
1939 3959 2041 4015 per

390 4050 563 4106 opera
583 4032 738 4105 legis
771 4033 885 4087 Deo
918 4047 1010 4086 me
1041 4047 1210 4102 posse
1243 4031 1466 4102 placere
1496 4031 1823 4086 credebam.

364 4157 380 4166 -
453 4123 730 4194 Sequitur
761 4140 773 4176 :
809 4122 910 4177 Sed
949 4138 1090 4186 eam,
1127 4135 1250 4192 qua
1278 4137 1346 4175 ex
1373 4119 1479 4190 ﬁde
1507 4124 1587 4174 est
1623 4121 1748 4176 Iesu
1793 4120 2040 4184 Christi;

387 4211 536 4267 hanc
560 4210 878 4281 justitiam,
924 4226 1052 4281 quae
1097 4227 1164 4265 ex
1209 4209 1320 4263 ﬁde
1370 4212 1458 4264 est
1499 4208 1733 4275 Christi,
1766 4226 1884 4264 non
1915 4227 2042 4281 quae

389 4319 457 4356 ex
487 4299 762 4371 operibus
789 4298 953 4370 legis.

464 4391 550 4444 Ad
585 4387 724 4459 quid
759 4385 1166 4458 haecjustitia?
1195 4386 1507 4457 Sequitur:
1541 4386 1617 4440 Ad
1644 4389 2040 4456 agnoscendum

2136 3235 2434 3292 declinans
2464 3233 2801 3307 imperitum
2835 3237 3106 3291 ostendat
3147 3236 3543 3310 sagittarium.
3576 3236 3808 3293 Asserit

2138 3342 2200 3380 se
2265 3323 2691 3396 przeteritorum
2750 3323 3034 3394 oblivisci,
3103 3329 3159 3380 et
3224 3326 3294 3380 ad
3353 3325 3552 3398 priora
3618 3326 3806 3397 (1187)

2139 3414 2404 3481 extendi;
2455 3429 2556 3484 per
2599 3429 2726 3484 quae
2775 3414 2944 3468 docet
2991 3413 3282 3486 praterita
3329 3413 3724 3488 negligenda,
3755 3417 3810 3470 et

2143 3504 2339 3558 futura
2369 3503 2682 3574 quaerenda
2711 3517 2726 3556 :
2762 3507 2828 3558 ut
2857 3503 3010 3574 quod
3057 3503 3228 3560 hodie
3271 3503 3596 3576 perfectum
3627 3507 3811 3576 puta—

2141 3591 2256 3659 vit;
2291 3590 2801 3663 proﬁciendo,cras
2826 3589 3156 3646 inveniatur
3185 3591 3628 3664 imperfectum;
3673 3609 3814 3664 qua-

2145 3685 2319 3736 tenus
2351 3697 2464 3734 non
2497 3679 2556 3733 in
2587 3679 2857 3746 statione,
2890 3680 2990 3735 sed
3045 3679 3102 3734 in
3155 3697 3330 3736 cursu
3363 3687 3810 3754 permanentes,

2149 3768 2220 3823 ad
2253 3768 2564 3839 perfectam
2587 3767 2882 3838 justitiam
2915 3768 3241 3824 veniamus.

2219 3856 2301 3912 De
2328 3873 2395 3912 eo
2427 3856 2580 3928 quod
2613 3855 2733 3911 haec
2764 3855 3065 3911 audientes
3095 3854 3502 3928 Philippenses
3533 3860 3813 3928 poterant

2151 3945 2339 4000 dicere
2369 3962 2382 4000 :
2417 3944 2476 4000 Si
2509 3944 2698 4000 adhuc
2731 3943 3044 4016 Apostolus
3073 3944 3483 4018 imperfectum
3533 3962 3600 4000 se
3643 3937 3812 4026 ³ξῇἱῐ,

2151 4039 2370 4105 quanto
2403 4033 2590 4106 magis
2622 4049 2727 4087 nos
2759 4049 2966 4088 sumus
2995 4016 3360 4106 imperfecti?
3389 4033 3526 4090 ldeo
3575 4050 3638 4088 se
3669 4016 3806 4088 dicit

2153 4123 2357 4178 multis
2385 4121 2864 4178 tribulationibus
2885 4121 3170 4178 afﬂictum
3193 4139 3306 4177 non
3329 4121 3800 4194 compr‘ehendis-

2153 4213 2380 4283 se,quia
2408 4211 2600 4267 adhuc
2624 4210 2869 4278 vivebat;
2905 4211 3182 4283 quoniam
3203 4226 3414 4283 magna
3428 4207 3800 4284 participatio

2153 4306 2242 4356 est
2270 4300 2633 4372 passionum,
2667 4299 2813 4354 mori
2845 4316 2947 4372 pro
2979 4299 3240 4368 Christo;
3263 4305 3319 4353 et
3349 4299 3492 4370 quia
3517 4300 3686 4364 vivit,
3715 4297 3802 4352 di-

2153 4391 2230 4445 cit
2256 4405 2317 4445 se
2351 4405 2464 4445 non
2495 4389 3028 4460 comprehendisse.
3061 4387 3142 4443 De
3171 4403 3236 4444 eo
3278 4387 3432 4459 quod
3485 4403 3594 4459 per
3639 4405 3808 4444 unum

393 4480 575 4544 illum,
629 4481 678 4532 et
725 4479 984 4532 virtutem
1035 4477 1451 4530 resurrectionis
1498 4476 1646 4546 ejus;
1699 4475 1756 4530 id
1816 4481 1922 4542 est,
1981 4481 2044 4531 ut
2075 4492 2121 4556 D
2155 4477 2531 4548 intelligenda
2557 4481 2697 4531 sunt
2726 4475 3073 4548 temporalia
3101 4479 3329 4540 cuncta,
3370 4480 3429 4532 et
3459 4491 3566 4548 per
3593 4481 3812 4548 latura,

388 4583 700 4638 agnoscam
733 4569 979 4638 perfecte
1023 4563 1365 4619 beneﬁcium
1399 4563 1548 4632 ejus,
1580 4569 1636 4618 et
1680 4563 1796 4618 vim
1847 4581 2040 4620 resur-

391 4655 685 4720 rectionis,
719 4655 820 4725 qui
851 4655 980 4708 ideo
1015 4643 1346 4718 resurrexit,
1380 4657 1445 4705 ut
1492 4667 1599 4706 nos
1642 4667 2040 4724 resurgamus,

390 4753 440 4799 et
471 4746 776 4798 societatem
804 4744 1121 4813 passionum
1150 4742 1330 4797 illius.
1355 4740 1554 4795 Virtus
1579 4741 2042 4809 resurrectionis,

287 4853 298 4876 ι
394 4838 484 4890 est
515 4832 760 4888 societas
791 4831 1152 4902 passionum.
1203 4832 1271 4885 Et
1317 4830 1455 4902 quia
1504 4830 1779 4885 meritum
1818 4829 2042 4901 passio-

395 4940 537 4977 num
569 4927 658 4977 est
685 4919 1191 4987 resurrectio,idco
1223 4920 1368 4975 forte
1397 4918 1698 4990 praemissa
1727 4923 1816 4974 est
1846 4935 2045 4974 resur-

396 5012 594 5068 rectio.

394 5233 662 5288 sitionem
694 5233 846 5287 hanc
877 5229 1334 5304 desumptam,in
1358 5229 1492 5304 haec
1507 5229 1682 5304 verba
1710 5227 2044 5304 scil.,videte

395 5307 564 5357 mum
596 5305 896 5370 operarios,
931 5302 1009 5356 ita
1037 5299 1148 5372 legi
1182 5321 1194 5354 :
1231 5299 1323 5373 qui
1351 5299 1492 5373 quod
1519 5317 1615 5356 nos
1647 5301 1778 5356 bene
1797 5299 2041 5357 constru-

394 5379 578 5428 ximzzs
608 5377 880 5428 destruere
909 5379 1196 5428 conantur.

471 5447 650 5510 (11:47!)
681 5447 946 5500 Ambros.
982 5445 1156 5500 habet
1181 5444 1670 5498 circumcisionem.

467 5519 517 5585 (l
537 5517 652 5580 LM)
687 5515 849 5587 Vulg.
879 5517 1088 5587 Spiritu
1119 5518 1241 5571 Deo.

467 5588 648 5657 (1181)
685 5589 743 5642 [n
777 5586 1114 5658 autﬁmarg.
1141 5589 1232 5643 hic
1265 5587 1378 5658 leg.
1411 5601 1532 5656 cap.
1568 5586 1658 5640 XI.

2153 4565 2426 4638 appetitio
2456 4564 3116 4627 mternorumﬂuoniam
3148 4569 3300 4620 retro
3329 4568 3420 4622 est
3445 4565 3812 4639 omne,quod

2149 4655 2389 4720 transit;
2425 4655 2684 4708 futurum
2713 4659 2820 4720 est,
2849 4655 3005 4725 quod
3030 4654 3266 4710 veniens
3297 4658 3626 4726 permanet.

2223 4743 2500 4814 Sequitur
2531 4759 2543 4797 :
2573 4739 2651 4796 Ad
2679 4757 2742 4796 ea
2769 4759 2913 4808 vero,
2948 4759 3068 4814 qua:
3097 4747 3223 4797 sunt
3245 4745 3476 4813 priora,
3507 4743 3814 4800 extendens

2149 4834 2436 4904 meipsum,
2466 4836 2572 4887 etc.
2605 4836 2687 4885 Ac
2718 4832 2766 4886 si
2796 4832 2951 4886 dicat
2980 4849 2998 4885 :
3029 4833 3155 4886 Scio
3185 4831 3323 4904 quia
3370 4829 3430 4886 in
3475 4832 3653 4888 domo
3709 4833 3812 4888 Dei

2153 4921 2410 4993 quotidie
2441 4919 2701 4992 proficio,
2733 4923 2792 4974 et
2821 4919 3177 4991 praeteritum
3209 4919 3466 4976 laborem
3501 4937 3620 4975 non
3655 4937 3812 4976 com-

2151 5015 2388 5082 putans,
2419 5009 2493 5063 ad
2511 5007 2717 5080 priora
2745 5008 2974 5064 festino.
3027 5013 3120 5064 Est
3163 5009 3319 5074 enim
3367 5009 3689 5080 querentis
3719 5010 3810 5065 in-

2223 5223 2404 5292 (1185‘
2439 5222 2703 5278 Fortasse
2731 5221 2948 5292 eﬂectus
2995 5239 3136 5287 sum,
3185 5221 3406 5278 scilicet
3447 5221 3808 5280 detrimenta

2153 5295 2210 5349 in
2244 5309 2480 5366 corpore
2503 5292 2968 5349 sustinui.Aliter
2992 5293 3293 5348 obscurior
3320 5294 3588 5350 evaderet
3617 5293 3802 5350 inter-

2153 5369 2396 5438 pretatio
2430 5381 2606 5436 quam
2632 5368 2842 5420 textus.
2909 5434 2920 5438 _
2953 5435 2964 5438 _
3029 5434 3043 5438 _
3265 5425 3268 5428 ,

2249 5437 2406 5506 1186)
2439 5434 2502 5490 In
2534 5442 2652 5492 aut.
2689 5451 2874 5507 marg.
2909 5434 3003 5489 hic
3029 5434 3140 5507 leg.
3171 5451 3300 5506 cap.
3333 5435 3446 5507 XIL.

2251 5505 2395 5562 1187
2413 5507 2591 5580 Vulg.
2614 5505 2911 5578 priora,7et
2941 5505 3177 5580 meliore
3217 5505 3480 5563 lectione.
3529 5507 3690 5572 Quod
3739 5508 3798 5562 et

2153 5579 2390 5636 inferior
2419 5578 2684 5652 repetitio
2715 5584 2902 5636 textus
2932 5578 3220 5650 probabit.
