4026 6168
248 292 352 363 601

754 292 1165 355 EXPOSITIO
1208 294 1282 354 IN
1334 292 1761 355 EPISTULAS
1807 292 2065 355 PAULI.
2104 323 2179 336 —
2210 291 2283 350 IN
2331 290 2579 353 EPIST.
2623 288 2725 349 AD
2769 284 3105 348 PHILIPP.

3370 250 3373 255 ’
3476 280 3627 341 602

249 423 437 491 tentio,
472 420 653 479 donec
682 424 1155 497 apprehendatur
1186 425 1352 492 illud,
1384 443 1498 498 quo
1549 427 1873 482 tendimus.
1907 429 1957 492 Α
1991 424 2091 496 qui
2122 424 2446 480 cruciatum
2477 440 2736 496 corporis
2767 422 2826 477 in
2857 418 3059 492 epulas
3090 422 3147 473 et
3166 415 3456 472 luxuriam
3487 432 3627 471 con-

246 513 347 567 Sed
370 528 434 566 ea
464 517 551 566 est
584 521 739 567 recta
771 512 1034 579 intentio,
1080 531 1204 585 qua:
1257 513 1645 585 proﬁciscitur
1694 514 1877 583 (1188)
1984 518 2299 569 verterunt.

250 602 314 656 ad
348 602 543 656 tidem.
585 601 809 656 Certam
845 602 1000 657 enim
1035 603 1178 658 ﬁdes
1209 602 1443 658 inchoat
1464 603 1877 676 cognitionem,

248 706 365 761 quae
397 706 509 743 non
542 689 599 743 in
624 689 755 756 hac,
787 691 887 745 sed
920 690 977 744 in
1008 691 1108 746 illa
1135 692 1253 746 vita
1279 692 1634 763 perﬁcietur,
1668 690 1880 763 quando

245 778 557 845 videbimus,
584 783 692 833 etc.
717 780 767 850 (Ι
798 779 921 833 Cor.
948 798 1070 849 x111,
1106 781 1212 851 12).
1246 785 1364 835 Hoc
1396 797 1531 852 ergo
1555 781 1877 853 sapiamus,

244 867 644 922 utnoverimus
664 868 937 923 tutiorem
963 886 1091 924 esse
1112 870 1377 925 effectum
1404 887 1537 925 vera
1559 868 1877 941 quaerendi,

243 972 413 1028 quam
442 955 741 1027 incognita
770 974 872 1029 pro
905 958 1157 1030 cognitis
1178 959 1594 1029 praesumendi.
1626 959 1720 1014 Sic
1743 975 1879 1030 ergo

242 1061 568 1118 quaeramus
601 1046 769 1117 quasi
799 1046 1117 1115 inventuri,
1140 1052 1196 1103 et
1216 1048 1299 1103 sic
1322 1048 1689 1103 inveniamus
1711 1046 1878 1118 quasi

240 1133 572 1206 quaesituri:
607 1151 741 1189 cum
773 1136 930 1190 enim
965 1139 1462 1192 consummaverit
1493 1137 1687 1205 homo,
1739 1142 1879 1191 tunc

239 1222 455 1295 incipit.

305 1313 582 1384 Sequitur
615 1329 629 1366 :
666 1314 983 1385 Quicunque
1013 1331 1139 1383 ergo
1169 1316 1418 1385 perfecti,
1447 1318 1557 1369 etc.
1582 1313 1728 1378 Quid
1754 1330 1880 1369 sen-

239 1401 340 1456 tire
370 1401 675 1469 debemus,
709 1403 822 1457 nisi
856 1404 1226 1474 imperfectos
1258 1422 1364 1459 nos
1412 1420 1593 1475 essse,
1644 1407 1699 1458 et
1746 1420 1879 1458 nec-

238 1491 373 1545 dum
406 1489 973 1562 comprehendisse?
1022 1492 1131 1546 Sed
1188 1491 1299 1561 die,
1356 1492 1549 1560 Paule,
1590 1493 1878 1562 quomodo

238 1578 531 1651 perfectus
562 1584 618 1632 et
647 1579 1024 1650 imperfectus
1055 1581 1184 1636 sis?
1232 1582 1361 1637 Haec
1402 1588 1493 1637 est
1543 1582 1698 1637 enim
1746 1598 1881 1637 vera

237 1666 523 1738 sapientia
548 1666 825 1735 hominis,
852 1668 1257 1740 imperfectum
1282 1687 1343 1727 se
1366 1688 1494 1727 esse
1508 1687 1678 1727 nosse
1705 1689 1717 1726 :
1743 1688 1877 1727 nam

236 1760 578 1811 cunctorum
614 1761 950 1812 sanctorum
968 1757 1025 1811 in
1051 1774 1220 1814 carne
1248 1760 1585 1830 imperfecta
1606 1759 1879 1831 perfectio

231 1849 351 1913 est;
389 1845 535 1917 quia
565 1844 623 1899 in
655 1845 767 1901 ista
795 1846 914 1901 vita
963 1847 1216 1918 perfecta
1268 1846 1542 1921 perfectio
1590 1865 1717 1903 esse
1766 1865 1881 1903 non

232 1938 441 2005 potest,
474 1934 539 1988 iu
571 1950 687 2005 qua
716 1934 1078 2007 concupiscit
1098 1952 1232 1991 caro
1266 1938 1544 1993 adversus
1583 1937 1878 2007 spiritum.

229 2022 328 2077 Hic
354 2026 715 2094 praeceptum
743 2027 831 2079 est
861 2028 926 2077 ut
946 2023 1253 2080 desideriis
1272 2026 1490 2097 peccati
1518 2043 1631 2081 non
1654 2026 1880 2080 obedie-

230 2128 363 2167 mus
396 2128 410 2166 :
446 2110 534 2165 ibi
564 2111 674 2166 erit
699 2116 765 2166 ut
793 2112 1082 2168 desideria
1111 2114 1329 2184 peccati
1371 2131 1484 2169 non
1534 2114 1878 2169 habeamus.

230 2198 394 2257 lllam
427 2215 567 2254 vero
599 2200 913 2271 perfectam
946 2201 1362 2272 perfectionem
1394 2202 1603 2258 sitiens
1628 2202 1772 2257 dicit
1819 2219 1880 2257 se

236 2288 690 2359 imperfectum;
725 2293 783 2342 et
814 2305 1049 2344 rursum
1081 2290 1274 2345 sciens
1307 2308 1368 2346 se
1398 2308 1513 2347 non
1543 2291 1756 2347 habere
1782 2308 1880 2347 vo-

228 2376 524 2432 luntatem
552 2377 857 2449 peccandi,
889 2379 1157 2455 quamvis
1188 2385 1385 2451 peccet
1407 2380 1635 2449 nolens,
1658 2380 1798 2435 dicit
1818 2396 1880 2435 se

232 2467 583 2537 perfectum.
620 2456 917 2523 Perfectus
949 2472 1037 2523 est
1089 2467 1189 2541 qui
1223 2485 1394 2525 suam
1426 2486 1540 2525 non
1587 2469 1881 2525 erubescit

227 2554 758 2626 imperfectionem.

298 2644 626 2715 Sequitur:
659 2647 727 2700 Et
754 2645 807 2699 si
828 2646 963 2715 quid
994 2644 1163 2701 aliter
1190 2647 1405 2717 sapitis,
1440 2650 1546 2701 etc.
1568 2664 1581 2715 ;
1606 2647 1663 2701 id
1688 2651 1795 2713 est,
1828 2647 1880 2703 si

221 2731 451 2805 aliquid
486 2731 601 2787 alia
632 2733 853 2789 ratione
884 2733 1038 2790 Deus
1068 2734 1231 2791 vobis
1257 2734 1549 2802 revelavit,
1583 2740 1648 2791 ut
1670 2737 1740 2790 ad
1765 2736 1881 2792 cul-

215 2824 344 2876 tum
370 2812 637 2877 melioris
658 2822 1113 2879 conversationis
1135 2824 1434 2895 pertinens
1456 2824 1753 2897 cogitetis;
1778 2827 1880 2882 Dei

216 2909 475 2983 cogitate
507 2911 751 2981 donum,
788 2927 860 2968 ne
890 2912 1201 2967 inﬂemini.

294 3000 373 3054 Et
404 3016 483 3055 ne
515 2998 610 3054 hic
659 2999 908 3056 oriretur
959 3001 1360 3071 praesumptio,
1411 3005 1467 3056 et
1512 3005 1817 3073 putaretur
1847 3018 1881 3057 a

215 3086 333 3143 Deo
363 3087 695 3143 revelatum
729 3089 886 3160 quod
917 3105 1032 3144 non
1082 3093 1207 3144 erat
1260 3089 1388 3145 ideo
1438 3091 1732 3161 subjecit:
1785 3091 1877 3146 Ve-

2059 602 2363 674 Sequitur:
2398 605 2551 658 Nunc
2588 609 2779 657 autem
2838 611 2889 656 et
2947 602 3081 670 ﬂens
3125 598 3263 660 dico,
3316 600 3426 650 etc.
3479 593 3625 650 Nota

1987 698 2208 763 quanta
2236 692 2295 746 in
2328 708 2392 746 eo
2415 695 2538 746 erat
2563 691 2811 746 dilectio.
2838 690 2961 746 Non
2986 687 3175 743 solum
3201 701 3339 739 suos
3360 682 3625 752 instruit,

1988 782 2084 837 sed
2120 786 2422 836 extraneos
2455 780 2645 835 deflet.
2677 783 2721 834 A
2743 781 2911 851 cujus
2929 774 3321 833 sollicitudine
3343 773 3514 844 longe
3535 771 3625 826 di-

1988 876 2167 935 stant,
2199 871 2297 941 qui
2330 870 2455 925 suis
2486 869 2887 941 pereuntibus,
2919 867 3191 939 gaudent.

2059 962 2211 1026 Quos
2243 960 2415 1014 deﬂet
2436 958 2669 1029 exponit
2695 974 2707 1013 :
2734 959 3004 1021 inimicos,
3030 954 3240 1026 inquit,
3263 954 3438 1008 crucis
3463 951 3623 1006 Chri-

1985 1050 2076 1102 sti.
2110 1047 2196 1117 Hi,
2231 1048 2331 1119 qui
2363 1048 2686 1102 secundum
2719 1045 3114 1117 Evangelium,
3145 1042 3440 1098 Christum
3491 1056 3623 1095 nas-

1987 1136 2238 1204 sibilem,
2274 1141 2331 1191 et
2359 1134 2806 1207 impassibilem,
2836 1132 3410 1202 incircumscriptum
3442 1134 3499 1184 et
3538 1128 3625 1183 lo-

1987 1224 2486 1291 calem,aeternum
2507 1230 2564 1280 et
2586 1222 2963 1294 temporalem
2984 1238 3096 1276 non
3119 1220 3477 1291 intelligunt.
3502 1216 3624 1273 Ali-

1987 1317 2119 1369 ter:
2159 1314 2429 1368 lnimicos
2477 1313 2665 1368 crucis
2716 1311 2955 1377 Christi,
3012 1310 3111 1381 qui
3163 1313 3264 1363 aut
3324 1311 3621 1362 mortuum

1987 1419 2120 1457 eum
2153 1420 2267 1458 non
2299 1402 2563 1468 credunt,
2597 1406 2696 1456 aut
2725 1418 2937 1472 purum
2992 1398 3287 1454 hominem
3333 1413 3467 1452 eum
3518 1412 3623 1466 pu-

1987 1496 2179 1565 tantes
2206 1508 2356 1557 esse,
2391 1508 2619 1546 crucem
2652 1492 2780 1561 ejus
2809 1489 3096 1556 derident,
3129 1504 3255 1559 quae
3286 1485 3445 1541 salus
3478 1485 3627 1540 facta

1988 1584 2076 1637 est
2103 1580 2378 1635 hominis.
2742 1644 2751 1651 ~

2057 1670 2332 1741 Sequitur
2359 1687 2370 1725 :
2407 1671 2644 1738 Quorum
2670 1668 2797 1738 ﬁnis
2820 1669 3108 1723 interitus:
3132 1664 3189 1720 id
3212 1666 3323 1735 est,
3347 1661 3626 1718 falsorum

1989 1759 2405 1831 apostolorum,
2440 1764 2497 1814 et
2528 1757 2964 1825 haereticorum;
2988 1755 3127 1826 quia
3157 1759 3358 1810 sancto
3406 1750 3625 1823 Spiritu

1990 1854 2113 1903 erat
2152 1849 2427 1919 repletus,
2462 1848 2590 1902 ideo
2620 1851 2857 1901 noverat
2888 1844 3018 1901 illos
3067 1846 3535 1916 perseveraturos
3567 1840 3626 1893 in

1988 1938 2165 2005 malo,
2199 1938 2353 2008 quod
2384 1935 2513 1993 aliis
2545 1952 2716 1991 nosse
2748 1952 2863 1990 non
2896 1935 3070 1989 datur
3096 1949 3111 2000 ;
3135 1932 3381 2001 ideoque
3402 1927 3629 1984 occulta

1989 2042 2104 2081 non
2127 2026 2472 2096 judicemus.

2060 2114 2335 2186 Sequitur
2367 2133 2379 2169 :
2411 2116 2662 2185 Quorum
2691 2115 2832 2169 Deus
2862 2115 3065 2168 venter.
3098 2112 3285 2176 Quare
3313 2108 3467 2165 Deus
3496 2122 3631 2161 ven-

1990 2203 2121 2258 ter?
2152 2204 2297 2268 Quia
2327 2208 2561 2276 propter
2591 2204 2787 2258 cibum
2837 2200 3269 2274 praadicabant;
3313 2197 3432 2253 sive
3490 2195 3629 2267 quia

1988 2292 2173 2347 Deum
2203 2292 2473 2347 delectari
2506 2292 2563 2346 in
2594 2292 2857 2347 ciborum
2886 2290 3240 2345 mundorum
3263 2285 3628 2360 perceptione

1988 2381 2320 2436 credebant.
2357 2381 2611 2436 Gloriam
2668 2397 2802 2435 vero
2861 2378 3109 2439 dicimus
3172 2378 3226 2431 in
3285 2376 3624 2445 confusione,

1988 2470 2127 2541 quia
2158 2470 2215 2524 in
2248 2470 2538 2541 pudendis
2562 2468 2837 2525 membris
2868 2466 3290 2540 gloriabantur,
3323 2468 3379 2518 et
3408 2463 3477 2518 de
3507 2461 3625 2528 his,

1988 2561 2084 2630 qui
2110 2564 2327 2615 terrena
2353 2560 2593 2631 sapiunt,
2646 2558 2891 2629 ideoque
2944 2557 3005 2611 in
3054 2554 3272 2611 carnali
3321 2550 3627 2608 circumci-

1987 2648 2151 2704 sione
2184 2649 2501 2703 confidunt.
3124 2646 3135 2658 '
3468 2692 3469 2695 η

2059 2738 2333 2808 Sequitur
2365 2754 2377 2792 :
2409 2739 2603 2793 Nostra
2635 2740 2819 2791 autem
2846 2735 3203 2800 conversatio,
3228 2736 3336 2788 etc.
3360 2733 3439 2786 Ac
3466 2729 3515 2786 si
3545 2728 3629 2784 di-

1988 2831 2081 2882 cat
2114 2844 2126 2881 :
2161 2826 2203 2881 Ο
2234 2826 2654 2897 Philippenses,
2682 2829 2858 2879 tanta:
2891 2822 3126 2881 cautelae
3159 2821 3374 2892 fuistis,
3408 2825 3473 2875 ut
3512 2836 3627 2874 non

1988 2915 2117 2971 sitis
2144 2931 2177 2968 a
2208 2915 2372 2970 falsis
2389 2914 2639 2983 seducti,
2665 2915 2765 2968 sed
2794 2913 3101 2968 nobiscum
3125 2907 3546 2971 conversemini
3570 2910 3630 2963 in

1987 3002 2313 3058 ccelis.Nota
2334 3003 2487 3074 quod
2514 3002 2571 3056 in
2595 3018 2765 3057 carne
2788 3007 2894 3068 est,
2918 3000 3015 3071 qui
3038 3017 3100 3056 se
3121 2999 3261 3054 dicit
3280 2998 3546 3054 habitare
3567 2996 3627 3051 in

1991 3091 2171 3158 caelis,
2199 3091 2476 3162 quoniam
2497 3090 2676 3146 aliubi
2700 3091 3070 3146 detinebatur
3089 3103 3282 3156 carne,
3306 3086 3485 3143 aliubi
3508 3089 3631 3141 erat

211 3186 542 3234 rumtamen
572 3177 643 3232 ad
674 3178 815 3249 quod
842 3180 1111 3246 venimus,
1144 3184 1207 3232 ut
1236 3178 1381 3234 idem
1408 3182 1712 3251 sapiamus.
1761 3184 1881 3236 Hoc
1913 3162 1958 3232 (ἶ
1992 3184 2204 3235 mente.
2231 3180 2378 3235 Nota
2398 3180 2550 3251 quod
2574 3196 2685 3251 pax
2706 3178 2891 3250 (1191)
2915 3179 3028 3234 ista
3052 3194 3165 3234 non
3187 3183 3276 3233 est
3298 3175 3585 3232 malorum
3610 3191 3625 3243 ;

208 3271 328 3333 est,
368 3282 494 3320 non
527 3271 688 3321 extra
719 3266 981 3338 regulam
1026 3266 1349 3339 disciplinae
1406 3285 1609 3341 sapere
1648 3269 1707 3323 in
1740 3286 1877 3325 con-

200 3352 559 3409 versatione
589 3354 723 3409 ﬁdei
756 3373 769 3422 ;
797 3357 897 3411 sed
929 3355 1039 3411 hoc
1087 3372 1311 3427 sapere,
1364 3358 1519 3427 quod
1567 3374 1879 3414 commune

197 3444 310 3513 sit,
375 3447 439 3497 et
502 3442 839 3515 honestum,
898 3445 959 3499 in
1007 3446 1300 3517 Evangelii
1343 3446 1599 3503 veritate.
1649 3448 1875 3503 Aliter:

196 3533 271 3588 Et
303 3530 360 3586 si
396 3536 497 3586 est
529 3530 751 3604 aliquid
781 3533 853 3588 de
882 3533 992 3588 hoc
1032 3534 1184 3605 ipso,
1235 3535 1389 3605 quod
1440 3552 1544 3590 nos
1595 3536 1873 3607 diximus,

1987 3268 2117 3323 ideo
2140 3267 2452 3324 videndum
2477 3272 2567 3323 est
2591 3266 3443 3338 uttaliafaciamus,loquamur
3464 3269 3520 3319 et
3541 3281 3631 3319 co-

1987 3358 2264 3429 gitemus,
2294 3375 2418 3429 qua:
2450 3356 2530 3411 illi
2564 3361 2906 3429 congruant.

2058 3447 2335 3519 Sequitur
2366 3465 2378 3501 :
2418 3447 2563 3503 Unde
2589 3448 2775 3512 etiam,
2808 3450 2940 3511 etc.,
2974 3444 3030 3499 id
3062 3449 3169 3511 est,
3202 3445 3272 3500 de
3324 3443 3487 3500 cmlo.
3545 3444 3626 3499 lbi

1986 3536 2141 3591 enim
2174 3536 2453 3591 ascendit.
2488 3537 2627 3590 Inde
2668 3540 2981 3590 venturum
3031 3551 3164 3589 eum
3216 3534 3509 3589 credimus
3557 3533 3627 3589 ad

197 3620 368 3693 quod
406 3636 516 3676 vos
547 3620 717 3676 aliter
747 3621 1070 3693 accipiatis,
1113 3622 1378 3693 sapiatis,
1438 3629 1495 3679 et
1536 3623 1875 3697 intelligatis

195 3710 462 3766 concedi
520 3709 706 3764 vobis.
767 3711 914 3781 Ergo
973 3711 1073 3782 qui
1132 3712 1371 3783 perfecti
1417 3714 1582 3783 estis,
1640 3714 1870 3769 etiamsi

196 3798 349 3869 quid
385 3796 597 3853 minus
627 3797 881 3868 perfecte
910 3799 1139 3871 sapitis,
1171 3799 1475 3856 humiliter
1520 3808 1869 3874 exspectate,

195 3892 255 3944 et
286 3904 322 3943 a
361 3888 490 3942 Deo
521 3887 781 3958 poscite:
817 3888 943 3958 ipse
972 3888 1129 3943 enim
1162 3893 1353 3958 potest
1382 3889 1633 3944 revelare
1666 3892 1872 3946 ambu-

194 3975 506 4031 lantibus.
540 3975 611 4029 Et
639 3975 771 4030 ideo
802 3976 1005 4030 subdit
1037 3992 1050 4029 :
1090 3979 1480 4032 Verumtamen
1510 3981 1589 4033 ad
1636 3978 1693 4032 id
1734 3978 1873 4049 quod

187 4065 590 4137 pervenimus,
627 4068 687 4119 ut
716 4063 863 4119 idem
912 4065 1215 4133 sapiamus.
1259 4065 1407 4132 Quid
1458 4072 1548 4121 est
1595 4067 1665 4121 ad
1715 4068 1871 4139 quod

192 4152 647 4226 pervenimus?
692 4151 942 4224 Scilicet,
999 4158 1062 4209 ut
1108 4171 1235 4226 quae
1284 4160 1437 4210 retro
1487 4160 1627 4211 sunt
1673 4156 1876 4211 oblivi-

193 4248 468 4309 scentes,
504 4242 576 4296 ad
610 4240 805 4313 priora
832 4242 1167 4298 tendamus.
1198 4248 1318 4298 Hoc
1348 4242 1505 4298 enim
1536 4244 1631 4299 hic
1663 4244 1872 4316 repetit

194 4332 465 4389 dicendo
504 4347 518 4385 :
550 4332 613 4386 In
640 4346 700 4386 eo
729 4331 1089 4386 ambulemus.
1126 4333 1209 4387 Ita
1230 4331 1671 4388 ambulantibus
1712 4333 1867 4404 quod
1980 4332 2135 4387 enim
2167 4332 2279 4387 erit
2309 4332 2715 4403 conﬁguratio,
2751 4332 2984 4403 quando
3010 4329 3233 4386 similes
3262 4330 3446 4386 effecti
3476 4330 3624 4385 vide-

195 4421 369 4477 deest
402 4417 728 4475 reveletur.
1980 4421 2154 4475 bimus
2184 4437 2306 4476 eum
2335 4423 2501 4476 sicuti
2529 4430 2612 4476 est
2642 4420 2686 4492 (I
2711 4423 2868 4477 Joan.
2893 4438 2976 4487 III,
3007 4420 3082 4491 2).

261 4509 472 4582 (1089)
506 4507 834 4579 Sequitur:
896 4508 1198 4563 Imitatores
1255 4509 1365 4563 mei
1410 4510 1597 4573 estote,
1648 4506 1706 4563 id
1752 4511 1860 4579 est,
1895 4527 1946 4594 Β
2050 4510 2508 4582 Sequitur(CAp.
2536 4510 2904 4581 1V.):ltaque,
2927 4512 3134 4580 fratres
3153 4510 3266 4564 mei
3293 4509 3623 4575 charissimi,

192 4595 475 4668 illorum,
513 4612 640 4667 qua:
671 4611 800 4667 ago,
832 4594 920 4651 vel
951 4596 1154 4651 doceo.
1502 4636 1505 4637 ν
1981 4605 2177 4655 etc.De
2195 4616 2259 4655 eo
2274 4601 2430 4673 quod
2451 4599 2543 4655 his
2555 4599 2746 4655 verbis
2760 4603 3108 4668 commonet,
3132 4607 3199 4653 ut
3214 4598 3272 4653 in
3286 4598 3490 4654 eadem
3511 4599 3626 4655 ﬁde

263 4685 609 4757 Sequitur:
642 4684 706 4737 Et
735 4683 1009 4738 observate
1035 4699 1144 4751 eos,
1179 4689 1290 4740 etc.
1322 4685 1405 4741 De
1450 4702 1516 4741 eo
1546 4686 1699 4757 quod
1755 4686 1867 4741 du-
1982 4690 2449 4760 maneant;quod
2468 4688 2718 4744 ﬁerinon
2736 4686 3262 4759 potest,nisiunam
3277 4687 3622 4743 charitatem

194 4772 442 4843 pliciter
474 4772 695 4827 dicitur
734 4772 1078 4840 observare;
1111 4772 1198 4827 vel
1248 4775 1319 4827 ad
1377 4774 1753 4842 imitandum,
1805 4779 1870 4831 ut
1978 4777 2299 4834 habeant.0
2316 4777 2740 4848 Philippenses,
2774 4776 2949 4832 sihoc
2967 4775 3240 4842 feceritis,
3264 4776 3423 4832 eritis
3442 4776 3626 4850 gloria

192 4859 289 4917 hic
327 4888 343 4920 -.
378 4860 483 4917 vel
519 4861 591 4915 ad
624 4860 970 4930 cavendum,
1004 4866 1069 4915 nt
1098 4862 1170 4915 ad
1200 4865 1529 4918 Romanos:
1584 4864 1869 4920 Observate
1978 4872 2035 4921 et
2057 4884 2270 4923 corona
2291 4883 2454 4933 mea;
2479 4865 2664 4937 gloria
2690 4866 2748 4920 in
2773 4866 3079 4936 praesenti;
3103 4882 3312 4922 corona
3332 4866 3619 4921 infuturo.

190 4964 279 5006 eos
310 4954 421 5024 qui
483 4949 873 5017 dissensiones,
929 4958 980 5005 et
1033 4950 1369 5020 offendicula
1419 4953 1632 5021 faciunt
1689 4954 1862 5025 (Rom.
1980 4956 2044 5010 In
2068 4956 2356 5011 bonorum
2392 4970 2646 5024 namque
2668 4954 3003 5010 auditorum
3034 4960 3304 5027 provectu
3335 4953 3617 5026 gaudium

200 5056 348 5109 xvn,
386 5041 515 5112 17).
1978 5049 2066 5101 est
2094 5045 2562 5117 praedicatorum.

261 5129 609 5202 Sequitur:
633 5128 789 5183 Multi
817 5128 968 5183 enim
992 5127 1299 5197 ambulant,
1332 5133 1442 5183 etc.
1492 5130 1569 5184 De
1603 5145 1668 5185 eo
1709 5132 1863 5202 quod
2045 5134 2351 5205 Sequitur:
2373 5132 2908 5204 Euchodzam(1193)
2931 5149 3086 5206 rogo,
3110 5136 3218 5188 etc.
3238 5137 3315 5185 De
3344 5146 3409 5185 oo
3457 5128 3613 5201 quod

189 5216 382 5276 falsos
395 5218 505 5275 hic
518 5215 814 5289 apostolos
830 5215 1306 5273 notat.Notantur
1316 5216 1639 5273 etheretici
1656 5218 1859 5291 (1190).
1975 5222 2250 5278 mulieres
2270 5226 2434 5278 erant
2446 5221 2750 5278 scientiam
2766 5221 3220 5292 habentes,quas
3240 5219 3312 5273 ad
3332 5219 3611 5290 majorem

1986 3625 2317 3696 exemplum
2337 3623 2666 3696 populi,qui
2680 3624 3050 3696 exspectabat
3067 3624 3630 3694 sacerdotem,uteg-

1984 3715 2282 3769 rederetur
2297 3715 2367 3767 de
2383 3716 2602 3769 sanctis
2617 3718 2889 3768 sanctoru
2901 3731 2978 3767 ιιι.
3003 3716 3183 3778 Quem
3207 3714 3234 3767 ?
3249 3714 3352 3780 Qui
3364 3715 3627 3783 reforma-

1986 3803 2086 3865 bit,
2107 3807 2211 3856 etc.
2235 3802 2297 3856 Id
2313 3802 2527 3873 est,qui
2544 3802 2900 3872 resurgendo
2914 3817 3076 3872 spem
3091 3801 3246 3855 dedit
3261 3800 3624 3871 resurgendi,

1984 3890 2260 3961 quoniam
2281 3891 2432 3959 quod
2454 3890 2807 3944 habemusin
2833 3889 3250 3959 spe.celebrata
3262 3888 3630 3943 resurrectio-

1983 3994 2054 4033 ne
2068 3978 2417 4033 habebimus
2432 3978 2487 4030 in
2508 3994 2568 4031 re
2585 3993 2597 4031 :
2617 3977 2833 4047 quando
2848 3978 3083 4032 mortale
3096 3976 3282 4030 induet
3294 3976 3623 4031 immortali-

1981 4071 2283 4133 tatem,etc.
2308 4068 2357 4136 (Ι
2379 4066 2497 4120 Cor.
2523 4083 2614 4135 xv,
2637 4067 2749 4137 53).
2776 4068 2844 4120 Et
2874 4081 2945 4119 ne
2975 4064 3270 4119 difﬁderes
3293 4064 3363 4118 de
3384 4064 3622 4137 pulvero

1982 4154 2280 4210 hominem
2316 4158 2804 4219 resurrecturum,
2840 4153 3053 4225 adjecit
3077 4171 3089 4208 :
3114 4152 3423 4208 Secundum
3441 4168 3627 4224 opera-

1981 4245 2333 4313 tionem,qua
2351 4244 2734 4315 potuit(1192)
2759 4244 2866 4298 sibi
2891 4244 3158 4314 subjicere
3205 4244 3410 4298 omnia.
3465 4242 3627 4299 Tunc

269 5397 476 5473 (4188)
498 5396 782 5473 _Fortasse
809 5395 1054 5473 proﬁcit.
1088 5466 1097 5473 _
1167 5465 1180 5473 .
1264 5465 1275 5473 _
1969 5416 2095 5457 voce
2124 5416 2227 5472 pro
2255 5415 2497 5457 sermone
2524 5401 2708 5457 utitur
2736 5405 2941 5456 auctor
2967 5401 3180 5453 noster.
3206 5394 3423 5451 Nullibi
3450 5397 3608 5454 enim

264 5465 470 5537 (1189)
498 5467 560 5521 In
588 5472 787 5539 autog.
812 5465 1007 5539 marg.
1042 5466 1135 5539 hic
1166 5465 1381 5537 legitur
1410 5483 1537 5538 cap.
1564 5467 1710 5524 XIII.
1968 5473 2038 5527 de
2072 5465 2210 5539 price
2241 5473 2479 5527 mentio.

266 5484 470 5537 (uisu)
499 5484 560 5521 in
588 5484 787 5539 autog.
822 5484 950 5521 mar
994 5510 1007 5521 .
1042 5484 1135 5521 nic
1166 5484 1381 5537 legitur
1410 5484 1537 5538 cap.
1564 5484 1710 5524 ΜΠ.
1968 5484 2038 5527 ae
2110 5489 2210 5527 ace
2241 5484 2479 5527 mentio.

504 5539 850 5624 .‘l‘ovi‘nianus
872 5484 1221 5624 sciipotiss.
1775 5612 1787 5624 .
2251 5544 2425 5624 Yulg.
2454 5543 2785 5624 loco-potuit
2813 5541 2987 5624 habet
3014 5542 3397 5624 etiampossit:

213 5648 231 5669 .
270 5610 473 5684 (1191)
512 5611 776 5667 Fortasse
798 5626 921 5681 vox,
956 5610 1013 5665 id
1058 5616 1165 5677 est,
1216 5625 1406 5666 sermo
1448 5627 1462 5663 :
1496 5626 1647 5683 saepe
1696 5612 1853 5670 enim
2040 5610 2221 5688 (1193)
2251 5610 2420 5689 Vulg.
2456 5610 2757 5671 Evodiam:
2816 5610 2953 5667 alibi
3002 5610 3332 5671 Euhodiam.
3386 5614 3489 5672 Vir
3535 5629 3608 5672 ne
