4014 6174
372 380 491 442 603

1395 385 1734 450 ATTONIS
1780 387 2359 454 VERCELLENSIS
2406 393 2758 458 EPISCOPI

3657 398 3776 459 604

373 513 2012 593 prudentiaminvitat,utsicutinoperibusEvangeliipro-
2039 531 2091 598 Α
2133 524 2477 581 exhortatio.
2509 527 2654 583 Cum
2688 529 2843 583 enim
2875 528 3180 584 immineat
3209 528 3345 585 ﬁnis
3376 531 3683 602 cujusque,
3716 535 3777 587 et

370 603 644 669 fecerant,
681 604 1025 675 proﬁcerent
1051 612 1108 662 et
1146 608 1202 662 in
1255 608 1517 677 scientia,
1569 615 1626 664 et
1676 611 1824 665 bene
1873 611 2015 666 dicit
2124 615 3776 689 diesjudicii,debetnobisesseproperatio,utbonismo-

369 691 630 762 idipsum
663 711 865 766 sapere
899 695 954 749 in
989 696 1256 765 Domino,
1289 696 1347 750 id
1379 703 1486 766 est,
1525 716 1650 769 quae
1681 700 1832 754 circa
1855 700 2013 754 Chri-

361 784 523 836 stum
555 784 775 853 scripta
806 790 962 851 sunt,
997 791 1149 839 recte
1183 786 1439 841 sentiant
1468 792 1524 842 et
1553 788 1901 860 intelligant.

429 870 902 942 Sequitur:Rogo
923 875 1087 928 etiam
1109 882 1176 941 te,
1219 879 1328 930 etc.
1371 875 1448 929 De
1470 893 1535 930 eo
1583 878 1732 947 quod
1782 877 2007 932 Germa-

359 975 465 1013 nus
497 961 679 1032 (1134)
711 963 1016 1033 proprium
1049 981 1262 1018 nomen
1294 969 1437 1030 erat,
1469 981 1694 1036 compar
1743 983 1872 1021 vero
1922 966 2010 1020 di-

362 1049 622 1119 gnitatis,
648 1051 799 1106 sicut
820 1053 1250 1124 Epaphroditus
1270 1053 1484 1108 dicitur
1505 1056 1802 1110 commilito
1825 1055 2008 1116 Pauli.

364 1137 511 1192 Nota
529 1141 681 1210 quod
705 1157 818 1194 non
848 1141 1006 1206 dicit,
1031 1141 1274 1212 impero.
1302 1142 1405 1196 Ubi
1426 1142 1800 1197 instruuntur
1821 1144 2012 1198 docto-

363 1241 475 1295 res,
510 1232 573 1281 ut
593 1229 777 1283 bonos
791 1230 1086 1284 auditores
1113 1229 1460 1301 alloquendo
1484 1231 1672 1303 magis
1697 1248 1872 1302 quam
1895 1232 2008 1286 im-

361 1318 618 1386 perando
644 1319 906 1372 doceant.
934 1319 1160 1373 Etbene
1183 1319 1325 1374 dicit
1350 1338 1362 1387 ;
1391 1337 1508 1391 qua
1537 1337 1747 1375 mecum
1797 1322 2008 1376 labora-

361 1410 557 1459 verunt
587 1407 647 1459 in
697 1409 1012 1477 Evangelio,
1073 1406 1161 1461 vel
1210 1409 1523 1477 operando,
1572 1408 1656 1464 vel
1709 1410 2006 1465 docendo:

361 1494 620 1549 decendo
651 1495 923 1549 videlicet
954 1513 1065 1550 non
1098 1496 1156 1550 in
1187 1497 1348 1562 viris,
1385 1499 1482 1551 sed
1509 1498 1564 1551 in
1598 1498 1829 1553 feminis
1857 1524 1870 1563 ;
1895 1515 2007 1553 non

360 1582 418 1636 in
442 1582 717 1650 Ecclesia,
751 1585 850 1638 sed
884 1584 941 1637 in
975 1585 1166 1638 domo.
1203 1585 1336 1640 Cum
1373 1587 1641 1641 Clemente
1696 1593 1750 1640 et
1797 1589 2010 1642 cazteris

357 1671 695 1741 adjutoribus
715 1676 871 1726 meis.
899 1673 1168 1728 Clemens
1189 1673 1298 1728 iste
1323 1691 1392 1728 ex
1414 1674 1759 1746 philosopho
1783 1691 2008 1746 magnae

361 1760 636 1815 doctrina-
668 1761 756 1815 vir
786 1762 912 1832 fuit,
949 1762 1166 1834 quique
1220 1763 1506 1836 Romanis
1544 1763 1813 1818 Ecclesiae
1866 1781 2010 1835 prte-

363 1848 692 1920 tuit(1195).
726 1851 795 1904 Et
816 1851 962 1905 bene
993 1851 1170 1906 dicit:
1204 1856 1454 1921 Quorum
1493 1854 1723 1906 nomina
1769 1857 1898 1907 sunt
1948 1854 2009 1907 in

361 1936 503 1992 libro
522 1939 676 2009 vitae,
697 1943 762 1992 ut
783 1955 887 1994 nec
908 1941 1120 1994 referat
1136 1940 1317 2008 (1196)
1341 1935 1633 2010 quodnon
1656 1941 2005 2013 sintscripta

360 2025 418 2080 in
445 2025 552 2082 hac
575 2026 938 2098 Epistola.De
961 2045 1026 2082 eo
1039 2029 1192 2099 quod
1218 2027 1396 2099 hujus
1420 2028 1792 2101 libriMoyses
1809 2030 1998 2099 (Exod.

359 2132 496 2183 xvn,
531 2117 638 2187 14),
670 2121 727 2171 et
761 2117 936 2172 David
969 2117 1147 2188 (Psal.
1199 2135 1388 2184 xxxxx,
1420 2118 1491 2185 8;
1537 2135 1722 2172 LXVIII.
1777 2119 1867 2188 29)
1918 2118 2002 2174 fa-

357 2203 520 2258 ciunt
549 2205 924 2275 mentionem,
959 2211 1015 2260 et
1053 2205 1315 2260 Salvator
1361 2206 1418 2259 in
1469 2205 1777 2277 Evangelia
1821 2208 1999 2274 (Joan.

356 2307 450 2354 xx,
484 2293 594 2358 30;
625 2309 739 2362 xm,
772 2293 901 2364 25);
942 2294 1038 2364 qui
1071 2293 1224 2348 enim
1287 2311 1348 2348 se
1406 2299 1462 2348 et
1518 2293 1664 2349 olios
1710 2295 2000 2350 monendo

359 2379 609 2445 salvant,
641 2382 938 2452 adjutores
971 2381 1219 2454 apostoli
1254 2386 1410 2437 sunt.

431 2470 613 2540 (1197)
646 2470 725 2525 De
756 2470 1001 2542 spiritali
1060 2488 1192 2526 vero
1241 2472 1742 2527 commendatione
1791 2471 2002 2527 transit

360 2558 428 2613 ad
463 2559 790 2629 generalem
823 2560 1305 2627 admonitionem,
1328 2577 1461 2616 cum
1482 2561 1658 2616 dicit:
1692 2560 1925 2617 Gaudete
1942 2565 1996 2616 in

359 2649 612 2715 Domino,
646 2656 754 2704 etc.
789 2649 869 2704 De
901 2665 966 2704 eo
997 2652 1152 2721 quod
1184 2649 1352 2704 laetus
1401 2649 1704 2720 apostolus
1733 2650 1792 2704 in
1814 2653 2000 2722 operi-

356 2735 491 2802 bus,
507 2740 562 2790 et
582 2736 694 2790 ﬁde
715 2753 915 2792 eorum
940 2739 1010 2792 ad
1035 2739 1219 2809 (1168)
1242 2737 1542 2793 cumulum
1561 2739 1759 2810 gaudii
1782 2745 1998 2809 monet,

357 2827 422 2878 ut
452 2825 748 2896 gaudeant
777 2830 832 2880 et
863 2825 996 2897 ipsi.
1055 2827 1165 2881 Sed
1211 2827 1309 2881 ubi
1336 2827 1363 2880 ‘I
1391 2831 1456 2882 In
1482 2829 1748 2883 Domino:
1805 2829 1862 2882 id
1893 2834 2001 2895 est,

357 2929 476 2968 non
511 2913 566 2968 in
601 2915 842 2981 mundo,
876 2918 934 2970 et
957 2931 1074 2970 non
1104 2932 1208 2986 per
1236 2916 1420 2986 (1199)
1451 2916 1753 2972 intervalla
1782 2923 2002 2989 tempo-

360 3019 516 3068 rum,
541 3007 606 3058 ut
626 3003 864 3075 quidam
892 3029 904 3071 ;
929 3004 1028 3058 sed
1052 3020 1280 3076 semper,
1305 3005 1360 3059 id
1390 3009 1497 3072 est,
1521 3005 1579 3058 in
1604 3005 1917 3077 prosperis,
1947 3011 2004 3061 et

360 3091 418 3145 in
451 3091 729 3162 adversis,
763 3097 818 3147 et
846 3092 905 3147 in
938 3093 1161 3149 caeteris
1196 3111 1323 3166 quae
1355 3095 1426 3148 de
1454 3093 1545 3149 bis
1575 3093 1688 3149 dici
1719 3094 1928 3150 solent.

427 3181 701 3252 Sequitur
732 3199 746 3237 :
778 3182 1034 3239 Modestia
1065 3191 1258 3250 vestra,
1292 3187 1400 3238 etc.
1437 3188 1515 3238 De
1559 3199 1625 3238 eo
1674 3185 1827 3255 quod
1880 3201 2003 3240 mo-

2126 704 2290 760 ribus
2324 721 2652 777 magnaque
2686 706 2970 762 modestia
2999 706 3264 762 vivamus
3293 723 3306 761 :
3332 707 3451 762 sive
3483 709 3622 779 quia
3657 714 3768 765 Do-

2122 781 2308 848 minus
2334 811 2509 865 prope
2538 800 2616 851 est
2648 796 2898 851 omnibus
2930 797 3307 851 invocantibus
3356 814 3412 852 se
3452 799 3510 852 in
3541 801 3774 854 veritate

2127 883 2300 946 (Psal.
2335 884 2515 950 CVLIV,
2551 885 2659 955 18),
2693 901 2808 939 non
2841 885 3066 939 debetis
3095 901 3223 940 esse
3248 886 3472 941 solliciti
3499 887 3570 941 de
3594 887 3769 943 rebus

2125 971 2465 1038 mundanis,
2500 972 2637 1044 quia
2666 977 2722 1027 et
2743 973 2941 1028 omnia
2963 974 3290 1030 necessaria
3310 975 3475 1030 vobis
3496 981 3773 1046 procurat

2121 1059 2296 1126 Deus,
2330 1065 2386 1115 et
2419 1061 2660 1117 meliora
2689 1062 2745 1116 in
2771 1061 2867 1116 illa
2888 1063 3026 1127 vita,
3051 1079 3176 1133 quae
3200 1063 3394 1118 futura
3413 1069 3767 1120 estaeterna:

2125 1149 2265 1219 sive,
2300 1150 2478 1206 nolite
2511 1151 2714 1206 timere
2745 1157 3180 1223 persequentes,
3214 1152 3527 1225 quiajuxta
3556 1159 3638 1209 est
3667 1155 3771 1209 Do-

2118 1240 2304 1294 minus
2347 1241 2432 1294 his
2488 1257 2582 1310 qui
2645 1241 2908 1297 britulato
2968 1249 3097 1297 sunt
3151 1241 3307 1297 corde
3349 1244 3516 1313 (Psal.
3567 1261 3767 1314 xxxni,

2121 1327 2230 1400 19).

2190 1419 2507 1489 Sequitur:
2541 1419 2644 1474 Sed
2673 1422 2736 1474 in
2763 1420 2914 1475 omni
2960 1421 3225 1486 oratione,
3278 1425 3388 1476 etc.
3439 1419 3635 1476 Oratio
3681 1427 3770 1478 est

2122 1521 2224 1576 pro
2247 1505 2666 1577 adipiscendis,
2690 1523 2816 1578 qum
2833 1523 3169 1577 speramus;
3195 1508 3766 1582 obsecrationes,pro

2119 1594 2370 1664 peccatis
2397 1594 2817 1666 prmteritis,vel
2843 1597 3227 1666 przesentibus
3249 1614 3262 1651 :
3284 1599 3602 1667 gratiarum
3628 1604 3764 1654 sunt

2118 1685 2374 1750 actiones,
2409 1683 2613 1739 laudes
2646 1701 2747 1754 pro
2779 1683 3004 1740 collatis
3034 1685 3352 1753 beneﬁciis,
3385 1703 3513 1757 quae
3562 1688 3763 1742 omnia

2119 1771 2177 1827 in
2208 1773 2401 1828 missae
2434 1773 2624 1828 officio
2657 1775 3049 1828 continentur.

2193 1863 2470 1933 Sequitur
2503 1879 2517 1916 :
2558 1864 2850 1919 Petitiones
2877 1869 3091 1929 vestra,
3116 1867 3249 1929 etc.,
3273 1864 3331 1919 id
3353 1869 3463 1935 est,
3489 1865 3591 1936 qui
3622 1866 3762 1938 petit

2115 1950 2256 2007 talia
2278 1955 2454 2023 petat,
2483 1968 2610 2022 qua:
2633 1951 2863 2007 ﬁdelem
2888 1956 3081 2024 petere
3102 1952 3266 2007 decet
3289 1953 3443 2024 ;jam
3465 1955 3609 2024 quia
3631 1960 3758 2009 nota

2113 2046 2253 2096 sunt
2282 2040 2398 2095 Deo
2429 2057 2555 2111 quae
2588 2041 2818 2110 agimus
2852 2059 2864 2108 ;
2899 2045 2954 2096 et
2981 2041 3402 2098 innotescenda
3429 2042 3535 2097 tali
3567 2045 3751 2110 modo,

2114 2134 2179 2212 ut
2209 2129 2487 2196 diximus,
2517 2128 2658 2184 talia
2683 2131 2802 2186 sint
2832 2147 2958 2202 quae
2987 2129 3141 2186 ﬁdeli
3162 2130 3392 2201 etjusto
3415 2132 3758 2188 conveniant

2110 2217 2253 2256 Vll‘O.

2181 2291 2492 2362 Sequitur:
2528 2297 2655 2346 Pax
2683 2292 2800 2356 Dei,
2834 2295 2942 2346 etc.
2972 2290 3053 2346 De
3082 2307 3148 2346 eo
3180 2291 3330 2362 quod
3381 2291 3762 2348 vehementer

2111 2385 2168 2434 et
2197 2384 2362 2434 acute
2391 2379 2499 2434 hoc
2520 2379 2775 2450 positum
2801 2383 2909 2435 est.
2933 2379 3077 2434 Cum
3101 2379 3257 2435 enim
3281 2396 3391 2452 pax
3411 2380 3511 2435 Dei
3535 2383 3761 2436 venerit

2110 2468 2167 2522 in
2201 2485 2329 2535 nos,
2364 2473 2540 2524 Deum
2569 2468 3002 2542 intelligemus;
3036 2474 3091 2524 et
3119 2487 3251 2524 cum
3286 2474 3466 2525 Deum
3527 2471 3757 2526 intelle-

2109 2557 2386 2626 xerimus,
2419 2557 2564 2613 nihil
2595 2558 2922 2626 dissonum,
2953 2557 3042 2614 vel
3073 2575 3337 2630 pravum,
3372 2559 3527 2615 sicut
3559 2565 3756 2628 antea,

2111 2647 2415 2716 faciemus,
2451 2648 2551 2702 sed
2583 2647 2663 2702 ita
2693 2651 2865 2703 erunt
2885 2648 3084 2702 omnia
3106 2653 3331 2720 pacata,
3359 2654 3425 2704 ut
3445 2649 3756 2704 nobiscum

2112 2735 2303 2792 omnis
2325 2741 2522 2792 noster
2536 2735 2976 2792 sitintellectus.
3000 2741 3118 2792 Pax
3139 2737 3294 2792 enim
3315 2739 3532 2809 estjam
3560 2739 3757 2810 quies-

2112 2842 2238 2880 cere
2267 2830 2323 2880 et
2354 2825 2726 2880 securitatem
2759 2825 3208 2890 habere.‘Quam
3242 2842 3442 2897 pacem
3465 2827 3623 2883 Deus
3654 2844 3758 2883 no-

2101 2914 2204 2979 bis
2226 2914 2450 2980 tribuit,
2475 2930 2608 2969 cum
2616 2915 2640 2984 j
2649 2931 2742 2969 am
2757 2915 2948 2971 omnis
2968 2914 3302 2971 intellectus
3316 2916 3626 2972 nobiscum
3649 2922 3756 2973 est.

2113 3003 2216 3067 Qui
2249 3003 2405 3058 enim
2438 3003 2624 3059 Deum
2655 3002 2949 3074 intelligit,
2983 3005 3182 3059 omnia
3218 3003 3527 3076 intelligit;
3561 3010 3620 3060 et
3640 3022 3757 3060 om-

2115 3092 2210 3147 nia
2243 3091 2644 3164 intelligendo,
2678 3108 2880 3164 pacem
2911 3092 3012 3148 Dei
3043 3092 3236 3161 habet,
3272 3110 3375 3166 per
3430 3110 3609 3165 quam
3658 3111 3758 3150 cor

2115 3188 2173 3236 et
2201 3180 2398 3236 omnia
2428 3179 2618 3236 cordis
2649 3180 2926 3236 interiora
2955 3182 3386 3239 custodiuntur.
3419 3183 3568 3238 Nota
3600 3183 3754 3255 quod

358 3269 544 3325 destia
565 3269 800 3337 dicitur,
833 3288 898 3326 eo
931 3272 1086 3343 quod
1118 3275 1312 3327 teneat
1341 3271 1602 3326 modum.
1633 3271 1814 3327 Valde
1844 3273 2001 3328 enim
2031 3271 2073 3338 C
2115 3271 2192 3327 ail
2219 3271 2543 3326 :Petitiones
2567 3278 2756 3326 vestrae
2787 3271 3146 3326 innotescunt.
3193 3271 3322 3326 Haec
3369 3271 3578 3328 notitia
3607 3272 3754 3328 assi-

356 3359 428 3413 ad
462 3358 737 3414 meritum
770 3360 980 3416 futurae
1008 3361 1135 3415 vitae
1168 3361 1440 3432 pertinet,
1462 3360 1524 3415 ‘si
1557 3361 1817 3417 modeste
1845 3363 2001 3417 viva-

357 3465 511 3502 mus.
543 3449 614 3502 Et
645 3449 703 3502 in
735 3441 987 3503 omnibus
1016 3449 1177 3516 dicit,
1212 3449 1269 3503 id
1293 3455 1400 3516 est,
1434 3454 1553 3504 tam
1575 3449 1793 3505 Judaais
1824 3467 1999 3521 quam

357 3535 674 3608 gentilibus
702 3537 1212 3608 persequentibus,
1246 3542 1310 3592 ut
1339 3537 1624 3593 modestia
1651 3543 1844 3594 vestra
1872 3556 2003 3596 con-

365 3629 682 3680 vertantur.

429 3713 740 3785 Sequitur:
774 3716 1036 3770 Dominus
1070 3730 1241 3786 prope
1265 3719 1367 3784 cst,
1399 3718 1510 3770 etc.
1545 3715 1754 3788 Magna
1771 3721 1860 3772 est
1880 3717 2002 3772 haec

359 3897 530 3959 esset,
566 3909 638 3946 an
669 3892 908 3960 femina,
943 3890 1264 3963 ambigitur
1289 3909 1302 3959 ;
1327 3908 1461 3948 nam
1493 3892 1758 3963 quaedam
1790 3910 2001 3948 manu-

360 3965 576 4035 scripta
606 3963 824 4018 habent
869 3964 1144 4019 Evodium
1193 3963 1427 4018 nomine
1472 3963 1834 4019 masculino:
1887 3965 2003 4019 im-

359 4053 562 4108 pressa
590 4052 746 4100 vero,
779 4039 834 4108 et
883 4036 1001 4090 fere
1053 4035 1252 4108 omnia
1295 4037 1694 4108 manuscripts
1743 4036 2003 4091 Evodzam

356 4102 571 4163 habent
603 4105 880 4179 feminino
911 4102 1547 4176 nomine,l§6thav.Alii
1579 4102 1777 4163 volunt
1811 4108 2002 4179 Synti-

361 4179 504 4234 chen
538 4181 729 4232 virum
765 4178 964 4246 fuisse,
997 4195 1234 4234 uxorem
1267 4179 1567 4233 Evodiam.
1618 4178 1890 4234 Attamen
1946 4183 2001 4234 in

361 4248 769 4320 Martyrologio
799 4249 858 4302 in
892 4265 1135 4304 numero
1166 4255 1501 4305 sanctarum
1534 4250 1876 4314 mulierum,
1909 4251 2005 4306 die

363 4338 479 4376 χχιι
504 4319 663 4390 Julii,
697 4321 968 4392 Syntiche
1000 4326 1352 4376 recensetur.
1385 4321 1570 4384 Quare
1589 4322 1737 4376 duas
1760 4321 2003 4377 feminas

365 4393 547 4448 fuisse
579 4392 946 4446 communior
974 4397 1064 4446 est
1093 4392 1313 4462 Opinio.

436 4464 619 4534 (1194)
653 4462 1050 4534 communiter
1081 4467 1274 4518 tamen
1307 4480 1421 4518 non
1447 4462 2002 4534 majusculalittera,

365 4552 491 4606 quae
517 4533 812 4606 proprium
834 4551 1046 4589 nomen
1063 4534 1352 4606 designat,
1372 4533 1725 4606 impressum
1740 4535 2004 4590 videmus

359 4623 624 4679 germani
642 4621 886 4679 nomen.

431 4645 1290 4749 lihdsanctoplura
1321 4676 1562 4732 dicenda
1592 4683 1788 4733 essent
1818 4694 1992 4748 quam
2029 4645 2075 4709 Β

360 4748 444 4803 ad
466 4765 572 4803 nos
603 4749 866 4804 attineat.
900 4748 1025 4803 Non
1057 4748 1163 4803 abs
1194 4765 1254 4802 re
1284 4752 1477 4803 tamen
1510 4750 1618 4803 erit
1655 4749 1846 4804 dicere
1877 4766 1998 4805 me-

325 4879 332 4885 ,
357 4819 560 4874 liorem
584 4825 804 4890 partem
824 4823 1061 4874 Patrum
1085 4825 1142 4875 et
1162 4819 1546 4890 interpretum
1569 4819 1822 4876 voluisse
1842 4821 1911 4876 de
1933 4837 1998 4876 eo

355 4890 776 4973 Clemente-hic.
792 4890 905 4973 agi,
932 4891 1027 4961 qui
1054 4899 1184 4973 post
1204 4893 1437 4973 sanctos
1451 4891 1666 4973 Einum
1687 4897 1749 4973 et
1773 4891 1997 4973 Cletum

356 4967 626 5017 Romanae
650 4961 915 5034 Ecclesiae
938 4961 1184 5034 praefuit.
1204 4962 1803 5018 GrotiusClemcntem
1842 4963 1997 5018 hunc

355 5051 585 5090 merum
614 5033 1016 5106 Philippensis
1039 5033 1741 5106 Ecclesiaarpresbyterum
1765 5051 1867 5090 cen
1885 5041 1995 5091 set.

356 5109 490 5172 Quae
524 5106 595 5161 de
623 5105 730 5177 illo,
753 5105 812 5159 in
843 5105 976 5159 Vita
1005 5105 1212 5176 ipsius,
1237 5106 1291 5159 in
1318 5105 1462 5162 libro
1491 5105 1995 5177 Recognitionum,

357 5185 414 5233 et
432 5178 492 5232 in
515 5176 910 5250 apostolorum
927 5177 1452 5250 Constitutionibus
1476 5176 1999 5248 referuntur,plura

355 5254 494 5304 sunt
518 5267 531 5315 ;
554 5247 667 5304 sed
701 5249 770 5304 de
801 5249 1047 5304 istorum
1081 5247 1363 5303 librorum
1397 5249 1741 5304 auctoritate
1792 5247 1934 5304 satis
1966 5268 2000 5304 a

353 5320 592 5376 criticis.
616 5325 863 5376 Sanctus
886 5319 1361 5391 Chrysostomus,
1381 5320 1582 5375 homil.
1610 5321 1635 5375 1
1664 5321 1723 5375 in
1739 5319 1995 5375 Timoth.

355 5410 394 5459 1,
426 5391 548 5446 vult
575 5391 928 5447 Clementem
976 5391 1132 5445 hunc
1186 5392 1390 5461 jugem
1446 5391 1724 5463 Apostolo
1775 5393 1994 5447 socium

356 5463 557 5518 fuisse.
583 5463 831 5519 Sanctus
864 5465 1136 5528 lrenaeus,
1169 5467 1408 5517 sanctus
1438 5462 1705 5518 Clemens
1752 5463 1998 5518 Alexan-

361 5533 894 5607 drinus,Origenes,
919 5534 1366 5607 aliiqueveteres
1388 5533 1740 5607 discipulum
1765 5540 1996 5606 aposto-

358 5606 545 5660 lerum
575 5604 878 5661 testantur.
901 5604 1150 5661 Sanctus
1179 5604 1565 5678 Epiphanius,
1599 5604 1840 5661 sanctus
1871 5607 2000 5662 Hie-

358 5694 660 5759 ronymus,
685 5677 949 5759 Ruﬁnus,
973 5678 1145 5759 Beda,
1168 5677 1363 5759 alique
1393 5681 1708 5759 Petrum-et
1724 5677 1995 5759 Paulum,

359 5749 672 5808 itineribus
685 5753 1018 5820 occupatos,
1047 5748 1204 5816 huic,
1229 5748 1370 5805 Lino
1391 5754 1449 5805 et
1473 5750 1753 5805 Anacleto
1773 5749 1996 5822 episco-

2112 3361 2332 3416 duitate
2363 3360 2428 3413 ﬁt
2473 3364 2529 3414 et
2586 3357 2887 3430 vigilantia
2933 3359 3242 3417 orationis.
3296 3360 3458 3415 Tunc
3515 3361 3752 3417 demum

2113 3447 2541 3504 munitionibus
2553 3447 2714 3519 pacis
2737 3465 2876 3515 suae,
2895 3464 3022 3518 quae
3045 3464 3278 3504 omnem
3293 3455 3574 3521 superent
3596 3466 3756 3505 men-

2111 3543 2250 3605 tem,
2276 3538 2376 3604 ait,
2408 3536 2670 3592 custodiet
2699 3536 2861 3592 corda
2890 3541 3086 3592 vestra.
3119 3537 3237 3592 Hoc
3277 3537 3440 3604 dicit,
3473 3538 3617 3609 quia
3654 3538 3755 3610 qui

2111 3626 2288 3681 habet
2319 3641 2452 3680 cum
2501 3624 2616 3681 Deo
2650 3641 2852 3696 pacem
2884 3625 3088 3696 (1200),
3141 3642 3256 3681 non
3302 3626 3470 3681 timet
3520 3643 3754 3682 omnem

2112 3718 2365 3770 mentem
2396 3713 2720 3769 adversam.

2113 3891 2204 3964 pis
2225 3889 2522 3964 institutis
2548 3891 2870 3964 Romanam
2901 3891 3448 3964 Ecclesiamtidisse
3467 3893 3753 3964 scribunt.

2114 3963 2361 4019 Ruﬁnus
2394 3963 2511 4018 imo
2543 3963 2870 4034 apostolum
2901 3967 3139 4034 Petrum
3169 3963 3283 4017 sibi
3313 3963 3470 4019 hunc
3509 3963 3757 4034 elegisse

2113 4052 2510 4090 successorem
2537 4033 2728 4090 tradit.
2757 4037 2818 4089 In
2835 4033 3381 4101 Constitutionibus,
3404 4035 3443 4090 l.
3466 4052 3566 4100 vn,
3586 4033 3760 4102 16,le-

2112 4107 2309 4177 gimus
2335 4111 2603 4162 sanctum
2636 4106 2848 4161 Linum
2879 4123 2913 4160 a
2942 4111 3142 4161 sancto
3185 4105 3364 4162 Paulo
3395 4106 3753 4162 ordinatum.

2114 4180 2364 4233 Sanctus
2388 4178 2753 4250 Epiphanius
2783 4194 2914 4250 vero
2932 4177 3090 4232 hunc
3113 4181 3338 4250 putata
3361 4181 3527 4233 Petro
3549 4179 3607 4233 in
3632 4180 3756 4250 epi-

2114 4266 2356 4320 scopum
2386 4248 2718 4303 Romanum
2748 4248 3018 4316 electum,
3053 4248 3259 4319 sponte
3280 4249 3430 4304 hanc
3455 4248 3755 4307 dimisisse

2113 4319 2480 4393 dignitatem.
2511 4337 2687 4391 quam
2721 4325 2852 4392 post
2880 4323 3216 4393 sanctorum
3250 4319 3377 4393 Lini
3407 4324 3463 4393 et
3491 4322 3754 4377 Anacleti

2114 4391 2684 4464 mortemresumere
2717 4391 2952 4448 Coactus
2981 4396 3089 4447 est.
3121 4391 3251 4446 Haec
3282 4391 3478 4464 opinio
3509 4393 3686 4464 vulgo
3720 4411 3756 4449 ε.

2117 4463 2498 4535 scriptoribus
2526 4463 2917 4535 amplectitur,
2969 4467 3037 4535 ut
3080 4467 3282 4519 sancto
3322 4463 3504 4518 ’Petro
3553 4463 3754 4530 Linus,

2115 4534 2254 4590 Lino
2275 4535 2609 4600 Anacletus,
2633 4534 2908 4588 Anacleto
2925 4534 3189 4590 Clemens
3211 4535 3578 4596 successerit,
3602 4554 3754 4592 anno

2113 4606 2324 4660 Christi
2357 4607 2445 4670 91,
2479 4606 2792 4660 Domitiani
2827 4607 2925 4675 10;
2960 4607 3109 4661 Iren.
3136 4606 3175 4660 l.
3210 4624 3291 4660 ιιι.
3345 4608 3415 4674 3;
3466 4607 3677 4662 Euseb.
3710 4608 3751 4663 ι.

2111 4695 2192 4746 m,
2226 4679 2278 4744 3,
2333 4678 2383 4738 4,
2417 4679 2506 4742 21,
2557 4677 2698 4730 llist.
2751 4676 2901 4731 Eccl.
2949 4677 3093 4732 Vide
3144 4676 3387 4732 Calmet.
3437 4678 3578 4732 dict.
3631 4696 3749 4734 sac.

2108 4748 2320 4819 Script.
2354 4748 2411 4802 in
2441 4747 2819 4803 Clementem.
2842 4747 3042 4820 Hujus
3069 4748 3255 4820 sancti
3283 4748 3597 4805 Clementis
3618 4750 3751 4806 libri

2107 4818 2591 4902 Reco_gnitionum
2636 4818 2959 4902 eaemplar‘;
2977 4821 3036 4874 in
3071 4819 3526 4902 ‘antiquissimq
3558 4823 3753 4902 codice

2149 4890 2333 4973 restat
2373 4891 2431 4946 in
2482 4890 2864 4947 Vercellensis
2919 4890 3246 4948 Eusebiani‘
3288 4891 3529 4963 capituli
3585 4895 3752 4949 tabu-

2131 4979 2269 5018 aPlO.

2177 5025 2359 5104 (1196)
2391 5037 2455 5088 In
2500 5033 2626 5089 cod.
2655 5033 2736 5088 ita
2770 5031 2985 5106 legitur
3011 5035 3070 5087 ut
3105 5049 3204 5106 nec
3226 5040 3468 5106 referant
3486 5033 3752 5091 Fortasse

2108 5105 2280 5161 scribi
2314 5105 2520 5160 debeat
2542 5109 2606 5159 ut
2633 5121 2673 5158 η
2693 5120 2833 5176 κρνε
2860 5107 3082 5176 ferant:
3106 5105 3278 5176 juxta
3329 5105 3550 5176 pluries
3617 5108 3754 5162 cita-

2107 5181 2225 5251 tam
2266 5177 2686 5251 expositionem
2719 5177 2851 5231 divo
2880 5177 3230 5251 Hieronymo
3261 5176 3569 5244 tributam,
3620 5195 3749 5251 qua:

2106 5249 2222 5304 ita:
2255 5249 2331 5304 Ne
2358 5249 2581 5304 moleste
2609 5255 2823 5318 ferrent
2849 5264 2954 5302 sua
2981 5249 3230 5318 nomina,
3262 5251 3371 5302 etc.

2151 5320 2364 5392 (1197)
2395 5323 2459 5392 In
2487 5325 2897 5392 autogsmarg.
2930 5318 3023 5373 hic
3055 5319 3269 5392 legitur
3297 5335 3425 5390 cap.
3448 5319 3593 5376 XIV.

2203 5390 2360 5461 1198)
2393 5391 2602 5446 Partic.
2635 5390 2705 5446 ad
2733 5390 3138 5458 desideratur}
3172 5407 3301 5446 eam
3320 5396 3517 5447 autem
3541 5393 3753 5448 adden-

2109 5461 2242 5536 dam
2267 5462 2455 5517 suasit
2479 5461 2594 5536 divi
2615 5462 2922 5536 Ambrosii,
2947 5461 3514 5536 seu_Hilariidiaconi
3536 5463 3751 5536 saepius

2108 5533 2282 5588 citata
2312 5533 2614 5601 expositio,
2649 5533 2746 5588 ubi
2777 5533 2847 5588 ad
2874 5532 3295 5595 cumulandum.
3313 5539 3424 5591 etc.

2177 5605 2360 5677 (1199)
2392 5605 2518 5660 Haec
2549 5605 2723 5660 etiam
2755 5606 3084 5677 prmpositio
3117 5605 3509 5677 dosideratur,
3565 5621 3740 5677 quam

2106 5673 2348 5750 omnino
2374 5677 2708 5733 uddendam
2730 5673 2924 5733 textus
2956 5677 3080 5750 ipse
3110 5673 3316 5734 suasit.

2179 5748 2361 5820 (1200)
2390 5750 2516 5805 Haec
2543 5765 2650 5805 vox
2679 5765 2871 5821 pacem
2897 5748 3263 5806 desideratur
3288 5768 3302 5807 :
3355 5765 3607 5823 eamque
3646 5749 3747 5806 ed-
