4026 6168
221 412 329 474 605

734 376 1149 475 EXPOSITIO
1192 414 1272 475 IN
1317 409 1745 475 EPISTOLAS
1788 409 2045 472 PAULI.
2080 439 2156 453 -
2184 408 2263 469 IN
2297 407 2544 469 EPIST.
2590 408 2692 467 AD
2736 404 3070 466 PHILIPP.

3479 402 3598 464 606

286 544 461 618 (1201)
490 546 566 600 De
592 554 785 602 caetero
814 551 1032 616 lratres,
1063 552 1167 602 etc.
1203 548 1347 613 Quid
1384 553 1472 603 est
1501 548 1571 602 de
1603 544 1845 601 cmtero?
1875 544 1929 609 Α
1962 560 2075 597 non
2123 546 2210 597 est
2256 542 2367 595 nisi
2419 558 2639 607 eorum,
2682 557 2829 613 quas
2879 537 3239 594 abundantia
3297 553 3408 591 non
3469 553 3597 591 cor-

218 634 353 703 Nisi,
379 639 689 705 postquam
719 635 935 707 cogniti
966 637 1128 700 estis,
1151 637 1232 690 sic
1258 636 1486 705 sentite,
1512 640 1575 690 ut
1598 650 1851 706 quaman-

216 740 313 795 que
339 727 469 777 sunt
500 740 645 789 vera,
677 724 795 778 haec
827 724 1147 795 accipiatis,
1174 734 1223 779 et
1250 726 1529 795 cogitetis?
1559 728 1691 791 Quae
1716 728 1853 778 sunt

217 810 309 866 illa
340 811 509 865 vera?
535 814 667 876 Qum
694 812 895 883 utique
928 813 982 866 in
1010 814 1311 886 Evangelio
1339 814 1494 869 dicta
1524 818 1678 869 sunt.
1705 814 1850 868 Con-

215 916 457 973 sequens
488 917 619 954 vero
647 906 755 970 est,
784 906 849 955 ut
878 919 1011 956 vera
1043 902 1161 957 sint
1190 913 1357 972 casta,
1391 920 1503 957 non
1539 904 1693 957 enim
1726 889 1850 956 cor-

208 988 494 1059 rumpitur
522 1005 719 1043 verum
747 1015 760 1057 ;
794 996 851 1045 et
882 990 987 1044 hoc
1012 996 1237 1047 castum
1262 997 1368 1059 est,
1395 992 1547 1064 quod
1584 1009 1696 1046 non
1727 1008 1849 1044 cor-

208 1077 497 1147 rumpitur
523 1095 534 1131 :
560 1078 769 1133 deinde
801 1096 927 1150 quae
959 1097 1113 1145 vera,
1153 1086 1209 1135 et
1239 1086 1400 1136 casta
1433 1088 1592 1145 sunt,
1622 1084 1677 1134 et
1706 1082 1851 1146 iusta

209 1171 352 1221 sunt.
395 1165 615 1221 Deinde
668 1173 973 1223 enumerat
1018 1170 1302 1240 amabilia,
1338 1174 1393 1223 et
1453 1171 1601 1224 bona
1658 1170 1845 1239 famae,

207 1256 463 1327 quamvis
496 1273 611 1311 non
644 1261 799 1311 amet
842 1259 1163 1313 secundum
1214 1259 1454 1325 bonum,
1490 1258 1644 1328 quod
1684 1259 1754 1312 de
1783 1274 1848 1311 eo

204 1343 486 1415 loquatur.
522 1345 664 1399 Item
715 1362 842 1417 quae
894 1346 1048 1403 bonae
1076 1350 1241 1416 famae
1272 1352 1431 1414 sunt,
1466 1363 1579 1402 non
1630 1347 1852 1401 habent

202 1431 508 1499 invidiam;
545 1449 612 1488 ex
642 1435 857 1505 quibus
889 1436 1185 1501 omnibus,
1221 1434 1521 1506 superiora
1554 1436 1624 1489 ad
1658 1434 1845 1506 ipsam

142 1555 154 1567 .
200 1520 491 1583 virtutem,
517 1520 637 1574 haec
670 1522 740 1575 ad
767 1522 1023 1576 fructum
1048 1522 1281 1577 virtutis
1315 1523 1623 1594 pertinent.
1649 1523 1848 1578 Virtus

201 1607 345 1664 enim
375 1614 466 1664 est
497 1626 691 1664 amare
724 1626 870 1676 vera,
902 1616 1071 1676 casta,
1096 1612 1273 1682 justo,
1302 1620 1510 1682 sancta,
1538 1616 1593 1667 et
1626 1614 1847 1666 fructus

196 1696 421 1752 virtutis
454 1702 565 1765 est,
600 1700 872 1755 amabilia
905 1704 955 1755 et
1001 1702 1157 1756 bona:
1197 1708 1379 1771 [(tmw.
1414 1701 1547 1755 Ideo
1580 1702 1699 1755 hzec
1731 1701 1847 1756 duo

196 1786 494 1859 subjungit
517 1805 529 1842 :
555 1790 620 1843 Si
651 1805 755 1858 qua
783 1789 985 1855 virtus,
1006 1791 1055 1844 si
1079 1807 1190 1860 qua
1222 1791 1377 1853 laus;
1406 1791 1508 1844 sed
1548 1790 1701 1844 sicut
1733 1806 1845 1844 non

194 1892 224 1930 a
252 1876 412 1930 nobis
458 1876 670 1945 virtus,
704 1878 786 1932 ita
830 1894 935 1933 nec
986 1884 1186 1934 nostra
1230 1878 1381 1941 laus,
1418 1881 1515 1933 sed
1551 1879 1673 1934 Dei.
1710 1884 1845 1936 Haec
1875 1914 1920 1978 B

192 1967 448 2035 cogitate;
484 1966 686 2037 utique
717 1983 843 2038 quae
870 1966 971 2022 illa
991 1968 1131 2035 sint,
1153 1985 1272 2038 quae
1298 1968 1581 2038 didicistis,
1625 1985 1717 2023 me
1748 1970 1843 2022 do-

193 2059 364 2108 cente.
408 2054 693 2125 Sequitur
725 2073 737 2110 :
776 2060 839 2110 Et
867 2057 1147 2127 accepistis
1178 2076 1196 2111 :
1228 2074 1437 2110 rursus
1492 2057 1645 2111 unde
1694 2074 1841 2111 acce-

192 2142 361 2211 pistis,
405 2143 645 2197 audistis
695 2148 749 2199 et
794 2144 1048 2200 vidistis?
1095 2145 1154 2200 Id
1204 2149 1292 2199 est
1332 2145 1561 2200 audistis
1613 2162 1679 2199 ex
1727 2163 1840 2213 me,

194 2230 391 2285 vidistis
424 2233 487 2286 in
520 2248 625 2286 me.
649 2232 779 2287 Haec
810 2233 971 2303 dicit,
1007 2234 1144 2304 quia
1172 2251 1286 2288 non
1309 2238 1537 2289 tantum
1567 2234 1839 2305 monitor,

192 2319 284 2373 sed
340 2322 676 2391 exemplum
730 2322 841 2376 fuit
897 2322 1075 2377 totius
1134 2322 1292 2377 boni.
1349 2322 1669 2391 Sequitur:
1714 2324 1842 2379 Heec

194 2410 344 2478 agite.
379 2411 668 2481 Superius
700 2412 921 2465 dixerat
946 2429 958 2466 :
983 2414 1253 2481 Cogitate;
1287 2430 1400 2467 non
1432 2412 1587 2467 enim
1623 2412 1843 2467 sufficit

191 2497 333 2553 bona
362 2500 643 2569 cogitatio
678 2501 901 2571 absque
932 2501 1158 2556 actione
1190 2502 1395 2571 (1202).

256 2587 535 2658 Sequitur
560 2606 572 2643 :
598 2591 662 2643 Et
688 2591 827 2643 Deus
854 2592 1008 2661 pacis
1036 2592 1143 2644 erit
1172 2592 1470 2645 vobiscum.
1504 2590 1652 2644 Nota
1681 2592 1838 2661 quod

192 2674 294 2730 hoc
324 2677 633 2748 praemium
658 2678 1135 2750 Philippensibus
1161 2679 1410 2734 maxime
1440 2679 1837 2734 necessarium

195 2769 328 2832 erat,
362 2766 417 2819 id
459 2771 568 2835 est,
602 2772 666 2822 ut
696 2785 899 2823 omnes
933 2786 1113 2822 unum
1164 2768 1468 2832 sentirent,
1502 2786 1566 2823 ac
1598 2786 1700 2840 per
1732 2769 1838 2823 hoc

192 2852 365 2909 Deum
402 2858 565 2927 pacis
607 2863 927 2912 amatorem
969 2863 1143 2929 atque
1175 2859 1472 2913 doctorem
1504 2874 1702 2913 secum
1734 2858 1837 2912 ha-

192 2941 409 2999 herent.

258 3034 443 3105 (1203)
473 3036 749 3105 Sequitur
781 3052 794 3089 ε
830 3036 1059 3091 Gavisus
1101 3052 1223 3090 sum
1270 3044 1456 3090 autem
1504 3038 1561 3090 in
1611 3038 1838 3091 Domino

191 3122 555 3189 vehementer,
589 3128 719 3191 etc.;
766 3124 823 3178 id
871 3128 978 3189 est,
1012 3126 1338 3194 reﬂoruistis
1371 3125 1507 3178 ﬂore
1538 3124 1673 3178 boni
1703 3142 1837 3197 ope-

188 3209 287 3272 ris,
313 3228 491 3282 quem
526 3229 639 3267 non
664 3212 873 3267 oblivio
904 3214 1237 3279 arefecerat,
1272 3213 1370 3266 sed
1404 3213 1705 3283 occupatio
1732 3215 1837 3269 im-

184 3299 474 3369 pedierat;
510 3305 565 3355 et
592 3301 721 3356 ideo
754 3301 956 3356 subdit
990 3318 1001 3357 :
1038 3301 1295 3373 Occupati
1325 3305 1472 3355 enim
1500 3304 1691 3357 eratis.

251 3388 539 3459 Sequitur
567 3406 579 3443 :
604 3394 723 3446 Non
756 3393 917 3461 quasi
951 3394 1168 3461 propter
1205 3393 1519 3463 penuriam,
1553 3397 1660 3446 etc.
1688 3392 1833 3445 Sub-

179 3477 463 3532 auditur:
491 3484 555 3533 ut
585 3495 671 3549 ea,
697 3497 823 3551 quae
855 3479 997 3534 mihi
1025 3486 1163 3535 sunt
1194 3481 1542 3547 necessaria,
1564 3480 1833 3536 mittatis.

182 3567 249 3621 Et
281 3571 374 3621 est
406 3584 653 3623 sensus:
680 3569 802 3623 Non
834 3569 962 3624 ideo
994 3570 1145 3637 dico,
1178 3570 1387 3641 inquit,
1412 3575 1635 3641 propter
1659 3586 1830 3641 penu-

176 3656 363 3715 riam;
395 3672 511 3709 non
563 3657 719 3711 enim
751 3656 878 3711 volo
911 3674 1013 3729 pro
1049 3674 1139 3712 me
1171 3659 1436 3713 sentiatis
1480 3658 1537 3712 id
1588 3660 1742 3728 quod
1777 3662 1834 3713 et

179 3749 311 3799 ante
343 3745 712 3813 sentiebatis,
735 3751 799 3800 ut
824 3747 967 3801 mihi
996 3749 1332 3815 mitteretis;
1369 3752 1469 3802 aut
1492 3748 1646 3819 quod
1677 3765 1832 3802 nunc

177 3833 325 3901 volo,
360 3838 428 3888 ut
459 3835 727 3902 mittatis,
763 3840 999 3907 propter
1027 3838 1332 3907 penuriam
1366 3837 1513 3891 dico.
1550 3837 1642 3891 Sic
1675 3837 1830 3891 enim

183 3928 379 3993 postea
434 3923 515 3978 ait
556 3940 568 3977 :
616 3925 734 3979 Non
782 3926 912 3996 quia
961 3941 1150 3995 quaero
1207 3926 1417 3987 datum,
1468 3926 1559 3980 sed
1614 3928 1833 3995 requiro

166 4013 432 4078 fructum
470 4012 838 4068 abundantem
886 4015 943 4068 in
994 4015 1246 4068 oratione
1274 4015 1456 4081 (1204)
1504 4017 1677 4068 vestra
1722 4014 1833 4083 (In-

183 4104 281 4170 fra
340 4119 418 4168 1v,
482 4102 601 4173 17).
661 4103 786 4157 Non
854 4119 989 4173 ergo
1056 4108 1289 4174 propter
1354 4103 1609 4173 inopiam
1675 4103 1827 4157 istud

192 4205 405 4260 quaaro,
450 4191 550 4245 sed
602 4194 668 4245 ut
715 4191 939 4246 fructus
990 4192 1067 4247 sit
1116 4192 1423 4247 abundans
1468 4192 1525 4245 in
1575 4192 1833 4247 oratione

190 4286 399 4335 vestra.

249 4367 530 4439 Sequitur
562 4383 575 4421 :
610 4369 720 4435 Ego
761 4369 911 4422 enim
955 4367 1150 4434 didici,
1181 4370 1242 4422 in
1272 4368 1471 4440 quibus
1516 4370 1621 4423 sim
1666 4368 1828 4440 sufﬁ-

186 4456 326 4510 ciens
359 4475 381 4511 .·
410 4456 599 4511 Didici
630 4456 786 4511 enim
820 4473 945 4528 ego,
980 4462 1045 4511 ut
1076 4462 1382 4512 contentus
1415 4458 1525 4513 sim
1558 4458 1670 4523 his,
1703 4476 1828 4529 quae

192 4542 458 4612 babeo,et
475 4545 530 4599 in
552 4546 765 4617 quibus
781 4546 893 4601 sim
914 4546 1295 4619 mihimetipsi
1314 4547 1826 4621 sufﬁciens(1205).

1960 633 2202 702 rumpit.

2032 722 2340 792 Sequitur:
2372 721 2573 776 Omnia
2608 736 2845 790 possum,
2893 722 3003 771 etc.
3055 717 3177 772 Non
3211 733 3271 771 se
3304 716 3390 771 sui
3426 732 3605 770 causa

1962 813 2071 867 hoc
2102 828 2301 865 eorum
2336 825 2505 880 opere
2548 809 2820 879 gaudere,
2854 809 2953 862 sed
3004 806 3061 860 in
3108 807 3363 878 profectu
3397 821 3598 860 eorum

1963 900 2214 971 gaudere
2237 903 2502 953 testatur.
2528 896 2669 951 Dicit
2692 897 2895 951 beatus
2924 913 3071 968 papa
3092 894 3422 965 Gregorius,
3443 895 3597 964 quod

1962 989 2073 1043 nisi
2108 1006 2200 1043 ars
2231 993 2383 1042 esset
2418 1003 2587 1040 nosse
2618 986 2934 1050 abundare,
2957 990 3013 1039 et
3042 983 3282 1053 esurire,
3308 987 3364 1038 et
3397 988 3602 1038 caatera

1960 1077 2118 1143 talia,
2154 1094 2266 1131 non
2322 1090 2671 1147 magnopere
2722 1075 2937 1128 diceret
2980 1073 3312 1145 Apostolus.
3356 1072 3483 1143 scio,
3510 1072 3600 1126 vel

1959 1166 2149 1221 didici.
2177 1165 2322 1220 Nota
2354 1165 2505 1236 quod
2538 1163 2659 1217 hac
2706 1179 2819 1216 non
2849 1163 2980 1227 sibi,
3017 1163 3115 1217 sed
3151 1161 3393 1217 Domino
3425 1160 3604 1215 ascri-

1958 1256 2077 1310 bat.
2113 1256 2341 1318 Omnia,
2375 1253 2584 1323 inquit,
2613 1268 2871 1323 possum;
2921 1268 3035 1305 non
3086 1250 3351 1321 quaedam
3386 1266 3399 1303 :
3435 1251 3493 1303 in
3522 1264 3601 1315 eo,

1957 1347 2053 1417 qui
2080 1361 2165 1399 me
2193 1346 2495 1411 confortat;
2542 1359 2655 1396 non
2714 1341 2774 1394 in
2806 1357 2918 1395 me.
2947 1345 3020 1394 De
3053 1355 3118 1394 eo
3149 1340 3303 1410 quod
3335 1338 3443 1393 iste
3474 1355 3600 1393 mo-

1958 1435 2070 1488 dus
2120 1438 2176 1487 et
2225 1432 2496 1487 ﬁdelibus
2536 1431 2855 1485 servandus
2909 1434 3018 1496 est,
3048 1429 3103 1481 id
3164 1433 3270 1493 est,
3305 1433 3368 1482 ut
3425 1444 3597 1482 suum

1959 1540 2127 1595 posse
2164 1523 2221 1575 in
2257 1521 2450 1575 divina
2483 1519 2824 1575 fortitudine
2851 1518 3151 1573 collocent.

2029 1611 2307 1682 Sequitur
2338 1628 2350 1665 :
2394 1611 2769 1664 Verumtamen
2822 1610 2952 1663 bene
2997 1608 3227 1678 fecistis,
3263 1606 3314 1659 id
3350 1611 3438 1661 est
3469 1622 3598 1676 par-

1958 1700 2162 1771 ticipes
2196 1699 2411 1766 fuistis,
2434 1690 2523 1752 vel
2555 1697 2909 1753 subvenistis
2932 1696 3072 1751 mihi
3109 1696 3165 1749 in
3200 1694 3596 1763 tribulatione,

1956 1790 2094 1861 quia
2112 1806 2223 1843 non
2247 1788 2447 1842 debuit
2470 1804 2600 1841 mea
2615 1785 3021 1856 zequanimilas
3042 1788 3294 1839 vestram
3318 1783 3600 1854 impedire

1956 1878 2303 1933 mercedem.
2328 1877 2477 1931 Nota
2509 1876 2659 1946 quod
2693 1892 2807 1929 non
2830 1880 2954 1929 erat
2975 1876 3043 1928 de
3071 1872 3307 1927 illorum
3331 1888 3595 1941 numero,

1954 1967 2051 2038 qui
2085 1983 2152 2021 ea
2184 1984 2308 2038 qua:
2358 1982 2465 2020 sua
2516 1968 2655 2019 sunt
2684 1967 2982 2035 quaerunt;
3019 1961 3152 2016 dicit
3185 1962 3339 2015 enim
3389 1977 3504 2015 non
3536 1978 3598 2015 se

1953 2072 2207 2127 quaerere
2236 2056 2446 2125 datum,
2471 2055 2571 2110 sed
2605 2054 2898 2124 requirere
2926 2054 3187 2121 fructum.
3213 2050 3319 2115 Qui
3351 2053 3595 2120 possunt

1952 2145 2129 2200 istum
2164 2145 2401 2211 imitari,
2428 2144 2755 2214 gaudeant:
2782 2141 2881 2212 qui
2912 2158 3043 2196 vero
3076 2157 3191 2195 non
3223 2143 3492 2211 possunt,
3524 2139 3594 2193 de

1952 2234 2098 2288 lacte
2121 2234 2312 2288 ovium
2339 2250 2579 2287 suarum
2602 2247 2769 2287 suam
2794 2216 3125 2285 sustentent
3148 2228 3555 2283 necessitatem
3581 2244 3593 2282 :

1952 2324 2051 2378 sed
2088 2340 2200 2377 non
2238 2321 2533 2393 negligant
2564 2320 2759 2375 ovium
2789 2318 3243 2389 infirmitatem”
3658 2320 3661 2325 ‘

2022 2412 2206 2481 (1206)
2238 2412 2515 2482 Sequitur
2550 2427 2562 2463 :
2598 2409 2758 2464 Scitis
2805 2412 2990 2462 autem
3034 2411 3087 2462 et
3118 2423 3227 2472 vos,
3260 2410 3368 2461 etc.
3404 2409 3481 2459 De
3529 2420 3595 2459 eo

1953 2502 2104 2571 quod
2140 2500 2233 2554 hic
2264 2505 2458 2571 aperte
2504 2498 2789 2570 exposuit,
2824 2497 2977 2567 quod
3024 2512 3202 2566 supra
3230 2495 3451 2549 dictum
3485 2498 3594 2561 est,

1949 2591 2299 2645 tribulationi
2353 2570 2491 2645 mea?
2548 2588 3007 2650 communicastis,
3052 2584 3107 2638 id
3162 2589 3269 2651 est,
3312 2583 3593 2636 auxilium

1951 2678 2329 2750 praestitistis,
2362 2677 2672 2749 praebendo
2705 2674 3051 2729 necessaria.
3078 2673 3237 2736 Quod
3269 2688 3401 2726 vero
3433 2671 3594 2739 dicit,

1949 2772 2009 2822 in
2040 2770 2255 2823 ratione
2283 2768 2402 2821 dati
2429 2775 2479 2821 et
2506 2767 2733 2837 accepti,
2770 2780 2878 2819 non
2929 2762 3009 2817 ita
3052 2761 3451 2833 accipiendum
3485 2765 3593 2828 est,

1948 2862 2013 2911 ut
2046 2858 2170 2929 ipse
2202 2856 2421 2927 aliquid
2466 2855 2689 2909 dederit
2720 2853 2818 2925 qui
2852 2852 3097 2924 accepit;
3149 2852 3248 2906 sed
3300 2866 3431 2905 cum
3468 2867 3591 2904 mu-

1948 2964 2061 3001 nus
2087 2948 2287 3015 datur,
2312 2945 2457 2999 ratio
2487 2944 2604 2999 dati
2633 2948 2723 2997 est
2752 2946 2808 2995 et
2839 2940 3073 3011 accepti.
3099 2940 3281 3003 Quam
3314 2938 3467 2993 enim
3502 2955 3594 3008 pe-

1948 3036 2180 3089 cuniam
2214 3034 2430 3089 Paulus
2475 3032 2676 3087 daret?
2704 3032 2811 3086 Sed
2845 3028 3122 3100 quoniam
3172 3028 3317 3082 ratio
3366 3027 3484 3081 dati
3534 3033 3592 3081 et

1947 3124 2162 3195 accepti
2196 3129 2283 3178 est
2319 3123 2379 3176 in
2428 3121 2698 3193 pecunia,
2732 3119 2994 3189 sequitur
3029 3135 3041 3172 :
3078 3118 3215 3185 Quia
3246 3120 3294 3172 et
3320 3116 3590 3170 Thessalo-

1946 3216 2153 3279 nicam,
2189 3218 2295 3267 etc.
2330 3213 2471 3267 Ecce
2503 3209 2758 3265 ostendit
2801 3223 2861 3263 se
2909 3207 3057 3262 scire
3101 3208 3277 3277 quam
3310 3204 3496 3260 devoti
3530 3205 3588 3259 in

1868 3283 1909 3349 (ἶ
1950 3302 2337 3356 ministrando
2370 3300 2601 3367 fuerint,
2629 3298 2677 3351 id
2708 3300 2797 3351 est
2823 3301 2885 3351 ut
2914 3313 3029 3350 non
3053 3294 3241 3350 solum
3265 3294 3419 3365 apud
3452 3310 3590 3348 suos

1944 3390 2220 3461 Apostolo
2250 3386 2608 3461 praedicanti,
2642 3387 2741 3440 sed
2787 3385 2958 3455 longe
2998 3383 3186 3454 posito
3222 3381 3587 3437 ministrave-

1946 3479 2080 3533 rint.

2013 3570 2080 3623 Et
2113 3586 2182 3622 ne
2212 3567 2505 3622 videretur
2534 3566 2639 3620 hoc
2685 3566 2811 3620 ideo
2841 3564 3051 3631 dicere,
3087 3565 3153 3616 ut
3183 3560 3442 3632 accipere
3470 3558 3587 3614 vel-

1942 3657 2019 3712 let
2048 3657 2265 3728 aliquid
2302 3658 2372 3711 ab
2402 3654 2539 3723 illis,
2572 3652 2878 3723 subjunxit
2910 3669 2921 3705 :
2957 3655 3075 3706 Non
3106 3652 3237 3721 quia
3267 3665 3455 3722 qua’ro
3482 3648 3583 3703 da~

1939 3750 2076 3813 tum,
2107 3746 2199 3801 sed
2246 3747 2467 3817 requiro
2512 3746 2773 3813 fructum.
2820 3742 2944 3797 Non
2995 3756 3121 3811 ego,
3154 3740 3364 3809 inquit,
3398 3754 3586 3809 neque

1940 3836 2053 3890 ista
2086 3835 2411 3889 necessaria
2446 3832 2677 3903 requiro
2709 3848 2720 3885 :
2756 3831 2856 3885 sed
2885 3830 3139 3883 fructum
3172 3826 3582 3882 benevolentia

1939 3928 2163 3979 vestrae.
2198 3923 2406 3976 Datum
2440 3921 2579 3974 dicit
2626 3919 2684 3973 in
2725 3936 2804 3985 re,
2842 3918 3093 3971 fructum
3143 3916 3202 3970 in
3256 3915 3580 3970 devotione.

1942 4013 2103 4068 Unde
2134 4016 2191 4065 et
2234 4011 2431 4063 subdit
2462 4026 2473 4062 :
2513 4009 2697 4062 Habeo
2725 4015 2909 4061 autem
2939 4007 3143 4069 omnia,
3177 4007 3225 4058 et
3255 4004 3490 4067 abundo,
3522 4003 3581 4058 id

1941 4107 2030 4156 est
2058 4102 2185 4155 ideo
2218 4117 2330 4153 non
2364 4098 2593 4167 requiro
2625 4098 2850 4157 datum,
2886 4093 3023 4163 quia
3051 4092 3247 4155 omnia
3276 4091 3483 4145 habeo.
3514 4092 3583 4145 Et

1941 4190 2109 4246 multi
2141 4188 2355 4243 habent
2385 4185 2601 4249 omnia,
2636 4186 2735 4239 sed
2771 4200 2883 4238 non
2918 4181 3238 4237 abundant.

2009 4280 2267 4349 Denique
2299 4275 2692 4348 prosequitur,
2716 4278 2781 4327 ut
2807 4271 3077 4327 ostendat
3106 4268 3525 4324 abundantiam
3560 4284 3574 4323 :

1941 4368 2195 4440 Reptetus
2215 4384 2336 4421 sum
2366 4367 2602 4431 acceptis
2626 4364 2697 4418 ab
2720 4360 3105 4434 Epaphrodito.
3135 4359 3215 4413 Ne
3240 4358 3405 4427 illud,
3423 4359 3575 4429 quod

1940 4458 2219 4514 abundat.
2242 4456 2495 4510 alienum
2532 4454 2629 4517 sit,
2654 4453 2794 4506 dicit
2815 4455 2870 4505 et
2892 4450 3153 4521 ipsorum
3178 4464 3325 4512 esse,
3354 4449 3454 4517 qui
3477 4447 3582 4501 mi-

1940 4551 2159 4603 serunt.
2197 4545 2467 4616 Repletus
2501 4560 2653 4607 sum,
2699 4540 2910 4611 inquit,
2954 4556 3086 4593 cum
3134 4537 3323 4607 accepi
3356 4553 3422 4591 ea
3452 4553 3578 4605 qum

190 4631 304 4688 Non
353 4636 514 4689 enim
546 4635 617 4689 ad
651 4639 950 4705 sumptum
1012 4639 1239 4690 tantum
1297 4636 1403 4690 hoc
1464 4637 1829 4692 referendum
1862 4646 1909 4709 Ι)
1941 4655 2042 4709 per
2064 4634 2520 4708 Epaphroditum
2550 4630 2811 4685 misistis.
2836 4630 2997 4683 Sicut
3018 4644 3195 4697 supra
3217 4624 3360 4680 nihil
3394 4624 3582 4694 requi-

191 4728 291 4790 est,
324 4725 426 4778 sed
461 4723 533 4778 ad
566 4724 783 4791 omnia,
818 4740 944 4794 quae
977 4725 1048 4779 ab
1080 4725 1192 4780 alio
1223 4724 1481 4781 exhiberi
1511 4726 1675 4781 alteri
1706 4744 1835 4797 pos-

190 4819 337 4866 sunt.
366 4812 631 4884 Denique
661 4829 774 4867 non
809 4813 879 4866 ad
915 4815 1191 4883 pecunias
1221 4818 1474 4887 tantum,
1500 4816 1600 4871 sed
1633 4817 1704 4871 ad
1736 4834 1833 4872 ne-

190 4902 436 4956 cessaria
469 4917 714 4971 quaeque
745 4902 940 4972 posuit
971 4902 1144 4957 etiam
1177 4902 1303 4958 hoc.

256 4990 534 5062 Sequitur
566 5007 578 5045 :
614 4990 733 5045 Scio
779 4992 1100 5056 humiliari,
1128 4994 1240 5046 scio
1268 5001 1318 5048 et
1344 4994 1627 5049 abundare
1657 5013 1675 5049 :
1706 4996 1827 5049 ubi-

196 5094 308 5150 que,
339 5086 448 5136 etc.
487 5079 795 5135 Penuriam
826 5081 968 5151 pati,
1000 5097 1482 5153 quorumcunque
1522 5082 1828 5138 hominum

198 5172 296 5237 est,
336 5170 437 5225 sed
489 5168 634 5224 scire
681 5169 988 5241 penuriam
1037 5170 1174 5241 pati,
1230 5187 1598 5243 magnorum.
1633 5172 1727 5226 Sic
1775 5177 1831 5227 et

196 5256 487 5314 abundare
518 5258 769 5330 quisque
819 5262 1033 5329 potest;
1072 5258 1218 5314 scire
1265 5266 1457 5315 autem
1509 5260 1826 5329 abundare,

198 5416 439 5492 dandam
473 5418 661 5475 suasit
689 5417 805 5473 divi
835 5419 1129 5475 Ambrosii
1158 5420 1460 5492 expositio,
1494 5424 1662 5492 cujus
1693 5427 1833 5478 sunt

196 5490 359 5544 verba
392 5490 531 5546 hinc.
1230 5490 1244 5492 ⁷
1564 5490 1577 5492 ⁷

264 5562 441 5639 (1201)
472 5563 537 5639 In
570 5565 764 5639 autog.
801 5577 983 5639 marg.
1018 5561 1110 5617 hic
1140 5562 1356 5639 legitur
1384 5581 1508 5635 cap.
1543 5564 1657 5619 XV.

264 5632 443 5706 (1202.)
472 5634 679 5699 Verba,
718 5635 1023 5705 sequitur...
1056 5632 1294 5701 actione,
1346 5636 1402 5690 in
1454 5632 1639 5706 marg.
1691 5634 1828 5692 late-

206 5703 299 5755 rali
334 5703 621 5775 leguntur.

1942 4727 2040 4794 rit,
2064 4725 2175 4780 nisi
2210 4724 2487 4787 fructum,
2512 4721 2590 4773 ita
2621 4724 2676 4773 et
2705 4718 2820 4779 hic,
2848 4733 2978 4771 cum
3012 4716 3294 4785 repletum
3327 4730 3389 4769 se
3418 4714 3579 4781 dicit,

1943 4832 2056 4871 non
2090 4815 2146 4868 in
2182 4812 2271 4868 bis
2294 4828 2420 4882 quae
2445 4808 2629 4863 missa
2649 4811 2787 4861 sunt
2812 4805 3044 4877 gaudet,
3069 4805 3168 4859 sed
3200 4803 3255 4857 in
3281 4803 3582 4858 devotione

1940 4903 2316 4959 mittentium.
2343 4901 2412 4954 Et
2452 4899 2582 4955 odor
2609 4897 2897 4951 suavitatis
2924 4911 3034 4949 non
3068 4894 3126 4947 in
3160 4908 3219 4947 re
3249 4898 3337 4948 est
3366 4892 3580 4956 oblata,

1939 4994 2037 5046 sed
2088 4993 2148 5045 in
2198 4989 2409 5044 mentis
2443 4986 2763 5050 devotione,
2789 4984 2941 5038 sicut
2987 4981 3334 5037 sacrificium
3373 4981 3489 5036 Noe
3520 4980 3578 5032 in

1938 5082 2113 5137 odore
2160 5076 2463 5135 suavitatis
2512 5074 2727 5128 dicitur
2756 5073 2908 5143 (Gen.
2942 5090 3063 5134 vm,
3093 5073 3205 5139 21),
3240 5086 3375 5124 cum
3425 5069 3577 5123 Deus

1938 5188 2053 5226 non
2086 5169 2403 5225 delectetur
2440 5164 2497 5218 in
2549 5180 2718 5219 carne
2748 5168 2805 5217 et
2836 5161 3119 5234 sanguine
3168 5174 3461 5231 pecorum.
3496 5156 3577 5211 De

1939 5278 2006 5316 eo
2038 5259 2189 5329 quod
2220 5274 2333 5310 non
2362 5253 2545 5310 otiose
2576 5253 2694 5307 haec
2720 5251 2876 5317 dicit,
2901 5250 3012 5305 nisi
3044 5252 3145 5304 aut
3166 5245 3574 5318 negligentius,

2010 5420 2193 5491 (1203)
2225 5418 2285 5491 In
2317 5418 2513 5491 autog.
2535 5428 2742 5491 _marg._
2765 5411 2854 5491 hic
2886 5409 3097 5491 legitur
3122 5421 3247 5476 cap.
3279 5404 3416 5460 XVI.

2012 5478 2192 5563 (120.1)
2224 5485 2394 5563 _\_’ul_g.
2428 5478 2752 5563 nationefet
2780 5482 2862 5563 sit}
2893 5478 3051 5561 alibi:

1967 5614 1979 5624 ,
2011 5548 2190 5633 (1205)
2223 5548 2405 5615 Verba
2433 5548 2690 5611 didici...
2721 5549 3100 5621 sufficiensin
3131 5548 3352 5605 laterali
3387 5565 3570 5621 marg.

1939 5636 2240 5707 leguntur:
2400 5704 2407 5707 Α
2764 5692 2818 5707 ..
2886 5693 2898 5707 .
2982 5692 2992 5703 .

2009 5691 2191 5777 (1206)
2224 5704 2285 5759 In
2316 5704 2510 5769 autog.
2544 5710 2727 5765 marg.
2764 5692 2856 5748 hic
2885 5692 3096 5766 legitur
3124 5710 3249 5766 cap.
3283 5691 3443 5749 XVII.
