4014 6174
411 349 528 412 607

1423 336 1762 420 AT'roNIs
1809 356 2390 420 VERCELLENSIS
2436 355 2787 420 EPISCOPI

3688 351 3812 416 6.08

411 488 523 553 aut,
545 483 742 540 minus
780 485 1032 558 copiose,
1065 487 1220 544 sicut
1248 488 1489 546 solitum
1533 494 1657 546 erat
1687 491 1758 546 ab
1789 490 1870 546 eis
1903 491 2044 562 ﬁeri,
2076 497 2124 561 Α
2163 507 2196 546 a
2227 489 2574 545 criminibus
2604 487 2844 555 alienos,
2878 502 2994 542 non
3025 503 3060 542 a
3089 484 3343 558 peccatis
3373 483 3576 557 (1209).
3606 483 3816 557 Sequi-

410 572 628 628 factum
677 573 1001 642 videbatur,
1035 580 1099 631 ut
1129 579 1567 634 reminiscentes
1615 580 1876 651 priorum
1909 596 2043 652 ope-

409 677 540 715 rum
571 662 789 718 scirent
821 680 881 719 se
904 665 1100 722 minus
1130 666 1331 722 fecisse
1363 684 1537 740 quam
1565 673 1873 740 cmperant.
1898 669 2046 723 Nota

407 749 562 820 quod
589 750 956 824 eleemosyna
998 755 1174 810 hostia
1203 761 1468 824 vocatur;
1501 761 1555 812 et
1585 757 1737 812 sicut
1765 775 1798 812 a
1828 757 2045 813 sanctis

407 837 608 894 oblata
637 841 938 912 accipitur,
977 841 1055 898 ita
1087 860 1120 898 a
1152 843 1323 898 malis
1366 845 1559 900 oblata
1608 846 1920 918 respuitur.
1955 845 2044 900 Fi-

408 927 532 982 nita
563 929 893 985 narratione
925 931 994 986 de
1025 930 1412 1004 eleemosyna,
1442 941 1568 990 orat
1598 951 1696 1006 pro
1728 933 1864 990 illis.

477 1019 660 1088 (1207)
692 1019 968 1091 Sequitur
1014 1038 1026 1075 :
1076 1022 1217 1076 Deus
1267 1026 1451 1078 autem
1495 1039 1664 1078 mus.
1693 1027 1839 1079 Nota
1891 1023 2044 1096 quod

397 1106 695 1176 justorum
716 1113 804 1162 est
825 1125 931 1162 vox
951 1108 1083 1180 ista,
1099 1126 1346 1180 quorum
1371 1110 1519 1166 Deus
1543 1117 1630 1167 est
1652 1129 1751 1183 per
1770 1112 2040 1183 gratiam.

406 1194 744 1250 Desiderium
772 1201 1012 1252 vestrum
1033 1198 1192 1267 dicit,
1211 1216 1460 1270 quorum
1485 1206 1720 1256 noverat
1741 1201 1891 1256 bona
1919 1217 2048 1256 esse

405 1285 598 1339 corda.
624 1285 933 1341 Secundum
960 1287 1183 1343 divitias
1211 1305 1348 1344 sua:
1372 1289 1527 1359 dicit,
1553 1307 1664 1346 non
1695 1291 1919 1346 mundi.
1945 1290 2044 1345 Dei

405 1372 618 1427 divitia:
645 1375 938 1446 spiritales
969 1380 1124 1432 sunt.
1151 1378 1219 1432 Et
1247 1379 1307 1432 in
1337 1379 1538 1448 gloria,
1563 1384 1619 1434 et
1649 1379 1705 1433 in
1731 1379 1961 1446 Christo,
1986 1379 2045 1433 in

407 1478 521 1533 quo
555 1469 692 1518 sunt
722 1481 927 1520 omnes
958 1465 1218 1521 thesauri
1248 1467 1567 1539 sapientiae,
1595 1473 1650 1522 et
1681 1469 1935 1523 scientiae
1964 1485 2047 1524 re-

405 1551 644 1607 conditi.
679 1554 826 1609 Nota
856 1555 1009 1626 quod
1043 1555 1163 1610 haec
1195 1556 1515 1612 benedictio
1548 1575 1660 1613 non
1693 1563 1781 1613 est
1810 1557 2048 1612 inferior

406 1639 914 1698 benedictionibus
946 1643 1430 1714 patriarcharum.

479 1729 798 1802 Sequitur:
833 1732 938 1787 Deo
995 1739 1197 1798 autem,
1246 1735 1300 1787 et
1356 1735 1531 1803 Patri,
1565 1737 1672 1789 etc.
1723 1739 1835 1790 Deo
1893 1734 2045 1790 Patri

408 1815 613 1890 gloria,
637 1822 694 1874 et
717 1818 776 1874 in
799 1820 1026 1876 Christo
1055 1822 1188 1876 Jesu
1217 1822 1296 1876 sit
1327 1821 1414 1876 illi
1444 1821 1624 1893 gloria
1657 1827 1888 1888 aeterna,
1917 1840 2044 1895 quae

407 1905 593 1979 gloria
623 1909 907 1964 ambabus
951 1911 1216 1982 personis
1247 1927 1365 1966 una
1393 1927 1527 1966 cum
1557 1911 1777 1983 Spiritu
1824 1915 2043 1980 sancto,

405 1995 505 2066 qui
537 2001 626 2052 est
655 2014 808 2053 unus
834 1999 1007 2072 Deus,
1036 1999 1297 2054 debetur.
1321 1999 1402 2055 De
1432 2016 1497 2055 eo
1528 2001 1704 2072 quod,
1732 2000 1895 2057 ﬁnita
1925 2001 2046 2074 epi-

404 2083 552 2141 stola
583 2085 642 2139 in
675 2085 866 2158 laude,
898 2087 1110 2143 transit
1137 2089 1208 2144 ad
1243 2087 1672 2144 salutationem.

475 2173 658 2245 (1208)
689 2176 963 2247 Sequitur
995 2192 1008 2231 :
1043 2177 1289 2233 Salutate
1316 2193 1534 2233 omnem
1562 2186 1830 2234 sanctum.
1855 2179 2045 2236 Terri-

406 2261 541 2333 bile,
573 2265 726 2333 quod
761 2281 876 2319 non
909 2264 1022 2320 nisi
1062 2270 1299 2322 sanctos
1349 2265 1580 2322 salutat.
1614 2267 1856 2324 Sanctos
1887 2276 2049 2324 vocat

475 2422 660 2563 (1207)
691 2422 752 2479 In
786 2427 980 2497 autog.
1014 2441 1196 2496 marg.
1233 2425 1328 2480 hic
1355 2424 1569 2498 legitur
1598 2443 1723 2498 cap.
1754 2426 1948 2481 XVIII.

499 2494 658 2560 1208)
683 2495 746 2550 In
778 2501 975 2563 autog.
1009 2512 1193 2563 marg.
1228 2496 1324 2552 hic
1354 2496 1569 2563 legitur
1597 2514 1721 2563 cap.
1753 2497 1892 2552 XIX.

499 2494 746 2569 12%)19
778 2494 975 2569 autog.
1009 2494 1193 2569 marg.
1228 2496 1324 2552 hic
1354 2494 1569 2569 legitur
1597 2494 1721 2569 cap.
1753 2497 1892 2552 XIX.

476 2566 661 2638 (1209)
708 2567 789 2641 En
840 2566 1229 2625 differentiam
1279 2566 1440 2625 inter
1477 2566 1696 2626 crimen
1745 2574 1804 2626 et
1845 2584 2044 2641 pecca-

2077 1873 2125 1937 B

2155 583 2296 634 tur:
2329 579 2589 634 Salutant
2633 594 2723 657 vos
2768 593 2952 633 omnes
2997 579 3222 648 fratres,
3254 576 3354 646 qui
3396 590 3610 629 meum
3656 583 3814 646 sunt,

2155 684 2347 736 carne,
2381 668 2682 722 vobiscum
2727 671 2942 720 mente.
2967 663 3234 720 Salutant
3261 679 3362 718 vos
3411 663 3588 718 etiam
3620 663 3815 718 sancti

2155 757 2558 812 eminentioris
2589 755 2803 826 meriti,
2835 754 2938 809 sed
2988 753 3230 808 maxime
3253 753 3350 824 qui
3395 752 3458 808 de
3503 751 3658 806 domo
3689 748 3832 808 Cas?

2153 849 2295 902 saris
2322 848 2468 901 sunt.
2493 848 2678 911 Quare
2709 844 2853 899 istos
2886 842 3217 916 specialiter
3242 841 3446 896 notat?
3473 840 3622 904 Quia
3651 840 3811 895 vole-

2155 937 2254 991 bat
2281 934 2413 990 illos
2463 935 2767 990 ostendere
2797 932 3153 998 devotiores;
3189 935 3246 986 et
3276 935 3341 985 ut
3386 929 3472 985 illi
3502 931 3813 985 audientes

2155 1028 2424 1095 potentes
2458 1020 2793 1086 credidisse,
2828 1019 3074 1076 laetiores
3107 1020 3332 1084 fierent,
3359 1035 3426 1074 ac
3458 1019 3508 1074 si
3538 1019 3764 1073 diceret
3797 1036 3812 1072 :

2155 1112 2342 1168 Nolite
2373 1112 2577 1167 timere
2614 1109 2993 1183 Evangelium
3036 1109 3370 1181 predicare,
3404 1107 3460 1161 in
3495 1124 3612 1179 quo
3646 1112 3816 1162 tanta

2152 1201 2241 1258 vis
2281 1206 2391 1272 est,
2425 1205 2489 1256 ut
2537 1201 2594 1255 hi
2641 1200 2838 1270 etiam,
2873 1198 2972 1270 qui
3023 1197 3328 1270 superbire
3378 1200 3675 1268 poterant,
3707 1197 3812 1251 de-

2154 1290 2345 1363 posita
2374 1288 2581 1344 mundi
2620 1288 2888 1358 elatione,
2923 1285 3146 1341 humile
3177 1285 3390 1343 Christi
3422 1286 3641 1358 jugum
3675 1303 3812 1341 sus-

2155 1380 2435 1452 ceperint.

2227 1466 2424 1523 Gralia
2470 1466 2691 1522 Domini
2733 1466 2914 1520 nostri
2959 1467 3091 1518 Jesu
3137 1463 3365 1529 Christi,
3398 1466 3506 1517 etc.
3541 1462 3693 1528 Quia
3724 1462 3809 1517 di-

2152 1573 2328 1611 versae
2361 1555 2712 1627 quaestiones
2761 1557 2928 1608 erant
2957 1553 3028 1606 de
3059 1551 3306 1622 Christo,
3340 1552 3413 1606 ad
3455 1546 3806 1606 conﬁrman-

2154 1645 2289 1700 dam
2322 1644 2675 1700 soliditatem
2703 1641 2919 1697 Christi
2952 1640 3294 1708 divinitatis,
3330 1657 3690 1713 magnopere
3721 1658 3814 1713 po-

2154 1733 2266 1789 scit
2295 1733 2541 1804 gratiam
2573 1732 2699 1801 ejus
2730 1745 2858 1786 esse
2899 1747 3033 1788 cum
3077 1730 3341 1802 ipsorum
3370 1730 3602 1801 spiritu.
3643 1731 3719 1785 De
3747 1747 3807 1786 eo

2156 1823 2309 1894 quod
2339 1821 2527 1894 gratia
2547 1824 2656 1887 est,
2683 1837 2800 1891 qua
2832 1819 3167 1876 relaxantur
3195 1823 3432 1891 peccata
3461 1835 3648 1890 quam
3679 1835 3804 1874 cum

2157 1911 2367 1982 spiritu
2393 1927 2597 1966 eorum
2628 1926 2756 1965 esse
2777 1912 2959 1981 optat,
2984 1909 3124 1981 quia
3156 1907 3408 1964 nobilior
3429 1913 3518 1964 est
3546 1907 3797 1978 interior,

2157 2017 2332 2071 quam
2364 1998 2612 2054 exterior
2646 1998 2841 2053 homo.

2225 2091 2398 2144 Amen
2445 2088 2756 2144 conﬁrmat
2801 2085 3002 2142 omnia
3049 2103 3176 2159 quae
3235 2085 3507 2157 superius
3555 2085 3798 2153 dixerat;

2156 2177 2295 2250 quia
2327 2193 2494 2233 amen
2532 2175 2745 2231 dicitur
2784 2191 2976 2231 verum
3005 2193 3022 2230 :
3054 2173 3219 2230 valde
3249 2173 3405 2230 enim
3439 2173 3699 2247 impium
3731 2179 3810 2230 est

2156 2266 2227 2321 de
2255 2264 2405 2321 tanti
2436 2263 2700 2320 Doctoris
2727 2262 2898 2319 dictis
2930 2263 2988 2317 in
3021 2261 3215 2334 aliquo
3246 2262 3537 2318 dubitare.

2156 2429 2304 2491 tum,
2363 2423 2482 2480 sive
2541 2422 2760 2495 peccati
2816 2423 3372 2495 concupiscentiam,
3427 2438 3610 2493 quam
3675 2423 3812 2479 alibi

2155 2497 2331 2553 etiam
2365 2496 2685 2552 constituit.

707 2907 1175 3004 INCIPIT
1245 2908 2068 3006 CAPITULATIO
2138 2909 2303 3002 AD
2378 2906 3264 3004 COLOSSENSES
3313 2905 3508 2999 “2””.

473 3275 522 3329 1.
558 3274 705 3340 Quia
743 3279 871 3330 orat
919 3291 1022 3347 pro
1066 3275 1172 3347 eis,
1206 3274 1545 3332 collaudans
1593 3275 1768 3334 ﬁdem
1816 3293 2039 3345 eorum,
2073 3277 2116 3346 α
2224 3277 2277 3330 4.
2307 3274 2368 3332 Si
2399 3273 2614 3332 mortui
2641 3272 2784 3330 estis
2814 3271 2886 3328 ab
2917 3270 3246 3338 elementis,
3281 3271 3422 3344 quid
3453 3271 3649 3326 adhuc
3674 3275 3805 3326 tan-

399 3362 611 3435 dignos
639 3381 738 3421 eos
778 3365 962 3420 factos
1006 3365 1064 3420 in
1114 3369 1341 3436 partem
1389 3365 1566 3422 sortis
1615 3370 1950 3438 sanctorum
1985 3365 2043 3422 in

399 3451 652 3519 Christo,
699 3453 758 3507 in
805 3469 920 3524 quo
973 3453 1206 3508 condita
1253 3458 1392 3509 sunt
1439 3453 1658 3523 omnia,
1709 3454 1829 3509 sive
1876 3454 2044 3510 thro-

401 3539 482 3607 ni,
514 3543 624 3596 etc.

469 3629 525 3682 2.
557 3627 726 3696 Quia,
765 3645 899 3685 cum
956 3633 1154 3684 essent
1207 3628 1450 3700 inimici,
1497 3629 1849 3685 reconciliati
1907 3634 2048 3686 sunt

400 3716 516 3772 Deo
545 3716 606 3772 in
643 3715 1054 3785 ministerium,
1091 3718 1245 3788 quod
1278 3717 1688 3777 absconditum
1719 3717 1827 3774 fuit
1863 3735 1896 3774 a
1939 3735 2044 3774 saa-

400 3804 568 3873 culis,
605 3809 662 3861 et
703 3806 984 3862 docentes
1033 3822 1267 3862 omnem
1315 3805 1648 3871 hominem;
1699 3812 1756 3863 et
1801 3807 1940 3879 quia
1985 3807 2046 3862 in

400 3894 631 3953 Christo
663 3895 991 3951 absconditi
1025 3899 1164 3950 sunt
1193 3912 1395 3952 omnes
1421 3895 1701 3952 thesauri.

470 3983 524 4040 3.
559 3983 633 4040 Ut
665 4001 778 4040 non
810 3983 1176 4056 decipiantur
1205 4002 1310 4057 pro
1339 3984 1728 4057 philosophia,
1751 3985 1852 4058 qui
1883 3985 2043 4042 Chri-

401 4077 492 4129 sto
521 4072 844 4145 consepulti
879 4077 1018 4129 sunt
1064 4074 1123 4128 in
1167 4074 1479 4145 baptismo.
1514 4074 1722 4131 Dolens
1751 4077 1904 4148 quod
1937 4077 2045 4132 ad-

398 4179 632 4218 versum
664 4179 769 4218 nos
809 4167 950 4228 erat,
987 4163 1465 4237 chirographum.
1499 4165 1569 4220 Et
1613 4181 1782 4220 nemo
1822 4165 2047 4236 judicet

399 4252 458 4308 in
489 4252 641 4322 cibo,
675 4256 777 4307 aut
805 4251 864 4307 in
898 4257 1056 4323 potu.
1089 4257 1157 4308 Et
1204 4269 1276 4310 ne
1308 4253 1682 4320 seducantur,
1714 4253 1772 4308 in
1805 4253 2043 4311 humili-

399 4343 516 4396 tate
544 4339 905 4413 angelorum.

2153 3381 2329 3437 quam
2359 3363 2621 3420 viventes
2667 3360 3027 3418 decernitis?
3078 3361 3166 3428 Et,
3201 3377 3329 3432 quas
3379 3376 3622 3416 sursum
3671 3365 3805 3416 sunt

2154 3453 2360 3524 sapite.
2394 3457 2484 3523 Et,
2517 3449 2927 3508 mortiﬁcanda
2967 3449 3260 3518 membra,
3291 3465 3418 3520 quas
3462 3455 3606 3506 sunt
3633 3465 3805 3520 super

2152 3545 2390 3600 terram.
2412 3541 2500 3606 Et,
2524 3539 2893 3594 induendum
2926 3555 3144 3594 novum
3175 3537 3475 3594 hominem
3508 3554 3523 3592 :
3557 3539 3658 3594 ubi
3687 3555 3806 3595 non

2153 3632 2242 3684 est
2269 3627 2506 3701 gentilis
2536 3631 2593 3683 et
2619 3628 2878 3683 Judaaus.

2221 3718 2276 3772 5.
2309 3717 2382 3773 Ut
2419 3716 2469 3773 si
2518 3717 2652 3789 quis
2700 3715 2878 3771 habet
2923 3715 3145 3788 aliquid
3194 3715 3476 3773 adversus
3524 3715 3806 3788 aliquem,

2155 3805 2428 3862 dimittat.
2463 3806 2552 3874 Et,
2584 3805 2643 3860 in
2692 3803 2962 3876 psalmis,
2992 3809 3049 3861 et
3096 3803 3335 3878 hymnis
3379 3805 3587 3876 (1211).
3618 3806 3706 3874 Et,
3744 3805 3806 3861 in

2155 3896 2390 3952 nomine
2422 3895 2650 3951 Domini
2683 3894 2883 3951 omnia
2912 3894 3195 3951 facienda.
3235 3894 3326 3960 Et,
3359 3893 3635 3950 mulieres
3664 3894 3802 3950 sub-

2154 3986 2284 4042 ditae
2318 3986 2436 4042 sint
2463 3984 2624 4053 viris,
2660 3989 2718 4040 et
2743 3983 2854 4039 viri
2886 4000 3097 4040 uxores
3127 3982 3397 4056 diligant,
3431 3983 3537 4039 tilii
3569 3989 3626 4039 et
3653 3984 3803 4039 servi

2155 4075 2446 4131 obediant.

2223 4167 2277 4218 6.
2308 4162 2566 4219 Orationi
2621 4162 2964 4218 instandum
3017 4176 3121 4232 pro
3152 4174 3212 4216 se
3246 4176 3259 4215 :
3292 4164 3350 4216 et
3399 4159 3460 4215 in
3518 4161 3806 4234 sapientia

2154 4251 2575 4309 ambulandum
2608 4252 2681 4306 ad
2711 4268 2830 4320 eos,
2862 4250 2963 4322 qui
2994 4248 3134 4305 foris
3169 4252 3328 4317 sunt,
3353 4253 3430 4317 et,
3455 4264 3653 4306 sermo
3685 4250 3806 4307 sale

2154 4342 2231 4398 sit
2261 4340 2556 4398 conditus.
2586 4343 2674 4410 Et,
2706 4339 2778 4395 de
2807 4337 2922 4408 his,
2947 4355 3096 4411 quos
3126 4337 3366 4394 salutat.

607 4536 812 4620 (1212)
843 4539 1046 4611 QUOS
1093 4539 1573 4602 SANCTORUM
1619 4539 2680 4690 COM%E310%%F§£E%I;%SSTOLUS
2725 4537 3038 4599 PAULUS
3081 4535 3160 4595 IN
3206 4533 3584 4596 EPISTULA

1741 4633 1786 4688 A
2441 4669 2460 4688 .

1741 4633 1846 4688 AD
1889 4633 2460 4688 COLOSSENSES.

471 4815 822 4887 Epaphram,
845 4831 1138 4887 quemque
1169 4813 1397 4870 ﬁdelem
1429 4813 1766 4869 ministrum
1797 4828 1866 4870 ex
1891 4811 2038 4885 ipsis

400 4919 548 4972 esse,
600 4908 657 4959 et
702 4903 1040 4976 Tychicum,
1092 4919 1263 4977 quem
1321 4902 1738 4960 charissimum
1800 4902 2039 4959 fratrem

400 4998 589 5050 vocat.

472 5083 814 5140 Onesimum
839 5083 1074 5139 fratrem
1095 5080 1508 5137 charissimum
1526 5085 1582 5137 et
1604 5079 2038 5153 ﬁdelem,quem

400 5192 469 5231 ex
497 5175 644 5248 ipsis
674 5173 856 5230 fuisse
884 5171 1041 5227 dicit.
1073 5169 1498 5238 Aristarcbum,
1532 5186 1706 5240 quem
1744 5170 2037 5243 concepti-

399 5280 538 5319 vum
568 5268 753 5321 vocat.
1241 5309 1243 5312 .

472 5353 732 5411 Marcum
759 5349 1174 5410 consobrinum
1214 5348 1512 5414 Barnabas,
1543 5349 1615 5404 de
1644 5364 1759 5420 quo
1801 5365 2040 5423 accepe-

474 5494 654 5567 (1210)
682 5495 910 5552 Titulus
957 5494 1050 5550 hic
1099 5491 1329 5563 litteris,
1370 5490 1640 5567 ut_aiunt_
1688 5489 2037 5567 capitalibus

403 5562 648 5640 partim,
672 5567 882 5640 partim
905 5567 962 5621 in
986 5562 1511 5640 ventreAcontentis
1528 5562 1779 5640 scriptus
1804 5562 2037 5635 legitur.

476 5635 849 5709 (1211)'Quod
887 5639 1068 5694 anis
1093 5636 1373 5711 scriptum
1403 5635 1635 5708 legitur.

427 5712 904 5750 ψψσηρῗι
938 5730 970 5737 μ..
981 5729 1022 5738 ρ

2145 5560 2329 5630 stolae,

2145 5636 2340 5706 autog.

2151 4810 2269 4867 rint
2297 4811 2591 4866 mandata.
2623 4810 2693 4864 Et
2733 4808 2958 4877 Jesum,
2993 4808 3095 4880 qui
3126 4808 3345 4865 dicitur
3374 4808 3594 4880 justus.
3628 4809 3698 4864 Hi
3728 4825 3797 4865 ex

2149 4899 2589 4957 circumcisione
2620 4898 2936 4970 adjutores.

2221 4990 2436 5045 Lucam
2466 4987 2760 5044 medicum
2807 4985 3245 5043 charissimum.
3273 4986 3346 5043 Et
3373 4986 3592 5043 Deman
3621 4987 3794 5061 Nym-

2151 5078 2420 5151 pham,et
2439 5094 2585 5150 quas
2614 5077 2675 5132 in
2706 5076 2880 5132 domo
2911 5077 3040 5148 ejus
3069 5075 3377 5134 Ecclesias.
3408 5075 3794 5150 Archippum,

2149 5184 2324 5241 quem
2346 5169 2676 5224 commonet
2703 5169 2770 5221 ut
2786 5165 2979 5222 videat
3007 5164 3427 5234 ministerium,
3451 5167 3608 5238 quod
3635 5181 3794 5223 acce-

2149 5257 2253 5330 pit.

2217 5489 2646 5615 (1212)_0mnes
2684 5487 2862 5571 tituli,
2893 5488 2993 5560 qui
3045 5490 3392 5570 sequuntur,
3423 5486 3608 5560 hujus
3656 5488 3788 5573 Epi-

2217 5560 2329 5615 )ltB.
2409 5564 2617 5615 itteris.
2664 5565 2731 5615 ut
2777 5566 2960 5615 aiunt.
3008 5558 3337 5615 uncialibus
3385 5559 3679 5615 habentur
3723 5577 3782 5615 in

2409 5560 2617 5632 itteris,
2664 5565 2731 5617 ut
2777 5558 2960 5630 aiunt,
3008 5558 3337 5616 uncialibus
3379 5558 3782 5618 habentur—in
