4026 6168
200 270 306 328 609

704 266 1117 328 EXPOSITIO
1162 269 1237 327 IN
1284 268 1707 329 EPISTOLAS
1754 266 2008 328 PAULI.
2054 302 2127 311 ο-
2170 269 2245 326 ΙΝ
2299 268 2542 329 EPIST.
2587 269 2690 328 AD
2734 268 3044 330 COLOSS.

3458 267 3579 329 610

1231 403 1783 463 ARGUMENTUM
1832 403 1934 461 AD
1981 402 2539 462 CULOSSENSES.

264 505 628 561 Colossenses
658 510 816 573 sunt,
840 509 895 561 et
918 505 1157 576 hi,sicut
1180 506 1826 573 Laodicenses,Asiani.
1858 506 1913 573 Α
1944 506 2253 578 Archippo,
2290 506 2389 577 qui
2420 512 2477 561 et
2507 508 2899 563 ministerium
2932 510 2991 561 in
3032 524 3127 561 eos
3161 508 3399 579 accepit.
3433 514 3577 581 Ergo

197 600 257 649 Et
284 594 389 664 ipsi
445 594 718 663 praeventi
769 594 953 665 (1213)
1010 599 1176 649 erant
1216 611 1249 649 a
1305 594 1828 667 pseudoapostolis.

196 684 301 741 Nec
322 683 392 737 ad
416 698 512 737 eos
536 682 781 737 accessit
804 683 927 754 ipse
952 684 1262 754 Apostolus
1284 702 1295 746 ;
1321 685 1421 739 sed
1450 684 1555 739 hos
1579 701 1679 755 per
1701 683 1828 755 Epi-

195 771 391 828 stolam
451 770 774 843 recorrigit.
850 772 1171 827 Audierant
1241 772 1395 828 enim
1455 774 1695 828 verbum
1756 773 1827 827 ab

256 911 438 979 (1213)
470 916 531 966 In
565 913 692 968 cod.
722 914 1027 983 prabendi.

258 983 437 1057 (1214)
461 984 608 1039 Loco
634 985 839 1055 Epheso
866 984 1177 1057 legendum
1203 988 1445 1042 fortasse
1464 987 1535 1042 ab
1559 987 1829 1043 Onesimo.

192 1055 403 1138 scilicet
432 1071 535 1138 per
564 1072 758 1138 quem,
788 1062 843 1111 et
871 1055 1185 1138 Ty'chicum
1212 1058 1401 1138 missa
1430 1064 1518 1114 est
1550 1057 1829 1138 Epistola.

192 1126 304 1200 Vel,
340 1126 494 1200 quod
526 1127 753 1200 veritati
778 1126 964 1200 magis
987 1135 1443 1185 consentaneum
1481 1126 1719 1196 est,loco
1741 1130 1829 1193 ab,

194 1197 613 1278 legendum_et_:
636 1204 705 1278 ut
722 1197 953 1278 legatur
980 1218 991 1255 :
1024 1202 1229 1278 scribit
1241 1202 1338 1278 eis,
1358 1210 1409 1256 et
1430 1202 1681 1278 Epheso:
1705 1201 1831 1255 duaa

189 1268 339 1343 enim
372 1268 461 1343 hie
491 1268 1058 1343 Epistoltsfalterave
1092 1272 1161 1326 ad
1199 1268 1596 1343 Philippenses
1627 1276 1829 1337 Roma,

189 1345 241 1395 et
269 1340 324 1394 in
367 1340 622 1396 vinculis
652 1342 905 1413 scriptae,
953 1347 1011 1397 et
1043 1344 1233 1398 missae
1276 1340 1623 1399 censentur:
1660 1343 1832 1398 sicuti

1940 595 2255 667 Apostolus
2280 596 2404 666 jam
2441 595 2653 666 ligatus
2677 596 2879 651 scribit
2908 596 2990 651 eis
3021 596 3091 651 ab
3119 597 3343 668 Epheso
3375 598 3575 669 (1214).

2035 703 2274 773 Explicit
2303 701 2373 757 ad
2406 700 2738 757 Colossenses
2767 703 2971 771 scripta
3000 701 3066 756 de
3098 703 3282 757 Roma.
3315 703 3481 758 Habet

2453 790 2639 827 versus
2673 773 2728 829 C.
2774 774 2830 828 C.
2880 775 3058 829 VIII.

1941 916 2012 969 de
2041 913 2150 968 hac
2173 913 2546 988 peculiariter
2569 913 2782 988 legitur
2803 932 2987 985 pauca
3012 920 3141 988 post
3161 918 3336 972 verba
3360 918 3419 972 in
3451 918 3577 973 cod.

1942 989 2141 1040 nostro
2171 985 2284 1040 ibi:
2315 988 2520 1056 scripta
2550 987 2621 1041 de
2644 988 2827 1041 Roma.
2862 985 3028 1050 Quod
3052 987 3211 1043 nullo
3243 991 3414 1044 modo
3445 1006 3578 1044 cum

1940 1056 2036 1130 his
2067 1057 2277 1130 verbis,
2308 1058 2376 1130 ab
2406 1057 2609 1130 Epheso
2632 1057 2927 1112 conciliari
2960 1065 3175 1130 posset.
3211 1060 3271 1114 Id
3301 1077 3432 1115 vero
3464 1061 3580 1116 cla-

1942 1128 2063 1182 rius
2096 1128 2556 1201 elucebitex‘his
2580 1145 2704 1201 quae
2738 1131 2909 1201 paulo
2934 1128 3176 1186 inferius
3208 1132 3577 1187 habenturin

1940 1216 2007 1271 ea
2038 1199 2212 1253 verba
2242 1198 2525 1271 Epistolas,
2571 1198 2663 1271 his
2684 1198 2779 1271 qui
2824 1204 2949 1255 sunt
2982 1203 3207 1257 Colossis
3238 1245 3253 1271 ,
3287 1202 3387 1257 ubi
3417 1220 3577 1258 men-

1942 1270 2081 1353 dose
2101 1271 2161 1324 in
2186 1270 2547 1353 argumentis
2568 1270 2959 1342 Epistolarum
2984 1270 3265 1343 scriptum
3290 1276 3355 1328 ab
3377 1275 3581 1346 Epheso

1942 1343 2265 1398 adinveniri
2290 1344 2588 1398 asseritur.

718 1636 1179 1730 INCIPIT
1242 1637 1852 1733 EPISTOLA
1919 1639 2082 1732 AD
2157 1637 3066 1733 COLOSSENSES.

750 1947 1271 2003 ARGUMENTUM.

244 2038 627 2094 Colossenses
659 2037 1133 2108 pseudoapostoli
1187 2041 1443 2092 evertere
1474 2038 1833 2104 nitebantur,

183 2133 241 2181 ut
272 2132 405 2199 post
436 2126 911 2198 praedicationem
943 2126 1221 2198 Epaphra:
1253 2126 1370 2180 sive
1398 2126 1833 2198 Archippi,phi-

179 2216 504 2287 losophicis
534 2216 1032 2287 disputationibus
1065 2216 1357 2270 irretirent
1392 2215 1834 2287 simplicitatem

182 2305 392 2360 mentis
425 2321 657 2360 eorum.
716 2307 1001 2359 Admonet
1048 2302 1363 2375 Apostolus
1413 2320 1483 2358 ne
1515 2311 1750 2375 sperent
1774 2304 1834 2359 in

176 2393 514 2448 rationibus
548 2393 992 2459 elementorum,
1036 2392 1252 2463 quibus
1280 2391 1448 2462 quasi
1478 2394 1837 2463 gubernatur

175 2481 289 2535 vita
315 2481 608 2536 humana.
644 2480 863 2535 Idcirco
895 2480 1003 2535 hoc
1042 2480 1355 2551 Apostolus
1385 2497 1486 2552 per
1514 2480 1833 2552 Epistolam

179 2570 455 2625 hortatur
488 2574 549 2625 et
600 2570 895 2635 admonet,
930 2586 1000 2624 ne
1058 2569 1273 2624 alicubi
1304 2573 1507 2641 praeter
1535 2569 1835 2625 Christum

181 2659 441 2730 aliquam
478 2675 643 2730 spem
664 2675 793 2715 esse
816 2662 1176 2730 putarent,et
1197 2659 1605 2730 deciperentur
1626 2660 1832 2730 (1215).

243 2795 412 2865 (CAP.
449 2794 521 2864 1.)
556 2794 763 2849 Paulus
797 2796 1073 2865 apostolus
1124 2794 1328 2849 Christi
1355 2795 1480 2849 Iesu
1508 2811 1608 2865 per
1638 2795 1833 2849 volun-

177 2888 339 2938 tatem
400 2884 506 2939 Dei
558 2888 608 2938 et
666 2884 978 2940 Timotheus
1036 2883 1237 2956 frater.
1269 2884 1335 2942 In
1388 2882 1517 2937 aliis
1568 2883 1835 2953 Epistolis

176 2972 507 3028 Sosthenes
539 2977 595 3026 et
633 2971 941 3044 Sylvanus,
965 2970 1257 3047 interdum
1281 2975 1337 3025 et
1359 2970 1723 3037 Timotheus,
1750 2988 1837 3025 as-

172 3062 467 3116 sumitur.
508 3061 571 3114 In
604 3064 854 3131 quatuor
896 3064 1125 3114 tantum
1185 3058 1551 3123 Timotheus,
1585 3060 1722 3130 quia
1750 3058 1836 3113 vel

166 3151 386 3206 eodem
436 3152 722 3220 tempore,
776 3148 864 3203 vel
922 3152 1205 3220 praesente
1264 3146 1566 3202 Timotheo
1621 3152 1835 3201 cmterae

1859 1953 1906 2016 Β
1939 1967 2085 2006 cere.
2122 1952 2189 2005 Et
2218 1950 2276 2004 in
2309 1950 2516 2021 primis
2540 1950 2710 2004 {idem
2735 1967 2934 2005 eorum
2960 1965 3233 2021 magnam
3263 1952 3498 2007 audisse
3522 1970 3582 2009 se

1944 2038 2162 2094 laudat.
2194 2038 2409 2093 Deinde
2433 2039 2706 2093 admonet
2727 2054 2824 2094 eos
2844 2055 2912 2093 ne
2936 2055 3035 2109 per
3047 2038 3475 2111 pbiIOSOphiam
3495 2043 3580 2097 vel

1944 2128 2088 2199 legis
2119 2127 2495 2182 caeremonias
2529 2129 2905 2183 seducantur.

2013 2219 2227 2271 Sanctis
2255 2222 2306 2271 et
2334 2216 2587 2285 ﬁdelibus
2629 2217 2900 2286 fratribus
2949 2219 3007 2271 in
3039 2216 3253 2272 Christo
3280 2220 3405 2273 Iesu
3437 2222 3584 2274 Gra-

1944 2308 2025 2361 tia
2054 2307 2205 2361 vobis
2235 2309 2286 2359 et
2311 2322 2428 2375 par
2456 2322 2497 2359 a
2526 2306 2629 2360 Deo
2681 2307 2843 2359 Patre
2870 2308 3073 2360 nostro.
3134 2305 3257 2360 Non
3289 2307 3482 2362 omnis
3515 2308 3583 2362 ﬁ-

1944 2394 2089 2448 delis
2120 2399 2207 2448 est
2229 2398 2491 2459 sanctus,
2517 2393 2654 2463 quia
2686 2398 2932 2465 possunt
2958 2394 3133 2448 etiam
3156 2394 3581 2467 catechumeui,

1945 2498 2012 2537 ex
2042 2499 2106 2536 eo
2139 2484 2288 2553 quod
2321 2482 2546 2537 Christo
2569 2482 2833 2548 credunt,
2859 2480 3055 2537 fideles
3079 2481 3213 2549 dici,
3240 2500 3354 2538 non
3388 2489 3580 2539 tamen

1944 2570 2129 2625 sancti
2150 2575 2289 2625 sunt
2311 2587 2410 2641 per
2428 2571 2787 2642 baptismum
2820 2570 3353 2635 sanctificati.Quod
3385 2578 3581 2628 tamen

1946 2658 2187 2730 intelligi
2219 2666 2277 2713 et
2306 2659 2474 2713 aliter
2495 2658 2705 2713 melius
2737 2663 2945 2730 potest,
2971 2659 3026 2713 id
3052 2665 3137 2713 est
3165 2665 3226 2713 ut
3247 2666 3481 2716 sanctos
3504 2661 3583 2715 di-

1943 2753 2037 2803 cat
2068 2749 2416 2811 sacerdotes,
2458 2752 2513 2802 et
2565 2747 2868 2803 ministros
2899 2747 3187 2817 Ecclesiae,
3220 2749 3418 2805 ﬁdeles
3452 2768 3582 2806 vero

1944 2843 2209 2892 caeteram
2259 2836 2517 2891 fidelium
2568 2836 3026 2891 multitudinem.
3088 2836 3311 2893 Gratias
3369 2843 3586 2909 agimus

1942 2927 2047 2980 Deo
2077 2929 2126 2979 et
2154 2926 2310 2979 Patri
2340 2926 2562 2979 Domini
2602 2927 2781 2980 nostri
2825 2926 2951 2980 Jesu
2996 2924 3220 2991 Christi,
3251 2942 3459 2997 semper
3480 2945 3582 2999 pro

1942 3014 2092 3069 vobis
2122 3018 2355 3068 orantes.
2390 3016 2431 3067 A
2465 3012 2737 3068 laudibus
2768 3013 2867 3068 Dei
2899 3012 3122 3084 incipit,
3152 3014 3304 3084 quod
3332 3014 3469 3070 talia
3498 3015 3583 3071 eis

1945 3104 2265 3169 donaverit,
2299 3120 2425 3173 quae
2455 3102 2698 3157 inferius
2728 3102 3119 3156 continentur.

2014 3191 2300 3246 Audientes
2346 3191 2505 3261 ﬁdem
2561 3196 2804 3245 vestram
2842 3192 2903 3245 in
2957 3191 3169 3246 Christo
3195 3195 3348 3248 Jesu.
3384 3192 3450 3247 Et
3479 3192 3586 3247 hoc

162 3256 416 3312 quoque
441 3237 678 3293 dictatas
713 3237 1039 3301 sunt.Quod
1071 3235 1289 3307 duplici
1311 3253 1379 3291 ex
1408 3252 1586 3291 causa
1616 3236 1836 3291 factum

156 3329 439 3402 ponitur,
479 3331 553 3381 ut
577 3330 634 3381 et
658 3324 916 3398 Epistola
946 3326 1225 3396 majorem
1260 3324 1498 3380 haberet
1528 3326 1841 3380 auctorita-
1872 3318 1913 3385 C

152 3425 305 3483 tem,
342 3431 487 3486 quae
550 3431 662 3469 non
725 3415 797 3469 ab
848 3430 962 3468 uno
1022 3414 1407 3479 scribebatur,
1441 3418 1498 3495 et
1523 3413 1661 3484 quia
1688 3412 1847 3468 nulla

150 3504 477 3563 mmulatio
523 3507 647 3558 erat
674 3503 732 3557 in
767 3502 1107 3574 Apostolo,si
1135 3502 1273 3574 quid
1309 3502 1452 3557 forte
1474 3501 1571 3557 illo
1595 3502 1847 3557 dictante

152 3596 294 3650 aliis
327 3591 613 3665 Spiritus
645 3600 883 3646 sanctus
908 3590 1318 3663 suggessisset,
1343 3590 1565 3662 absque
1595 3590 1713 3645 ulla
1743 3590 1843 3646 tri-

154 3684 329 3741 stitia
364 3681 643 3736 addebat
668 3679 885 3734 Paulus
912 3679 968 3733 in
1002 3679 1235 3744 litteris,
1270 3696 1416 3750 quas
1451 3680 1729 3746 dictabat,
1763 3697 1848 3736 se-

156 3758 441 3829 cundum
483 3769 572 3835 id,
607 3770 758 3840 quod
783 3769 909 3840 ipse
931 3768 1247 3823 Corinthiis
1273 3768 1637 3839 praecepit,ut
1666 3770 1712 3823 si
1738 3769 1848 3824 alio

1953 3280 2024 3335 ad
2057 3279 2488 3334 distinctionem
2520 3279 2967 3351 diligentissime
2996 3280 3253 3350 positum
3289 3284 3415 3335 est:
3450 3286 3591 3336 sunt

1955 3369 2167 3439 quippe
2196 3368 2390 3439 plures
2421 3368 2640 3434 ﬁdeles,
2691 3369 2790 3424 sed
2825 3385 2939 3424 non
2972 3368 3031 3422 in
3076 3367 3305 3424 Christo
3333 3369 3493 3425 Jesu.
3525 3371 3590 3425 Et

1954 3459 2319 3529 dilectionem,
2351 3475 2515 3528 quam
2546 3459 2755 3514 habetis
2786 3460 2845 3514 in
2900 3466 3110 3513 sanctos
3139 3474 3340 3514 omrws.
3375 3462 3591 3515 Notan-

1957 3548 2095 3602 dum
2129 3564 2268 3602 sane
2299 3547 2474 3617 quod,
2509 3547 2660 3602 sicut
2697 3545 3028 3602 Corinthios
3051 3545 3299 3601 subliter
3328 3548 3398 3603 de
3430 3552 3591 3603 tena-

1956 3636 2124 3691 citate
2154 3634 2632 3707 reprehendit,ita
2662 3639 2717 3690 et
2746 3634 2858 3690 isto
2881 3635 2951 3689 de
2980 3634 3246 3706 largitate
3268 3635 3592 3693 dilectionis

1957 3724 2281 3779 collaudat:
2339 3723 2601 3794 probatio
2662 3723 2879 3795 quippe
2937 3721 3271 3778 dilectionis
3316 3725 3592 3780 exhibitio

1958 3810 2147 3882 operis
2174 3816 2278 3866 est.

2027 3900 2253 3967 Propter
2281 3914 2428 3968 spem
2484 3913 2603 3967 qua
2630 3899 2869 3967 reposita
2923 3904 3000 3953 est
3052 3901 3200 3952 vobis
3230 3902 3288 3951 in
3319 3898 3493 3953 caelis.
3523 3901 3595 3953 Ac

1959 3986 2008 4040 si
2040 3986 2229 4040 dicat:
2263 3985 2488 4047 Quanto
2520 3985 2675 4039 enim
2727 3984 2979 4056 amplius
3033 3988 3210 4039 Deum
3256 3985 3498 4057 diligitis
3526 3987 3597 4040 de

1961 4074 2140 4139 ccelis,
2173 4079 2334 4128 tanto
2366 4073 2623 4145 amplius
2672 4074 2950 4145 proximis
2978 4074 3128 4129 bona
3160 4074 3499 4146 impenditis
3537 4075 3597 4130 in

1959 4163 2150 4226 terris,
2182 4180 2246 4218 eo
2305 4164 2457 4234 quod
2515 4162 2633 4220 illic
2662 4180 2764 4218 vos
2819 4162 3213 4218 thesaurizare
3261 4164 3472 4228 nostis,
3502 4164 3601 4219 ubi

1959 4254 2111 4308 tinea
2140 4268 2249 4308 non
2278 4253 2579 4324 corrumpit
2625 4256 2676 4307 et
2716 4253 2813 4307 ubi
2867 4256 3020 4323 fures
3048 4269 3156 4308 non
3187 4253 3471 4325 effodiunt,
3504 4269 3601 4311 nec

1960 4344 2222 4412 furantur
2253 4341 2464 4412 (Matth.
2492 4358 2570 4407 vI,
2600 4342 2711 4414 20).

2036 4432 2209 4498 Quam
2238 4430 2470 4485 audistis
2502 4433 2559 4485 in
2590 4432 2753 4487 verbo
2800 4433 3053 4487 veritatis
3095 4432 3402 4505 Evangelii.
3437 4432 3600 4496 Quod

166 3863 584 3935 prophetante
615 3857 712 3911 alii
765 3857 939 3911 fuerit
995 3855 1311 3911 revelatum
1352 3857 1395 3922 (Ι
1441 3856 1559 3911 Cor.
1587 3874 1702 3922 xxv,
1736 3856 1845 3927 30),

162 3956 367 4007 taceat
406 3946 518 4002 ille
550 3946 649 4018 qui
682 3945 845 4017 prius
868 3944 1367 4016 prophetabat.lta
1399 3944 1596 4015 etipse
1618 3961 1850 4015 quoque

168 4043 559 4112 praeceptum
592 4051 762 4090 suum
789 4049 960 4105 opere
993 4032 1353 4103 complebat:
1379 4036 1434 4086 et
1461 4037 1694 4104 propter
1715 4050 1852 4104 pau-

165 4148 253 4199 ca,
293 4146 439 4200 quae
478 4123 580 4180 alii
607 4122 969 4190 addiderant,
997 4127 1372 4193 suggerentes
1398 4126 1461 4176 ut
1482 4122 1697 4186 sua,ita
1717 4122 1853 4178 alte-

168 4220 299 4274 rius
333 4230 594 4289 qunque
624 4212 800 4267 verba
834 4210 1265 4283 pras‘cribebat.

238 4354 364 4417 His,
402 4348 674 4431 qui‘sant
723 4344 970 4400 Colossis.
1005 4342 1399 4410 Colossenses,
1449 4344 1601 4399 sicut
1629 4348 1684 4399 et
1717 4344 1851 4401 Lao-

166 4442 487 4502 dicenses,
517 4438 657 4489 sunt
677 4432 1217 4488 Asiani.Audierant
1238 4432 1394 4487 enim
1412 4434 1651 4487 verbum
1674 4434 1855 4489 Evan-

168 4529 307 4602 gelii
346 4529 431 4583 ab
469 4522 791 4594 Archippo,
826 4522 923 4593 qui
958 4526 1013 4576 et
1053 4521 1444 4576 ministerium
1467 4521 1536 4575 'in
1586 4521 1668 4576 eis
1695 4537 1853 4577 acce-
1964 4519 2127 4591 prius
2159 4520 2379 4574 dixerat
2422 4520 2662 4575 verbum
2710 4521 2993 4590 veritatis,
3053 4520 3159 4575 hoc
3191 4525 3323 4591 post
3354 4522 3600 4591 repetiit,

167 4619 276 4691 pit.
310 4616 444 4672 Nec
482 4613 558 4667 ad
593 4611 701 4666 hos
734 4614 1054 4666 accesserat
1086 4610 1210 4681 ipse
1236 4608 1556 4682 apostolus,
1581 4610 1677 4664 sed
1714 4610 1854 4665 scri-
1965 4610 2267 4681 Evangelii.
2302 4609 2447 4676 Quia
2503 4625 2699 4665 revera
2737 4609 2901 4664 nulla
2953 4609 3065 4664 alia
3107 4609 3439 4681 praedicatio
3469 4626 3602 4666 vera

166 4709 286 4778 psit
317 4708 414 4763 eis
444 4723 458 4771 ;
512 4717 631 4756 non
654 4701 725 4755 ab
760 4699 1006 4771 Epheso,
1034 4704 1096 4753 ut
1119 4699 1394 4754 mendose
1416 4700 1474 4753 in
1494 4700 1856 4771 argumentis
1887 4696 1931 4759 D
1963 4704 2071 4768 est,
2104 4699 2215 4753 nisi
2249 4716 2373 4770 quae
2408 4697 2644 4752 fulcitur
2673 4698 2965 4770 Evangelii
2998 4699 3358 4754 auctoritate.

166 4794 594 4870 Epistolarum
613 4789 894 4859 scriptum
922 4787 1233 4857 invenitur,
1260 4790 1408 4843 seda
1430 4789 1614 4843 Roma
1640 4788 1710 4843 de
1736 4806 1857 4844 car-
2038 4788 2187 4854 Quod
2209 4786 2455 4858 pervenit
2501 4786 2569 4839 ad
2627 4802 2716 4841 vos
2765 4789 2905 4841 sicut
2932 4796 2982 4843 et
3031 4790 3085 4843 in
3119 4789 3371 4843 universo
3400 4788 3600 4844 mundo

236 4937 445 5010 (1215)
477 4933 606 5010 Hoc
636 4935 1051 5010 argumentum
1078 4928 1504 5010 (ut‘un'icuiqune
1536 4947 1707 5010 supm
1742 4935 1857 5010 tta-

165 4999 489 5081 da‘musfa
514 5005 649 5081 divo
673 4999 1127 5081 A'mbrosio,sive
1143 5001 1212 5081 de
1228 4999 1444 5081 Hilario
1460 5001 1576 5056 fere
1597 5002 1666 5055 de
1685 5002 1854 5081 verbo

170 5084 240 5137 ad
275 5072 555 5137 verbum
587 5075 963 5143 desumptum
1018 5075 1124 5127 est.
1160 5073 1287 5126 Fere
1318 5072 1592 5143 dicimus,
1626 5073 1765 5143 quia
1794 5073 1853 5127 in

166 5154 407 5225 aliquot
441 5146 649 5225 verbis
704 5142 1030 5225 ditfereiitia
1087 5142 1572 5225 es_t:.scil_icet_in
1604 5144 1853 5225 his'quae

167 5228 251 5281 ita
266 5214 475 5280 habet
503 5224 701 5275 textus
728 5217 842 5270 divi
868 5215 1155 5271 Ambrosii
1180 5230 1190 5269 :
1218 5216 1501 5269 irretirent
1523 5214 1857 5281 simplicita-

165 5302 277 5351 tem
309 5294 546 5351 mentis
579 5305 788 5355 eorum,
820 5304 889 5343 ne
934 5294 1248 5358 spernerent
1293 5289 1532 5341 rationes
1562 5288 1854 5342 elemento-

168 5385 301 5425 rum
334 5366 567 5440 quibus
616 5362 781 5431 quasi
834 5360 1198 5440 gubernator_,_
1247 5362 1396 5413 etc.:
1445 5358 1659 5440 quoin
1692 5363 1852 5413 textu

166 5431 421 5494 videtur
456 5438 601 5497 hoc,
634 5450 704 5487 ne
743 5434 1059 5501 spernerent
1089 5431 1345 5497 rationes,
1407 5433 1538 5498 etc.,
1572 5434 1851 5501 tanquam

172 5506 837 5581 pseudoapostolorum
861 5503 1147 5581 monitum
1167 5501 1733 5581 protulissedntextu
1759 5520 1857 5557 au-

168 5572 290 5641 tem
328 5572 562 5641 nostro
594 5580 724 5648 post
751 5591 818 5633 ea
846 5576 1042 5645 verba,
1074 5572 1495 5647 simplicitatem
1536 5576 1735 5632 mentis
1764 5590 1850 5631 eo-

1961 4947 2105 4996 rum,
2168 4928 2413 5001 legitur:
2475 4928 2736 4983 Admouet
2792 4930 3069 5000 Apostolus
3125 4946 3223 4985 nec
3278 4947 3303 4983 s
3342 4935 3495 4985 erent
3545 4932 3603 4983 in

1961 5004 2233 5055 orationes
2261 5002 2684 5055 elementorum.
2715 5002 2909 5055 auibus
2946 5003 3120 5055 euasi.
3158 5006 3267 5055 etc.
3295 4948 3402 5055 {ibi
3426 5000 3602 5054 moni-

1961 5000 2239 5058 orationes
2261 5002 2684 5067 elementorum,
2715 5002 2909 5071 quibus
2946 5003 3120 5071 quasi,
3158 5006 3267 5056 etc.
3295 5000 3402 5055 Ubi
3426 5000 3602 5054 moni-

1962 5019 2233 5058 orauones
2261 5019 2684 5067 elementorum,
2715 5019 2909 5071 quibus
2983 5019 3120 5067 uasz,
3158 5019 3267 5056 etc.
3298 5019 3402 5055 um
3426 5019 3601 5054 moni-

1962 5080 2087 5127 tum
2118 5089 2186 5127 ne
2210 5074 2431 5143 sperent
2466 5074 2723 5142 Apostoli
2784 5078 2890 5127 est.
2935 5019 3375 5127 Emendandum
3408 5076 3601 5143 autem

1960 5145 2151 5199 visum
2184 5139 2271 5199 est
2302 5142 2441 5197 illud
2466 5139 2582 5207 nec,
2616 5150 2672 5197 et
2700 5144 3009 5215 legendum
3030 5160 3115 5212 ne,
3143 5142 3365 5215 decoris
3387 5139 3606 5215 scilicet

1918 5264 1919 5267 η
1963 5215 2250 5291 sermonis
2273 5216 2477 5291 gratia.
2505 5211 2870 5291 illudetiam,
2975 5211 3601 5291 0ra_ti0nes,legendum

1963 5283 2321 5353 censuimus,
2354 5289 2413 5341 in
2443 5286 2766 5342 rationibus.
2802 5286 2947 5351 Quid
2980 5284 3134 5338 enim
3166 5283 3457 5336 orationes
3487 5283 3601 5338 ele-

1964 5362 2295 5433 mentorum
2316 5358 2343 5411 ‘I
2365 5360 2497 5423 Quae
2528 5359 2585 5412 in
2618 5359 2702 5414 eis
2748 5356 2924 5433 spes?
2957 5354 3125 5433 Atqui
3176 5354 3257 5433 de
3272 5354 3603 5433 rationibus

1963 5429 2382 5485 elementorum
2404 5434 2529 5484 tum
2553 5434 2745 5485 textus
2768 5424 3057 5498 Epistolaz,
3081 5429 3201 5478 tum
3226 5424 3341 5498 divi
3364 5426 3605 5485 Ambro-
3640 5494 3641 5497 η

1963 5504 2032 5557 sii
2069 5505 2309 5557 citatum
2344 5508 2757 5575 argumentum
2803 5496 3158 5554 mentionem
3196 5496 3350 5554 facit.
