4014 6174
357 305 473 366 615

1369 301 1704 362 ATTON‘IS
1751 299 2334 360 VERCELLENSIS
2383 299 2736 361 EPISCOPI

3633 301 3752 361 616

353 437 568 494 factum
603 441 708 502 est,
745 439 900 507 patet
933 436 1204 506 profecto,
1240 433 1376 506 quia
1407 434 1532 506 ipse
1576 437 1839 489 creatura
1879 447 1994 487 non
2023 432 2078 497 Α
2109 431 2399 504 pium,per
2427 435 2576 504 quod
2611 433 2759 488 facta
2803 435 2941 488 sunt
2986 433 3204 502 omnia,
3235 431 3659 505 primogenitus
3693 433 3752 488 in

352 531 459 595 est,
493 542 595 596 per
624 541 798 595 quem
830 524 1020 579 omnis
1051 527 1318 578 creatura
1349 524 1498 577 facta
1527 529 1631 578 est.
1666 523 1772 576 Sed
1808 521 1993 576 scicn-

350 615 486 668 dum
524 613 664 685 quia
691 613 970 683 quidquid
1001 630 1102 684 per
1129 611 1296 666 illum
1331 613 1546 666 factum
1581 611 1853 678 creditur,
1895 625 1997 682 per

346 700 512 756 illum
547 701 766 773 regitur
789 705 845 755 et
863 699 1549 755 continetur.Secundum
1585 714 1815 754 carnem
1834 697 1994 753 omni

347 789 680 846 rationabili
714 795 991 845 creaturis
1013 789 1240 860 primus
1263 789 1618 843 eti'ectusest.
1647 785 1994 858 Primogeni-

267 893 274 898 '
335 883 462 951 tus,
495 879 699 950 inquit,
733 897 848 933 non
880 878 1068 950 primo
1099 881 1421 942 creatus,ut
1449 876 1679 946 genitus
1711 892 1811 946 per
1831 879 1994 944 natu-

347 985 494 1039 ram,
546 973 604 1024 et
651 968 876 1040 primus
926 966 1309 1038 perpetuitate
1357 965 1647 1019 credatur.
1691 963 1794 1018 Vel
1840 977 1990 1018 certe

337 1059 742 1130 primogenilus
771 1073 842 1112 ea:
867 1057 1104 1112 mortuis
1134 1053 1589 1126 (Infra,l8),quia
1619 1053 1844 1125 primus
1869 1053 1990 1124 ipse

347 1146 682 1202 resurrexit.
717 1147 786 1199 Et
815 1151 879 1199 ut
909 1144 1167 1215 apertius
1199 1144 1408 1211 tradat,
1427 1159 1572 1214 quae,
1598 1147 1652 1196 et
1679 1145 1892 1211 quanta
1917 1139 1992 1194 sit

343 1237 602 1308 potentia
632 1233 758 1289 Filii
793 1234 1113 1288 secundum
1149 1231 1534 1300 divinitatem,
1568 1229 1820 1286 ostendit
1862 1247 1988 1301 quae

343 1341 446 1396 per
475 1324 666 1396 ipsum
700 1323 846 1390 sint;
883 1323 939 1376 id
970 1327 1077 1386 est,
1109 1323 1314 1390 throni,
1363 1320 1781 1384 dominationes,
1827 1320 1985 1391 prin-

341 1415 570 1485 cipatus,
619 1415 901 1484 potestates
949 1429 968 1465 :
1016 1412 1202 1466 omnia
1252 1427 1346 1481 per
1391 1411 1588 1481 ipsum,
1649 1417 1700 1465 et
1757 1411 1816 1463 in
1873 1410 1988 1479 ipso

339 1507 524 1558 creata
551 1506 678 1556 sunt
708 1519 728 1556 :
758 1505 806 1556 et
838 1503 953 1572 ipse
981 1503 1058 1555 est
1086 1505 1217 1554 ante
1244 1515 1448 1566 omnes,
1483 1503 1532 1553 ct
1561 1501 1752 1553 omnia
1783 1501 1842 1552 in
1873 1500 1988 1569 ipso

339 1597 606 1648 constant.
643 1589 713 1645 Ut
741 1590 984 1661 proinde
1015 1589 1251 1644 omnino
1279 1587 1474 1642 minus
1507 1587 1651 1642 nihil
1684 1588 1742 1641 in
1775 1603 1839 1641 co
1862 1603 1984 1642 cre-

341 1681 512 1735 datur
540 1695 686 1746 esse,
711 1695 884 1750 quam
910 1682 998 1734 est
1019 1677 1077 1732 in
1105 1679 1282 1734 Patre.
1321 1679 1380 1731 Et
1400 1676 1513 1748 ipse
1531 1685 1608 1734 est
1627 1684 1749 1732 ante
1778 1691 1983 1732 omnes.

2105 521 2311 592 gratia,
2348 539 2449 592 pro
2481 539 2546 576 eo
2580 523 2728 591 quod
2763 527 2894 577 ante
2925 539 3130 576 omnes
3161 525 3395 577 sanctos
3438 523 3756 578 resurrexit

2105 625 2138 662 a
2168 610 2437 676 mortuis,
2469 615 2524 666 et
2555 611 2776 666 devicta
2813 615 2996 666 morte
3035 611 3159 680 jam
3209 615 3414 681 regnat
3457 611 3516 666 in
3567 611 3752 667 oculis.

2103 697 2357 760 Quorum
2419 700 2663 754 fratrum
2723 705 2874 755 recte
2923 698 3348 772 primogenitus
3405 699 3752 772 appellatur-

2103 788 2240 858 quia
2271 803 2475 844 omnes
2506 787 2834 859 adoptionis
2866 787 3016 844 filios
3048 787 3222 844 etiam
3256 787 3385 844 illos
3418 787 3512 860 qui
3565 790 3757 845 incar-

2100 875 2353 931 nationis
2383 877 2510 946 ejus
2543 881 2808 948 tempora
2841 877 3151 944 nascendo,
3197 883 3624 948 praecesserunt
3665 879 3754 934 di-

2100 965 2320 1038 gnitate
2351 965 2745 1038 praegreditur.

2179 1057 2242 1112 Ut
2266 1057 2337 1109 sit
2362 1057 2422 1109 i-n
2451 1057 2706 1110 omnibus
2727 1056 2842 1126 ipse
2869 1057 3172 1126 primatum
3194 1066 3398 1112 tenens.
3431 1055 3576 1120 Quia
3606 1057 3760 1112 vide-

2101 1143 2257 1208 licet,
2291 1144 2444 1198 sicut
2478 1161 2578 1216 per
2607 1144 2968 1198 divinitatem
2994 1143 3436 1216 principium,et
3467 1150 3648 1218 caput
3667 1149 3758 1201 est.

2099 1231 2460 1304 angelorum,
2505 1233 2586 1288 ita
2639 1237 2694 1287 et
2747 1249 2848 1304 per
2897 1233 3324 1304 susceptionem
3353 1235 3546 1290 carnis
3581 1227 3758 1307 caput

2097 1325 2187 1378 est
2216 1321 2479 1377 omnium
2513 1321 2816 1377 hominum
2840 1321 3176 1377 electorum.

2169 1413 2308 1478 Quia
2363 1412 2423 1466 in
2485 1414 2598 1482 ipso
2663 1411 2988 1482 complacuit
3043 1413 3292 1467 omnium
3343 1412 3756 1483 plenitudinem
3823 1425 3826 1428 '

2097 1499 2426 1568 inhabitare,
2459 1508 2508 1554 et
2534 1517 2631 1572 per
2659 1516 2784 1555 eum
2814 1501 3166 1556 reconciliare
3209 1503 3399 1556 omnia
3447 1504 3506 1557 in
3549 1503 3752 1574 ipsum.

2095 1587 2310 1642 Plenus
2343 1587 2557 1660 quippe
2589 1593 2712 1643 erat
2741 1589 3022 1644 Dominus
3055 1589 3272 1661 Spiritu
3309 1589 3752 1662 sancto,plenus

2095 1677 2280 1750 gratia
2329 1682 2385 1732 et
2432 1678 2670 1732 veritate
2717 1677 2901 1748 (Joan.
2937 1695 2974 1744 ι,
3013 1679 3099 1750 14)
3136 1696 3148 1732 :
3181 1679 3252 1734 de
3283 1679 3452 1750 cujus
3497 1679 3754 1751 plenitu-

339 1769 398 1824 Si
431 1775 537 1840 est,
570 1769 710 1840 quia
740 1767 832 1822 hic
862 1766 1022 1822 solus
1075 1767 1146 1823 de
1197 1767 1360 1821 Patre
1413 1769 1525 1820 Deo
1569 1770 1741 1820 natus
1773 1769 1881 1832 est,
1915 1765 1986 1820 de
2016 1799 2063 1863 B
2094 1767 2229 1822 dine
2259 1783 2366 1821 nos
2395 1768 2780 1837 omnesjuxta
2801 1767 3040 1822 modum
3064 1771 3273 1824 nostrae
3295 1767 3642 1840 capacitatis
3663 1785 3754 1826 ac-

285 1901 294 1914 .
339 1858 602 1930 ingenita
629 1857 832 1928 utique
865 1855 1194 1910 substantia
1231 1854 1352 1910 Dei.
1387 1855 1514 1909 Haec
1547 1860 1742 1910 autem
1773 1853 1984 1909 virtute

339 1949 486 2017 ejus,
521 1963 646 2017 quae
677 1945 1108 2018 generationem
1141 1944 1334 2010 habet,
1361 1944 1416 1998 id
1449 1949 1555 2009 est,
1590 1949 1806 1999 caetera:
1833 1959 1984 1998 crea-

337 2041 479 2090 tura:
511 2053 541 2091 a
575 2035 742 2090 Patre
772 2035 1178 2098 substiterunt,
1242 2050 1354 2088 non
1407 2037 1470 2087 ut
1514 2032 1846 2088 communio
1899 2033 1981 2088 eis

337 2125 677 2179 substantia:
700 2125 928 2178 sitcum
951 2123 1145 2188 eo,sed
1173 2139 1238 2177 ex
1263 2121 1619 2184 nihilo,nutu
1652 2121 1740 2174 hei
1771 2121 1979 2184 Patris,

337 2213 480 2268 Filio
493 2211 1038 2284 coeperuntJl‘hroni
1056 2211 1209 2265 enim
1231 2209 1332 2264 illa
1353 2211 1588 2280 agmina
1610 2215 1747 2263 sunt
1763 2213 1978 2274 vocata,

336 2300 547 2370 quibus
571 2302 641 2355 ad
665 2299 1050 2354 exercendum
1069 2297 1354 2366 judicium
1380 2314 1609 2368 semper
1632 2303 1778 2352 Deus
1801 2298 1983 2352 omni-

336 2391 541 2458 potens
571 2386 1014 2458 prtesidet.Quia
1034 2385 1188 2440 enim
1221 2385 1463 2440 thronos
1494 2385 1693 2441 Latino
1717 2401 1983 2440 sermone

335 2475 585 2531 dicimus
617 2476 808 2542 sedes,
839 2474 1034 2530 throni
1066 2473 1206 2529 dicti
1233 2479 1372 2529 sunt
1400 2473 1480 2540 hi,
1515 2474 1610 2544 qui
1645 2479 1804 2528 tanta
1839 2475 1980 2528 divi-

336 2565 539 2620 nitatis
568 2565 756 2636 gratia
786 2563 1104 2634 replentur,
1138 2567 1202 2617 ut
1233 2563 1290 2616 in
1322 2561 1404 2618 eis
1432 2563 1714 2618 Dominus
1759 2565 1978 2632 sedeat,

335 2657 391 2708 et
423 2670 523 2724 per
552 2669 648 2706 eos
679 2669 787 2707 sua
807 2649 1034 2721 judicia
1064 2651 1354 2705 decernat.
1393 2650 1552 2705 Unde
1588 2656 1644 2705 et
1673 2650 1982 2706 Psalmista

335 2741 516 2796 dicit:
551 2741 706 2795 Sedes
734 2755 896 2810 super
933 2740 1210 2806 thronum,
1262 2741 1358 2810 qui
1397 2739 1615 2809 judicas
1662 2741 1982 2810 (equitatem

245 2899 252 2908 .
336 2830 501 2903 (Psal.
537 2847 612 2896 Ix,
644 2831 721 2900 5).
754 2828 912 2892 Quod
946 2845 1077 2883 vero
1110 2828 1262 2896 ait,et
1291 2831 1478 2882 omnia
1501 2831 1559 2883 in
1591 2831 1706 2900 ipso
1730 2833 1982 2884 constant

335 2921 416 2975 ita
445 2918 891 2990 intelligendum
923 2922 1012 2973 est
1045 2934 1057 2972 :
1093 2917 1230 2988 quia
1261 2919 1385 2973 sine
1415 2935 1480 2972 eo
1513 2917 1656 2972 nihil
1690 2917 1978 2987 sunt,nisi

334 3010 488 3064 enim
521 3008 656 3063 huic
701 3005 916 3062 fuerint
946 3007 1200 3074 subdita,
1235 3023 1426 3062 errore
1458 3007 1622 3063 devia
1653 3007 1818 3078 quasi
1851 3024 1978 3079 per-

333 3097 538 3154 ditioni
571 3097 712 3152 ﬁent
743 3096 1008 3152 obnoxia.

403 3189 469 3242 Et
499 3189 610 3258 ipse
637 3189 716 3242 est
743 3189 904 3257 caput
934 3185 1180 3256 corporis
1210 3185 1484 3241 Ecclesiae.
1513 3185 1772 3240 Ecclesia:
1805 3189 1981 3257 caput
2010 3166 2052 3232 ί]

334 3281 422 3332 est
443 3275 728 3342 Christus,
754 3275 800 3329 si
823 3279 1018 3329 tamen
1042 3290 1246 3329 omnes
1287 3291 1468 3329 unum
1507 3275 1761 3329 sentiant
1781 3274 1978 3330 coeles-

332 3371 441 3430 tes,
476 3369 532 3420 et
562 3363 794 3422 terreni.
829 3368 891 3416 ut
921 3363 1038 3416 sint
1065 3362 1338 3429 Ecclesia,
1373 3363 1478 3416 hoc
1511 3364 1800 3428 est,unius
1825 3363 1975 3418 fidei.

335 3455 394 3508 Si
429 3452 744 3524 quominus
777 3451 1022 3504 truncati
1047 3449 1254 3521 capite,
1289 3451 1394 3504 hoc
1425 3457 1530 3516 est,
1564 3451 1826 3506 omnium
1854 3469 1978 3506 cor-

337 3557 567 3613 porum,
597 3539 772 3594 totius
817 3538 1074 3609 corporis
1105 3539 1308 3608 (1226),
1343 3538 1398 3591 id
1421 3543 1508 3592 est
1528 3555 1561 3591 a
1582 3545 1834 3592 creatore
1873 3557 1979 3596 suo

336 3627 604 3700 sejuncti,
639 3627 893 3682 amentia
923 3627 1172 3696 quadam
1215 3631 1270 3680 et
1317 3625 1567 3680 vanitate
1599 3627 1976 3696 bacchantur,

335 3716 634 3782 Quomodo
687 3715 844 3772 enim
876 3719 1051 3786 caput
1083 3713 1336 3784 plurima
1366 3713 1474 3768 sibi
1510 3713 1685 3769 habet
1716 3717 1980 3771 membra

335 3804 706 3877 subjecta,ita
734 3809 790 3859 et
814 3803 1097 3858 Dominus
1129 3807 1324 3857 noster
1351 3805 1522 3858 Jesus
1552 3802 1978 3870 Christus,cum

334 3897 411 3952 sit
437 3899 610 3967 caput
639 3892 920 3960 Ecclesize,
955 3892 1132 3947 habet
1159 3892 1424 3948 membra
1444 3909 1541 3948 eos
1572 3909 1775 3948 omnes
1799 3895 1894 3966 qui
1921 3895 1974 3950 in

331 3985 588 4040 Ecclesia
610 3987 1057 4055 congregantur.

405 4075 512 4143 Qui
541 4082 616 4129 est
637 4073 995 4144 principium,
1044 4072 1440 4143 primogenitus
1490 4088 1560 4127 ex
1607 4075 1861 4128 mortuis.
1917 4073 1975 4129 Id

329 4169 436 4230 est,
471 4180 574 4235 per
602 4163 798 4234 ipsum
828 4161 1020 4216 denuo
1051 4159 1403 4232 negligentia
1431 4161 1684 4231 quadam
1719 4163 1868 4216 facta
1889 4179 1978 4218 ca-

331 4255 482 4308 duca
513 4250 882 4306 reformando.
907 4251 1240 4316 fuerunt,ne
1262 4250 1330 4304 ad
1357 4249 1632 4320 injuriam
1657 4251 1782 4319 ejus
1807 4251 1976 4322 perti-

333 4340 568 4410 neret,si
601 4355 748 4411 opus
773 4339 900 4410 ejus
929 4354 1031 4410 per
1061 4337 1309 4392 alterum
1331 4337 1722 4393 instauratum
1747 4340 1972 4410 fuisset;

331 4436 398 4487 ut
425 4430 717 4503 quomodo
753 4432 884 4482 ante
916 4443 1119 4482 omnes
1141 4430 1314 4482 natus
1348 4431 1453 4494 est,
1488 4427 1571 4482 sic
1601 4427 1809 4484 iterum
1843 4434 1974 4485 ante

2094 1855 2354 1927 cepimus
2388 1873 2400 1910 :
2437 1854 2574 1928 quia
2607 1857 2908 1926 unicuique
2951 1865 3200 1912 nostrum
3245 1857 3374 1912 data
3419 1859 3501 1913 est
3543 1861 3744 1929 gratia,

2091 1943 2388 1999 secundum
2410 1961 2730 2000 mensuram
2761 1945 3072 2000 donationis
3097 1945 3532 2016 Christi(Ephes.
3563 1965 3644 2016 iv,
3673 1949 3738 2017 7).

2097 2037 2172 2088 De
2203 2033 2324 2088 solo
2356 2050 2608 2105 namque
2637 2034 2954 2090 mediatore
2979 2035 3073 2089 Dei
3097 2039 3150 2089 et
3179 2033 3484 2090 hominum
3511 2035 3740 2091 homine

2090 2123 2226 2176 .l-‘su
2279 2122 2507 2178 Christo
2549 2123 2660 2178 dici
2713 2123 2901 2194 potuit
2933 2139 2946 2178 :
2979 2123 3041 2176 Et
3069 2125 3364 2194 requiescet
3409 2140 3580 2194 super
3626 2141 3748 2180 eum

2088 2212 2333 2278 Spiritus
2381 2212 2636 2272 Domini;
2685 2211 2921 2282 Spiritus
2967 2212 3273 2282 Sapientiae
3320 2217 3370 2268 et
3419 2213 3750 2278 intellectus,

2091 2299 2330 2370 Spiritus
2391 2301 2616 2355 consilii
2662 2304 2713 2355 et
2760 2299 3129 2372 fortitudinis,
3196 2301 3433 2372 Spiritus
3500 2305 3754 2360 scientiae

2092 2395 2144 2442 et
2173 2389 2416 2458 pietatis,
2447 2397 2497 2442 et
2527 2390 2751 2459 replevit
2798 2405 2924 2444 eum
2973 2389 3214 2460 Spiritus
3260 2391 3476 2445 timoris
3525 2393 3756 2446 Domini

2091 2475 2216 2545 (Isa.
2255 2493 2315 2544 η,
2347 2477 2401 2542 2,
2436 2477 2512 2547 3).
2543 2475 2756 2532 Omnes
2787 2495 2918 2532 vero
2951 2478 3136 2532 sancti
3170 2495 3284 2532 non
3319 2477 3752 2550 plenitudinem

2089 2563 2342 2634 Spiritus
2373 2565 2517 2634 ejus,
2539 2565 2638 2620 sed
2673 2567 2740 2620 de
2768 2565 3130 2638 plenitudine
3160 2567 3308 2636 ejus,
3343 2573 3632 2638 quantum
3653 2567 3752 2622 ille

2090 2654 2285 2720 donat,
2303 2653 2613 2724 accipiunt.
2645 2655 2790 2720 Quia
2817 2655 2924 2710 alii
2946 2672 3048 2726 per
3070 2655 3342 2727 Spiritum
3367 2655 3538 2711 datur
3566 2673 3752 2713 sermo

2089 2741 2397 2812 sapientiae,
2443 2743 2549 2796 alii
2603 2757 2779 2797 sermo
2843 2744 3084 2798 scientia:
3141 2743 3439 2799 secundum
3494 2745 3750 2801 eumdem

2088 2831 2379 2902 Spiritum,
2431 2831 2596 2885 alteri
2641 2833 2776 2902 ﬁdes
2825 2834 2884 2886 in
2927 2831 3106 2887 eodem
3157 2832 3387 2903 Spiritu,
3419 2833 3532 2888 alii
3558 2839 3750 2906 gratia

2088 2921 2383 2975 sanitatem
2418 2921 2478 2973 in
2509 2935 2616 2974 uno
2646 2921 2883 2992 Spiritu,
2917 2921 3025 2975 alii
3051 2923 3296 2992 operatio
3315 2924 3604 2990 virtutum,
3641 2925 3752 2978 alii

2087 3009 2389 3080 praphetia,
2421 3009 2532 3064 alii
2559 3009 2808 3064 discretio
2839 3011 3268 3081 spirituum,alii
3291 3007 3498 3079 genera
3518 3013 3744 3084 lingua-

2090 3113 2232 3162 rum,
2263 3098 2370 3152 alii
2395 3098 2781 3168 interpretatio
2811 3113 3120 3153 sermonum
3151 3117 3169 3154 :
3202 3099 3320 3154 Haec
3347 3103 3747 3156 autem-omnia

2089 3191 2352 3258 operatur
2381 3203 2524 3241 unus
2554 3195 2712 3258 atque
2742 3187 2886 3241 idem
2913 3187 3173 3258 Spiritus,
3216 3188 3466 3244 dividens
3507 3190 3746 3260 singulis

2087 3283 2250 3347 prout
2279 3275 2393 3330 vult
2425 3275 2470 3346 (I
2499 3273 2618 3330 Cor.
2653 3291 2753 3336 xu,
2787 3275 2954 3346 8-11).
2991 3275 3136 3340 Quia
3182 3293 3318 3348 ergo
3367 3280 3437 3332 de
3487 3277 3744 3349 plenitu-

2091 3365 2222 3420 dine
2253 3363 2571 3420 conditoris
2603 3363 2784 3430 nostri
2810 3381 2922 3419 non
2949 3363 3356 3436 quiddam,sed
3383 3383 3554 3422 omne
3578 3367 3748 3439 quid-

2090 3453 2228 3524 quid
2263 3451 2398 3507 boni
2430 3452 2734 3520 habemus,
2759 3453 3444 3524 accepimus,curandum
3475 3472 3744 3511 summo-

2089 3558 2224 3614 pere
2255 3547 2362 3606 est,
2395 3557 2466 3596 ne
2492 3541 2780 3612 quispiam
2813 3543 2884 3596 de
2915 3559 3022 3597 sua
3069 3559 3130 3598 se
3179 3543 3328 3598 bona
3371 3543 3622 3609 actione,
3653 3545 3748 3601 vel

2090 3630 2435 3701 cogitatione
2465 3630 2736 3684 incautus
2768 3629 3024 3697 extollat,
3057 3647 3148 3698 ne,
3182 3632 3230 3686 si
3263 3633 3530 3704 ingratus
3561 3633 3748 3706 largi-

2087 3720 2198 3774 tori
2231 3717 2594 3784 remanserit,
2629 3719 2832 3790 perdat
2863 3719 3080 3774 bonum
3114 3721 3266 3791 quod
3301 3721 3542 3793 accepit.

2159 3807 2463 3876 Paciﬁcans
2489 3823 2587 3878 per
2613 3809 2938 3878 sanguinem
2981 3811 3158 3862 crucis
3203 3810 3343 3878 ejus,
3373 3811 3485 3865 sive
3523 3827 3651 3884 qua:
3681 3814 3748 3868 in

2087 3899 2269 3962 terris,
2299 3898 2415 3952 sive
2443 3911 2571 3968 quae
2598 3899 2660 3951 in
2695 3897 2849 3952 castis
2889 3902 3040 3952 sunt.
3098 3897 3480 3954 Paciﬁcantur
3529 3900 3744 3974 quippe

2086 4003 2216 4057 quae
2247 3987 2304 4040 in
2337 3984 2498 4040 ccelis
2531 3993 2687 4050 sunt,
2708 4001 2840 4040 cum
2873 3985 2950 4052 id,
2980 3986 3132 4056 quod
3157 3985 3216 4040 in
3250 3986 3473 4059 angelis
3503 3987 3742 4061 lapsum

2086 4079 2195 4142 est,
2245 4091 2313 4129 ex
2358 4073 2696 4128 hominibus
2745 4073 3025 4129 redditur.
3087 4074 3496 4130 lnstaurantur
3543 4083 3744 4135 autem

2086 4181 2209 4234 quas
2239 4162 2298 4217 in
2333 4161 2504 4217 terris
2532 4165 2688 4231 sunt,
2722 4179 2856 4217 cum
2899 4161 3012 4234 ipsi
3065 4162 3355 4230 homines,
3383 4165 3485 4236 qui
3517 4168 3746 4238 praede-

2085 4253 2286 4318 stinati
2335 4253 2472 4306 sunt
2519 4251 2577 4304 in
2621 4253 2896 4306 aeternam
2929 4251 3129 4317 vitam,
3161 4268 3194 4307 a
3224 4253 3620 4324 corruptionis
3651 4271 3744 4312 ve-

2083 4345 2302 4396 tustate
2333 4340 2786 4394 innovantur.Ac
2818 4339 2902 4394 sic
2933 4355 3036 4412 per
3063 4339 3206 4395 illud
3239 4340 3536 4414 singulare
3558 4346 3744 4400 sacri-

2083 4429 2302 4499 ficium,
2336 4428 2394 4482 in
2426 4443 2540 4498 quo
2573 4427 2853 4482 Mediator
2881 4433 2970 4483 est
2997 4427 3522 4502 immolatus,quod
3551 4451 3738 4490 unum

332 4537 536 4576 omnes
565 4519 790 4591 primus
834 4519 988 4572 esset
1037 4532 1105 4570 ex
1147 4515 1566 4571 resurrectione
1611 4523 1974 4575 mortuorum
2007 4518 2140 4602 Din
2199 4517 2324 4590 lege
2381 4515 2574 4570 multa;
2637 4515 2884 4570 victima;
2945 4516 3295 4588 ﬁgurabant,
3356 4521 3742 4591 paciticantur

333 4610 560 4665 reddita
591 4606 837 4680 pristina
867 4605 1160 4660 vita.Ante
1191 4604 1389 4660 omnia
1417 4603 1572 4660 enim
1607 4611 1778 4661 natus
1799 4610 1977 4664 estde

331 4703 465 4770 Deo,
495 4702 560 4752 ut
589 4701 801 4752 cuncta
831 4699 1070 4762 crearet,
1103 4711 1228 4766 quae
1262 4711 1376 4748 non
1409 4699 1592 4749 erant.
1629 4696 1842 4750 Iterum
1883 4713 1976 4752 ac-

331 4791 496 4861 cepta
521 4801 694 4840 carne
723 4785 795 4840 de
829 4783 1061 4856 Virgine
1087 4787 1259 4838 natus
1281 4787 1462 4854 est,ut
1491 4786 1974 4856 peccatum,quod

329 4895 398 4934 ex
453 4874 678 4947 virgine
724 4875 839 4928 Eva
887 4875 1200 4928 intraverat
1247 4873 1306 4928 in
1357 4873 1667 4938 mundum,
1700 4873 1975 4930 aboleret.

329 4967 512 5022 Natus
543 4979 699 5036 ergo,
733 4967 790 5018 et
820 4966 1084 5017 mortuus
1107 4961 1440 5028 resurrexit,
1475 4965 1539 5015 ut
1568 4979 1694 5032 quae
1721 4962 1976 5033 primum

329 5058 558 5122 fecerat,
593 5057 794 5126 postea
821 5051 1032 5106 iterum
1065 5053 1366 5119 recrearet,
1400 5049 1537 5122 quia
1575 5067 1677 5122 per
1723 5066 1976 5107 errorem

329 5148 560 5202 fuerant
583 5143 742 5198 velut
775 5146 1025 5207 mortua,
1061 5143 1125 5194 ut
1155 5155 1385 5211 semper
1431 5139 1490 5194 in
1540 5139 1698 5194 omni
1741 5139 1858 5194 vita
1901 5141 1978 5196 sit

331 5234 555 5304 primus
586 5236 644 5287 et
673 5230 962 5303 princeps.
1017 5229 1158 5283 Ecce
1207 5229 1354 5283 duas
1402 5233 1624 5282 taxatas
1657 5229 1840 5300 (1227)
1874 5247 1974 5285 na-

329 5326 491 5376 turas
523 5321 580 5375 in
614 5337 734 5375 una
761 5333 1010 5392 persona
1039 5317 1268 5373 Domini
1295 5317 1436 5373 Jesu
1467 5315 1699 5372 Christi.
1755 5317 1972 5374 Princi-

402 5549 585 5623 (1226)
604 5547 706 5623 Vel
727 5565 1040 5623 perperam
1069 5545 1382 5623 addita,vel
1412 5545 1796 5623 desideranda
1817 5565 1971 5623 quae-

329 5619 464 5684 dum
494 5619 754 5678 orationi
769 5619 1323 5694 otticiunt,quamvis
1355 5635 1520 5678 mens
1549 5619 1802 5678 auctoris
1828 5619 1973 5682 satis

2085 4605 2340 4662 coelestia
2369 4621 2504 4660 cum
2537 4603 2991 4672 terrestribus,et
3019 4607 3318 4662 terrestria
3337 4623 3470 4664 cum
3493 4609 3742 4667 cmlesti-

2087 4695 2217 4750 bus.
2251 4695 2537 4762 Quoniam,
2567 4693 2717 4747 sicut
2749 4693 2900 4748 idem
2941 4693 3255 4766 Apostolus
3305 4695 3466 4766 dicit,
3519 4701 3577 4754 in
3623 4703 3736 4773 ipso

2085 4783 2426 4855 complacuit,
2459 4797 2674 4837 omnem
2703 4781 3112 4852 plenitudinem
3159 4785 3488 4854 inhabitare,
3539 4794 3594 4844 et
3635 4805 3736 4861 per

2084 4889 2210 4929 eum
2261 4872 2618 4928 reconciliare
2671 4873 2858 4927 omnia
2899 4874 2960 4926 in
3015 4875 3216 4944 ipsum,
3281 4877 3582 4946 paciﬁcum
3631 4893 3738 4950 per

2082 4963 2418 5032 sanguinem
2446 4961 2624 5015 crucis
2653 4960 2788 5030 ejus,
2819 4961 2934 5015 sive
2966 4977 3086 5032 quae
3135 4963 3193 5016 in
3241 4964 3402 5019 terris
3441 4969 3590 5032 sunt,
3621 4968 3736 5022 sive

2085 5065 2210 5122 quae
2241 5053 2300 5106 in
2327 5051 2494 5106 caelis.
2529 5047 2642 5104 Pax
2671 5049 2784 5104 ista
2812 5049 3106 5121 praecellit,
3140 5049 3289 5106 sicut
3320 5053 3606 5126 scriptum
3645 5059 3736 5112 est

2085 5139 2309 5210 (Philip.
2348 5155 2420 5208 ιν,
2451 5137 2526 5210 7),
2559 5153 2790 5193 omnem
2851 5137 3234 5209 intellectum,
3267 5157 3456 5212 neque
3506 5143 3644 5200 sciri
3699 5161 3736 5200 ι

2085 5226 2394 5295 nobis,nisi
2425 5243 2558 5282 cum
2583 5225 2654 5280 ad
2677 5241 2804 5280 eam
2835 5227 3190 5294 venerimus,
3213 5233 3732 5300 potest.Quomodo

2083 5315 2240 5373 enim
2271 5315 2654 5387 paciﬁcantur
2683 5314 2958 5382 cmlestia,
2989 5316 3104 5372 nisi
3135 5317 3305 5375 nobis
3356 5319 3412 5374 id
3446 5325 3554 5390 est,
3585 5337 3734 5379 con-

2081 5545 2326 5606 eluceat.

2151 5618 2334 5694 (1227)
2363 5618 2426 5674 Id
2457 5622 2567 5688 est,
2596 5619 2972 5694 signiﬁcatus.-
