4014 6174
195 305 295 363 617

720 306 1131 367 EXPOSITIO
1175 307 1252 366 IN
1301 302 1722 365 EPISTULAS
1772 300 2126 362 PAULL—
2158 302 2233 360 ΙΝ
2284 305 2529 366 EPIST.
2580 308 2680 366 AD
2726 308 3042 369 COLOSS.

3461 314 3581 373 618

193 436 473 492 cordando
532 436 837 494 nobiscum
869 439 897 493 ἰ)
926 440 1070 494 Nam
1103 438 1181 493 ibi
1230 454 1461 511 semper
1488 442 1576 492 est
1607 453 1736 507 pax,
1770 439 1826 489 et
1853 437 1907 500 Α
1938 433 2023 488 vel
2083 435 2348 505 exempla
2405 456 2516 493 non
2551 414 2902 510 deciperent,
2940 444 3039 497 sed
3074 444 3317 499 ﬁrmiter
3348 462 3475 516 quae
3509 448 3578 502 ab

192 526 331 580 inter
359 543 420 581 se
444 527 729 583 universis
751 528 1243 583 intellectualibus
1277 529 1577 595 creaturis,
1602 532 1655 579 et
1690 542 1820 579 cum

190 631 285 669 suo
326 621 630 682 creatore;
667 634 792 687 quae
825 634 933 688 pax
983 618 1282 689 praecellit,
1333 622 1396 670 ut
1444 617 1663 670 dictum
1715 620 1823 673 est.

191 720 413 758 omnem
446 704 801 759 intellectum
830 723 844 771 ;
880 707 979 760 sed
1030 706 1231 776 utique
1264 711 1549 771 nostrum,
1584 721 1697 758 non
1731 720 1825 757 eo-

192 810 332 860 rum,
368 794 468 863 qui
509 810 739 864 semper
765 794 963 850 vident
993 795 1193 849 faciem
1227 794 1414 849 Patris
1444 794 1651 864 (Matth.
1686 809 1824 855 xm,

192 884 289 952 10).
340 882 518 937 Nobis
572 889 766 937 autem
825 882 1314 955 quantuscunque
1364 884 1441 938 sit
1499 882 1826 937 intellectus

190 970 500 1035 humanus,
537 987 604 1025 ex
635 977 796 1042 parte
828 972 1075 1038 scimus,
1106 978 1162 1026 et
1192 973 1459 1026 videmus
1492 987 1592 1042 per
1620 986 1824 1041 specu-

187 1059 340 1114 lum:
377 1062 435 1114 in
458 1059 762 1131 aenigmate
794 1062 841 1131 (Ι
870 1062 988 1116 Cor.
1016 1078 1135 1126 xm,
1173 1064 1278 1131 12;.
1303 1063 1446 1116 Cum
1470 1076 1601 1115 vero
1632 1075 1823 1129 aequa-

190 1148 269 1203 les
291 1148 513 1220 angelis
544 1148 645 1203 Dei
668 1150 973 1215 fuerimus,
993 1150 1663 1221 tunc,quemadmodum
1690 1148 1822 1218 ipsi.

188 1237 482 1291 videbimus
510 1238 655 1310 facie
686 1238 755 1291 ad
785 1238 1173 1307 facichbid.)
1205 1256 1216 1292 :
1248 1244 1590 1307 tantamque
1622 1253 1821 1307 pacem

190 1326 528 1381 habebimus
557 1342 696 1397 erga
725 1342 845 1397 eos,
864 1331 1143 1398 quantam
1168 1327 1346 1397 etipsi
1381 1343 1517 1397 erga
1541 1342 1667 1387 nos.
1687 1326 1825 1396 quia

189 1420 414 1469 tantum
448 1431 546 1469 eos
578 1414 847 1469 dilecturi
870 1432 1097 1469 sumus.
1115 1420 1404 1486 quantum
1419 1416 1490 1469 ab
1512 1415 1595 1469 eis
1618 1414 1821 1485 dilige-

189 1520 333 1557 mur.
370 1503 569 1575 Itaque
600 1520 711 1574 pax
760 1520 959 1558 eorum
1010 1508 1149 1558 nota
1208 1504 1374 1558 nobis
1424 1503 1551 1570 erit,
1602 1503 1738 1574 quia
1768 1509 1824 1558 et

188 1597 385 1647 nostra
416 1593 572 1659 talis,
608 1609 674 1646 ac
703 1596 869 1647 tanta
898 1594 1025 1659 erit,
1064 1610 1165 1647 nec
1179 1592 1465 1665 praecellet
1494 1598 1632 1647 tune
1654 1593 1821 1647 intel-

188 1682 394 1736 lectum
424 1687 712 1736 nostrum.
774 1682 872 1736 Dei
922 1697 1053 1735 vero
1085 1698 1213 1751 pax,
1253 1699 1379 1752 quae
1428 1681 1542 1736 illic
1570 1687 1657 1735 est
1686 1697 1822 1752 erga

184 1787 299 1837 eos,
328 1774 386 1824 et
414 1774 679 1824 nostrum
712 1773 766 1825 et
796 1768 1407 1824 illorumintellectum
1438 1770 1563 1825 sine
1595 1770 1822 1824 dubita-

187 1860 337 1913 tione
388 1857 703 1931 praecellit;
749 1859 820 1913 de
852 1859 976 1930 ipso
1010 1860 1224 1930 quippe
1257 1859 1424 1914 beata
1452 1864 1540 1914 est
1569 1858 1822 1913 rationa-

186 1946 314 2003 bilis
345 1952 634 2013 creatura,
684 1964 1045 2019 quzecunque
1096 1948 1262 2002 beata
1287 1954 1411 2011 est;
1448 1965 1559 2002 non
1599 1949 1723 2018 ipse
1754 1949 1823 2002 de

185 2036 299 2091 illa.
336 2036 497 2090 Unde
527 2037 849 2091 secundum
910 2037 1018 2091 hoc
1078 2036 1289 2091 melius
1340 2037 1623 2107 accipitur
1668 2038 1821 2106 quod

184 2125 466 2197 scriptum
498 2130 606 2192 est,
638 2142 751 2195 pas;
786 2127 899 2192 Dei,
956 2142 1072 2196 qua:
1119 2128 1364 2196 praecelit
1416 2142 1631 2179 omnem
1664 2126 1822 2180 intel-

183 2216 394 2280 lectum,
425 2219 489 2269 ut
521 2214 577 2268 in
610 2231 676 2269 eo
708 2215 861 2284 quod
897 2214 1061 2280 dixit,
1096 2231 1329 2280 omnem,
1364 2231 1469 2269 nec
1502 2216 1625 2285 ipse
1656 2214 1822 2268 intel-

181 2304 362 2358 lectus
392 2308 729 2358 sanctorum
762 2303 1103 2375 angelorum
1155 2319 1283 2359 esse
1316 2304 1500 2373 possit
1528 2308 1821 2373 exceptus,

180 2394 281 2446 sed
320 2393 412 2447 Dei
444 2392 649 2459 solius,
686 2408 876 2463 neque
907 2392 1062 2447 enim
1121 2397 1178 2446 et
1224 2393 1409 2464 ipsius
1462 2392 1822 2447 intellectum

177 2498 289 2552 pax
320 2482 446 2551 ejus
470 2481 714 2536 excellit.

250 2600 311 2652 Et
342 2613 429 2652 vos
487 2614 610 2651 cum
655 2599 841 2652 essetis
897 2596 1194 2667 aliquando
1243 2598 1495 2661 alienati,
1528 2602 1579 2651 et
1610 2596 1827 2651 inimici

181 2704 340 2743 sensu
370 2689 427 2740 in
483 2687 736 2757 operibus
795 2687 988 2749 malis;
1035 2704 1183 2741 nunc
1228 2694 1407 2741 autem
1454 2686 1826 2741 reconciliavit

184 2780 238 2832 in
270 2792 489 2847 corpore
526 2779 718 2830 carnis
762 2777 879 2847 ejus
918 2792 1020 2847 per
1060 2780 1311 2831 mortem.
1352 2775 1549 2839 ‘Quale
1605 2776 1824 2830 donum

179 2866 278 2920 Dei
311 2866 386 2920 sit
414 2882 550 2937 erga
581 2869 806 2937 gentes,
827 2871 1132 2932 memorat,
1153 2871 1216 2919 ut
1248 2866 1515 2919 ostendat
1546 2881 1642 2919 eos
1661 2865 1826 2919 debi-

179 2960 332 3010 tores
382 2971 509 3010 esse
568 2953 819 3009 multum
870 2954 929 3007 in
979 2953 1298 3025 gratiarum
1351 2952 1679 3007 actionibus
1712 2953 1825 3008 Deo

179 3045 277 3114 qui
310 3061 441 3099 cum
475 3043 710 3099 alienati
741 3047 795 3097 et
830 3041 1053 3096 inimici
1099 3058 1388 3107 essemus,
1422 3041 1664 3096 consilio
1698 3058 1824 3111 suo,

176 3150 281 3205 per
308 3134 461 3205 quod
476 3132 727 3187 decrevit
746 3132 983 3186 visitare
1002 3147 1187 3203 genus
1204 3131 1551 3196 humanum,
1573 3130 1826 3185 visitavit

174 3228 230 3278 et
262 3221 652 3278 reconciliavit
682 3221 739 3274 in
774 3236 1013 3291 corpore
1044 3220 1239 3273 carnis
1268 3221 1396 3288 ejus
1428 3246 1441 3286 ;
1473 3224 1531 3273 et
1563 3219 1690 3273 ideo
1712 3220 1824 3273 ista

166 3312 371 3368 omnia
393 3309 680 3382 prrestitit,
717 3326 786 3363 ne
833 3309 962 3379 ejus
994 3308 1341 3363 beneficium
1383 3308 1611 3362 irritum
1645 3308 1819 3362 facia-

174 3418 336 3463 mus,
370 3399 655 3454 etiterum
680 3397 871 3452 simus
894 3397 1139 3461 inimici,
1174 3398 1325 3452 sicut
1356 3398 1819 3469 quondam,cum

172 3492 231 3545 in
270 3487 444 3542 idolis
471 3488 599 3542 etin
616 3486 888 3558 operibus
913 3487 1130 3557 iniquis
1154 3487 1401 3541 fuerant.
1426 3488 1825 3541 Adoraverunt

172 3580 335 3634 enim
368 3593 540 3645 Opera
570 3593 677 3631 sua
706 3592 833 3646 quae
868 3576 1148 3629 fecerunt.
1183 3575 1571 3631 Misericordia
1602 3580 1817 3643 autem,

173 3674 231 3722 et
295 3666 659 3737 providentia
714 3664 809 3719 Dei
842 3665 1142 3736 requisivit
1189 3682 1306 3734 eos,
1342 3670 1405 3718 ut
1434 3665 1686 3736 gratuito
1720 3664 1820 3718 Dei

176 3755 430 3825 gratiam
465 3759 977 3825 consequerentur,
1000 3755 1307 3809 redeuntes
1322 3756 1390 3808 ad
1425 3771 1557 3808 eum
1590 3754 1649 3808 in
1682 3771 1817 3809 con—

174 3844 425 3899 scientia
455 3843 696 3905 munda,
730 3842 871 3897 utin
904 3843 994 3897 die
1018 3843 1250 3912 judicii,
1276 3844 1415 3896 dum
1450 3842 1818 3897 nihilerroris

167 3933 386 3988 veteris
418 3932 772 3987 inveniretur
800 3932 857 3985 in
883 3932 1538 4002 his,adcorporarentur
1576 3931 1817 3985 creatori

167 4038 300 4087 suo,
335 4020 457 4091 qui,
492 4025 556 4074 ut
606 4020 908 4091 prodesset
939 4020 1197 4074 humano
1230 4019 1446 4091 generi,
1480 4020 1817 4073 incarnatus

164 4110 347 4164 homo
382 4110 567 4164 factus
598 4114 705 4175 est,
741 4114 804 4163 ut
833 4108 892 4162 in
925 4124 1098 4163 carne
1130 4126 1237 4163 sua
1267 4108 1519 4163 vinceret
1550 4113 1814 4162 mortem.

234 4234 509 4290 Exhiberc
547 4250 636 4288 vos
682 4238 912 4304 sanctos,
962 4242 1012 4287 et
1042 4234 1442 4295 immaculatos.
1484 4238 1533 4288 et
1582 4236 1817 4304 irrcpre-

155 4321 473 4380 hensibiles
502 4339 686 4377 coram
728 4322 863 4393 ipos.
924 4322 1067 4376 Ecce
1125 4322 1183 4375 in
1238 4322 1450 4392 quibus
1502 4318 1817 4376 virtutibus

154 4418 293 4468 vult
320 4428 421 4467 eos
451 4428 577 4467 esse
610 4412 955 4483 conspicuos
987 4409 1250 4483 gentium
1283 4410 1643 4481 praedicator.
1669 4412 1816 4465 San-

1935 524 2211 592 Apustolo
2238 527 2565 593 audierant,
2598 530 2795 583 futura
2826 532 3125 585 crederent

2007 613 2041 665 Α
2076 629 2172 679 spe
2209 615 2516 681 Evangelii,
2575 618 2714 687 quod
2744 619 2999 673 audistis.
3058 621 3230 691 Spem
3268 623 3577 695 Evangelii,

1937 701 2049 755 nisi
2085 704 2181 772 qui
2216 706 2540 759 secundum
2574 708 2767 776 ipsum
2800 696 3015 774 vivunt,
3051 709 3262 764 habere
3293 728 3407 765 non
3442 730 3577 783 pos-

1936 798 2109 844 sunt:
2166 794 2490 847 secundum
2550 798 2701 864 quod
2759 798 2870 851 alio
2923 798 3045 851 loco
3078 799 3230 853 idem
3265 801 3579 870 Apostolus

1935 880 2127 933 dicit:
2183 882 2243 934 Si
2297 886 2445 937 enim
2499 887 2855 955 complantati
2891 890 3162 957 [uerimus
3218 890 3581 945 similitudini

1934 971 2122 1024 mortis
2145 972 2284 1040 ejus,
2306 974 2542 1027 simulet
2566 978 2979 1030 resurrectionis
3000 978 3389 1047 erimus(Rom.
3406 980 3573 1049 v1,5).

2008 1059 2157 1123 Quod
2209 1061 2577 1129 prwdicatum
2630 1072 2706 1117 est
2761 1066 2819 1117 in
2852 1067 3107 1119 universa
3146 1076 3416 1132 creatura,
3451 1084 3577 1139 quae

1931 1148 2029 1200 sub
2057 1149 2191 1202 σαίΙο
2248 1154 2342 1203 est.
2371 1150 2573 1205 Omnis
2626 1157 2906 1206 creaturae
2957 1154 3191 1209 nomine
3249 1162 3455 1227 potest,
3521 1162 3577 1212 et

1935 1236 2107 1291 debet
2138 1237 2328 1292 omnis
2363 1241 2518 1293 natio
2551 1242 2811 1311 gentium
2871 1242 3183 1313 designari.
3243 1250 3387 1299 Ante
3419 1246 3574 1300 enim

1935 1324 2156 1379 dictum
2191 1328 2377 1382 fuerat
2399 1345 2431 1382 a
2453 1328 2692 1383 Domino
2723 1330 3024 1400 apostolis,
3042 1348 3113 1385 ne
3130 1332 3187 1386 in
3206 1332 3297 1387 via
3315 1335 3577 1403 gentium

1932 1412 2085 1467 irent
2118 1416 2335 1483 (Matth.
2370 1435 2428 1482 x,
2461 1419 2534 1485 5).
2572 1418 2775 1472 Postea
2805 1435 2937 1473 vero
2961 1421 3198 1490 jussum
3230 1426 3318 1475 est
3348 1426 3412 1475 ut
3440 1440 3580 1493 prie-

1934 1502 2197 1557 dicarent
2226 1505 2601 1577 Evangelium
2636 1507 2793 1561 omni
2828 1513 3102 1562 creaturis
3136 1512 3302 1578 (Mac.
3335 1512 3576 1582 xvu,15).

2004 1594 2169 1661 Cujus
2229 1594 2404 1662 factus
2460 1611 2583 1648 sum
2626 1611 2718 1663 ego
2778 1598 3052 1666 Apostolus
3082 1599 3286 1667 (1228),
3324 1607 3374 1653 et
3403 1601 3580 1653 mini-

1930 1683 2059 1743 ster,
2120 1683 2220 1751 qui
2276 1699 2422 1735 nunc
2477 1684 2681 1751 gaudeo
2742 1686 2801 1737 in
2858 1686 3205 1755 passionibus
3260 1704 3356 1756 pro
3412 1688 3577 1743 vobis.

1934 1770 1993 1822 In
2032 1769 2527 1839 tribulationibus,
2589 1790 2734 1843 quas
2796 1774 3148 1843 patiebatur,
3207 1775 3463 1830 exultare
3518 1792 3580 1831 se

1936 1858 2167 1925 fatetur,
2200 1860 2338 1929 quia
2368 1862 2691 1931 profectum
2726 1879 2899 1917 suum
2931 1863 3086 1916 videt
3112 1863 3168 1916 in
3194 1864 3304 1917 fide
3334 1866 3577 1919 creden-

1935 1947 2105 2000 tium.
2140 1948 2263 2001 Non
2286 1953 2373 2002 est
2404 1949 2559 2002 enim
2586 1950 2777 2004 inanis
2801 1950 3121 2019 tribulatio,
3155 1952 3388 2020 quando
3419 1970 3573 2020 eum,

1931 2052 2035 2105 pro
2066 2052 2179 2105 quo
2209 2039 2447 2105 patitur,
2476 2039 2725 2107 acquirit
2754 2039 2825 2091 ad
2856 2038 3053 2093 vitam.
3089 2042 3242 2103 Quas
3278 2042 3577 2110 passiones
3616 2038 3627 2045 “

1932 2124 2160 2179 Christo
2182 2124 2321 2179 dicit
2348 2125 2569 2193 inferri,
2605 2129 2772 2196 cujus
2797 2128 2998 2197 utique
3028 2129 3351 2183 doctrinam
3383 2146 3577 2200 perse-

1934 2219 2212 2281 quuntur,
2268 2218 2329 2265 ut
2360 2214 2611 2283 perﬁdos
2643 2220 2839 2285 gravet
2868 2215 3184 2286 impietatis
3221 2234 3341 2271 sua:
3394 2219 3576 2287 (1259)

1935 2299 2296 2365 crudelitate,
2330 2307 2385 2355 et
2431 2302 2699 2357 fidelibus
2757 2304 2853 2357 Dei
2900 2304 3167 2374 praedicet
3210 2306 3575 2372 charitatem,

1935 2391 2103 2459 cujus
2136 2390 2316 2444 Filius
2348 2408 2499 2445 nunc
2531 2392 2981 2461 usqueinjurias
3006 2395 3223 2464 patitur
3246 2412 3348 2465 pro
3382 2395 3569 2451 nobis.

2005 2481 2081 2533 Et
2109 2479 2378 2550 adimpleo
2406 2497 2489 2548 ea,
2539 2496 2663 2551 quae
2709 2481 2905 2536 desunt
2930 2485 3254 2553 passionum
3287 2484 3490 2539 Christi
3519 2486 3581 2538 in

1933 2584 2101 2622 carne
2158 2584 2299 2634 mea,
2354 2585 2454 2638 pro
2511 2585 2737 2640 corpore
2791 2573 2928 2639 ejus,
2989 2571 3127 2641 quod
3182 2576 3259 2625 est
3314 2574 3575 2627 Ecclesia.

1935 2658 2004 2711 Et
2030 2662 2117 2712 est
2148 2674 2394 2712 sensus:
2428 2658 2699 2713 Christus
2732 2676 2763 2713 a
2786 2658 2925 2713 solis
2956 2660 3175 2715 Judazis
3201 2662 3489 2716 adductus
3507 2664 3577 2715 ad

1938 2752 2182 2800 mortem
2216 2752 2304 2800 est
2337 2764 2349 2813 ;
2382 2763 2486 2817 ego
2520 2764 2619 2817 pro
2655 2747 2908 2802 Ecclesia
2940 2750 3087 2817 ejus,
3122 2754 3177 2803 et
3209 2767 3242 2803 a
3268 2750 3504 2820 Judazis,
3524 2755 3581 2805 et

1887 2854 1891 2865 ·
1937 2852 1970 2887 a
2001 2834 2292 2905 gentibus.
2328 2835 2594 2889 Christus
2627 2836 2923 2891 inchoavit
2952 2838 3304 2907 passionem,
3329 2856 3442 2894 non
3469 2840 3579 2893 im-

1938 2922 2151 2994 plevit;
2188 2924 2287 2977 sed
2318 2922 2375 2976 in
2412 2940 2650 2994 corpore
2673 2941 2798 2993 suo,
2833 2925 2889 2978 id
2924 2929 3032 2990 est,
3066 2926 3121 2979 in
3154 2926 3578 2981 Ecclesianunc

1937 3010 2309 3082 adimpletur,
2342 3012 2483 3066 dum
2503 3029 2605 3082 pro
2626 3013 2787 3067 vobis
2815 3013 3089 3083 patimur,
3119 3019 3181 3069 ut
3208 3032 3309 3069 vos
3333 3016 3577 3070 aedifice-

1939 3118 2097 3167 mus,
2128 3100 2281 3155 sicut
2310 3104 2367 3155 et
2396 3100 2512 3165 ille,
2546 3101 2645 3171 qui
2682 3101 2837 3171 prior
2862 3119 3072 3173 passus
3105 3108 3211 3170 est,
3244 3104 3579 3176 relinquens

1858 3173 1900 3239 C
1939 3189 2107 3243 nobis
2138 3188 2487 3259 exemplum,
2526 3195 2589 3243 ut
2620 3207 2936 3261 sequamur
2965 3192 3206 3263 vestigia
3236 3195 3383 3262 ejus.

2006 3278 2168 3345 Cuius
2197 3279 2377 3347 factus
2418 3294 2538 3330 sum
2569 3294 2664 3347 ego
2684 3280 2941 3333 minister
2964 3282 3259 3334 secundum
3282 3282 3579 3352 dispensa-

1934 3369 2135 3421 tionem
2166 3368 2281 3433 Dei,
2314 3384 2384 3436 qu
2408 3384 2453 3420 ξιξ
2484 3368 2613 3421 data
2644 3373 2721 3421 est
2750 3370 2896 3421 milii
2924 3371 2981 3423 in
3026 3370 3189 3423 vobis.
3241 3370 3575 3425 Ministrum

1935 3458 2152 3511 factum
2188 3473 2315 3511 esse
2374 3472 2433 3510 se
2466 3456 2757 3526 Evangelii
2800 3458 2951 3512 inter
3009 3463 3209 3528 gentes
3269 3476 3301 3513 a
3332 3458 3447 3514 Deo
3478 3476 3580 3530 per

1934 3546 2229 3600 Christum
2266 3562 2396 3599 cum
2439 3546 2650 3599 fiducia
2681 3545 2962 3616 loquitur,
2996 3552 3059 3601 ut
3088 3548 3432 3618 mysterium
3463 3565 3573 3602 cm-

1933 3641 2099 3706 ptum
2132 3653 2165 3689 a
2196 3635 2462 3701 Domino,
2524 3652 2625 3705 per
2678 3635 2951 3690 idoneum
3009 3637 3303 3691 efficacem
3337 3654 3572 3692 servum

1932 3723 2380 3796 possitimpleri,
2400 3724 2554 3792 quod
2578 3724 2839 3793 ignotum
2859 3726 2967 3778 fuit
2998 3742 3031 3778 a
3057 3726 3571 3780 szeculis.Etmini-

1931 3820 2118 3867 strum
2151 3830 2212 3867 se
2244 3812 2391 3866 sacri
2426 3812 2715 3881 Evangelii
2751 3813 2965 3866 factum
2982 3815 3138 3881 dicit,
3166 3832 3279 3867 non
3312 3814 3567 3884 qualem-

1928 3918 2181 3972 cunque,
2213 3901 2312 3955 sed
2336 3901 2405 3953 de
2419 3900 2635 3969 quibus
2661 3901 2937 3954 Dominus
2956 3901 3175 3956 dixerat
3201 3904 3567 3970 :(Juis,putas,

1927 3996 2004 4046 est
2036 3990 2211 4059 ﬁdelis
2240 4004 2446 4055 servus,
2473 3997 2524 4041 ct
2538 3988 2797 4057 prudens,
2822 4006 2982 4057 quem
2997 3991 3275 4044 constituit
3307 3991 3569 4044 Dominus

1926 4095 2091 4150 super
2119 4078 2397 4148 familiam
2426 4092 2598 4143 suam,
2632 4082 2691 4131 ut
2748 4076 2833 4131 det
2866 4078 2979 4131 illis
3028 4080 3083 4131 in
3117 4088 3357 4147 tempore
3387 4079 3567 4133 tritici

1927 4183 2241 4223 mensuram
2266 4168 2400 4234 (Luc
2429 4183 2525 4231 xu,
2561 4166 2668 4236 42).
2706 4167 2772 4220 Et
2804 4168 3126 4221 notandum
3160 4168 3312 4239 quod
3340 4166 3561 4223 occulte

1928 4255 2205 4329 suggillat
2234 4272 2351 4324 eos,
2385 4255 2564 4325 quiex
2594 4254 3036 4311 circumcisione
3064 4257 3393 4323 veniebant,
3420 4272 3565 4328 quos

1928 4345 2208 4400 Dominus
2240 4345 2307 4397 ad
2345 4343 2450 4397 hoc
2483 4360 2594 4397 non
2628 4343 2877 4415 elegerat
2908 4362 3073 4416 Opus.
3112 4347 3219 4401 Sed
3254 4346 3365 4417 ipsi
3400 4350 3569 4417 turpe

1926 4436 2153 4490 lucrum
2187 4438 2472 4488 sectantes
2503 4432 2727 4487 Christo
2759 4434 3003 4489 Domino
3054 4452 3167 4489 non
3217 4434 3566 4501 serviebant,

153 4502 342 4599 altas
376 4501 622 4598 refert.”
651 4500 721 4554 ad
746 4498 1069 4600 (ξδδῖίίξξίξδξῖξ
1098 4517 1110 4566 ἶ
1147 4496 1641 4600 ίωίξῖδθωῗίίοηδδ
1677 4498 1819 4600 inter
1856 4537 1898 4600 D
1935 4526 2035 4580 sed
2067 4540 2173 4578 suo
2227 4522 2434 4587 ventri,
2487 4526 2543 4576 et
2593 4539 2694 4593 per
2725 4523 2922 4578 dulces
2952 4540 3270 4591 sermones,
3303 4528 3361 4578 et
3390 4496 3568 4579 falsas

152 4590 484 4662 gritatem;
545 4586 1137 4658 irreprehensibilitas
1195 4587 1265 4640 ad
1311 4586 1719 4657 prudentiam;
1757 4592 1819 4641 ut

150 4683 369 4735 essent
426 4676 931 4748 irrprehensibiles
976 4678 1033 4731 in
1095 4678 1283 4731 medio
1346 4677 1595 4731 nationis
1634 4694 1818 4748 pravae

147 4775 343 4838 atque
378 4782 679 4836 perversae,
712 4772 770 4820 et
800 4765 1061 4820 lucerent
1090 4765 1242 4819 inter
1272 4781 1370 4819 eos
1413 4782 1583 4836 opere
1635 4766 1820 4819 virtu-

142 4864 316 4922 tum,
354 4855 507 4909 sicut
529 4853 843 4908 luminaria
864 4854 918 4907 in
940 4855 1308 4907 firmamento
1327 4853 1473 4907 cmli.
1492 4854 1821 4907 Notandum

141 4944 324 5018 quod
358 4944 642 5000 alienatos
680 4961 713 4998 a
747 4948 857 4997 Deo
894 4944 951 4996 in
997 4942 1273 5012 operibus
1308 4941 1479 4996 malis
1510 4942 1823 5012 aliquando

141 5050 303 5091 esse
335 5033 568 5104 dixerit,
605 5050 721 5087 non
745 5035 870 5103 jam
905 5037 1045 5086 tunc
1103 5031 1337 5102 quando
1370 5031 1481 5085 ista
1511 5032 1822 5085 scribebat.

1929 4612 2359 4670 benedictiones
2392 4612 2792 4680 pervertebant
2821 4612 2994 4665 corda
3024 4611 3441 4667 innocentium.

2004 4705 2067 4759 Ut
2088 4701 2347 4771 impleam
2376 4699 2606 4753 verbum
2638 4700 2751 4753 Dei.
2774 4699 2832 4752 In
2878 4699 2987 4755 isto
3018 4701 3191 4755 verbo
3223 4700 3410 4755 multa
3440 4718 3569 4773 pro-

1932 4792 2158 4864 phetica
2188 4790 2561 4845 continentur
2587 4788 2762 4841 verba
2791 4788 2861 4841 de
2892 4791 3188 4844 vocatione
3214 4790 3495 4859 gentium,
3517 4796 3573 4845 et

1933 4880 2333 4952 reprobatione
2367 4876 2559 4947 populi
2583 4876 2937 4946 Judieorum,
2972 4884 3034 4932 ut
3059 4883 3147 4933 est
3176 4878 3358 4933 illud:
3395 4879 3572 4934 Remi~

1932 4972 2233 5031 niscentur,
2267 4976 2315 5020 et
2344 4968 2719 5019 convertentur
2752 4966 2819 5019 ad
2847 4967 3135 5021 Dominum
3166 4970 3412 5021 universi
3438 4968 3573 5035 ﬁnes

1934 5069 2121 5122 terrae,
2181 5060 2231 5111 et
2286 5054 2589 5107 aaorabunt
2644 5070 2769 5109 eum
2818 5071 3003 5110 omnes
3059 5058 3297 5126 familia:
3324 5055 3571 5123 gentium

1938 5148 2106 5217 (Psal.
2131 5162 2245 5210 xxx,
2278 5144 2390 5213 2x).
2427 5142 2601 5196 Vobis
2632 5144 2787 5196 enim
2811 5146 3197 5209 credentibus,
3222 5144 3459 5197 verbum
3478 5141 3571 5196 Dei

1937 5234 2234 5307 impletur,
2254 5231 2487 5303 quando
2502 5231 2837 5303 prophetica
2862 5232 3264 5302 dictaimpleta
3283 5229 3573 5285 videntur.

1940 5325 2101 5379 Unde
2132 5328 2188 5378 et
2209 5326 2471 5392 sequitur
2495 5339 2506 5375 :

2012 5412 2350 5484 Mysterium,
2384 5410 2524 5479 quod
2561 5410 2934 5465 absconditum
3004 5407 3115 5477 fuit
3173 5424 3207 5461 a
3261 5408 3481 5463 saxulis
3528 5412 3579 5464 et

2013 5519 2199 5592 (1229)
2228 5516 2594 5586 Ambrosius,
2625 5516 2743 5571 sive
2772 5512 3199 5569 Ambrosiaster
3225 5514 3571 5572 credulitate.

235 5151 311 5205 Si
339 5154 524 5205 tamen
565 5152 901 5221 permanetis
944 5150 1002 5202 in
1031 5147 1136 5217 ﬁde
1192 5146 1432 5219 fundati,
1477 5156 1529 5200 et
1584 5147 1823 5213 stabiles,

148 5246 209 5296 et
250 5238 583 5293 immobiles.
630 5238 701 5293 Ut
733 5238 948 5293 scirent
980 5242 1117 5291 tunc
1150 5237 1426 5307 prodesse
1461 5234 1570 5290 sibi
1605 5233 1826 5306 passio-

149 5344 313 5385 nem
345 5326 585 5396 Christi,
636 5328 683 5382 si
716 5327 774 5380 in
808 5332 1039 5398 accepta
1073 5326 1185 5381 fide
1230 5328 1571 5379 manerent:
1605 5330 1660 5379 et
1690 5329 1829 5378 tunc

145 5415 542 5473 immaculati
558 5417 781 5485 fierent,
806 5415 854 5469 si
877 5414 1006 5470 illos
1024 5414 1330 5469 hominum
1350 5430 1522 5483 prava
1544 5414 1825 5483 doctrina,

233 5523 436 5605 (13328)
467 5522 638 5605 Vulg.
671 5540 767 5593 ego
796 5523 1004 5578 Paulus
1034 5525 1300 5589 minister,
1357 5526 1415 5577 et
1443 5520 1527 5575 sic
1570 5520 1629 5576 in
1659 5524 1828 5578 cate-

148 5598 253 5657 ris
294 5595 668 5653 lectionibus.

474 5722 735 5782 ΡΑΤμυι..
792 5721 1105 5785 CXXXIV.
1716 5800 1721 5811 ,

3228 5710 3306 5781 20
