4014 6174
166 372 169 375 _
243 285 361 354 62f

777 260 1201 359 ‘EXPOSITIO
1246 298 1322 357 IN
1371 298 1797 359 EPISTOLAS
1846 299 2095 359 PAULI.
2125 331 2197 342 ——
2226 300 2301 358 ΙΝ
2348 274 2596 361 EPIS'l".
2644 300 2746 359 AD
2792 298 3103 361 COLOSS.

3519 300 3636 359 632

246 424 383 496 quia
414 427 651 497 agnovit
678 443 837 492 eum,
886 427 944 481 in
979 444 1093 499 quo
1138 429 1395 500 perfecta
1444 430 1649 495 virtus;
1701 431 1883 501 perfc-
1914 434 1966 497 Α
1994 429 2171 499 Cujus
2200 432 2566 502 vagationem
2600 430 2810 485 melius
2832 431 3262 502 cognoscimus,
3297 432 3343 484 si
3375 432 3503 501 ejus
3533 432 3634 486 ad-

246 519 454 585 ctaquc
485 515 773 587 sapientia
805 522 911 572 est.
947 518 1246 590 Quidquid
1279 519 1432 573 enim
1466 519 1601 573 alibi
1632 536 1694 574 se
1720 525 1886 589 puta-

243 602 385 658 verit
414 605 693 675 invenire,
738 604 904 677 plene
932 606 990 660 in
1042 607 1172 677 hoc,
1227 612 1284 662 et
1322 607 1553 662 abunde
1610 607 1884 663 inveniet.

248 692 390 746 Nam
425 693 565 764 quid
598 694 923 766 sapientius
964 695 1314 751 Salomone?
1343 696 1488 759 Quid
1541 682 1887 768 prudentius

246 780 509 836 Daniele?
542 782 652 848 Qui
683 784 790 838 bus
821 783 1003 839 idirco
1060 786 1207 839 Deus
1240 802 1353 857 prae
1393 787 1613 840 caeteris
1656 785 1884 856 sapien-

249 869 388 925 tiam
409 870 588 937 dedit,
627 879 689 924 ut
721 878 925 927 nulum
953 875 1166 929 faceret
1195 874 1532 930 inﬁdelibus
1587 874 1767 929 totius
1823 890 1887 929 se

246 960 545 1029 sapientia:
583 976 711 1015 esse
742 968 1058 1017 auctorem.
1081 962 1338 1034 Denique
1354 964 1887 1019 Nabuchodonosor

244 1048 381 1102 dicit
401 1048 621 1103 Danieli
651 1050 950 1105 admirans
982 1069 1156 1123 super
1185 1052 1529 1124 sapientiam
1560 1054 1686 1121 ejus
1715 1070 1727 1107 :
1760 1054 1884 1105 Vere

260 1137 397 1192 Deus
425 1142 599 1192 vesler
629 1141 743 1209 ipse
762 1147 842 1194 est
870 1145 1016 1195 Deus
1058 1145 1210 1196 vivus
1236 1150 1305 1208 et,
1338 1144 1586 1213 aperiens
1622 1143 1884 1212 mysteria

245 1227 409 1292 (Dan.
446 1243 508 1293 ιι,
544 1227 651 1293 47).
711 1228 873 1291 Quod
930 1230 1167 1300 quidem
1224 1247 1455 1285 omnem
1512 1229 1881 1285 incredulum

249 1314 390 1370 latet
419 1316 477 1370 in
501 1315 730 1371 Christo
763 1333 995 1372 omnem
1026 1334 1155 1374 esse
1184 1318 1528 1390 sapientiam
1558 1336 1572 1386 ;
1606 1318 1744 1390 quia
1764 1334 1880 1374 non

248 1402 453 1476 legunt
482 1404 541 1459 in
574 1405 899 1477 Evangeliis
928 1406 1323 1475 astrologiam,
1366 1426 1483 1462 non
1514 1409 1572 1462 in
1603 1408 1881 1480 Apostolo

251 1494 650 1565 geometriam,
700 1511 814 1550 non
856 1496 914 1549 in
955 1498 1239 1568 propheta
1290 1497 1718 1553 arithmeticam
1777 1515 1882 1554 nec

253 1582 537 1638 musicam
574 1599 588 1637 :
613 1583 969 1655 quaaideirco
991 1586 1264 1657 despecta
1294 1587 1883 1658 suntanostris,quia

240 1672 310 1727 ad
346 1671 599 1728 salutem
630 1689 743 1728 non
779 1674 1088 1745 pertinent,
1135 1677 1235 1731 sed
1293 1675 1483 1748 magis
1540 1677 1784 1730 mittunt
1819 1676 1879 1731 in

240 1777 522 1827 errorem,
552 1766 609 1816 et
638 1767 905 1818 revocant
935 1781 969 1818 a
998 1764 1134 1830 Deo,
1168 1768 1231 1818 ut
1252 1766 1391 1820 dum
1414 1764 1508 1820 his
1528 1766 1766 1820 student
1787 1782 1878 1820 ra-

246 1848 691 1906 tiocinationum
723 1851 1241 1923 disputationibus,
1274 1870 1473 1908 curam
1523 1854 1730 1909 anima:
1761 1872 1879 1910 suae

249 1955 361 1992 non
395 1938 664 1995 habeant.
698 1941 831 2004 Quae
863 1941 1018 1996 enim
1061 1946 1183 1997 tam
1241 1958 1375 1998 vera
1431 1943 1719 2014 sapientia
1768 1949 1877 2011 est,

247 2026 360 2082 nisi
390 2028 728 2099 cognovisse
758 2031 912 2100 quod
962 2031 1163 2101 prosit,
1222 2037 1280 2086 et
1337 2032 1670 2102 despexisse
1723 2033 1879 2104 quod

239 2116 445 2172 obsit?
472 2117 652 2173 Obest
680 2118 860 2183 enim,
893 2119 1295 2191 quiaimpedit
1322 2121 1553 2185 animae,
1586 2138 1657 2176 ne
1679 2138 1877 2177 curam

240 2206 331 2261 sui
362 2210 515 2277 agat.
538 2206 664 2262 Non
693 2207 988 2263 immerito
1020 2225 1155 2280 ergo
1170 2209 1269 2280 qui
1302 2209 1596 2264 Christum
1623 2209 1876 2281 agnovit,

237 2293 458 2350 invenit
482 2294 823 2350 thesaurum
875 2296 1172 2368 sapientiae
1230 2302 1285 2351 et
1314 2296 1607 2352 scientiae:
1642 2299 1879 2369 agnovit

241 2382 396 2439 enim
430 2384 569 2455 quid
597 2383 645 2438 ei
677 2384 757 2439 sit
788 2384 950 2451 utile,
984 2390 1048 2439 ut
1107 2401 1342 2440 omnem
1401 2402 1731 2441 sermonem
1788 2386 1878 2441 vel

239 2487 502 2539 sensum,
525 2472 627 2543 qui
656 2479 866 2545 praeter
894 2473 1061 2528 illum
1092 2479 1202 2539 est,
1234 2492 1349 2529 non
1381 2474 1573 2530 solum
1606 2493 1722 2531 non
1764 2476 1879 2530 mi-

239 2560 471 2625 remini,
502 2563 602 2616 sed
635 2562 810 2617 etiam
842 2562 1151 2618 stultitiam
1185 2563 1498 2635 deputetis.

317 2650 419 2705 Hoc
438 2654 623 2706 autem
652 2651 793 2716 dico,
824 2656 883 2706 ut
912 2668 1066 2707 nemo
1095 2668 1184 2707 vos
1223 2652 1459 2723 decipiat
1520 2655 1577 2707 in
1635 2654 1882 2708 sublimi-

238 2742 358 2794 tate
387 2755 700 2795 sermonum
724 2740 839 2795 Hoc
871 2742 1024 2808 dico,
1053 2741 1265 2813 inquit,
1301 2748 1364 2796 ut
1412 2758 1580 2797 nemo
1610 2759 1712 2797 vos
1768 2742 1879 2798 cir-

242 2828 573 2884 cumveniat
594 2829 653 2883 in
667 2829 965 2884 verisimili
980 2847 1247 2885 sermone
1265 2848 1279 2896 ;
1298 2831 1708 2902 quiaveritatis
1726 2848 1879 2885 amo-

244 2933 307 2971 re
326 2918 711 2981 ducebantur,
731 2918 1244 2973 verisimilitudine
1262 2918 1393 2973 illos
1418 2919 1716 2981 timuit,ne
1736 2918 1883 2973 deci-

243 3010 552 3077 perentur;
586 3011 642 3061 et
672 3007 1265 3064 ideocommendavit
1295 3006 1350 3060 in
1394 3006 1649 3071 Christo,
1710 3023 1884 3078 quem

244 3092 655 3151 dulcissimum
691 3095 985 3150 habebant
1013 3088 1378 3165 thesaurum,
1402 3095 1625 3151 scilicet
1653 3095 1880 3167 sapien-

1997 516 2110 571 huc
2135 519 2202 571 ad
2240 518 2565 572 Corinthios
2604 519 2778 574 verba
2808 534 3146 589 pensamus.
3189 519 3282 572 Ait
3311 519 3505 574 enim:
3548 522 3634 575 Ve-

1993 607 2148 660 niam
2178 607 2247 663 ad
2269 623 2513 669 vos,cnm
2543 608 2911 662 Macedoniam
2930 611 3336 678 pertransiero;
3366 624 3499 661 nam
3520 609 3631 662 Μα-

1978 695 2275 770 βειίοηὶαηίι
2292 697 2655 767 perlransibo.
2689 696 2843 767 Apud
2870 712 2964 751 vos
2990 698 3242 767 forsitam
3270 696 3516 766 manebo,
3550 698 3632 752 vel
3682 754 3688 768 ι

1994 787 2160 839 etiam
2185 784 2430 840 liiemabo
2462 784 2605 856 (Cor.
2637 802 2752 849 xvr,
2781 787 2858 853 5).

2064 873 2213 927 Sicut
2264 890 2388 943 ergo
2446 875 2727 941 accepistis
2785 875 3071 929 Christum
3115 876 3299 929 Iesum
3338 875 3632 929 Dominum

1990 966 2258 1026 nostrum,
2282 965 2340 1017 in
2364 965 2479 1035 ipso
2508 963 2796 1017 ambulate
2848 963 3100 1029 radianti,
3132 968 3183 1018 et
3211 963 3634 1033 supermdiﬁcati

1990 1051 2053 1104 in
2081 1052 2218 1121 ipso,
2247 1057 2299 1107 et
2318 1053 2438 1122 jam
2471 1052 2673 1106 firmati
2708 1051 2836 1121 ﬁde,
2864 1055 3007 1106 sicut
3036 1063 3086 1106 et
3115 1052 3403 1123 didicistis,
3450 1052 3625 1106 abun-

1989 1138 2175 1194 dantes
2196 1142 2252 1194 in
2286 1142 2381 1195 illo
2412 1143 2471 1195 in
2498 1141 2809 1210 gratiarum
2867 1142 3095 1195 actione.
3155 1144 3273 1195 Hoc
3304 1145 3518 1206 monet,
3572 1144 3630 1195 et

1989 1227 2275 1297 hortatur,
2311 1246 2382 1284 ne
2410 1229 2635 1283 devotio
2657 1245 2856 1283 eorum
2893 1228 3276 1296 minueretur,
3307 1234 3364 1284 et
3397 1230 3623 1285 recede-

1988 1322 2118 1371 rent
2148 1334 2179 1371 a
2202 1318 2335 1387 fide,
2372 1335 2547 1389 quam
2577 1319 2805 1372 fuerant
2828 1316 3102 1385 assecuti,
3122 1322 3181 1372 et
3197 1317 3390 1389 pravis
3413 1317 3628 1373 fabulis
3666 1328 3667 1331 ‘

1988 1406 2169 1467 eversi
2201 1406 2369 1461 aliter
2397 1407 2689 1462 Christum
2713 1405 3059 1477 acciperent,
3078 1423 3253 1476 quam
3278 1406 3623 1462 didicerant.

1990 1495 2159 1550 Multi
2191 1497 2345 1551 enim
2380 1500 2745 1568 corruptores
2780 1496 2913 1549 fidei
2943 1495 3332 1550 circumibant
3360 1496 3432 1550 ad
3454 1496 3626 1551 sedu-

1988 1586 2204 1640 cendos
2231 1586 2550 1656 simplices,
2582 1584 2801 1654 dolose,
2822 1589 2879 1639 et
2917 1601 3049 1639 cum
3111 1584 3486 1640 simulatione
3523 1602 3626 1639 an-

1988 1673 2326 1729 nuntiantes
2346 1675 2424 1729 Ch
2434 1675 2638 1729 ristum
2649 1664 2818 1745 ,‘quos
2830 1673 3029 1729 evitari
3053 1679 3248 1729 monet
3269 1690 3482 1746 magna
3495 1690 3625 1728 cau-

1987 1762 2123 1829 tela,
2142 1769 2206 1818 ut
2231 1763 2492 1830 stabiles,
2514 1764 2735 1819 etfirmi
2769 1779 2948 1834 supra
2971 1763 3419 1817 fundamentum
3442 1762 3629 1817 Trini-

1988 1852 2127 1906 tatis
2157 1869 2258 1924 spe
2292 1856 2618 1907 t'uturorum
2652 1852 2869 1923 gratias
2902 1852 3109 1906 uberes
3165 1856 3404 1923 agerent
3453 1867 3630 1921 super

1988 1941 2391 1997 misericordia
2413 1942 2528 1997 ltei.
2554 1942 2749 1997 Nutrit
2767 1941 2923 1996 enim
2947 1957 3066 2005 eos,
3092 1945 3154 1995 ut
3174 1956 3415 2010 capaces
3434 1945 3631 1995 essent

1988 2029 2525 2102 participandorum
2569 2030 2981 2085 thesaurorum
3012 2028 3269 2085 scientiae
3313 2034 3371 2084 et
3392 2028 3624 2101 sapien-

1987 2119 2103 2184 tiae,
2137 2120 2237 2187 qui
2268 2123 2407 2173 sunt
2435 2118 2760 2174 absconditi
2787 2119 2845 2173 in
2863 2118 3192 2197 Christo,nc
3216 2123 3626 2190 tanquamnou

1989 2207 2107 2262 sint
2126 2209 2197 2261 ad
2214 2207 2333 2262 haec
2366 2208 2576 2277 idonei,
2619 2212 2676 2262 et
2695 2206 2993 2262 verisimili
3011 2224 3279 2262 sermone
3299 2206 3622 2277 capientur,
3698 2276 3709 2287 ἱ

1988 2301 2044 2351 et
2074 2312 2108 2349 a
2137 2296 2394 2351 veritatis
2428 2298 2633 2352 itinere
2663 2296 2894 2352 dcvient
2917 2314 2930 2364 ;
2957 2296 3084 2351 ideo
3115 2296 3413 2367 adjungit:

2065 2385 2243 2440 Videte
2278 2402 2347 2440 ne
2376 2388 2498 2457 quis
2552 2402 2644 2441 vos
2696 2386 2935 2456 decipiat
2986 2401 3087 2456 per
3123 2385 3549 2456 philosophiam,
3582 2391 3636 2439 et

1990 2476 2219 2528 inanem
2247 2476 2553 2542 fallaciam,
2585 2475 2878 2529 secundum
2918 2468 3267 2530 traditionem
3323 2473 3631 2541 hominum,

1988 2564 2282 2617 secundum
2304 2565 2571 2619 elementa
2598 2564 2813 2633 mundi,
2828 2568 2874 2619 et
2890 2580 2999 2618 non
3017 2564 3313 2618 secundum
3336 2562 3632 2617 Christum.

1992 2652 2426 2725 Philosophiam
2461 2654 2602 2707 dicit
2630 2659 2944 2719 terrenam,
2980 2669 3082 2724 per
3111 2669 3289 2724 quam
3321 2651 3510 2707 solent
3549 2667 3634 2706 se-

1990 2742 2123 2796 duci
2157 2742 2256 2813 qui
2278 2743 2523 2813 cupiunt
2546 2742 3126 2814 prudentesjudicari
3162 2742 3219 2795 in
3245 2741 3484 2796 mundo.
3508 2741 3637 2795 Haec

1992 2831 2358 2901 argumentis
2388 2837 2446 2885 et
2468 2830 2790 2885 subtilitate
2812 2832 3197 2885 minutiarum
3244 2829 3636 2901 quorumdam

1994 2919 2382 2989 componitur,
2418 2918 2584 2990 quasi
2602 2918 2869 2989 physicas
2892 2918 3327 2990 investigaverit
3358 2918 3634 2983 rationes,

1995 3005 2157 3075 quaid
2168 3021 2261 3058 am
2279 3005 2497 3059 habens
2511 3006 2785 3072 admista,
2808 3022 2931 3076 quae
2954 2990 3323 3061 hortamenta
3338 3005 3457 3059 sint
3475 3007 3635 3059 bona

1993 3093 2120 3147 vitae
2151 3093 2236 3148 vel
2290 3094 2639 3149 documenta
2671 3111 2683 3148 :
2711 3093 3026 3165 aliquando
3044 3095 3114 3149 de
3140 3093 3453 3157 mensuris,
3504 3110 3636 3149 nec-

244 3181 337 3238 tiie
368 3189 423 3238 et
452 3184 707 3243 scientiae
737 3186 908 3254 cujus
934 3183 1171 3238 nomine
1199 3184 1659 3255 etpromissione
1688 3184 1885 3239 induci
1918 3196 1959 3262 ρ
2001 3199 2114 3237 non
2128 3183 2494 3249 denumeris,
2521 3183 2836 3254 aliquando
2852 3184 2921 3238 de
2942 3182 3362 3239 elementorum
3385 3182 3636 3254 qualita-

243 3276 514 3344 poterant
544 3273 603 3327 in
631 3288 907 3328 errorem.
941 3272 1279 3327 Commonet
1315 3273 1474 3327 enim
1507 3289 1579 3328 ne
1608 3272 1667 3327 in
1701 3273 1883 3328 malo-

239 3378 376 3417 rum
409 3360 743 3433 colloquiis,
774 3362 1061 3417 etastutia
1089 3361 1418 3433 iniquitatis
1440 3378 1651 3417 sensus
1682 3378 1886 3418 eorum

238 3450 725 3507 transduceretur
746 3467 760 3517 ;
780 3449 919 3521 quia
938 3449 1229 3520 sapientes
1246 3449 1449 3504 mundi
1464 3455 1585 3505 arte
1607 3451 1888 3522 quadam,

238 3544 306 3603 et
334 3539 602 3594 minutiis
629 3538 1091 3609 disputationum
1124 3538 1350 3594 irretire
1370 3539 1631 3611 gestiunt
1661 3539 1888 3612 simpli-

245 3629 403 3685 cium
438 3628 687 3694 animas,
722 3632 786 3683 ut
815 3628 1037 3695 ratione
1068 3628 1501 3683 mundanarum
1533 3646 1726 3695 rerum
1750 3630 1882 3685 abs-

244 3718 486 3774 trahant
517 3733 615 3773 eos
646 3734 680 3772 a
711 3734 833 3788 spe,
867 3733 994 3788 quae
1025 3721 1114 3772 est
1142 3717 1201 3772 in
1238 3716 1488 3772 Christo.

322 3808 460 3862 Nam
483 3808 584 3862 etsi
611 3822 847 3877 corpore
874 3806 1067 3861 absens
1077 3822 1220 3875 sum,
1252 3806 1344 3860 sed
1365 3808 1569 3877 spiritu
1589 3807 1889 3863 vobiscum.

251 3896 387 3952 Ideo
410 3897 479 3952 de
496 3894 891 3960 illistimebat,
907 3894 1184 3966 quoniam
1208 3894 1349 3965 quid
1363 3895 1447 3949 eis
1461 3895 1650 3949 adhuc
1667 3897 1895 3951 deesset

248 3986 502 4041 videbat.
528 3984 690 4040 Unde
706 3989 764 4039 et
784 3982 1055 4054 sequitur
1077 4001 1090 4038 :
1109 3982 1363 4038 Gaudeas
1374 3988 1428 4037 et
1443 3984 1631 4039 videns
1648 3985 1895 4039 ordinem

250 4079 536 4137 vestrum;
567 4082 623 4129 et
658 4074 919 4145 suppleas
970 4073 1026 4128 id
1055 4073 1194 4143 quod
1249 4071 1390 4127 deest
1446 4074 1730 4142 utilitati(
1768 4074 1893 4145 232)

249 4164 383 4237 ﬁdei
417 4163 626 4220 vestra.
659 4163 942 4218 Cernebat
985 4161 1187 4233 utique
1237 4163 1554 4233 quamdam
1612 4162 1894 4218 fabricam

253 4251 601 4325 spiritalem,
622 4252 775 4307 sicut
791 4250 927 4306 alibi
948 4251 1100 4306 decit
1119 4268 1131 4305 :
1148 4252 1244 4305 Dei
1256 4250 1544 4320 aediﬁcatio
1567 4253 1698 4306 estis
1713 4252 1761 4323 (1
1775 4251 1894 4306 Cor.

158 4360 165 4367 '
256 4359 342 4408 ιιι,
361 4344 447 4414 9);
472 4342 597 4396 etin
620 4358 687 4396 ea
700 4341 972 4395 cernebat
987 4345 1327 4410 utrumque,
1351 4341 1575 4394 etunde
1594 4341 1895 4411 gauderet,

255 4436 316 4487 et
340 4432 494 4485 unde
524 4434 828 4501 satageret.
866 4429 1167 4484 Gaudebat
1195 4445 1263 4483 ex
1294 4445 1359 4483 eo
1391 4430 1543 4499 quod
1570 4430 1697 4499 jam
1719 4430 1898 4483 aedili-

1998 3271 2157 3326 tibus
2187 3277 2245 3326 et
2274 3272 2702 3342 quantitatibus
2726 3272 3083 3327 ordinata.1n
3106 3274 3277 3343 cujus
3299 3272 3641 3343 disputatio-

1998 3360 2174 3415 nibus
2205 3360 2303 3431 qui
2334 3360 2624 3428 inciderit,
2657 3362 2770 3433 vix,
2804 3365 2861 3417 et
2892 3378 3020 3417 raro
3051 3361 3275 3416 evadet.
3338 3361 3643 3419 Detinetur

1990 3449 2156 3504 .enim
2189 3449 2607 3505 verisimilibus
2637 3452 2854 3517 causis,
2889 3456 2946 3506 et
2975 3450 3394 3506 commentitiis
3442 3451 3639 3518 rebus,

2001 3538 2149 3592 nihil
2180 3543 2302 3592 tam
2330 3555 2530 3593 verum
2545 3540 2863 3611 aestimans,
2893 3556 3068 3611 quam
3086 3540 3442 3611 conspicitur
3470 3545 3526 3595 et
3552 3540 3644 3594 in-

2001 3627 2289 3699 telligitur
2318 3627 2375 3681 in
2395 3628 2722 3684 elementis.
2744 3633 2811 3684 Et
2828 3628 2965 3701 quia
2978 3645 3103 3700 quae
3127 3629 3196 3683 ad
3215 3645 3472 3701 praesens
3484 3632 3643 3695 sunt,

2001 3722 2060 3772 et
2082 3721 2402 3772 cernuntur
2426 3716 2631 3782 oculis,
2665 3717 2866 3772 suavia
2885 3722 2942 3773 et
2962 3717 3330 3772 oblectabilia
3353 3717 3643 3781 videntur,

2003 3805 2338 3876 aliquantos
2362 3806 2775 3877 seducunt,qui
2798 3806 3123 3877 spiritalem
3148 3806 3434 3861 rationem
3451 3805 3645 3876 despi-

2003 3895 2289 3960 ciendam,
2313 3898 2369 3948 et
2386 3894 2689 3948 ridendum
2721 3900 2931 3966 putant
2986 3895 3392 3965 desperatione
3441 3894 3642 3959 futuri,

2002 3999 2235 4038 omnem
2262 3982 2377 4036 vim
2412 3981 2585 4037 astris
2620 3982 2988 4053 assignantes
3020 3982 3238 4037 carnali
3296 3982 3505 4037 rationi
3537 3982 3643 4037 ob-

2005 4071 2181 4139 noxii,
2214 4087 2286 4125 ne
2302 4070 2499 4143 gravia
2531 4071 2818 4125 credenda
2842 4070 2959 4126 sint
2975 4069 3206 4126 sustolli
3224 4070 3463 4141 possein
3479 4069 3642 4125 caelo.

2005 4177 2144 4217 neve
2169 4160 2316 4215 levia
2336 4160 2531 4215 venire
2562 4160 2633 4214 ad
2662 4166 2869 4227 terras,
2903 4165 3003 4215 aut
3033 4158 3251 4230 aliquid
3300 4175 3645 4231 corporeum

2005 4251 2130 4306 sine
2148 4266 2343 4305 rerum
2386 4249 2736 4304 admistione
2752 4250 3037 4320 generari,
3069 4254 3459 4321 repugnantes
3477 4254 3647 4321 poten

2006 4340 2100 4393 tiae
2123 4355 2190 4393 ac
2214 4338 2586 4410 providentiae
2616 4338 3149 4393 Dei.Sciunt‘cnim
3185 4336 3297 4409 legi
3330 4338 3388 4392 in
3436 4324 3666 4393 divinis‘

2009 4427 2303 4483 veteribus
2336 4428 2708 4483 Hebraeorum
2727 4427 3126 4499 voluminibus
3151 4426 3338 4481 multa
3367 4433 3534 4498 gesta
3553 4443 3656 4498 per

255 4519 414 4575 cium
433 4519 683 4585 videbat,
703 4518 1008 4589 satagebat
1023 4534 1089 4571 ex
1105 4533 1170 4572 eo
1193 4518 1347 4588 quod
1371 4534 1557 4588 usque
1573 4518 1643 4572 ad
1668 4516 1900 4573 culmen
1936 4557 1977 4620 D
2012 4517 2269 4589 Moysen,
2306 4533 2433 4588 qua;
2468 4516 2728 4570 humana
2757 4515 2901 4569 ratio
2923 4531 3039 4569 non
3070 4514 3226 4586 capit
3250 4514 3459 4583 ;simili
3484 4514 3657 4569 modo

256 4606 632 4681 perfectionis
652 4606 842 4660 adhuc
865 4606 1272 4661 aedificandum
1294 4623 1421 4661 esse
1435 4607 1740 4662 sentiebat.
1759 4607 1901 4661 Ecce

256 4697 553 4769 quomodo
572 4700 772 4750 sancto
790 4694 1078 4749 desiderio
1091 4696 1258 4765 quasi
1273 4696 1646 4767 vagatur.Hic
1665 4712 1903 4768 corpore

256 4784 692 4854 tenetur;illuc
745 4784 954 4855 spiritu
1008 4784 1259 4838 ducitur.
1322 4786 1392 4838 Et
1414 4786 1639 4855 paterni
1683 4785 1902 4840 amoris

260 4875 539 4931 affectum
573 4873 702 4928 istis
736 4872 1106 4943 praesintibus
1127 4872 1396 4938 exhibet;
1422 4873 1536 4928 illis
1561 4875 1904 4929 absentibus

261 4962 543 5019 ostendit.
576 4966 778 5016 Coram
813 4960 1023 5032 positis
1051 4960 1337 5032 impendit
1368 4978 1582 5032 opera;
1612 4963 1907 5018 ιειιιάἱθῐλιὶ-

258 5055 378 5107 bus
400 5050 672 5122 exprimit
699 5056 861 5105 vota:
898 5050 1208 5104 efficaciter
1228 5066 1481 5120 praesens
1512 5051 1597 5105 eis
1628 5052 1906 5122 cumqui-

261 5143 380 5196 bus
402 5146 547 5205 erat;
567 5156 670 5194 nec
684 5144 861 5194 tatem
881 5138 998 5194 illis
1013 5139 1385 5204 absens,cum
1402 5140 1619 5210 quibus
1632 5156 1747 5194 non
1763 5146 1906 5195 erat.

337 5246 521 5319 (1232)
554 5245 726 5318 Vulg.
754 5262 865 5300 non
894 5245 999 5319 ita,
1055 5244 1154 5299 sed
1183 5261 1195 5299 :
1230 5245 1547 5315 gaudens,et
1583 5246 1768 5319 videns
1823 5262 1910 5300 or-

258 5316 452 5375 dinem
474 5316 737 5381 veslrum,
769 5322 840 5385 et,
873 5317 1582 5388 ﬁrmamentumejus‘quae
1611 5319 1673 5371 in
1700 5316 1913 5373 Christo

261 5400 349 5448 est
380 5390 509 5460 ﬁdei
536 5393 739 5445 vestrae.
776 5389 944 5460 Vulg.
981 5390 1272 5442 consentit
1320 5392 1515 5443 Greca
1569 5388 1738 5444 lectio
1796 5390 1913 5443 divi

263 5462 695 5534 Chrysostomi.
732 5460 895 5514 Hunc
930 5466 1124 5534 autem
1176 5465 1397 5534 textum
1431 5478 1464 5514 a
1495 5461 1627 5515 divo
1679 5462 1917 5516 Ambro-

265 5531 523 5601 sio,'seu
581 5533 800 5588 Hilario
858 5531 1229 5602 transcripsit
1264 5536 1467 5586 auctor
1523 5538 1738 5601 noster,
1799 5549 1917 5588 una

268 5622 414 5666 cum
442 5620 659 5679 magna
685 5602 1063 5678 expositionis
1095 5602 1362 5676 Epistolas
1388 5606 1571 5678 parte.

2011 4611 2067 4661 et
2096 4605 2155 4659 in
2191 4607 2352 4660 novis
2382 4604 2546 4660 libris
2568 4609 2718 4659 facta
2740 4621 2773 4658 a
2802 4604 3066 4673 Domino,
3100 4608 3200 4657 aut
3222 4620 3323 4674 per
3344 4602 3657 4674 apostolos,

2013 4712 2139 4766 quae
2170 4699 2453 4750 tractatus
2485 4693 2735 4748 carnalis
2758 4692 3212 4764 prohibetcredi.
3251 4692 3658 4763 Dicunt(1233)

2012 4800 2081 4839 ex
2105 4783 2287 4838 nihilo
2319 4782 2441 4837 ﬁeri
2470 4781 2612 4835 nihil
2642 4799 2836 4853 posse;
2872 4786 2929 4836 et
2960 4780 3217 4836 animam
3261 4787 3363 4836 ant
3420 4782 3655 4835 initium

2014 4888 2129 4927 non
2161 4873 2391 4937 habere,
2416 4875 2517 4925 aut
2546 4887 2673 4925 esse
2705 4870 3007 4927 mortalem
3032 4888 3045 4938 ;
3080 4875 3137 4925 et
3155 4870 3438 4942 virginem
3459 4884 3659 4942 parere

1962 4960 1969 4965 ⁷
2016 4978 2132 5015 non
2165 4977 2357 5031 posse,
2381 4966 2480 5014 ant
2510 4959 2558 5013 si
2601 4961 2843 5031 peperit,
2875 4965 2941 5015 ut
2971 4960 3155 5029 aiunt,
3187 4960 3352 5032 virgo
3377 4976 3488 5014 non
3522 4961 3610 5011 est
3641 4972 3655 5022 ;

2017 5054 2404 5120 Deumqueex
2426 5048 2662 5104 homine
2696 5049 2878 5118 nasci,
2906 5050 3075 5116 mori,
3130 5052 3308 5120 atque
3358 5059 3658 5115 resurgere

2020 5140 2269 5199 stultum
2293 5155 2420 5193 esse
2451 5139 2681 5193 credere
2694 5143 3028 5193 autumant.
3056 5142 3216 5192 Hanc
3239 5152 3373 5207 ergo
3395 5133 3660 5188 traditio-

2094 5246 2277 5317 (l233)
2312 5245 2371 5298 In
2404 5246 2530 5299 cod.
2582 5244 2793 5321 legitur
2822 5246 3061 5321 dicentes
3093 5265 3111 5303 :
3141 5242 3297 5321 quod
3330 5256 3462 5294 cum
3489 5238 3662 5321 Orela-

2021 5315 2177 5371 tione
2213 5322 2453 5383 careret,
2487 5322 2543 5371 et
2575 5315 2801 5387 ordine,
2836 5315 3262 5387 emendandum
3303 5315 3664 5387 censuimus.

2023 5389 2296 5452 Quamvis
2341 5388 2484 5442 illud
2535 5384 2943 5442 dicentes'cum
3005 5385 3227 5454 aliquot
3285 5384 3667 5453 sequentibus

2022 5461 2289 5515 versibus
2339 5461 2408 5514 de
2438 5462 2610 5514 verbo
2644 5461 2713 5513 ad
2746 5460 2985 5527 verbum
3034 5455 3304 5527 legantur
3337 5456 3395 5509 in
3456 5455 3668 5527 saepius

2026 5531 2373 5603 cit,Pelagii
2406 5536 2723 5603 comment.
2752 5547 2766 5598 ;
2803 5529 2900 5584 ubi
2923 5526 3163 5583 dicentes
3182 5527 3357 5584 refert
3376 5527 3448 5583 ad
3480 5526 3669 5603 philo-

2026 5601 2240 5676 sophas
2271 5601 2400 5675 ejus
2428 5601 2731 5678 temporis.
3254 5626 3257 5627 ν
