4014 6172
475 334 589 391 623

1486 321 1816 381 ATTONIS
1868 315 2447 377 VERCELLENSIS
2499 262 2840 372 EPISCDPI

3662 326 3750 384 624

474 479 604 518 nem
637 460 720 522 vel
739 456 1465 532 philosophiamfallacem
1488 459 1544 511 et
1566 454 1798 508 inanem
1831 450 2102 522 appellat,
2133 453 2187 515 Α
2288 454 2662 522 Abundantia
2689 451 3031 520 divinitatis,
3062 467 3238 524 quam
3270 451 3527 512 elementa
3563 475 3655 516 nou
3679 463 3753 521 ha-

473 551 611 621 quia
641 566 754 604 non
788 566 821 603 a
854 549 1114 619 potentia
1134 547 1232 603 Dei
1271 547 1537 601 ordinata
1567 550 1673 609 est,
1709 542 1807 597 sed
1838 542 1909 595 ab
1931 540 2113 593 imbe-

470 637 705 693 cillitate
734 638 1193 692 ratiocinationis
1222 637 1512 699 humane,
1535 649 1659 703 quae
1681 629 2001 702 potentiam
2017 627 2114 683 Dei

470 727 625 782 intra
646 726 948 783 scientiam
987 742 1155 781 suam
1205 726 1482 787 coarctat,
1514 738 1586 776 ne
1630 719 1799 775 aliter
1845 717 2114 773 credatur

473 816 681 882 facere,
703 831 878 887 quam
910 814 1159 871 carnalis
1187 831 1248 869 se
1278 812 1535 868 continet
1549 810 1851 879 ratio,qua
1865 804 2113 877 singulis

474 903 775 961 elementis
789 903 1112 958 divinitatis
1126 901 1518 957 diversitatem
1536 899 1819 970 deputant
1837 896 1907 950 ad
1922 894 2112 950 cultu-

475 1009 622 1060 ram,
637 996 702 1047 ut
721 988 1660 1063 obligentanimosimperitorum,
1684 986 1910 1054 neLsead
1932 986 2111 1039 Deum

474 1098 675 1137 verum
693 1082 1024 1137 extendant.
1044 1079 1432 1144 Quamobrem
1454 1077 1768 1133 cavendam
1785 1078 1981 1129 monet
1994 1078 2111 1128 tra-

475 1171 755 1225 ditionem
778 1169 1121 1241 istam,quia
1148 1166 1353 1223 mundi
1374 1166 1583 1222 cultrix
1604 1170 1713 1228 est,
1744 1181 1857 1219 non
1873 1162 1994 1231 Dei,
2011 1162 2109 1233 qui

472 1276 629 1315 unus
667 1262 889 1325 est,nec
911 1258 983 1313 ad
1006 1257 1330 1326 Christum,
1354 1256 1452 1311 sed
1480 1272 1513 1310 a
1540 1252 1768 1308 Christo
1801 1250 2108 1307 abstrahit.

542 1350 684 1417 Quia
713 1350 775 1402 in
810 1350 926 1419 ipso
954 1348 1168 1402 habitat
1220 1347 1399 1401 omnis
1448 1342 1730 1415 plenitudo
1786 1341 2100 1395 Dioinitatis

466 1439 845 1510 corporaliter.
866 1437 1064 1507 Neque
1090 1436 1247 1491 enim
1280 1434 1555 1489 divinitas
1571 1448 1847 1503 corporea
1867 1434 1981 1497 est;
2008 1430 2107 1484 sed

467 1528 609 1600 quia
638 1530 1007 1581 sacramenta
1040 1525 1265 1580 Veteris
1298 1522 1657 1578 Testamenti
1689 1520 1943 1592 appellat
1977 1536 2106 1574 um-

466 1618 632 1673 bram
663 1616 990 1669 futurorum
1018 1632 1030 1680 ;
1059 1618 1291 1685 propter
1327 1612 1672 1667 umbrarum
1722 1608 2106 1680 comparatio-

467 1702 1009 1775 nem,corporaliter
1020 1703 1164 1757 dixit
1183 1702 1450 1756 habitare
1475 1700 1533 1754 in
1554 1699 1782 1754 Christo
1801 1697 2107 1769 plenitudi-

466 1791 1027 1858 nemdivinitatis,eo
1067 1791 1221 1861 quod
1246 1790 1305 1845 in
1339 1788 1438 1845 illo
1486 1778 1844 1861 impleantur
1886 1787 2104 1852 omnia,
2136 1823 2183 1887 Β

354 1882 359 1892 ’
468 1898 595 1953 qua:
625 1879 743 1936 illis
763 1880 989 1934 umbris
1012 1880 1262 1951 ﬁgurata
1283 1882 1443 1933 sunt.
1463 1879 1543 1932 Ac
1562 1877 1646 1932 sic
1673 1876 2105 1947 quodammodo

466 1970 810 2025 umbrarum
827 1967 1060 2023 illarum
1075 1968 1199 2040 ipse
1216 1968 1291 2023 sit
1311 1983 1521 2038 corpus
1540 1966 1670 2021 :hoc
1685 1969 1773 2020 est
1785 1966 2105 2036 figurarum

464 2064 521 2117 et
550 2057 1041 2132 signiﬁcationum
1062 2056 1299 2133 illarum
1322 2058 1446 2126 ipse
1459 2055 1780 2111 sitveritas.
1802 2055 1911 2109 Sed
1932 2054 2105 2108 verbo

463 2148 744 2204 translato
773 2146 1086 2219 Apostolus
1118 2163 1263 2202 usus
1314 2149 1421 2215 est,
1455 2146 1741 2217 tanquam
1771 2143 1831 2198 in
1887 2143 2105 2215 templo

465 2254 640 2293 manu
651 2236 819 2306 facto,
840 2252 956 2290 non
973 2234 1369 2307 corporaliter,
1396 2234 1498 2289 sed
1520 2232 1863 2288 umbraliter
1878 2232 2105 2288 habita-

461 2324 630 2392 verit,
659 2324 717 2379 id
749 2328 856 2391 est,
886 2323 1402 2395 praeﬁgurantibus
1433 2322 1637 2393 signis.
1660 2322 1786 2377 Nan
1815 2320 1949 2376 illas
1980 2338 2104 2377 om-

463 2430 570 2471 nes
592 2412 1046 2479 observationes,
1071 2412 1308 2467 umbras
1340 2412 1670 2466 futurorum
1703 2416 1869 2466 vocat
1925 2410 2104 2465 etiam

462 2504 591 2576 ipso
618 2501 901 2559 translato
921 2499 1203 2556 vocabulo
1224 2500 1446 2569 (Coloss.
1466 2500 1925 2571 u,17):summus
1946 2499 2102 2554 enim

463 2593 639 2649 Deus.
664 2592 819 2648 sicut
839 2591 1122 2662 scriptum
1145 2596 1254 2654 est,
1272 2606 1387 2644 non
1412 2590 1470 2642 in
1495 2589 1845 2643 manufactis
1867 2587 2103 2659 templis

465 2681 691 2736 habitat
714 2680 852 2750 (Act.
885 2695 1025 2745 xvn,
1056 2678 1157 2748 24;
1188 2679 1317 2732 Isai.
1343 2677 1587 2748 nxv1,1).
1620 2678 1735 2731 Aut
1777 2681 1930 2731 certe
1984 2693 2103 2732 cor-

459 2769 728 2842 poraliter
747 2768 969 2822 dictum
1018 2769 1125 2833 est,
1177 2766 1315 2837 quia
1370 2769 1426 2820 et
1470 2765 1530 2819 in
1588 2764 1803 2820 Christi
1860 2781 2102 2837 corpore,

465 2859 621 2931 quod
647 2855 969 2928 assumpsit
996 2871 1063 2910 ex
1092 2854 1333 2927 virgine,
1360 2859 1645 2925 tanquam
1674 2853 1735 2908 in
1765 2854 1983 2926 templo
2004 2856 2105 2912 ha-

463 2949 613 3004 bitat
642 2947 817 3012 Deus,
839 2944 986 2999 Hinc
1011 2947 1099 3000 est
1118 2942 1275 2999 enim
1305 2943 1460 3014 quod
1489 2943 1708 2998 Judaeis
1735 2943 1972 3015 signum
2007 2962 2102 3016 pe-

372 3056 373 3059 ‘
462 3037 722 3094 tantibus
753 3051 887 3090 cum
937 3032 1216 3088 dixisset:
1242 3032 1443 3088 Solvite
1471 3033 1732 3103 templum
1754 3032 1871 3101 hoc,
1906 3037 1956 3088 et
1981 3043 2103 3105 post

2224 544 2379 599 bent.
2413 543 2672 613 Denique
2696 544 2753 596 in
2776 542 3143 597 credentibus
3174 541 3411 613 Spiritus
3459 553 3660 606 sanctus
3694 552 3758 608 iu-

2222 632 2469 697 habitat,
2502 632 2654 703 quod
2690 631 2992 687 elementis
3018 631 3254 686 concedi
3300 647 3404 687 non
3448 641 3636 705 potest;
3660 643 3761 711 quia

2222 721 2529 792 indignum
2559 726 2754 777 eratet
2784 721 3268 792 incongruum,ut
3287 718 3563 779 invisibilis
3588 726 3761 786 habita-

2222 816 2309 865 ret
2337 810 2395 865 in
2427 810 2759 893 substantia
2781 808 3020 880 visibili,
3043 812 3102 864 et
3121 807 3479 881 incorporeus
3502 812 3553 868 iu
3578 814 3763 890 his,que

2221 899 2525 954 sensibilis
2553 903 2711 954 sunt.
2744 899 2998 953 Audiant
3048 913 3204 970 ergo,
3228 903 3285 953 et
3333 900 3545 956 veniant
3576 905 3764 964 cultores

2220 1004 2447 1055 eorum,
2481 993 2540 1043 et
2569 988 2810 1042 credant
2864 987 2922 1041 in
2980 986 3232 1058 Christo,
3289 992 3350 1043 ut
3405 988 3536 1045 ﬁant
3578 994 3767 1065 majores

2222 1092 2447 1148 eorum,
2482 1093 2628 1149 quos
2661 1093 2816 1131 nunc
2840 1075 3059 1131 colunt.

2294 1166 2438 1221 Hinc
2462 1166 2589 1237 jam
2621 1166 2855 1222 Judaaos
2885 1170 2941 1221 et
2957 1166 3468 1237 pseudoapostolos
3484 1169 3701 1242 sugillat,
3723 1190 3771 1230 ne

2219 1254 2293 1309 ab
2322 1254 2468 1325 ipsis
2498 1254 2876 1320 seducantur,
2907 1258 2965 1310 et
2990 1254 3132 1310 dicit
3162 1271 3175 1311 ε
3209 1256 3271 1309 In
3308 1272 3408 1327 quo
3437 1259 3486 1312 et
3534 1260 3772 1319 circumcisi

2215 1345 2343 1398 estis
2372 1345 2782 1399 circumsicione
2800 1359 2912 1398 non
2937 1360 3110 1397 manu
3131 1343 3283 1416 facta
3304 1345 3442 1401 Hinc
3458 1347 3571 1417 jam
3601 1364 3661 1404 ne
3678 1366 3769 1405 um-

2219 1432 2341 1487 bris
2377 1432 2639 1487 Judaicis
2664 1433 3043 1500 seducantur,
3072 1433 3340 1505 adjungit
3371 1451 3386 1489 :
3413 1436 3476 1489 In
3515 1453 3610 1507 quo
3650 1441 3765 1494 diam

2216 1523 2529 1576 circumcisi
2557 1523 2686 1577 estis
2713 1523 3127 1577 circumcisione
3152 1538 3265 1578 non
3293 1526 3681 1596 manufacta,id
3702 1533 3776 1594 est,

2217 1624 2321 1679 per
2343 1625 2521 1680 quam
2546 1614 2734 1665 totum
2766 1614 3015 1666 veterem
3046 1609 3348 1666 hominem
3378 1612 3775 1685 exspoliastis.lli

2216 1696 2711 1754 circumcidentur
2738 1699 2798 1754 in
2828 1698 3175 1770 christo,qui
3205 1705 3509 1772 amputata
3524 1703 3677 1758 totius
3699 1708 3776 1760 tra-

2214 1786 2455 1843 ditionis
2483 1787 2753 1843 humanse
2782 1788 3035 1856 cultura,
3064 1788 3641 1862 Christojunguntur,
3663 1793 3775 1849 cordo

2218 1892 2334 1930 non
2370 1892 2543 1932 carne
2573 1876 2995 1946 circumcisi,id
3024 1878 3199 1946 est,in
3228 1879 3650 1951 spiritu,noniu
3663 1897 3771 1937 carne

2216 1965 2554 2032 servientes,
2586 1970 2706 2021 uta
2734 1966 2981 2023 terrenis
3021 1967 3096 2022 ad
3146 1966 3425 2035 ccelestia,
3458 1969 3528 2023 ab
3577 1969 3768 2024 humanis

2217 2054 2289 2109 ad
2325 2054 2540 2125 divina,
2576 2059 2632 2110 et
2660 2056 2733 2110 ab
2763 2070 2956 2111 errore
2986 2061 3406 2112 convertantur
3433 2059 3502 2113 ad
3548 2058 3770 2113 veritatem

2288 2144 2351 2197 In
2380 2144 2770 2215 exspoliatione
2797 2146 3039 2217 corporis
3064 2147 3300 2202 carnis..
3329 2146 3455 2202 Non
3484 2147 3621 2203 duas
3645 2146 3782 2218 utique

2216 2247 2308 2287 res
2338 2231 2580 2305 intelligi
2609 2231 2812 2300 voluit,
2834 2234 3003 2305 quasi
3028 2234 3187 2290 aliud
3220 2235 3301 2290 sit
3319 2251 3475 2303 caro,
3507 2235 3651 2291 aliud
3695 2250 3780 2290 cor-

2214 2337 2326 2392 pus
2362 2323 2590 2389 carnis;
2623 2323 2725 2377 sed
2758 2325 2898 2395 quia
2925 2339 3137 2394 corpus
3169 2323 3497 2380 multarum
3529 2340 3699 2381 rerum
3721 2339 3791 2378 uo-

2214 2425 2349 2465 men
2370 2416 2479 2478 est,
2512 2428 2763 2483 quarum
2796 2429 2917 2468 una
2944 2429 3076 2468 caro
3104 2417 3215 2469 est.
3277 2413 3427 2469 Nam
3460 2412 3633 2469 multa
3681 2416 3793 2479 sunt,

2213 2504 2453 2570 excepta
2474 2517 2668 2568 carne,
2696 2517 2941 2574 corpora
2970 2501 3224 2558 caelestia
3257 2507 3317 2558 et
3356 2519 3595 2575 corpora
3640 2506 3800 2558 terres-

2213 2589 2347 2642 tria.
2383 2587 2625 2660 Corpus,
2657 2591 2850 2646 carnis
2870 2590 3036 2658 dixit,
3094 2608 3160 2646 eo
3196 2592 3363 2663 quod
3394 2595 3503 2649 hoc
3556 2591 3667 2647 loco
3712 2606 3797 2646 cor-

2214 2691 2347 2746 pus,
2379 2693 2613 2733 carnem
2630 2679 2883 2749 inteltigi
2910 2679 3111 2735 voluit.
3139 2679 3312 2738 Unde
3347 2685 3410 2738 et
3437 2682 3716 2753 sequitur:

2286 2763 2598 2836 Consepulti
2623 2770 2686 2821 in
2707 2768 2995 2838 baptismo,
3025 2786 3087 2823 ιη
3114 2785 3224 2840 quo
3254 2775 3313 2826 et
3362 2770 3719 2827 resurreeistis
3736 2776 3804 2839 per

2210 2852 2374 2922 ﬁdem
2391 2856 2722 2924 operationis
2748 2856 2863 2925 Dei,
2894 2858 2992 2927 qui
3018 2859 3313 2914 suscitavit
3342 2860 3508 2929 illum
3535 2876 3568 2915 α
3607 2858 3804 2914 mortuis.

2214 2940 2676 2999 Resurrexerunt
2703 2948 2899 3000 autem
2921 2962 3022 3017 per
3050 2946 3232 3002 ﬁdem
3265 2948 3374 3003 Dei
3401 2965 3414 3003 :
3449 2949 3521 3004 de
3570 2963 3673 3020 quo
3722 2960 3808 3001 cra

2211 3029 2541 3103 dunt,quod
2562 3032 2825 3106 exemplo
2844 3034 3056 3091 Christi
3077 3036 3440 3093 resucitabit
3466 3036 3598 3094 illos
3623 3052 3686 3094 ex
3700 3049 3813 3090 mor-

458 3123 1017 3183 triduum-suscitabo
1074 3121 1213 3177 illud
1262 3121 1447 3192 (Joan.
1488 3139 1549 3187 Il,
1584 3121 1693 3191 19),
1745 3122 2103 3195 evangelista
2140 3191 2170 3198 _
2210 3119 2348 3174 tuis.
2372 3119 2495 3176 lllic
2524 3120 2680 3178 enim
2710 3123 2886 3179 homo
2942 3130 3110 3180 vetus
3169 3126 3520 3198 deponitur,
3580 3131 3634 3182 et
3675 3139 3813 3180 novus

460 3216 603 3289 quid
632 3215 742 3271 hoc
771 3217 925 3269 esset
955 3191 1377 3282 consequenter
1397 3227 1711 3282 exponens,
1737 3212 1854 3268 ait:
1881 3191 2096 3269 llleau-
2130 3191 2173 3258 θ
2211 3209 2536 3264 assumitur
2563 3235 2578 3278 ;
2610 3212 2862 3283 Peccatis
2892 3213 3143 3269 moritur
3161 3191 3388 3288 (12333).
3421 3191 3666 3273 ιη’νίναί
3686 3210 3816 3285 δυεῖί“

458 3312 575 3362 tem
606 3304 836 3360 dicebat
855 3300 927 3357 de
956 3300 1173 3372 templo
1199 3300 1459 3372 corporis
1477 3300 1567 3356 sui
1590 3300 1793 3373 (1234).
1827 3302 1946 3357 Hoc
1967 3318 2101 3376 ergo

458 3398 739 3451 interesse
768 3390 1127 3446 arbitramur
1147 3387 1297 3443 inter
1308 3394 1485 3459 caput
1513 3392 1570 3442 et
1589 3392 1795 3444 cetera
1818 3392 2101 3465 membra,

460 3482 616 3555 quod
637 3482 698 3536 in
731 3478 992 3551 quolibet
1019 3475 1286 3547 quamvis
1315 3475 1604 3547 praecipuo
1627 3478 1911 3547 membro,
1943 3481 2104 3536 velut

461 3572 522 3627 in
545 3570 742 3641 aliquo
765 3582 979 3637 magno
1009 3563 1315 3636 pr0pheta,
1339 3567 1441 3618 aut
1470 3565 1751 3635 apostolo,
1786 3575 2104 3637 quantum-

463 3661 553 3716 vis
586 3655 908 3715 divinitatis
953 3653 1320 3721 habitet,non
1350 3658 1547 3707 tamen
1580 3653 1734 3709 sicut
1780 3656 1840 3709 in
1892 3659 2101 3729 capite,

465 3750 622 3822 quod
654 3751 742 3803 est
773 3744 1065 3809 Christus,
1137 3742 1329 3797 omnis
1385 3740 1686 3813 plenitudo
1744 3744 2098 3817 divinitatis;

465 3839 604 3911 quia
632 3840 691 3893 et
736 3836 809 3892 in.
847 3838 1046 3888 nostro
1096 3848 1335 3903 corpore
1393 3832 1548 3886 inest
1591 3848 1800 3888 sensus
1850 3834 2101 3907 singulis

460 3925 767 3996 membris,
798 3923 900 3979 sed
934 3938 1048 3977 non
1070 3925 1271 3976 tantus
1302 3924 1559 3991 quantus
1592 3921 1650 3975 in
1675 3922 1882 3993 capite.

526 4019 600 4071 Et
628 4015 728 4084 esti
759 4015 817 4068 in
849 4013 946 4067 illo
976 4010 1200 4082 repleti,
1233 4012 1329 4082 qui
1358 4018 1433 4065 est
1483 4018 1644 4081 caput
1674 4014 1855 4066 omnis
1883 4015 2100 4084 princi-

444 4110 613 4179 pal'us
643 4110 695 4160 et
720 4102 1028 4174 potestatis.
1061 4099 1248 4170 Caput
1276 4104 1471 4153 autem
1505 4100 1769 4154 omnium
1800 4100 2096 4158 Christum

450 4193 804 4268 principium
838 4190 1104 4245 omnium
1128 4187 1311 4243 voluit
1332 4187 1601 4260 intelligi,
1636 4188 1789 4243 sicut
1820 4189 1945 4261 ipse
1993 4191 2092 4259 ait,

449 4300 585 4340 cum
616 4283 667 4339 ei
716 4282 937 4336 dictum
998 4282 1150 4333 esset
1183 4292 1195 4330 :
1249 4278 1321 4331 Tu
1363 4278 1484 4347 quis
1512 4294 1569 4332 es
1593 4279 1818 4348 9(Joan.
1850 4296 1950 4333 vm
1979 4281 2094 4353 25.)

430 4364 771 4445 'Respondit
798 4368 955 4425 enim
989 4383 1002 4420 :
1038 4367 1408 4436 Principium,
1437 4366 1575 4437 quod
1624 4369 1675 4422 et
1705 4368 1893 4438 loquor
1920 4369 2089 4425 vobis.

450 4463 644 4518 Omnia
674 4461 825 4519 enim
845 4473 947 4529 per
994 4458 1175 4525 ipsum
1202 4456 1351 4525 facta
1372 4459 1538 4523 sunt;
1572 4462 1623 4511 et
1678 4458 1799 4511 sine
1851 4459 1966 4529 ipso
2010 4461 2092 4529 fa-

2212 3297 2333 3367 cias,
2365 3302 2431 3353 ut
2456 3298 2682 3357 Christo
2713 3301 2989 3370 societur,
3029 3305 3471 3362 resureetionis
3532 3306 3721 3361 futura:
3762 3305 3821 3356 ιε-
3918 3340 3919 3343 η

2213 3403 2357 3443 nens
2387 3389 2602 3461 pignus
2630 3390 2893 3463 exemplo
2923 3391 3273 3462 Savaltoris,
3306 3395 3417 3466 qui
3472 3391 3760 3451 resurrexit
3777 3404 3825 3445 ex

2213 3478 2481 3533 mortuis.
2515 3480 3181 3554 Resurrexistis,inquit,
3216 3483 3284 3539 in
3299 3501 3521 3542 novam
3549 3485 3828 3550 vitam,crc-

2214 3565 2417 3621 dentes
2468 3572 2543 3650 et,
2579 3568 2975 3642 intelligentes
3030 3570 3200 3629 illius
3264 3589 3405 3631 esse
3462 3572 3828 3647 operationem.

2212 3653 2355 3710 Vide
2384 3658 2880 3727 quemadmodum
2909 3664 2968 3716 et
3009 3660 3104 3717 hic
3132 3678 3371 3735 corpus
3402 3664 3619 3722 Christi
3646 3663 3724 3719 eis
3769 3676 3835 3715 os-

2210 3744 2419 3811 tendit,
2452 3746 2645 3801 utista
2663 3754 3061 3817 contemnant,
3095 3751 3486 3810 cohaerentes
3515 3758 3673 3810 tanto
3697 3747 3833 3821 capiti

2212 3849 2338 3899 suo,
2372 3835 2673 3892 mediatori
2711 3837 2804 3892 Dei
2834 3842 2891 3893 et
2917 3836 3263 3909 hominum,
3324 3843 3573 3900 Christo
3618 3844 3759 3905 Jesu,
3801 3842 3840 3892 et

2209 3922 2439 3978 nullum
2471 3924 2705 3993 falsum,
2736 3926 2824 3981 vel
2855 3925 3181 3995 invalidum
3237 3932 3546 3996 medium,
3581 3948 3677 4005 per
3717 3925 3834 4001 quod

2178 4054 2181 4059 .
2206 4009 2323 4066 Deo
2350 4012 2697 4081 cohaereant,
2726 4015 3109 4085 requirentes.
3135 4017 3287 4075 Haec
3318 4021 3519 4093 igitur
3537 4020 3841 4080 commonet,

2205 4103 2271 4153 ut
2302 4106 2627 4171 perseveret
2654 4102 2714 4159 in
2744 4104 3265 4163 abrenuntiatione
3298 4116 3631 4183 pompae,et
3655 4102 3835 4180 prasti-

2205 4187 2315 4259 giis
2333 4189 2515 4259 (1236)
2538 4192 2766 4248 Satanae
2790 4210 2803 4247 :
2832 4192 2933 4265 qui
2956 4194 3176 4252 idcirco
3193 4190 3652 4257 elementorum
3669 4192 3831 4253 suadet

2203 4276 2515 4351 culturam,
2549 4283 2677 4335 uta
2720 4287 2836 4337 Deo
2882 4288 3100 4351 avocet,
3164 4287 3521 4360 participes
3579 4279 3832 4360 apostasia

2201 4381 2319 4420 suae
2341 4367 2540 4424 valens
2560 4369 2789 4426 efﬁcere
2805 4370 3094 4428 homines.
3122 4375 3293 4439 Quia
3313 4378 3493 4434 enim
3516 4378 3628 4434 sub
3659 4371 3850 4433 nomine

2200 4470 2306 4510 suo
2336 4456 2630 4513 culturam
2664 4459 2909 4516 suadere
2932 4477 3046 4517 non
3095 4468 3318 4533 potest
3382 4466 3687 4538 (horretur
3724 4459 3848 4517 enim

444 4556 592 4609 ctum
622 4555 702 4605 est
722 4548 867 4603 nihil
887 4547 1063 4613 (Joan.
1095 4562 1133 4610 1,
1166 4545 1245 4615 3).
1304 4544 1652 4599 Mirabiliter
1711 4551 1906 4601 autem
1962 4547 2091 4604 vult
2118 4566 2164 4630 D
2196 4543 2385 4615 ipsius
2416 4547 2671 4619 nomine)
2703 4549 2813 4603 sub
2844 4548 3083 4605 alterius
3141 4544 3421 4611 nomine
3483 4572 3658 4613 suam
3681 4550 3849 4609 volun-

445 4656 573 4697 esse
603 4641 812 4695 horum
843 4636 1000 4691 velut
1030 4633 1390 4688 mirabilium
1451 4638 1903 4705 contemptores,
1952 4652 2087 4693 cum

446 4746 544 4786 eos
566 4727 820 4784 ostendit
850 4741 1062 4795 corpus
1097 4724 1279 4777 factos
1312 4722 1472 4776 illius
1504 4723 1737 4794 capitis,
1786 4725 2029 4779 dicendo
2063 4744 2076 4782 :

442 4821 508 4874 Et
537 4819 663 4874 estis
687 4819 748 4871 in
778 4816 874 4870 illo
905 4813 1122 4883 repleti,
1154 4813 1250 4882 qui
1279 4823 1354 4867 est
1383 4820 1545 4883 caput
1572 4814 1749 4868 omnis
1798 4815 2079 4885 principa-

439 4912 529 4963 tus
557 4912 613 4962 et
630 4905 933 4979 potestatis.
970 4902 1035 4955 Et
1054 4907 1144 4956 est
1175 4917 1406 4967 sensus,
1438 4902 1526 4956 vel
1558 4903 1698 4957 ordo
1729 4902 2039 4958 verborum
2066 4921 2079 4959 :

437 4999 495 5055 Si
528 4996 689 5053 lllius
720 4992 963 5050 scientia
980 4989 1315 5057 erudimini,
1344 4990 1443 5062 qui
1466 4990 1626 5045 dedit
1650 4990 1883 5046 initium
1907 4993 2082 5049 etiam

432 5085 716 5143 invisibili
748 5087 1047 5149 creaturae,
1080 5079 1220 5152 quid
1252 5080 1417 5134 vobis
1448 5080 1747 5135 conferent
1775 5081 1875 5152 qui
1934 5080 2080 5136 nihil

433 5175 687 5249 amplius
708 5169 1069 5241 intelligunt,
1094 5184 1271 5239 quam
1295 5167 1449 5238 quod
1472 5167 1715 5223 vident?
1736 5169 1874 5225 Plus
1894 5170 2081 5241 signi-

2197 4636 2393 4693 tatcm-
2412 4642 2652 4691 conatur
2681 4636 2942 4709 implere.

2260 4730 2322 4782 Et
2350 4742 2460 4795 vos,
2493 4741 2617 4779 cum
2645 4728 2831 4782 essetis
2857 4728 3068 4783 mortui
3095 4731 3161 4784 in
3225 4731 3494 4803 delictis,
3529 4739 3585 4792 et
3612 4728 3853 4809 pwqu

2190 4817 2375 4869 carnis
2397 4819 2591 4870 vestrae
2619 4815 3022 4883 conviviﬁcavit
3044 4832 3177 4872 cum
3214 4821 3354 4878 illo.
3424 4824 3696 4880 Mortuos
3748 4817 3861 4875 dicit

2191 4904 2435 4975 gentiles
2466 4902 2684 4959 fuisse:
2710 4903 2967 4975 primum
3000 4906 3289 4977 quidem,
3318 4912 3478 4984 quia
3508 4911 3701 4987 legem
3728 4909 3860 4979 Mog-
3932 4902 3933 4979 ξ

2191 4993 2261 5059 si,
2285 5009 2415 5065 quae
2435 4993 2505 5049 ad
2524 4992 2927 5049 testimonium
2951 4994 3088 5050 data
3116 5001 3225 5053 est
3259 4986 3602 5072 Creatoris,
3634 5006 3691 5058 et
3718 5000 3781 5056 ad
3801 4996 3865 5050 vi-

2189 5084 2269 5138 tia
2298 5083 2759 5155 condemnanda,
2782 5082 3036 5155 recipere
3058 5086 3674 5161 noluerunt;deinde
3694 5102 3868 5163 pecca-

2189 5177 2382 5227 torum
2410 5188 2652 5228 suorum
2695 5172 3131 5245 causa,indigni
3201 5185 3398 5235 erant
3420 5182 3590 5249 vita;
3652 5180 3869 5247 ideoque

2190 5262 2463 5317 discrevit
2493 5261 2599 5317 hos
2630 5279 2665 5315 a
2693 5262 2928 5329 Iudaeis,
2998 5264 3176 5333 quasi
3213 5270 3334 5337 qui
3387 5270 3624 5327 fuerint
3676 5261 3873 5325 inimici

2189 5352 2287 5406 Dei
2319 5352 2515 5407 unius.
2558 5350 2749 5405 Judaei
2795 5366 2926 5406 vero
2973 5350 3032 5405 in
3086 5354 3297 5413 unius
3350 5358 3469 5415 Dei
3532 5357 3875 5417 confessione

431 5265 564 5320 ﬁcat
582 5259 957 5319 credentibus
978 5257 1309 5327 dari,quam
1339 5260 1532 5326 potest
1560 5259 1620 5311 in
1650 5256 1957 5313 elementis
1989 5258 2083 5313 de-

430 5352 755 5425 prehendi:
816 5347 955 5420 quia
1011 5346 1111 5417 qui
1169 5345 1229 5399 in
1274 5343 1503 5399 Christo
1536 5349 1643 5411 est,
1691 5346 1947 5418 repletus
1995 5351 2083 5404 est

504 5477 687 5547 (1234)
719 5476 936 5547 Textus
969 5471 1197 5547 hic,per
1219 5471 1607 5547 amanuensis
1637 5470 2079 5547 _l_’ortasse_obli-

428 5541 681 5618 vionem,
715 5548 795 5602 ita
823 5546 879 5600 in
914 5543 1041 5618 cod.
1074 5541 1456 5618 desideratur,
1514 5546 1580 5601 ut
1634 5541 1803 5602 illum
1860 5545 2077 5604 adden-

426 5623 567 5683 dum
599 5612 731 5679 vine
764 5613 1038 5695 scrupulo
1067 5614 1192 5673 ausi
1246 5612 1454 5672 simus.

2188 5475 2455 5604 ΙϐἑὲΞῗΞ)
2474 5475 2684 5547 Verba,
2710 5478 2769 5531 et
2798 5491 3050 5545 novus,..
3081 5479 3400 5556 moritur,
3436 5482 3507 5544 in
3558 5485 3682 5544 imo
3712 5494 3873 5555 ωηε,
3932 5490 3933 5505 ι

2284 5618 2440 5693 4236)
2466 5620 2734 5677 Fortasse
2766 5619 2975 5678 melius
3000 5625 3501 5696 priestigiorum.’
