4014 6172
200 290 293 353 629
658 295 1080 359 exrosmo
1130 298 1208 358 1N
1258 278 1687 361 EPISTOLAS
1731 295 2105 356 PAULL—
2136 296 2215 355 1N
2262 299 2511 361 EPIST.
2562 280 3027 368 An‘coLoss.
3445 318 3566 378 630

200 424 480 495 dataaDeo,
512 443 613 497 per
640 444 821 498 quam
876 429 1090 485 vivitur
1146 430 1267 487 Deo
1304 450 1405 503 per
1434 448 1627 503 spem,
1662 446 1794 499 qua'
1828 428 1877 491 Α
1911 428 2097 495 hujus
2130 430 2438 497 elementa,
2476 440 2865 509 naturamque
2896 458 3089 498 rerum
3118 446 3262 501 ratio
3294 452 3559 519 quasdam

198 520 268 570 est
294 515 335 569 in
358 515 580 572 Christo.
606 517 855 573 Moritur
875 526 1068 574 autem
1101 520 1217 588 his,
1244 524 1460 593 quibus
1486 520 1797 588 subjectus
1912 520 2216 589 sapientise
2252 524 2409 577 reddi
2445 526 2727 581 videatur.
2762 530 2923 587 Unde
2954 533 3128 589 etiam
3160 515 3335 591 dicit-z
3372 539 3563 598 Cavete

197 603 346 658 fuerat
369 620 450 675 per
478 621 751 671 errorem,
807 610 947 662 dum
1011 615 1185 680 negat
1228 609 1381 674 illos,
1419 625 1575 679 quos
1608 605 1798 695 (1248)
1910 625 1981 663 ne
2012 613 2135 679 quis
2167 628 2257 667 vos
2300 614 2541 683 decipiat
2565 634 2665 688 per
2709 618 3111 691 philosophiam
3141 626 3348 695 (supra,
3381 629 3471 693 8):
3507 634 3564 684 et

194 699 574 788 p-rzesumpserat
602 711 781 788 esse.
808 697 875 751 Et
906 697 993 788 ita
1028 698 1125 788 (ﬁt,
1176 702 1240 751 ut
1260 715 1377 788 per
1408 694 1798 788 inimicitiam
1912 701 2110 753 tamen
2137 718 2249 755 non
2275 701 2375 767 ait,
2400 703 2562 774 hujus
2586 709 2799 762 mundi.
2825 709 2893 763 Et
2915 711 3052 780 quid
3075 718 3164 767 est
3195 694 3562 788 philosophia

191 782 1797 850 abrenuntiationisinvicemsibimortuidicanturbomo,
1913 789 2130 857 Latine,
2168 790 2277 843 nisi
2308 792 2548 847 studium
2605 798 2914 866 sapientia.
2976 800 3125 855 Sunt
3151 782 3307 873 ergo,
3340 782 3557 878 inquit,

186 876 235 927 et
258 871 623 927 elementorum
657 872 909 929 cultura.
937 876 1219 931 Mundam
1252 874 1413 928 enim
1452 872 1694 935 dicens,
1719 888 1804 925 er-
1912 873 2026 927 ista
2058 877 2329 931 rationem
2359 882 2579 948 quidem
2617 883 2873 939 habentia
2920 871 3316 957 sapientiavid
3348 871 3454 960 esi,
3489 871 3560 950 de

185 978 337 1016 rorem
362 961 533 1016 carnis
563 961 879 1032 signiﬁcat.
930 964 1108 1019 Omne
1139 962 1294 1018 enim
1332 960 1504 1032 quod
1544 960 1800 1028 videtur,
1913 963 2129 1031 quibus
2156 964 2353 1036 aliqua
2384 969 2662 1023 reddatur
2698 974 3023 1029 secundum
3064 975 3351 1034 elementa
3378 980 3557 1053 hujus

182 1049 314 1105 carni
333 1050 633 1121 deputatur.
656 1050 808 1107 Hinc
827 1058 914 1107 est
937 1055 1087 1108 unde
1104 1053 1438 1108 etJoannos
1460 1048 1799 1117 apostolus,
1913 1053 2139 1118 mundi,
2163 1058 2221 1108 et
2247 1055 2611 1135 principatus
2634 1076 2700 1112 ac
2723 1066 3037 1130 potestates
3062 1082 3074 1129 ;
3105 1067 3161 1119 in
3188 1048 3559 1127 observatione

180 1141 342 1204 Nolite,
366 1139 540 1229 inquit
567 1139 803 1209 diligere
850 1142 991 1196 hunc
1036 1141 1320 1205 mundum,
1353 1150 1555 1229 neque
1584 1153 1649 1191 ea
1680 1153 1801 1208 qua:
1906 1145 1961 1195 et
1991 1142 2053 1194 in
2083 1144 2397 1199 humilitate
2417 1147 2616 1200 cordis.
2644 1148 2703 1201 Id
2729 1148 2882 1203 enim
2912 1158 3093 1222 agunt
3119 1154 3239 1209 ista:
3270 1161 3555 1229 supersti-

178 1231 228 1283 in
253 1230 334 1283 hoc
352 1228 535 1284 mundo
587 1237 717 1283 sunt
750 1230 798 1301 (l
858 1232 1011 1286 Joan.
1050 1249 1111 1297 ιι,
1170 1233 1280 1301 15),
1320 1228 1374 1284 id
1448 1232 1572 1295 est,
1610 1243 1797 1297 neque
1906 1230 2343 1299 tiones,utvitio
2364 1234 2845 1292 corhumilietur.
2871 1228 3558 1314 Videnturigiturobser-

176 1319 432 1387 elementa,
465 1318 677 1388 quibus
708 1325 1057 1391 compactae
1084 1321 1337 1374 mundus
1359 1318 1601 1387 cst,neq
1614 1332 1683 1371 ue
1703 1332 1791 1370 er-
1901 1321 2184 1377 vationes.
2220 1324 2479 1380 Judaicze
2500 1326 2651 1395 apud
2678 1326 3064 1397 imperitos,et
3084 1330 3255 1386 vilem
3278 1333 3551 1405 plebecu-

175 1424 328 1472 rores,
353 1423 485 1477 quos
515 1407 774 1462 humana
805 1409 1107 1464 adinvenit
1137 1408 1394 1473 traditio,
1436 1405 1788 1477 diligamus,
1898 1407 2016 1463 lam
2052 1410 2367 1483 imaginem
2401 1412 2615 1468 habere
2638 1415 2879 1469 rationis
2912 1416 3298 1491 humanaeque
3324 1426 3556 1495 sapien-

173 1497 259 1553 sed
288 1497 448 1551 solum
478 1495 911 1567 Christum,qui
944 1504 1215 1552 mortuus
1245 1502 1331 1551 est
1366 1512 1471 1568 pro
1506 1495 1697 1559 nobis,
1724 1500 1787 1549 ut
1896 1498 2011 1562 tiae,
2045 1515 2112 1554 eo
2145 1501 2296 1570 quod
2335 1499 2583 1555 humilia
2613 1502 2896 1559 sentiunt.

169 1585 359 1656 corpori
396 1601 494 1640 suo
518 1601 622 1639 nos
652 1585 773 1639 soci
783 1590 911 1639 aret
932 1603 1000 1641 ex
1023 1585 1398 1657 perditis.Qui
1419 1601 1560 1656 ergo
1584 1600 1779 1638 conse-

168 1674 293 1745 pulti
319 1676 437 1728 sunt
462 1672 710 1740 Christo,
744 1674 965 1729 mortui
998 1682 1139 1729 sunt
1176 1674 1505 1737 elementis,
1543 1678 1607 1727 ut
1634 1672 1779 1726 nihil

1963 1588 2243 1659 Sequitur
2267 1591 2402 1646 :Non
2433 1590 2502 1644 ad
2517 1591 2851 1661 parcendum
2870 1596 3253 1664 corpori,dum
3280 1598 3557 1657 fraudan-

1892 1679 1991 1731 tur
2023 1676 2153 1732 istis
2186 1678 2356 1744 escis,
2392 1678 2609 1748 quibus
2642 1679 3075 1750 compelluntur
3102 1684 3553 1745 abstinere.Non

164 1765 336 1816 curent
363 1776 418 1814 ex
447 1759 554 1815 his.
603 1761 874 1832 Superna
919 1761 1075 1817 enim
1134 1763 1470 1817 didicerunt
1502 1760 1775 1829 tenenda,
1813 1798 1857 1861 Β
1889 1766 2045 1820 enim
2072 1771 2321 1837 parcunt
2346 1766 2530 1821 Judaei
2554 1768 2892 1839 corporibus
2911 1771 3032 1826 suis
3056 1772 3113 1827 in
3137 1778 3552 1849 assumptione

165 1867 269 1921 quze
289 1853 507 1920 possunt
525 1847 704 1903 vitam
726 1850 866 1905 dare
893 1852 1207 1921 pristinam
1232 1852 1443 1922 (1249).
1464 1850 1595 1905 Haec
1619 1850 1803 1915 enim,

162 1954 249 1992 nec
272 1938 1177 2010 prasentemdant,etimpcdiunt
1200 1956 1271 1994 ne
1294 1938 1781 2011 apprehendatur

157 2029 339 2081 futura.
365 2025 459 2088 Qui
495 2030 694 2080 autem
729 2033 862 2098 post
881 2029 1246 2099 baptismum
1280 2028 1541 2097 ambiget
1568 2028 1639 2081 de
1673 2027 1776 2082 ali-

155 2116 351 2188 quibus.
379 2118 591 2185 putans
624 2117 892 2185 quaedam
924 2135 955 2173 e
978 2118 1272 2173 veteribus
1298 2117 1657 2179 veneranda,
1694 2117 1775 2170 vi-

154 2221 266 2260 vere
283 2220 329 2259 se
346 2204 592 2258 ostendit
611 2206 1075 2277 elementis,quaa
1102 2207 1373 2261 decernit
1398 2205 1777 2269 colenda,aut

149 2292 345 2347 dubitat
370 2294 828 2361 contemnenda;
862 2294 944 2351 ita
978 2296 1303 2351 remanebit
1326 2297 1485 2350 intra
1518 2293 1775 2350 circulos

146 2382 343 2448 mundi,
369 2380 590 2436 alienus
620 2400 652 2437 a
682 2383 818 2451 Deo,
847 2385 985 2454 quia
1013 2385 1188 2439 veteri
1241 2385 1497 2441 indutus
1530 2384 1775 2439 homine

137 2470 362 2525 carnalia
378 2471 620 2526 transire
643 2489 756 2527 non
785 2474 1014 2543 poterit.
1032 2474 1134 2528 His
1156 2473 1330 2530 dictis
1358 2475 1573 2530 inserit
1594 2475 1774 2528 verba

133 2560 427 2632 eorum,qui
452 2560 763 2616 dicernunt
792 2562 862 2617 de
891 2561 998 2618 hoc
1030 2563 1250 2617 mundo
1278 2582 1394 2635 per
1424 2566 1531 2619 has
1558 2564 1766 2618 obser-

127 2651 363 2707 vationes
382 2650 541 2722 quasi
567 2650 1153 2717 rationabiles,etfecti
1171 2654 1437 2709 vanitate
1462 2655 1613 2709 hum
1627 2652 1772 2707 ilita-

129 2741 187 2796 tis
215 2740 412 2810 inﬂati,
444 2746 499 2796 et
554 2740 879 2795 econtrario
924 2742 1091 2811 quasi
1142 2741 1408 2796 viventes
1443 2744 1500 2798 in
1538 2742 1768 2797 mundo

124 2830 708 2896 decernunt,dicentes
734 2847 746 2884 :
780 2829 857 2884 Ne
889 2832 1214 2902 tetigerilis,
1246 2846 1433 2901 neque
1461 2833 1770 2903 gustaveri-

116 2924 196 2985 tis,
225 2920 280 2991 id
312 2923 423 2989 est,
459 2936 527 2975 ne
551 2918 860 2991 tetigeritis
880 2936 1091 2991 corpus
1114 2918 1379 2975 hominis
1413 2924 1767 2991 mortui,nec

116 3010 538 3079 vestimentum,
571 3012 628 3062 et
657 3007 1002 3077 scabellum,
1048 3008 1108 3062 in
1152 3024 1265 3078 quo
1298 3011 1518 3064 sederit
1553 3008 1767 3063 mulier

116 3103 497 3164 menstruata,
530 3110 719 3168 neque
750 3097 1126 3169 gustaveritis
1155 3095 1395 3152 suillam
1428 3115 1689 3160 carnem,
1710 3104 1766 3152 et

1891 1854 2179 1925 ciborum,
2219 1860 2661 1911 contemnentes
2710 1856 3006 1914 interdum
3058 1878 3184 1932 quas
3216 1862 3461 1934 habent,
3495 1872 3553 1923 et

1890 1949 2220 2014 qumrentes
2247 1961 2375 2015 quae
2400 1961 2514 1999 non
2548 1945 2856 2011 habent,ex
2878 1964 2995 2018 qua
3020 1952 3372 2008 necessitate
3395 1956 3553 2011 debi-

1890 2034 2081 2088 litates
2104 2034 2485 2097 interdum,et
2501 2034 2735 2088 morbos
2748 2037 3236 2105 contrahunt,nec
3255 2042 3554 2099 honorant

1887 2121 2263 2192 semetipsos,
2296 2137 2429 2174 cum
2465 2121 2663 2179 omnia
2696 2123 2916 2177 munda
2946 2123 3060 2179 sint
3095 2130 3339 2185 mundis
3370 2132 3547 2197 (Rom.

1884 2227 1996 2279 xiv,
2031 2211 2140 2276 20;
2178 2210 2275 2263 Tit.
2316 2226 2352 2274 ι,
2388 2210 2496 2279 15),
2540 2209 2803 2280 nihilque
2852 2213 3037 2283 possit
3066 2230 3195 2270 esse
3226 2217 3549 2287 pollutum,

1885 2299 2041 2369 quod
2075 2314 2208 2352 cum
2238 2296 2562 2368 gratiarum
2587 2298 2813 2353 actione
2840 2300 3239 2371 percipitur,et
3268 2305 3490 2365 idcirco
3518 2328 3553 2366 a

1890 2387 2132 2443 Domino
2166 2388 2244 2440 sit
2275 2391 2558 2452 creatum,
2592 2391 2655 2440 ut
2687 2387 2989 2444 saturitate
3035 2395 3093 2445 et
3124 2393 3551 2466 adimpletione

1884 2477 2078 2533 carnis
2112 2476 2403 2529 humanos
2438 2481 2601 2530 artus
2622 2483 2844 2546 vegetet
2874 2483 3048 2549 atque
3080 2487 3399 2541 sustentet.
3420 2488 3545 2543 Ele-

1884 2570 2081 2621 menta
2114 2568 2310 2617 autem
2343 2565 2547 2619 mundi
2581 2583 2614 2620 a
2643 2565 2884 2635 quibus,
2924 2567 3042 2622 imo
3076 2569 3297 2639 quibus
3330 2578 3547 2632 mortui

1883 2671 2114 2723 sumus,
2150 2653 2259 2707 Lex
2309 2653 2511 2724 Moysi,
2546 2659 2602 2707 et
2650 2671 2822 2709 omne
2867 2661 3033 2712 vetus
3072 2657 3544 2721 instrumentum

1882 2742 2328 2813 intelligendum
2360 2749 2469 2807 est,
2503 2743 2717 2814 quibus
2768 2744 2936 2814 quasi
2981 2744 3293 2805 elementis
3325 2757 3381 2807 et
3410 2753 3543 2807 reli-

1879 2832 2071 2905 gionis
2102 2830 2352 2885 exordiis
2387 2826 2565 2887 Deum
2589 2831 2892 2902 discimus,
2916 2838 2972 2887 et
3000 2834 3073 2889 ab
3105 2835 3417 2896 elementis
3445 2842 3542 2897 lit-

1878 2928 2035 2986 terae,
2078 2936 2202 2990 quae
2235 2919 2581 2983 destruitur,
2622 2919 2868 2975 transire
2911 2921 3130 2977 faciunt
3159 2926 3230 2979 ad
3265 2927 3536 2998 spiritum

1875 3010 2285 3066 viviﬁcantem.
2346 3008 2452 3071 Qui
2508 3024 2643 3078 ergo
2675 3008 2920 3074 mundo,
2972 3015 3030 3064 et
3069 3010 3379 3071 elementis
3411 3019 3538 3086 ejus

1877 3098 2093 3154 mortui
2125 3114 2353 3163 sumus,
2407 3113 2522 3151 non
2580 3096 2863 3151 debemus
2921 3114 2989 3152 ea
3041 3100 3372 3170 observare,
3408 3121 3534 3176 quas

113 3189 385 3261 leporem,
409 3203 739 3254 murenam,
762 3168 826 3241 et
849 3185 1194 3259 anguillam,
1222 3192 1279 3239 et
1300 3187 1529 3257 sepiam
1553 3188 1760 3258 (1250),
1795 3168 1837 3235 C
1881 3187 2085 3244 mundi
2119 3191 2276 3252 sunt,
2310 3185 2449 3257 quia
2489 3186 2547 3239 in
2581 3184 2759 3240 altero
2806 3185 3065 3254 initium,
3098 3188 3157 3243 in
3191 3168 3373 3247 altero
3406 3168 3533 3264 per-

111 3283 161 3333 et
188 3277 496 3333 universos
529 3276 738 3348 pisces,
772 3276 872 3346 qui
900 3291 1201 3346 squamas,
1234 3278 1286 3328 et
1333 3274 1612 3346 pinnulas
1646 3293 1760 3330 non

110 3366 323 3422 habent
355 3367 502 3438 (Leo.
536 3382 619 3433 11;
653 3365 805 3420 Deut.
831 3365 968 3435 xxv).

174 3457 310 3524 Quae
337 3458 473 3510 sunt
497 3456 683 3510 omnia
726 3456 787 3507 in
825 3454 1051 3508 interitu
1102 3454 1216 3524 ipso
1247 3469 1371 3519 usu,
1404 3454 1461 3507 id
1497 3459 1607 3520 est,
1643 3453 1763 3509 hare

106 3545 300 3600 omnia
330 3545 392 3599 in
426 3543 804 3616 corruptione
841 3542 898 3596 in
934 3541 1173 3597 interitu
1207 3547 1364 3612 sunt,
1398 3548 1453 3597 et
1489 3544 1761 3597 sumendi

107 3651 207 3689 usu
239 3634 302 3689 in
337 3640 595 3689 stercore
646 3633 1013 3705 digeruntur.
1075 3630 1383 3687 Secundum
1414 3637 1685 3703 praerepta
1716 3641 1767 3687 et

106 3724 382 3779 doctrinas
400 3725 707 3777 hominum.
725 3722 952 3776 Secund
966 3740 994 3775 υ
1007 3739 1059 3775 m
1081 3726 1452 3792 prmcepta,et
1470 3721 1767 3776 doctrinas

109 3808 417 3867 hominum
452 3811 738 3880 videlicet,
773 3811 843 3864 de
876 3811 1089 3881 quibus
1113 3809 1399 3864 Dominus
1435 3810 1767 3879 phmriczeus

107 3901 367 3972 corripit,
421 3902 656 3956 dicens:
727 3901 955 3955 Irritum
1023 3900 1231 3969 fecistis
1289 3898 1614 3953 mandatum
1673 3900 1770 3953 Dei

104 3994 322 4059 prapter
385 3989 744 4045 traditionem
802 3995 1035 4042 vestram
1093 3986 1302 4059 (Matth.
1350 4004 1439 4053 xv,
1500 3990 1567 4053 6;
1601 3987 1763 4041 Marc.

105 4092 193 4143 vn,
226 4079 311 4149 9).

162 4170 313 4236 Quae
334 4172 474 4223 sunt
493 4168 709 4239 quidem
732 4168 1007 4222 rationem
1038 4166 1298 4221 habentia
1318 4166 1618 4236 sapientiae.
1655 4166 1770 4222 Cur

98 4253 232 4309 dicit
269 4258 570 4313 rationem
630 4256 844 4311 habere
902 4254 1198 4327 sapientiae
1257 4254 1589 4325 Apostolus,
1639 4271 1769 4325 quze

94 4345 812 4414 reprehendit?Dicamus
831 4349 1023 4399 tamen
1041 4344 1193 4415 quod
1217 4342 1273 4397 in
1298 4343 1485 4414 ipsius
1506 4343 1766 4414 Apostoli

90 4428 260 4488 dictis
287 4451 624 4506 possumus
654 4434 949 4489 advertere
971 4449 1121 4505 saepe
1147 4432 1489 4503 sapientiam
1519 4432 1766 4502 positam

1878 3277 2048 3334 fectio
2071 3282 2178 3331 cst.

1951 3365 2264 3437 Sequitur:
2307 3365 2421 3419 Non
2472 3365 2531 3417 in
2590 3358 3035 3434 honore'aliquo
3089 3366 3159 3421 ad
3186 3370 3534 3426 saturitatem

1877 3458 2090 3529 carnis.
2123 3454 2244 3509 Non
2281 3454 2433 3523 quod
2469 3453 2812 3508 honoratius
2845 3451 2944 3508 illo
2978 3453 3188 3526 magis,
3223 3473 3401 3528 quam
3433 3458 3530 3514 illo

1878 3546 2007 3601 cibo
2041 3562 2172 3599 caro
2206 3544 2470 3608 satietur,
2520 3559 2652 3597 cum
2687 3543 2753 3597 ad
2802 3542 2932 3611 ejus
2975 3545 3382 3600 necessitatem
3415 3563 3530 3601 non

1880 3633 2185 3705 pertineat,
2222 3631 2334 3687 nisi
2392 3631 2651 3703 quolibet
2706 3631 3024 3687 valetudini
3086 3638 3222 3703 apto
3254 3633 3530 3691 alimento

1880 3724 2035 3778 refici
2072 3728 2247 3793 atque
2279 3720 2490 3776 lulciri.

1951 3814 2106 3882 (CAP.
2143 3811 2266 3883 Ill.)
2287 3812 2460 3879 Igitur
2482 3812 2531 3864 si
2550 3812 2974 3865 consurrexistis
2994 3827 3119 3866 cum
3144 3811 3375 3879 Christo,
3407 3829 3530 3884 quae

1879 3918 2101 3955 sursum
2124 3904 2252 3953 sunt
2272 3894 2876 3970 qumritembiChristus
2890 3905 2969 3953 est
2988 3901 3047 3954 in
3069 3900 3303 3956 dextera
3330 3903 3431 3957 Dei
3450 3919 3530 3959 se-

1877 3990 2009 4043 dens
2024 4006 2045 4049 ;
2071 4004 2194 4059 qua;
2214 4004 2433 4043 sursum
2453 3991 2579 4041 sunt
2600 3990 2789 4057 sapite,
2821 4003 2933 4041 non
2964 4003 3091 4057 quae
3113 4004 3277 4059 super
3297 3998 3524 4046 terram.

1878 4078 1948 4131 Et
1978 4076 2106 4131 ideo
2133 4075 2276 4130 nihil
2299 4080 2591 4129 terrenum
2616 4073 3063 4139 ambiatis,nihil
3096 4076 3524 4146 transitorium,

1879 4165 1967 4220 vel
2003 4163 2246 4220 mortale
2278 4162 2575 4235 quaeratis,
2627 4163 2726 4218 sed
2778 4163 3071 4218 cmlestem
3101 4165 3407 4220 sectamini
3436 4182 3525 4220 sa-

1885 4254 2181 4326 pientiam,
2216 4269 2329 4307 non
2380 4257 2691 4307 terrenam.
2744 4252 3106 4307 Resurrectio
3151 4257 3346 4309 tamen
3377 4254 3525 4309 duas

1880 4344 2057 4399 habet
2087 4345 2400 4403 formas,ut
2418 4342 2607 4413 primo
2632 4342 2826 4397 animo
2848 4342 2919 4395 de
2951 4341 3121 4396 terris
3153 4348 3422 4415 resurgat
3452 4343 3525 4398 ad

1880 4431 2170 4497 coclos,dei
2184 4432 2291 4486 nde
2305 4434 2532 4502 recepto
2546 4448 2782 4502 corpore
2802 4436 3067 4502 resurgat
3080 4436 3282 4501 raptus
3294 4431 3522 4487 obviam

90 4520 268 4577 etiam
308 4525 385 4579 in
417 4525 592 4579 rebus
616 4522 819 4577 mundi
844 4522 1045 4593 hujus,
1073 4539 1248 4593 quam
1273 4521 1415 4575 dicit
1436 4520 1769 4590 expressius
1803 4539 1846 4602 Π
1878 4522 2105 4576 Christo
2138 4527 2185 4591 (Ι
2219 4522 2392 4576 Thess.
2430 4537 2502 4588 ιν,
2537 4521 2649 4586 id).

89 4609 468 4678 sapientiam
503 4613 683 4682 hujus
705 4611 978 4682 mundi(l
998 4614 1119 4666 Cor.
1156 4628 1237 4679 ιιι,
1274 4609 1381 4681 19).
1408 4614 1521 4664 Nec
1545 4615 1768 4663 moveat

87 4701 245 4765 quod
288 4700 405 4757 hic
450 4720 564 4756 non
623 4700 866 4766 addidit,
917 4701 1145 4755 mundi:
1208 4717 1321 4754 non
1380 4699 1533 4754 enim
1567 4706 1623 4752 ct
1653 4698 1765 4752 alio

84 4782 236 4851 loco,
278 4808 434 4845 cum
469 4791 585 4845 ait:
623 4790 721 4846 Ubi
746 4790 980 4860 sapiens,
1004 4789 1408 4849 ubiscriba.’(l
1437 4790 1556 4842 Cor.
1582 4805 1621 4849 ι,
1652 4788 1765 4857 '30.)

85 4875 567 4950 Addidit,hujus
600 4878 897 4945 mundi,ut
926 4878 1175 4933 diceret:
1207 4877 1304 4932 Ubi
1329 4877 1564 4946 sapiens
1588 4875 1765 4946 hujus

84 4967 307 5021 mundi
327 4968 365 5022 ’ἶ
396 4969 464 5023 Et
496 4975 691 5022 tamen
724 4966 832 5021 hoc
862 4964 1226 5039 intelligitur.
1252 4964 1344 5019 Sic
1366 4970 1453 5019 est
1484 4966 1595 5018 ista
1618 4965 1765 5019 ratio

82 5054 435 5124 sapientiae.
469 5056 628 5113 Nihil
654 5056 808 5112 enim
857 5058 929 5112 ab
972 5057 1060 5112 eis
1088 5056 1302 5111 dicitur
1331 5054 1387 5109 in
1424 5054 1764 5124 hujusmodi

82 5146 554 5213 snperstitiosis
583 5145 1106 5215 observationibus,
1138 5144 1238 5200 ubi
1272 5143 1454 5215 (1251)
1477 5143 1534 5196 in
1561 5142 1762 5196 mundi

151 5305 375 5377 (1248)
410 5305 662 5363 Maurini
695 5307 753 5362 in
782 5308 1033 5363 editione
1061 5322 1301 5378 operum
1327 5304 1442 5378 divi
1469 5303 1764 5378 Ambrosii

82 5382 221 5449 post
255 5375 523 5434 verbum
560 5395 687 5449 quos
731 5375 1231 5436 addiderunt'deos
1261 5393 1328 5431 ex
1376 5375 1665 5447 pluribus.
1703 5380 1767 5428 ut

83 5446 288 5520 aiunt,
320 5446 634 5507 codicibus
661 5469 673 5519 ;
692 5451 748 5505 in
772 5459 971 5508 nostro
985 5457 1176 5506 autem
1196 5446 1387 5513 textu,
1402 5463 1762 5518 quamquam

80 5523 408 5593 Pxpositio
438 5523 617 5593 hujus
638 5524 905 5581 versiculi
928 5523 1133 5580 exinde
1163 5521 1475 5591 desumpta
1506 5520 1603 5584 sit,
1634 5535 1762 5572 ver-

81 5579 241 5648 hu‘m
271 5593 421 5651 deos
450 5579 568 5651 noun
597 5592 824 5668 legitur.

1947 4611 2151 4665 Morini
2178 4611 2325 4664 eizini
2352 4611 2477 4663 estis
2508 4617 2556 4662 et
2586 4611 2703 4662 vita
2732 4616 2910 4663 vestra
2937 4608 3255 4663 abscondita
3290 4614 3371 4664 est
3398 4626 3522 4664 cum

1879 4699 2089 4754 Christo
2122 4703 2185 4753 in.
2221 4703 2345 4753 Deo.
2384 4698 2497 4751 Vita
2528 4707 2727 4759 vestra,
2780 4697 2834 4749 id
2868 4700 2955 4749 est
2981 4695 3284 4751 beatitudo
3308 4703 3520 4765 vestra,

1877 4788 2192 4842 abscondita
2221 4793 2319 4851 est,
2355 4802 2465 4839 non
2504 4791 2565 4839 ut
2596 4803 2707 4839 non
2741 4784 3022 4853 videatur,
3060 4785 3159 4839 sed
3194 4790 3259 4839 ut
3287 4804 3519 4843 conser-

1876 4883 2063 4940 vetur,
2098 4876 2249 4929 sicut
2278 4873 2562 4943 scriptum
2596 4878 2719 4927 est:
2755 4877 2892 4929 Cum
2918 4873 3122 4929 dederit
3157 4874 3377 4932 dilectis
3403 4880 3521 4933 suis

1875 4981 2149 5030 somnum,
2185 4979 2301 5017 ecce
2321 4962 2610 5018 hmreditas
2638 4962 2859 5017 Domini
2891 4963 3061 5033 (Psal.
3093 4980 3277 5035 cxxv1,
3311 4967 3384 5033 4).
3419 4966 3521 5019 Hic

1875 5053 2031 5108 enim
2062 5052 2226 5107 labor
2256 5051 2527 5121 exigitur,
2551 5052 2650 5106 sed
2685 5050 2742 5105 in
2767 5054 2963 5107 futuro
2994 5053 3301 5124 praemium
3334 5067 3517 5107 reser-

1876 5147 2065 5197 vatur.
2104 5141 2207 5195 Pro
2237 5156 2303 5195 eo
2336 5139 2490 5211 quod
2524 5140 2827 5212 sequitur:

1946 5301 2129 5370 (12/19)
2173 5302 2508 5371 Perpetuam
2565 5300 2739 5355 habet
2796 5305 2988 5354 textus
3045 5296 3158 5352 divi
3206 5297 3518 5364 Ambrosii,

1874 5390 1908 5427 a
1940 5389 2054 5442 quo
2088 5372 2551 5442 desumpta.th
2582 5373 2885 5445 expositio.

1946 5444 2128 5512 (1250)
2166 5445 2222 5497 ln
2256 5444 2381 5498 cod.
2415 5447 2638 5513 sipimn.

1944 5509 2128 5586 (13:31)
2162 5516 2306 5571 Loco
2329 5518 2423 5570 ubi
2444 5509 2731 5587 legeretur
2748 5514 2994 5568 fortasse
3024 5509 3235 5567 melius
3269 5516 3519 5585 quamvis
