4020 6178
432 303 546 364 631

1456 303 1791 366 A'I‘TONIS
1836 303 2419 367 VERCELLENSIS
2464 306 2814 371 EPISCOPI

3655 314 3744 376 632

509 438 647 493 Cum
675 440 863 491 autem
903 435 1149 491 Christus
1194 437 1517 508 apparuerit
1573 438 1687 492 vita
1722 439 1917 503 vestra,
1950 442 2078 489 tunc
2109 444 2163 502 Α
2195 438 2470 495 creatoris
2504 440 2619 510 Dei,
2653 440 2911 512 lignis,et
2929 438 3246 513 lapidibus,
3274 438 3359 496 vel
3408 439 3527 497 aliis
3552 445 3747 501 metallis

437 537 488 580 et
516 541 607 580 vos
660 524 999 595 apparebitis
1054 541 1179 580 cum
1209 526 1305 581 illo
1350 527 1411 581 in
1462 527 1661 596 gloria.
1709 525 1835 580 Vita
1880 528 2082 578 nostra

438 612 704 669 Christus
733 618 841 679 est,
875 613 1015 685 quia
1044 612 1310 669 videlicet
1336 614 1461 685 ipse
1493 619 1581 669 est
1616 630 1787 667 verus
1821 618 1990 681 Deus,
2025 615 2084 666 et

438 700 556 756 vita
586 706 824 767 aeterna,
875 702 1001 757 sine
1058 703 1228 773 cujus
1259 702 1444 773 gratia
1504 701 1775 773 quisquis
1803 718 1865 756 se
1895 700 2083 754 vivere

441 789 643 857 credit,
676 792 872 846 vivens
899 796 1166 846 mortuus
1215 797 1322 847 est.
1371 792 1440 847 Et
1470 792 1597 847 ideo
1649 807 1850 845 omnes
1884 788 2083 843 ﬁdeles

443 896 558 935 non
577 880 789 935 debent
805 881 976 935 modo
998 880 1091 935 hic
1108 897 1363 952 quarere
1380 879 1624 951 gloriam
1644 895 1906 948 suam,eo
1928 878 2081 949 quod

443 968 529 1023 illi
560 970 653 1023 Dei
688 969 824 1033 sint,
856 974 911 1024 et
969 974 1162 1025 tamen
1205 970 1468 1025 nondum
1521 974 1760 1040 apparet
1786 967 1925 1038 quid
1959 982 2087 1021 esse

450 1058 678 1112 debent.
713 1058 858 1123 Quid
891 1063 981 1113 est
1010 1058 1164 1114 enim
1213 1058 1425 1120 dicere,
1458 1074 1582 1112 cum
1632 1057 1879 1111 Christus
1906 1071 2087 1126 appa-

448 1148 624 1203 ruerit
651 1149 764 1202 vita
784 1152 982 1219 vestra,
1013 1152 1146 1202 tunc
1170 1156 1222 1202 et
1252 1164 1340 1203 vos
1386 1147 1728 1219 apparebitis
1752 1162 1877 1200 cum
1904 1144 2003 1199 illo
2029 1144 2090 1197 in

445 1237 644 1307 gloria,
680 1236 791 1292 nisi
814 1238 968 1307 quod
992 1237 1320 1292 etJoannes
1351 1234 1709 1307 evangelista
1729 1235 1856 1305 ejus
1886 1248 2092 1303 coapo—

449 1324 636 1381 stolus
660 1327 717 1380 in
740 1343 847 1381 sua
871 1325 1117 1397 epistola
1142 1324 1413 1379 ﬁdelibus
1431 1324 1682 1396 scripsil,
1703 1323 1935 1378 dicens:
1956 1322 2093 1376 Cha-

449 1412 856 1479 rissimi,’nunc
907 1414 1023 1486 ﬁlii
1076 1416 1173 1470 Dei
1230 1430 1443 1481 sumus,
1500 1422 1553 1469 et
1597 1412 1840 1468 nondum
1867 1418 2093 1482 apparet

452 1505 583 1575 quid
609 1507 854 1565 erimus;
904 1506 1113 1559 scimus
1170 1506 1315 1558 enim
1376 1504 1524 1574 quia,
1580 1518 1707 1557 cum
1749 1500 2091 1572 apparuerit,

450 1595 662 1649 similes
690 1595 742 1648 ei
770 1595 990 1659 erimus,
1014 1594 1275 1663 quoniam
1298 1592 1597 1646 videbimus
1627 1606 1754 1645 eum
1781 1590 1943 1644 sicuti
1972 1597 2051 1642 est
2072 1592 2096 1640 γ

455 1684 503 1754 (Ι
526 1685 690 1738 Joan.
725 1700 806 1747 III,
834 1686 911 1753 2.)
1666 1689 1671 1693 ’

527 1771 845 1841 Mortiﬁcate
864 1787 991 1840 ergo
1019 1772 1267 1826 membra
1286 1776 1486 1838 vestra,
1511 1784 1637 1841 qum
1653 1772 1779 1823 sunt
1803 1783 1967 1838 super
1987 1774 2097 1822 ter-

457 1878 599 1915 ram.
632 1860 916 1923 Quoniam
947 1861 1145 1916 omnia
1174 1859 1350 1915 simul
1379 1864 1613 1931 peccata
1642 1874 1853 1929 corpus
1882 1872 2010 1911 esse
2039 1855 2099 1909 in

462 1949 708 2021 epistola
737 1950 807 2005 ad
841 1950 1133 2005 Romanos
1156 1950 1450 2021 significat
1471 1949 1639 2020 (Rom.
1665 1964 1742 2014 v1,
1774 1946 1850 2018 6).
1885 1944 2100 2000 Idcirco

462 2039 696 2111 singula
722 2038 931 2094 delicta
962 2039 1320 2107 describens,
1354 2038 1618 2092 membra
1646 2053 1713 2091 ca
1742 2033 2016 2107 appellat,
2040 2036 2105 2088 ut

463 2134 593 2201 post
620 2133 1011 2201 acceptam,ac
1041 2113 1328 2207 servatam
1372 2125 1772 2198 Evangelicam
1805 2126 1876 2179 de
1905 2123 2103 2178 Salva-

460 2219 604 2274 toris
634 2218 996 2289 plenitudine
1016 2216 1323 2281 rationem,
1356 2217 1517 2271 bona;
1539 2215 1716 2269 vitam
1749 2230 1984 2285 operam
2007 2212 2105 2267 da-

460 2312 609 2370 rent,
642 2306 1003 2361 abstinentes
1034 2321 1096 2359 se
1117 2306 1187 2360 ab
1221 2305 1380 2360 omni
1404 2303 1852 2374 turpitudine,ct
1881 2301 2103 2357 deside-

461 2396 547 2450 rio
579 2394 753 2460 malo,
783 2411 897 2465 quo
930 2394 1155 2466 possint
1206 2393 1421 2465 peritia:
1453 2392 1658 2448 divinae
1698 2392 1950 2446 fructum
1985 2407 2101 2445 non

461 2483 868 2539 amittere.Pcr
914 2487 1146 2555 tropum
1206 2482 1486 2553 loquitur,
1535 2498 1638 2553 per
1666 2479 2011 2535 efficientem
2043 2479 2101 2533 id

462 2573 617 2644 quod
650 2572 1063 2643 efﬁcitur,quia
1093 2589 1207 2627 non
1239 2576 1459 2626 statum
1493 2570 1751 2625 cordoris
1781 2567 2101 2645 jubetinte-

462 2660 618 2727 rimi,
651 2677 755 2716 nec
785 2662 1048 2716 membra
1068 2660 1311 2728 destrui,
1343 2677 1468 2729 quae
1500 2662 1639 2713 sunt
1658 2674 1877 2729 organa
1897 2655 2103 2710 animas

464 2751 531 2805 ad
558 2751 848 2821 agendum
871 2766 1019 2821 Opus
1042 2748 1687 2819 bonum,membrorum
1701 2746 1857 2801 enim
1882 2743 2103 2799 malum

464 2854 660 2909 usum,
685 2838 837 2894 sicut
857 2838 1297 2906 solet,nominat
1319 2835 1754 2892 membra.Nam
1778 2835 1848 2889 de
1868 2850 2106 2905 corpore

464 2931 662 2983 nostro
693 2926 848 2983 idem
892 2927 1204 2999 Apostolus
1234 2925 1346 2982 alio
1393 2924 1518 2980 loco
1548 2924 1689 2979 dicit
1716 2942 1729 2979 :
1763 2924 1925 2979 Nemo
1953 2924 2107 2978 enim

462 3033 708 3088 unquam
734 3018 855 3072 odio
887 3017 1077 3072 habuit
1105 3033 1329 3072 carnem
1342 3015 1630 3081 suam,sed
1657 3014 1857 3074 nutrit,
1887 3017 1940 3067 et
1966 3015 2107 3083 fovet

462 3123 584 3162 eam
611 3107 826 3178 (Ephes.
859 3122 914 3172 v,
947 3107 1059 3172 29).
1079 3106 1162 3160 Ad
1194 3106 1365 3175 cujus
1384 3120 1520 3175 ergo
1541 3104 1787 3157 formam
1813 3101 2106 3173 proximos

464 3173 703 3268 diligere
725 3195 1026 3267 jubemur,
1051 3192 1100 3249 si
1123 3173 1565 3264 nobismetipsis
1596 3190 1784 3262 iniqui
1815 3189 2102 3245 exstiteri-
2135 3173 2178 3239 C

466 3302 600 3339 mus
620 3284 648 3338 ?
676 3284 823 3348 Quid
854 3284 1011 3339 enim
1046 3282 1613 3352 mortiﬁcarejubeat
1631 3278 2105 3351 Apostolus,con-

465 3377 780 3451 sequenter
809 3372 1098 3443 abjungit,
1130 3364 1368 3426 dic'ens:

537 3463 990 3527 Formcationem,
1014 3460 1449 3525 immunditiam,
1468 3458 1773 3513 libidinem.
1798 3457 1926 3511 Haec
1948 3460 2107 3511 sunt.

470 3567 597 3621 quae
629 3548 942 3620 Apostolus
973 3547 1308 3603 mortiﬁcari
1324 3548 1514 3617 jubet,
1541 3562 1655 3600 non
1673 3549 1892 3599 statum
1914 3561 2112 3615 corpo-

471 3636 574 3703 ris,
608 3637 707 3709 qui
734 3638 783 3691 si
815 3638 958 3692 bene
1007 3641 1260 3705 regatur,
1313 3635 1361 3689 si
1410 3632 1769 3704 adjutorium
1802 3633 2109 3689 nobisest.

470 3726 760 3782 Vitiorum
792 3725 1007 3796 quippe
1037 3724 1416 3793 consuetudo,
1447 3723 1532 3777 vel
1583 3721 1877 3793 appetitus
1906 3727 1994 3776 est
2025 3738 2111 3776 re-

473 3815 838 3887 primendus,
888 3831 1003 3869 non
1062 3831 1272 3886 corpus
1331 3812 1682 3867 necandum.
1728 3810 1933 3866 Omnis
1957 3810 2111 3865 enim

473 3904 915 3968 incontinentia,
948 3903 1325 3958 immunditia
1353 3901 1467 3957 dici
1490 3905 1678 3973 potest
1706 3904 1881 3971 atque
1910 3899 2116 3959 libido.

545 3995 610 4050 Et
661 3995 1158 4065 concupiscentiam
1210 3993 1438 4047 malum.
1511 3990 1635 4045 Non
1693 3988 1847 4044 enim
1901 3989 2117 4045 diceret

470 4081 804 4155 Apostolus,
836 4087 887 4138 et
934 4082 1432 4153 concupiscentiam
1467 4078 1703 4146 malam,
1737 4078 1849 4133 nisi
1878 4084 2032 4134 esset
2060 4083 2117 4133 et

473 4173 648 4240 bona,
680 4173 832 4227 sicut
860 4172 983 4243 ipse
1022 4173 1092 4227 de
1122 4187 1183 4227 se
1232 4174 1500 4235 testatur,
1533 4168 1771 4222 dicens:
1806 4168 1973 4238 Cupio
1999 4168 2115 4223 dis-

472 4271 629 4337 solvi,
661 4278 712 4324 et
740 4286 856 4324 esse
873 4286 999 4324 cum
1031 4270 1237 4324 Christo
1268 4267 1498 4338 (Philip.
1531 4282 1571 4333 1,
1591 4266 1705 4336 23).
1742 4263 1845 4318 Ubi
1871 4264 2027 4319 enim
2056 4265 2113 4320 in

476 4358 630 4412 malo
662 4362 770 4422 est,
800 4357 1011 4412 vitium
1043 4362 1133 4412 est
1158 4375 1171 4423 ;
1201 4355 1300 4411 ubi
1322 4371 1456 4410 vero
1482 4354 1541 4409 in
1566 4354 1737 4420 bono,
1771 4369 1886 4408 non
1919 4357 2008 4409 est
2027 4353 2114 4408 vi-

474 4446 648 4512 tium,
681 4447 777 4504 sed
814 4445 1060 4502 affectio.

549 4536 864 4607 Sequitur:
926 4537 991 4589 Et
1047 4536 1361 4602 avaritiam,
1424 4548 1549 4604 quae
1585 4541 1663 4588 est
1691 4532 2121 4587 simulacrorum
2149 4544 2197 4609 Β

477 4626 726 4680 servitus.
779 4624 951 4679 Recte
1010 4623 1253 4678 avaritia
1311 4620 1482 4678 idolis
1542 4624 1933 4691 comparatur,
1984 4620 2125 4691 quia

480 4714 620 4768 dum
654 4711 908 4768 metallis
966 4712 1092 4767 auri
1122 4717 1180 4767 et
1210 4712 1457 4783 argenti,
1507 4711 1577 4765 de
1608 4708 1823 4780 quibus
1867 4708 2016 4764 fiunt
2044 4708 2121 4764 si-

479 4801 761 4866 mulacra,
797 4800 1059 4855 homines
1088 4801 1469 4856 immoderate
1492 4798 1989 4862 serviunt,aurum
2021 4813 2124 4868 pro

477 4890 593 4946 Deo
622 4894 987 4946 venerantur.
1018 4889 1335 4943 Avaritiam
1367 4894 1563 4944 tamen
1594 4886 1933 4942 idololatria
1965 4902 2125 4941 com-

475 4979 791 5052 paravit,ut
821 4978 968 5032 nihil
1016 4977 1117 5032 illa
1161 4976 1467 5033 scelestius
1524 4978 1968 5031 demonstraret.
2004 4974 2123 5029 Sub

474 5086 591 5125 uno
605 5069 843 5125 nomine
856 5068 970 5123 duo
985 5065 1241 5138 pessima
1262 5071 1318 5121 et
1338 5066 1523 5138 impia
1543 5081 1755 5137 genera
1776 5063 2122 5137 designavit,

470 5175 596 5229 qum
623 5158 783 5213 omni
816 5155 1038 5212 ratione
1087 5160 1284 5211 monet
1339 5154 1634 5227 fugienda.
1671 5153 1932 5208 Primum
1966 5152 2119 5206 enim

469 5252 524 5301 et
554 5263 828 5319 pergrave
869 5246 1088 5302 crimen
1122 5243 1450 5300 idololatria
1481 5248 1585 5300 est.
1631 5243 1779 5309 Quid
1811 5243 1965 5299 enim
1997 5246 2120 5295 tam

472 5332 899 5406 perniciosum,
916 5339 1155 5406 tamque
1188 5334 1510 5401 funestum,
1538 5349 1714 5405 quam
1740 5332 1811 5386 ad
1844 5328 2121 5401 injuriam

474 5458 703 5580 dﬂUi’B.’
763 5460 844 5514 lla
874 5465 929 5515 et
961 5460 1128 5515 divus
1164 5458 1548 5513 Ambrosius:
1597 5456 1769 5527 Vulg.
1803 5471 1935 5510 vero
1965 5456 2120 5525 cupi-

557 5544 635 5580 as.

557 5544 615 5580 (ιδ
626 5570 635 5580 .

549 5599 730 5669 (1255)
762 5605 848 5655 lta
898 5601 1065 5658 divus
1121 5602 1387 5673 Chrysot.
1444 5599 1670 5657 Scilicet
1699 5595 1960 5667 ἀπείθεια,
1994 5614 2120 5669 quae

2189 524 2641 585 honoriﬁcentia;
2672 533 2800 600 ejus
2844 547 3053 585 nomen
3096 530 3368 594 tribuere,
3400 546 3521 586 cum
3548 530 3639 603 ipsi
3663 551 3747 590 non

2192 614 2505 685 patiantur,
2567 623 2631 673 ut
2658 635 2861 674 servus
2911 618 3145 673 nomine
3177 617 3405 673 Domini
3433 626 3749 692 nuncupetur,

2192 719 2365 774 quem
2388 721 2501 759 non
2526 710 2735 761 natura
2746 707 3069 777 utique,sed
3088 706 3352 777 quaedam
3374 707 3599 762 conditio
3618 710 3752 781 subji-

2194 793 2271 847 cit
2301 795 2611 849 servituti?
2630 795 2800 851 Aliud
2824 801 3026 850 contra
3046 796 3268 851 crimen
3290 798 3378 850 est
3404 795 3642 863 avaritia,
3668 815 3750 853 non

2197 881 2395 952 dispar
2424 882 2668 952 malitia,
2702 886 2802 939 sed
2847 884 3169 939 diversum:
3193 883 3252 938 in
3285 884 3525 940 nomine.
3552 885 3682 941 Unde
3703 888 3752 942 ad

2197 969 2569 1026 Timotheum
2601 972 2643 1041 Ι,
2678 990 2753 1042 vr,
2787 975 2855 1027 10
2885 973 3004 1040 ait;
3037 972 3223 1028 Radix
3263 974 3408 1028 enim
3433 975 3647 1029 omnium
3668 993 3754 1029 ma-

2198 1059 2377 1115 lorum
2400 1065 2478 1116 est
2505 1064 2742 1116 avaritia
2771 1063 2978 1131 (1252).
3030 1062 3307 1117 Omnium
3352 1060 3500 1116 enim
3529 1078 3678 1133 capax
3698 1068 3758 1118 est

2198 1147 2566 1217 delictorum,
2594 1154 2659 1204 ut
2685 1149 2979 1205 aviditatis
3001 1167 3140 1215 suae,
3175 1150 3327 1221 quod
3348 1148 3669 1220 impossibile
3683 1158 3756 1217 est,

2198 1235 2438 1307 impleat
2467 1238 2847 1304 desiderium,
2880 1255 3112 1310 semper
3136 1239 3368 1294 'bibens
3397 1243 3451 1294 et
3492 1254 3687 1310 semper
3706 1239 3759 1293 si-

2198 1326 2369 1382 tiens.
2403 1326 2528 1382 Non
2558 1327 2850 1383 immerito
2880 1344 3016 1399 ergo
3046 1327 3156 1383 sub
3202 1343 3318 1382 uno
3348 1326 3569 1382 nomine
3592 1331 3760 1382 utrum-

2202 1429 2314 1485 que
2346 1414 2565 1469 malum
2623 1417 2895 1471 ostendit.
2944 1415 3094 1471 Pene
3150 1415 3309 1471 enim
3366 1430 3477 1469 uno
3531 1413 3763 1485 explentur

2202 1504 2540 1575 opere,quia
2570 1504 2723 1559 sicut
2744 1502 3073 1559 idololatria
3103 1503 3206 1558 uni
3234 1502 3349 1558 Deo
3380 1503 3589 1559 auferre
3615 1502 3761 1557 nititur

2203 1591 2471 1663 gloriam,
2508 1608 2579 1647 ne
2607 1593 2762 1664 quod
2793 1594 2919 1662 ejus
2976 1591 3269 1664 peculiare
3298 1598 3405 1661 est,
3453 1591 3599 1648 solus
3623 1591 3762 1646 audiat

2206 1696 2420 1737 nomen
2449 1680 2685 1737 deitatis
2715 1680 2826 1735 sibi
2850 1679 2959 1737 soli
2984 1680 3341 1753 condignum
3371 1681 3485 1748 ;ita
3512 1687 3566 1736 et
3589 1680 3765 1736 avaritia

2206 1770 2265 1824 in
2298 1769 2395 1824 Dei
2417 1785 2479 1825 se
2509 1785 2600 1824 res
2617 1770 2895 1838 extendit,
2930 1774 2994 1824 ut
3022 1770 3073 1825 si
3104 1775 3297 1841 potest
3326 1769 3468 1838 ﬁeri,
3498 1785 3635 1823 unus
3658 1768 3765 1822 solus

2210 1863 2532 1913 creaturam
2564 1858 2693 1929 ejus
2723 1858 2835 1913 sibi
2867 1864 3133 1930 usurpet,
3166 1875 3345 1930 quam
3393 1862 3534 1913 Deus
3562 1856 3765 1913 omnibus

2211 1948 2363 2003 fecit.
2400 1946 2558 2002 Unde
2605 1947 2747 2003 dicit
2800 1948 2955 2004 Deus
3002 1965 3102 2020 per
3160 1947 3534 2020 pr0phetam:
3562 1946 3765 2001 Meumal

2210 2052 2419 2091 aurum
2446 2043 2497 2090 et
2524 2051 2706 2090 meum
2758 2039 2837 2091 est
2883 2040 3184 2106 argentum
3232 2037 3385 2108 (Agg.
3416 2052 3456 2090 ιι
3484 2035 3554 2106 9).
3588 2033 3766 2103 Utraque

2210 2125 2389 2198 igitur
2418 2125 2535 2180 Deo
2566 2129 2657 2180 est
2702 2123 2978 2193 inimica;
3017 2124 3205 2181 ambae
3233 2126 3387 2180 enim
3418 2128 3525 2179 Deo
3551 2123 3769 2193 abnegant

2212 2230 2337 2285 quae
2366 2214 2494 2283 ejus
2526 2224 2680 2269 sunt.

2281 2323 2511 2392 Propter
2537 2337 2656 2391 qum
2712 2321 2862 2375 venit
2917 2322 3005 2375 ira
3063 2321 3160 2375 Dei
3215 2322 3277 2375 in
3318 2321 3459 2391 ﬁlios
3503 2317 3773 2390 difﬁdentia.

2212 2410 2363 2479 Sive,
2395 2414 2460 2463 ut
2490 2408 2586 2463 alii
2620 2409 2845 2465 codices
2896 2409 3135 2474 habent,
3170 2426 3339 2482 super
3386 2410 3525 2480 ﬁlios
3548 2405 3775 2463 increduli-

2213 2500 2341 2554 tatis
2370 2499 2573 2570 (1'253).
2607 2497 2781 2553 Filios
2825 2497 3252 2554 incredulitatis
3297 2497 3542 2571 appellat
3577 2491 3776 2551 Sodomi-

2211 2592 2302 2643 tas
2331 2592 2389 2641 et
2419 2603 2539 2653 eos,
2570 2585 2670 2658 qui
2728 2587 2786 2641 in
2846 2586 3062 2642 diluvio
3114 2587 3430 2660 perierunt,
3473 2587 3584 2642 sive
3607 2600 3689 2639 eos
3712 2581 3779 2653 qui

2213 2674 2310 2730 Dei
2334 2674 2507 2729 verbo
2530 2673 2813 2729 increduli
2831 2674 3138 2730 fueruntin
3161 2675 3414 2731 deserto.
3440 2673 3688 2729 Malorum
3706 2685 3781 2724 me-

2214 2768 2573 2818 moratarum
2604 2779 2784 2817 causa
2811 2768 3125 2818 venturum
3151 2764 3297 2819 dicit
3317 2763 3595 2834 judicium
3623 2759 3717 2823 Dei,
3740 2762 3781 2811 ut

2212 2851 2537 2907 vindicetur
2566 2852 2625 2905 in
2658 2851 2787 2917 hos,
2822 2851 2923 2924 qui
2953 2857 3289 2925 contempto
3320 2858 3431 2909 Deo
3463 2856 3516 2908 et
3543 2851 3651 2923 lege
3676 2849 3780 2918 ejus,

2212 2940 2523 2995 interdicta
2553 2938 2719 3011 sequi
2764 2939 3112 2995 maluerunt.
3137 2940 3209 2995 Et
3236 2946 3328 2998 est
3356 2957 3557 2997 sensus
3585 2936 3659 2992 vel
3685 2934 3782 2991 ordo

2212 3030 2546 3085 verborum.
2570 3029 2650 3083 Ex
2682 3029 2990 3099 prmteritis
3015 3031 3217 3086 futura
3239 3030 3497 3087 timenda
3525 3031 3662 3088 sunt.
3687 3023 3783 3096 quia

2216 3134 2468 3190 quorum
2499 3117 2827 3172 imitatores
2850 3117 3096 3186 fueritis,
3128 3135 3334 3174 eorum
3370 3123 3515 3174 recte
3543 3121 3595 3172 et
3619 3113 3703 3170 filii
3723 3126 3785 3165 vo-

2216 3206 2514 3263 cabimini.
3030 3214 3049 3227 ί

2286 3312 2603 3385 Sequitur:
2633 3315 2697 3369 In
2744 3314 2941 3385 quibus
2990 3322 3042 3370 et
3089 3330 3182 3370 vos
3214 3315 3535 3370 ambulastis
3559 3305 3785 3382 aliquando

2216 3420 2337 3458 cum
2364 3404 2615 3458 viveretis
2644 3404 2702 3457 in
2734 3402 2851 3457 illis
2879 3407 3021 3459 Cum
3062 3408 3257 3459 autem
3293 3404 3469 3458 dixit:
3501 3418 3615 3457 cum
3639 3400 3789 3454 vivere-

2220 3494 2291 3547 tis
2321 3493 2379 3545 in
2411 3492 2551 3546 illis.
2582 3492 2839 3546 ostendit
2866 3491 2995 3547 illos
3027 3492 3127 3546 diu
3161 3491 3315 3548 male
3346 3491 3571 3557 vixisse,
3597 3492 3646 3543 et
3670 3480 3791 3557 quasi

2219 3580 2408 3635 dicat:
2444 3580 2632 3635 Nolite
2657 3597 2810 3635 nunc
2839 3580 2969 3635 Jam
3002 3580 3082 3636 ita
3110 3580 3322 3646 vivere,
3348 3597 3419 3636 ne
3442 3579 3637 3634 frustra
3655 3572 3795 3628 videa-

2224 3669 2366 3724 mini
2382 3668 3017 3734 credidisse.Quantum
3033 3669 3150 3724 illis
3167 3670 3514 3726 beneﬁcium
3528 3657 3795 3740 praestiterit

2221 3757 2410 3831 gratia
2442 3756 2535 3811 Dei
2567 3774 2668 3828 per
2694 3762 2892 3814 Jesum
2925 3758 3248 3828 Christum,
3283 3776 3395 3815 non
3436 3761 3597 3822 tacet,
3626 3755 3680 3809 ut
3701 3763 3795 3821 gm-

2220 3845 2481 3903 tulentur
2508 3846 2762 3902 evasisse
2815 3862 2876 3901 se
2898 3848 3069 3917 iram,
3095 3864 3224 3919 quae
3256 3851 3493 3902 ventura
3511 3848 3591 3899 est
3616 3837 3796 3911 repente

2223 3952 2401 4007 super
2424 3933 2689 3990 inlideles
2747 3935 2929 3990 totius
2988 3939 3174 4007 terrae,
3227 3941 3285 3991 et
3342 3934 3484 3991 tales
3514 3927 3796 3998 semetipsos

2224 4023 2544 4094 prmbeant,’
2572 4028 2636 4077 ut
2664 4039 2865 4094 parere
2896 4024 3127 4094 possint
3176 4024 3475 4096 praeceptis
3502 4022 3637 4093 ejus,
3666 4032 3694 4071 α
3715 4025 3796 4084 quo

2224 4131 2259 4168 a
2291 4116 2474 4167 morte
2504 4111 2761 4166 secunda
2790 4117 2929 4167 sunt
2961 4111 3214 4167 liberati.

2294 4224 2454 4277 Nunc
2480 4227 2666 4274 autem
2710 4220 2965 4290 deponite
3021 4224 3073 4274 ct
3121 4235 3215 4275 vos
3261 4235 3472 4277 omnem
3518 4218 3663 4279 iram,
3692 4203 3801 4264 indi-

2223 4311 2556 4381 gnationem,
2625 4309 2890 4377 malitim,
2950 4308 3366 4381 blasphemiam,
3424 4313 3623 4376 turpem
3647 4307 3800 4355 sermo-

2224 4415 2349 4453 nem
2378 4397 2442 4458 de
2470 4413 2562 4453 ore
2592 4397 2958 4453 vestro.Nunc
2981 4398 3050 4451 ab
3078 4397 3172 4452 his
3195 4397 3463 4468 prohibet
3490 4409 3606 4467 qua:
3628 4387 3802 4443 minora

2228 4492 2463 4562 peccata
2491 4486 2781 4549 videntur.
2813 4502 2885 4541 ne
2935 4486 3082 4541 forte
3113 4486 3255 4560 quia
3284 4484 3545 4558 superius
3580 4493 3689 4552 qua:
3709 4486 3802 4562 gra-

2229 4560 2389 4632 viora
2409 4579 2564 4641 sunt,
2584 4564 2989 4630 mortiﬁcanda
3007 4575 3336 4631 mandavit:
3356 4574 3473 4629 haec
3485 4560 3801 4628 admittenda.

2232 4670 2329 4722 aut
2360 4663 2527 4736 quasi
2560 4680 2667 4718 non
2701 4662 3028 4736 periculosa
3061 4681 3176 4719 non
3200 4663 3471 4737 fugienda
3500 4655 3803 4737 putarentut.

2236 4733 2840 4824 Hmcindisciplinatio
2869 4768 2969 4806 nec
2990 4751 3128 4807 filiis
3149 4733 3453 4808 hominum
3475 4750 3609 4805 bene
3635 4733 3804 4799 ndoctis

2233 4842 2535 4898 convenit:
2573 4846 2790 4912 quanto
2824 4842 3011 4913 magis
3043 4841 3183 4897 filiis
3215 4843 3313 4898 Dei
3340 4844 3363 4897 Ρ

2301 4951 2474 5006 Nolite
2504 4950 2732 5005 mentiri
2760 4950 3011 5005 invicem.
3045 4949 3173 5004 Non
3201 4949 3356 5005 enim
3387 4945 3597 5020 oportet
3623 4927 3806 5020 mentiri

2233 5040 2383 5096 filios
2413 5037 2693 5105 veritatis,
2745 5054 2879 5093 cum
2911 5055 3083 5094 omne
3133 5018 3495 5094 mendacium
3537 5032 3602 5088 de
3626 5018 3808 5084 diabolo

2232 5131 2327 5198 sit,
2360 5129 2459 5201 qui
2490 5126 2783 5184 homicida
2813 5126 2923 5184 luit
2973 5127 3044 5183 ab
3078 5127 3265 5200 initio,
3311 5131 3367 5182 et
3396 5125 3454 5181 in
3481 5119 3699 5178 veritate
3722 5122 3809 5167 non

2233 5220 2411 5282 stetit,

2302 5325 2613 5397 Sequitur:
2646 5323 3023 5396 Exspatiantes
3052 5340 3143 5379 vos
3170 5328 3396 5380 veterem
3442 5317 3690 5376 hominem
3712 5317 3805 5360 cum

2229 5450 2287 5505 in
2348 5448 2610 5504 versione
2669 5447 3029 5503 incredulitas
3093 5447 3300 5502 reddita
3356 5453 3469 5509 est;
3524 5422 3802 5509 facile

2230 5522 2362 5576 licet
2387 5521 2495 5575 fuit
2520 5536 2700 5574 unum
2725 5536 2827 5589 pro
2851 5518 3029 5574 altero
3052 5517 3244 5575 Graece
3266 5494 3527 5579 scribere,
3550 5521 3667 5566 cum
3686 5494 3802 5556 dim‘

2230 5593 2428 5649 dcntia
2458 5590 2674 5645 ἀπιστία
2702 5591 2894 5647 Graece
2918 5590 3227 5647 scribatur.
