4014 6174
234 281 352 345 633
801 248 1212 355 Exposmo
1258 294 1336 355 1N
1382 292 1806 355 EPISTULAS

2062 292 2321 355 1.-1Ν·
2361 294 2606 357 EPIST.
2653 294 2756 355 AD
2802 290 3115 355 comss.
3486 251 3642 346 est

237 417 443 478 actibus
470 421 607 487 suis,
638 430 691 478 et
719 422 932 479 induite
959 425 1142 497 (1254)
1171 443 1398 495 novum,
1429 444 1574 490 eum,
1597 430 1693 499 qui
1720 443 1878 483 reno-
1907 429 1964 495 Α
1994 427 2104 483 sub
2135 429 2526 498 septentrione
2555 427 2871 501 frigoribus
2902 424 3122 498 rigens,
3153 421 3415 478 moribus
3440 419 3649 477 barba-

233 510 398 561 vatur
425 510 487 563 in
515 512 801 581 agnitione
823 514 938 576 Dei,
959 515 1261 570 secundum
1288 518 1591 587 imaginem
1620 518 1759 587 ejus,
1792 533 1887 588 qui
1998 533 2081 572 ra.
2114 521 2246 571 Haec
2276 533 2343 571 ex
2373 534 2549 575 causa
2577 516 2821 589 Scythas
2852 515 3034 571 fertur
3060 530 3188 570 esse
3216 516 3469 568 vocatos.

235 597 449 652 creavit
481 615 629 654 eum.
655 604 795 655 Tam
846 601 1018 657 verbo
1072 620 1249 675 quam
1291 613 1446 671 actu,
1491 605 1560 660 ad
1611 605 1891 677 Ephesios
2072 605 2347 676 Sequitur
2377 623 2391 661 :
2423 606 2633 661 Induite
2659 622 2784 675 ergo
2813 621 2904 661 vos
2952 606 3091 659 sicut
3130 604 3286 659 electi
3312 603 3411 657 Dei
3439 598 3644 673 (1255),

237 704 470 759 quoque
500 690 760 760 apertius
799 690 949 746 hanc
994 692 1309 766 imaginem
1360 696 1701 763 nominavit,
1734 694 1890 751 scili-
1999 711 2207 750 viscera
2235 696 2655 752 misericordiae.
2692 696 3101 765 benignitatem,
3131 693 3642 755 humilitatem,mo-

236 782 326 831 cet
355 775 486 832 aliis
518 779 708 835 verbis
741 780 1001 850 idipsum
1052 783 1392 855 praecipiens
1439 801 1451 838 :
1503 785 1893 856 Exspeliantes
2002 786 2727 858 destiam,patientiam.lsta
2754 784 2908 840 enim
2940 783 3366 853 habere,atque
3387 777 3657 851 implere,

234 880 345 931 vos,
379 866 593 937 inquit,
624 877 861 923 veterem
890 870 1168 926 hominem
1213 889 1338 927 cum
1384 875 1597 929 actibus
1635 876 1773 944 ejus,
1808 876 1895 929 in-
2005 882 2092 932 est
2119 878 2406 948 deponere
2434 878 2686 930 veterem
2719 873 3015 929 hominem
3067 889 3201 927 cum
3250 869 3477 925 actibus
3509 867 3655 932 suis,

236 954 388 1010 duite
441 971 667 1021 novum,
717 958 814 1028 qui
856 965 1155 1016 renovatur
1202 963 1262 1016 in
1305 964 1590 1034 agnitione
1639 965 1757 1031 Dei,
1805 979 1897 1018 se-
2006 970 2063 1021 et
2122 966 2361 1021 induere
2417 980 2653 1029 novum,
2687 978 2846 1024 eum.
2879 963 2977 1035 qui
3011 965 3321 1017 renovatur
3366 959 3426 1013 in
3490 955 3655 1028 agni-

236 1044 479 1098 cundum
510 1047 809 1116 imaginem
834 1050 971 1121 eius,
1003 1053 1103 1121 qui
1130 1054 1343 1107 creavit
1390 1069 1516 1108 eum
1561 1054 1694 1125 (Col.
1729 1071 1814 1120 III,
1838 1054 1893 1121 9,
2005 1055 2181 1122 tione,
2214 1054 2535 1110 secundum
2567 1052 2884 1124 imaginem
2915 1052 3063 1121 ejus,
3093 1050 3192 1121 qui
3237 1048 3451 1104 creavit
3497 1062 3658 1102 eum.

241 1132 348 1201 10).
383 1132 544 1197 Quod
584 1150 719 1208 ergo
757 1137 838 1193 ibi
866 1138 1100 1212 legitur,
1134 1141 1346 1198 induite
1371 1159 1571 1197 novum
1600 1144 1897 1209 hominem,
2005 1144 2089 1198 Ad
2119 1143 2241 1198 hec
2272 1160 2369 1198 eos
2402 1142 2660 1197 facienda
2694 1141 2979 1205 hortatur,
3013 1155 3138 1210 qua:
3168 1137 3443 1192 meritum
3477 1133 3663 1189 collo-

238 1225 334 1294 qui
362 1223 660 1279 secundum
690 1228 862 1282 Deum
887 1233 1108 1285 creatus
1158 1238 1255 1296 est,
1306 1231 1414 1286 hoc
1464 1232 1576 1287 isto
1632 1231 1775 1295 loco,
1807 1234 1897 1286 in-
2008 1237 2143 1289 cant
2172 1233 2325 1304 apud
2356 1232 2560 1287 Deum.
2581 1236 2629 1285 A
2652 1230 2905 1301 peccatis
2936 1234 3132 1283 autem
3163 1225 3454 1282 abstinere
3481 1224 3663 1278 timor

236 1311 388 1367 duite
414 1329 617 1368 novum
647 1314 948 1386 hominem,
981 1321 1082 1389 qui
1109 1323 1734 1376 renovatursecundum
1753 1325 1898 1376 ima-
2009 1322 2418 1377 facitzveretur
2438 1320 2593 1375 enim
2624 1336 2697 1374 ne
2726 1318 2882 1374 mala
2902 1316 3119 1373 faciens
3143 1314 3327 1388 pmnis
3351 1313 3657 1369 subdatur.

235 1401 421 1469 ginem
447 1402 585 1473 ejus,
618 1405 716 1475 qui
742 1408 946 1461 creavit
977 1408 1215 1463 eum.lbi
1256 1414 1450 1464 autem
1488 1410 1589 1475 ait,
1631 1410 1901 1465 scundum
2008 1412 2137 1466 Hac
2168 1416 2519 1483 autem,quae
2544 1425 2698 1464 nunc
2721 1407 2986 1464 facienda
3007 1405 3301 1470 monet,ad
3334 1403 3659 1474 profectum

237 1490 444 1555 Deum;
517 1490 611 1546 hic
676 1510 834 1561 vero,
885 1496 1182 1551 semiudum
1244 1500 1544 1569 imaginem
1598 1500 1737 1569 ejus,
1805 1500 1902 1570 qui
2010 1499 2302 1572 pertinent
2332 1498 2671 1554 meritorum
2704 1515 2718 1553 :
2752 1514 2822 1553 ex
2847 1495 3145 1552 voluntate
3175 1492 3332 1549 enim
3354 1492 3656 1554 ﬁunt,non

239 1580 446 1634 creavit
472 1595 616 1635 eum.
651 1585 761 1637 Pro
793 1599 860 1638 eo
888 1601 1047 1655 vero,
1079 1586 1236 1657 quod
1266 1585 1347 1643 ibi
1381 1587 1600 1658 posuit,
1630 1590 1692 1641 in
1719 1589 1899 1660 justi-
2010 1605 2079 1644 ex
2107 1588 2587 1652 necessitate.0ui
2609 1604 2745 1659 ergo
2766 1587 2837 1642 ab
2863 1584 3087 1640 illicitis
3116 1601 3179 1639 se
3209 1578 3665 1647 abstinet,habet

235 1668 314 1722 tia
345 1672 401 1723 et
427 1672 717 1726 sanctitate
744 1674 1026 1741 veritatis;
1078 1674 1188 1730 hoc
1236 1676 1433 1747 posuit
1474 1676 1571 1732 hic
1620 1678 1683 1732 in
1728 1679 1903 1750 agni-
2010 1678 2279 1745 laudem;
2313 1678 2413 1749 qui
2444 1694 2579 1750 vero
2610 1694 2644 1732 a
2673 1675 2848 1731 licitis
2876 1677 3183 1746 temperat,
3212 1675 3269 1728 et
3297 1670 3532 1726 laudem
3563 1668 3660 1722 ha-

237 1756 531 1869 tionerDei.
592 1759 711 1869 Fit)
737 1777 897 1869 erg:
928 1763 1041 1819 ista
1098 1765 1418 1869 renovatio,
1453 1748 1901 1836 reformatioque
1931 1804 1979 1869 B
2010 1770 2126 1835 bet,
2160 1773 2218 1823 et
2249 1748 2577 1838 praemium.

238 1845 472 1915 mentis,
496 1849 821 1905 secundum
854 1851 1039 1907 Deum
1089 1853 1179 1908 vel
1223 1855 1546 1909 secundum
1580 1854 1899 1927 imaginem
1932 1845 1979 1869 "
2080 1856 2474 1925 Supportantes
2503 1856 2753 1918 invicem,
2787 1851 3049 1925 exemplo
3093 1849 3329 1913 Christi,
3361 1847 3461 1920 qui
3492 1846 3662 1901 infir-

237 1932 360 1989 Dei.
412 1936 520 1991 Sed
570 1938 697 1993 ideo
746 1940 962 1996 dicitur
1007 1942 1307 1997 secundum
1359 1945 1554 2010 Deum,
1586 1961 1658 2000 ne
1687 1961 1900 1999 secun-
2010 1946 2247 2002 mitates
2277 1950 2505 2001 nostras
2530 1944 2791 2016 portavit,
2807 1947 2929 1998 tam
2960 1939 3253 2014 spiritales
3282 1954 3460 2010 quam
3482 1935 3658 1991 etiam

235 2022 371 2077 dam
404 2024 580 2080 aliam
611 2032 940 2084 creaturam
972 2030 1093 2085 fieri
1128 2036 1400 2102 putetur;
1434 2034 1564 2088 ideo
1605 2034 1902 2089 secundum
2010 2033 2358 2107 corporales.
2392 2037 2468 2090 Et
2493 2034 2758 2089 donantes
2786 2030 3202 2101 vobismetipsis,
3235 2028 3293 2083 id
3324 2030 3432 2092 est,
3459 2023 3655 2080 indul-

235 2113 540 2184 imaginem
588 2117 703 2182 Dei,
754 2122 820 2172 ut
865 2118 925 2173 in
974 2136 1043 2174 ea
1092 2136 1153 2175 re
1195 2120 1560 2187 intelligatur
1610 2122 1734 2177 fieri
1778 2122 1901 2177 haec
2009 2128 2230 2195 gentes,
2259 2128 2317 2179 et
2347 2123 2704 2179 dimittentes
2733 2121 3100 2185 alterutrum,
3132 2118 3285 2173 sicut
3312 2119 3368 2171 et
3390 2113 3659 2170 Christus

238 2204 554 2268 renovatio,
604 2206 705 2260 ubi
753 2211 843 2263 est
891 2208 1084 2281 imago
1134 2209 1257 2276 Dei,
1310 2210 1368 2264 id
1420 2215 1532 2274 est,
1577 2211 1637 2266 in
1681 2216 1896 2267 mente.
2008 2212 2281 2268 omnibus
2310 2212 2576 2278 indulsit,
2607 2210 2785 2266 etiam
2815 2212 2873 2265 et
2906 2205 3375 2279 persecutoribus
3406 2202 3550 2259 suis.

243 2292 747 2357 Quemadmodum
803 2297 1058 2353 dicimus
1088 2299 1413 2354 secundum
1446 2316 1680 2371 corpus,
1742 2318 1897 2357 mor-
2077 2303 2146 2357 Si
2172 2304 2293 2374 quis
2323 2300 2585 2357 adversus
2616 2301 2856 2370 aliquem
2884 2297 3043 2352 habet
3072 2294 3368 2367 querelam,
3412 2294 3555 2351 sicut
3609 2294 3663 2347 et

241 2385 554 2451 tuum,non
584 2386 906 2441 secundum
936 2387 1351 2460 spiritum,qui
1385 2389 1456 2443 de
1485 2405 1724 2461 corpore
1757 2391 1898 2446 ﬁde-
2008 2393 2268 2447 Dominus
2294 2391 2521 2448 donavit
2548 2391 2717 2445 vobis.
2749 2389 2826 2442 Ac
2858 2387 2907 2442 si
2938 2386 3093 2441 dicat
3126 2401 3139 2439 :
3169 2384 3227 2440 Si
3257 2381 3353 2438 ille
3373 2381 3662 2453 indulget,

242 2468 316 2525 lis
344 2475 403 2526 et
423 2472 625 2541 justus
657 2474 938 2529 abscedit.
985 2476 1131 2539 Quid
1181 2476 1337 2531 enim
1386 2477 1638 2533 dicimus
1689 2495 1899 2534 secun-
2010 2480 2110 2553 qui
2141 2485 2330 2552 potest
2357 2479 2673 2547 vindicare,
2706 2481 2762 2533 et
2791 2476 2996 2548 parcit,
3044 2474 3103 2529 in
3146 2490 3262 2545 quo
3310 2488 3426 2526 non
3474 2474 3667 2540 potest

242 2560 384 2615 dum
415 2567 976 2633 corpus,mortuum,
996 2564 1111 2620 nisi
1146 2581 1405 2637 corpore,
1430 2566 1518 2622 vel
1548 2567 1607 2621 in
1638 2584 1896 2640 corpore,
2007 2569 2251 2624 inveniri
2285 2572 2582 2640 peccatum
2608 2585 2622 2635 ;
2655 2570 2876 2637 quanto
2901 2564 3088 2635 magis
3112 2579 3237 2629 vos,
3271 2560 3371 2633 qui
3397 2575 3512 2615 non
3553 2575 3661 2631 po-

240 2666 357 2705 non
389 2650 604 2717 anima,
637 2651 724 2706 vel
756 2652 816 2707 in
844 2654 1042 2708 anima
1076 2656 1414 2710 mortuum?
1460 2657 1611 2712 Sane
1655 2658 1769 2713 ista
1807 2674 1895 2712 re-
2006 2658 2172 2713 testis
2200 2658 2388 2712 vivere
2420 2657 2544 2711 sine
2576 2644 3095 2727 peccato,quorum
3125 2650 3384 2707 vindicta
3403 2653 3506 2704 aut
3527 2664 3658 2719 par-

240 2738 471 2794 novatio
504 2756 617 2794 non
650 2745 945 2797 momento
990 2759 1105 2798 uno
1158 2744 1224 2798 fit
1271 2744 1460 2816 ipsius
1507 2745 1895 2802 conversatio-
2006 2764 2077 2802 va
2108 2752 2211 2803 aut
2240 2746 2401 2801 nulla
2429 2746 2559 2802 est?
2592 2745 2781 2800 Nolite
2811 2759 2948 2814 ergo
2979 2741 3206 2813 exigere
3253 2755 3431 2811 parva
3461 2755 3495 2793 a
3523 2753 3687 2792 con-'

241 2827 356 2895 nis,
389 2830 542 2883 sicut
591 2834 886 2885 momento
917 2847 1032 2886 uno
1064 2832 1131 2886 ﬁt
1168 2832 1270 2888 illa
1298 2834 1357 2887 in
1389 2834 1684 2905 baptismo
1724 2852 1898 2891 reno-
2008 2837 2208 2903 servis,
2244 2853 2314 2891 ne
2342 2835 2505 2890 vobis
2560 2832 2787 2888 indulta
2833 2831 3018 2887 multa
3065 2828 3283 2902 peccati
3333 2827 3529 2883 debita
3575 2842 3661 2881 re-

242 2916 418 2986 vatio,
479 2918 822 2978 remissione
874 2921 1140 2975 omnium
1186 2927 1582 2992 peccatorum.
1643 2923 1702 2979 Si
1760 2940 1896 2996 ergo
2008 2926 2340 2998 quirantur.

235 3004 508 3077 spiritum
558 3006 773 3065 mentis
837 3012 1047 3063 nostra:
1100 3025 1478 3075 renovamus,
1532 3017 1590 3065 et
1634 3011 1761 3081 ipse
1808 3017 1899 3066 est
2078 3013 2251 3083 Super
2279 3014 2467 3069 omnia
2495 3020 2678 3067 autem
2698 3010 2812 3065 haec
2836 3009 3166 3064 charitatem
3211 3007 3488 3061 habentes.
3516 3003 3663 3067 Quia

234 3111 422 3150 novus
453 3095 646 3163 homo,
672 3095 773 3167 qui
804 3100 1114 3151 renovatur
1142 3097 1201 3151 in
1234 3098 1528 3169 agnitione
1558 3100 1891 3166 Dei,secun-
1934 3167 1959 3170 ι
2004 3103 2160 3158 enim
2193 3101 2450 3157 omnium
2480 3101 2669 3170 major
2691 3103 2780 3153 est
2810 3097 3087 3163 charitas,
3118 3095 3255 3151 huic
3294 3092 3484 3164 magis
3530 3096 3654 3153 stu,-

233 3183 377 3239 dum
408 3183 721 3256 imaginem
762 3186 913 3255 ejus,
940 3202 943 3207 ‘
966 3186 1065 3257 qui
1114 3186 1327 3242 creavit
1377 3204 1535 3253 eum,
1586 3188 1733 3243 nulli
1779 3190 1887 3244 du-
1919 3167 1962 3233 (ἶ
2005 3191 2261 3246 dendum
2293 3189 2751 3244 hortatur.Tunc
2782 3187 2937 3242 enim
2969 3184 3324 3255 omnia,qua3
3346 3198 3525 3252 supra
3546 3195 3662 3236 ser'

231 3272 397 3328 bium
428 3279 538 3341 est,
572 3290 688 3328 non
720 3275 1048 3330 secundum
1079 3292 1311 3347 corpus,
1346 3293 1534 3347 neque
1568 3279 1895 3334 secundum
2004 3280 2195 3335 vanda
2225 3279 2543 3343 mandavit,
2575 3277 2646 3332 ad
2677 3276 2948 3332 effectum
2980 3274 3354 3347 praemiorum
3384 3274 3661 3343 poterunt

229 3360 558 3433 quamlibet
584 3362 795 3418 animae
819 3366 1170 3434 partem,sed
1195 3365 1521 3421 secundum
1546 3367 1895 3424 rationalem
2005 3367 2233 3434 deduci,
2267 3366 2317 3422 si
2349 3367 2495 3422 duce
2543 3365 2823 3421 charitate
2854 3364 2961 3419 iter
2989 3361 3294 3418 ambulent
3326 3360 3490 3433 legis.
3518 3358 3665 3413 Tota

230 3454 514 3516 mentem,
563 3449 665 3505 ubi
712 3454 905 3523 potest
960 3468 1089 3520 esse
1137 3454 1359 3525 agnitio
1418 3454 1537 3518 Dei,
1595 3455 1895 3513 hominem
2003 3456 2159 3513 enim
2179 3461 2370 3512 mente
2391 3453 2791 3527 cperatur,qui
2815 3454 2885 3508 de
2909 3468 3106 3507 amore
3127 3449 3350 3520 aliquid
3373 3447 3655 3519 facit.Hy-

230 3540 454 3594 factum
486 3540 557 3594 ad
588 3540 906 3612 imaginem
938 3542 1085 3613 ejus,
1123 3542 1220 3613 qui
1264 3543 1479 3598 creavit
1510 3546 1893 3601 eum.Secun-
2007 3546 2251 3619 pocrisis
2278 3552 2336 3602 et
2357 3544 2655 3601 simulatio
2673 3561 2787 3599 non
2809 3547 2897 3599 est
2929 3542 2985 3603 in
3010 3538 3473 3609 charitate,sicut
3492 3536 3665 3592 Joan-

228 3629 376 3684 dum
432 3627 583 3683 hanc
632 3633 826 3684 autem
877 3630 1313 3687 renovationem
1375 3633 1668 3689 efﬁcimur
1718 3634 1895 3691 etiam
2008 3654 2111 3693 nes
2141 3637 2222 3691 ait
2253 3653 2266 3692 :
2303 3637 2504 3701 Timor,
2538 3633 2752 3705 inquit.
2781 3648 2893 3687 non
2922 3636 3005 3688 est
3028 3632 3089 3685 in
3117 3630 3383 3685 charitate
3430 3628 3481 3698 (Ι
3503 3628 3639 3683 Joan

229 3716 363 3773 Filii
392 3716 490 3773 Dei
522 3732 625 3788 per
652 3718 1016 3789 baptismum
1049 3718 1286 3784 Christi,
1337 3726 1394 3775 et
1441 3722 1753 3778 induentes
1793 3741 1895 3779 no-
2008 3744 2084 3793 1v,
2116 3726 2202 3795 18)
2238 3743 2250 3780 :
2288 3724 2384 3797 qui
2418 3723 2574 3779 enim
2604 3724 2772 3777 timet
2798 3722 3086 3794 perfectus
3109 3736 3223 3774 non
3254 3722 3371 3785 est;
3405 3716 3660 3788 perfecta

226 3822 368 3861 vum
421 3806 742 3874 hominem,
803 3807 1102 3862 Christum
1174 3808 1377 3878 utique
1432 3810 1737 3866 induimus
1796 3829 1899 3884 per
2006 3816 2162 3870 enim
2185 3812 2413 3868 dilectio
2440 3814 2592 3867 foras
2617 3810 2793 3865 mittit
2818 3807 3277 3863 timorem.Unde
3298 3804 3660 3860 etDominus

227 3895 431 3952 ﬁdem.
465 3895 607 3961 Quis
637 3900 728 3951 est
756 3912 914 3967 ergo,
946 3896 1047 3966 qui
1079 3897 1151 3951 ab
1185 3897 1294 3951 hoc
1325 3900 1619 3954 consortio
1648 3900 1897 3957 feminas
2006 3901 2190 3956 amari
2217 3918 2277 3955 se
2310 3899 2536 3967 maluit,
2569 3915 2744 3968 quam
2770 3897 2984 3951 timeri.
3018 3895 3147 3953 Haec
3183 3899 3272 3949 est
3317 3892 3495 3957 enini,
3528 3909 3657 3962 quze

228 3983 480 4052 alienas,
513 4000 647 4039 cum
681 3984 803 4039 sint
843 3984 1153 4039 nobiscum
1202 3987 1395 4056 gratia
1442 3986 1791 4055 cohaeredes,
1843 3995 1901 4045 et
2007 3989 2415 4061 complectitur
2443 3988 2759 4051 unitatem;
2791 3986 2911 4039 haec
2938 4000 3064 4050 quae
3094 3998 3297 4036 omnes
3330 3997 3515 4036 unum
3537 3995 3659 4034 cor-

225 4072 350 4128 alio
381 4072 507 4128 loco
536 4071 694 4129 idem
728 4071 1045 4145 Apostolus
1096 4072 1250 4128 dicat
1282 4091 1295 4129 :
1326 4073 1525 4130 Omnes
1571 4079 1721 4132 enim
1767 4080 1902 4144 Filii
2008 4096 2118 4153 pus
2150 4077 2319 4141 facit;
2346 4077 2467 4131 haec
2497 4080 2606 4143 est,
2639 4092 2765 4147 quae
2795 4089 2991 4129 veram
3023 4072 3199 4127 habet
3229 4085 3451 4142 pacem,
3479 4084 3658 4140 quam

222 4165 337 4219 Dei
364 4164 491 4218 estis
518 4178 615 4234 per
643 4161 810 4233 [idem
845 4164 906 4217 in
934 4162 1152 4218 Christo
1198 4164 1344 4219 Jesu.
1398 4165 1720 4237 Quicunque
1749 4171 1899 4225 enim
2007 4169 2180 4225 corde
2207 4183 2356 4240 puro
2385 4164 2657 4220 custodit.
2693 4163 2884 4218 Potest
2929 4160 3086 4217 enim
3136 4176 3248 4232 pax
3286 4157 3422 4224 dici,
3457 4161 3514 4211 et
3541 4173 3679 4211 non‘

226 4253 294 4307 in
340 4252 556 4308 Christo
613 4252 879 4323 baptizati
925 4253 1079 4317 estis,
1133 4253 1415 4308 Christum
1457 4255 1732 4312 induistis.
1780 4261 1898 4314 Non
2006 4257 2221 4314 habere
2271 4255 2637 4310 charitatem.
2669 4251 2934 4308 Charitas
2980 4249 3137 4305 enim
3182 4263 3413 4320 semper
3454 4263 3653 4302 secum

220 4348 309 4399 est
358 4341 607 4419 Iudaeus,
650 4357 826 4413 neque
904 4340 1143 4408 Graecus,
1198 4358 1309 4397 non
1366 4347 1448 4398 est
1494 4359 1680 4400 servus
1726 4364 1900 4419 neque
2005 4346 2182 4403 habet
2206 4361 2427 4418 pacem.

225 4432 378 4487 liber
409 4448 428 4485 :
459 4418 571 4487 non
597 4438 681 4485 est
702 4428 961 4485 maculas
1006 4446 1183 4503 neque
1227 4433 1459 4502 femina.
1512 4433 1713 4489 Omnes
1749 4418 1897 4493 enim
2080 4435 2228 4505 Quod
2259 4443 2337 4490 est
2360 4432 2645 4489 vinculum
2671 4431 3043 4501 perfectionis.
3094 4425 3468 4483 Perfectionis
3499 4426 3656 4481 enim

222 4537 326 4578 vos
372 4536 549 4576 unum
599 4521 732 4575 estis
779 4521 841 4574 in
893 4519 1104 4576 Christo
1149 4522 1316 4577 Iesu?
1357 4520 1504 4592 (Gal.
1537 4539 1625 4590 ιιι,
1655 4526 1745 4591 26,
1776 4526 1890 4600 27.)
1922 4530 1970 4595 D
2000 4523 2300 4583 vinculum
2326 4520 2581 4579 charitas
2614 4519 2857 4585 dicitur;
2889 4517 3028 4589 quia
3048 4533 3221 4573 omne
3253 4514 3656 4586 bonum,quod

221 4608 652 4682 Nunquidnam
682 4607 861 4680 igitur
888 4608 1092 4665 fideles
1123 4609 1354 4665 feminae
1384 4627 1586 4668 sexum
1633 4616 1892 4687 corporis
2003 4615 2215 4688 agitur,
2247 4612 2526 4667 nimirum
2559 4626 2661 4681 per
2691 4608 2955 4674 illam,ne
2976 4605 3453 4678 pereat,ligatur:
3476 4621 3510 4658 a
3531 4609 3657 4688 teni

228 4696 604 4756 amiserunt?
652 4697 764 4752 Sed
812 4697 955 4768 quia
996 4697 1077 4752 ibi
1128 4703 1438 4755 renovatur
1467 4701 1539 4756 ad
1569 4685 1888 4775 imaginem
1997 4685 2184 4760 tatore
2215 4717 2471 4771 namque
2500 4698 2695 4761 citius,
2719 4702 2775 4752 et
2804 4696 3107 4767 quodlibet
3132 4712 3280 4767 opus
3311 4685 3657 4760 evellitur,si

226 4787 359 4858 Dei,
390 4786 491 4842 ubi
523 4802 699 4842 sexus
730 4784 929 4841 nullus
958 4791 1068 4856 est,
1101 4786 1209 4842 hoc
1238 4792 1346 4853 est,
1377 4787 1437 4843 in
1471 4789 1681 4862 spiritu
1724 4809 1891 4847 men-
2005 4794 2264 4850 solutum
2296 4809 2328 4846 a
2357 4787 2590 4844 vinculo
2637 4786 2938 4841 charitatis
2992 4786 3304 4843 invenitur.
3342 4784 3403 4839 Si
3460 4788 3658 4839 autem

220 4879 309 4935 iis
340 4893 480 4933 81m-
2005 4899 2194 4946 mens,
2228 4879 2328 4936 Dei
2354 4895 2419 4933 ac
2449 4875 2698 4949 proximi
2728 4874 3036 4931 dilectione
3066 4873 3506 4946 constringitur,
3522 4888 3655 4926 cum

309 4967 409 5025 Ubi
458 4981 570 5021 non
618 4970 700 5020 est
746 4964 986 5033 gentilis,
1037 4972 1097 5019 et
1135 4966 1379 5030 Iudaeus,
1432 4967 1797 5036 circumcisio,
1844 4965 1898 5027 et
2002 4970 2393 5028 tentationum
2415 4969 2611 5021 motus
2648 4964 2915 5035 quaelibet
2933 4966 2984 5021 ei
3005 4964 3226 5037 injuste
3258 4959 3663 5035 suggesserint

220 5060 598 5131 przputium,
629 5054 930 5119 Barbarus,
961 5056 1013 5108 et
1041 5052 1259 5125 Scytha,
1292 5071 1501 5125 servus,
1533 5060 1587 5111 et
1615 5058 1777 5125 liber,
1801 5061 1897 5117 sed
2006 5062 2231 5118 obicem
2265 5074 2328 5113 se
2354 5056 2474 5111 illis
2507 5056 2636 5126 ipsa
2668 5054 2901 5109 dilectio
2932 5055 3191 5127 opponit,
3246 5058 3302 5108 et
3336 5051 3662 5120 persuasio-

229 5162 446 5215 omma,
476 5152 529 5200 et
556 5145 622 5199 in
649 5144 907 5200 omnibus
938 5142 1203 5198 Christus.
1225 5146 1305 5198 Ac
1333 5143 1383 5199 si
1406 5148 1673 5215 patenter
1701 5146 1891 5205 dicat:
2006 5150 2121 5215 nis,
2153 5147 2344 5204 undas
2373 5145 2660 5200 virtutum
2695 5143 2883 5212 ostiis,
2923 5161 2989 5200 ac
3035 5148 3191 5199 vecte
3221 5140 3413 5196 intimi
3443 5138 3661 5196 amoris
3686 5220 3689 5221 ν

226 5235 406 5307 Apud
437 5234 619 5290 Deum
677 5248 793 5288 non
830 5232 1175 5304 prejudicat
1225 5248 1424 5303 sexus,
1473 5234 1561 5289 vel
1612 5237 1892 5294 conditio»
2006 5238 2240 5310 frangit.

230 5306 340 5382 aut
369 5338 579 5395 genus,
607 5318 695 5377 vel
725 5320 1041 5393 provincia,
1073 5320 1175 5377 sed
1205 5320 1329 5377 sola
1359 5324 1719 5381 conversatio
1759 5342 1893 5382 cum
1992 5390 1999 5397 ο
2075 5306 2166 5382 Εἰ*
2182 5341 2295 5395 pax
2334 5323 2537 5378 Christi
2577 5322 2812 5379 exsultet
2857 5323 2918 5376 in
2960 5306 3216 5376 cordibus
3269 5318 3485 5374 vestris.
3541 5317 3659 5375 Pax

233 5413 356 5470 ﬁde
384 5416 541 5468 recta
569 5408 910 5481 requiritur.
942 5409 1171 5483 Scythia
1211 5415 1301 5466 est
1348 5411 1645 5479 provincia
1674 5420 1897 5473 remota
2006 5414 2218 5472 Christi
2248 5412 2383 5469 talis
2413 5410 2761 5484 est,qualem
2791 5410 2889 5465 ille
2916 5408 3119 5464 habuit
3148 5423 3280 5463 cum
3313 5406 3525 5481 seipso,
3560 5408 3659 5480 qui

307 5517 706 5595 (1254)Cod3x
734 5518 934 5587 noster
980 5531 1115 5571 cum
1148 5516 1590 5595 Ambrosiastro
1640 5523 1893 5589 induite;
2077 5522 2260 5595 (1255)
2288 5522 2495 5589 Sancti,
2528 5528 2580 5577 et
2604 5520 2795 5577 dilecti
2821 5518 3062 5588 insuper
3090 5516 3309 5575 habent
3356 5517 3481 5575 alia:
3529 5515 3651 5573 lec-

237 5587 417 5665 Vulg.
449 5587 584 5647 cum
618 5588 983 5661 Hieronymo,
1017 5603 1119 5645 seu
1148 5587 1377 5662 Pelagio
1410 5590 1713 5649 induentes.
1872 5587 1879 5589 ⁷
2006 5587 2212 5657 tiones.
2242 5587 2253 5595 ’
2280 5672 2288 5680 ν
2484 5587 2489 5589 ⁷
2964 5587 2977 5588 ί
3588 5596 3593 5601 “
