4020 6178
510 330 630 388 643

1526 327 1860 388 ATTONIS
1908 326 2491 387 VERCELLENSIS
2540 327 2886 388 EPlSGOPI

3713 338 3799 397 6H

504 475 621 515 rem
647 475 744 529 pro
774 459 937 523 vobis,
974 457 1126 513 sicut
1156 464 1213 513 et
1242 460 1310 513 de
1343 476 1404 514 se
1432 461 1861 530 testatur,quod
1892 460 1950 513 in
1981 459 2146 514 laboc
2174 464 2229 525 Α
2258 460 2317 513 in
2351 460 2764 515 Laodicensium
2788 463 3045 516 Ecclesila
3067 463 3297 531 legatur,
3317 470 3366 517 et
3390 479 3519 531 eam,
3546 481 3646 536 qua:
3665 469 3801 525 Laodi-

508 547 670 602 ribus
687 547 908 601 multus
930 547 1202 602 fuerit.Ut
1224 547 1500 603 sollicitos
1518 565 1614 603 eos
1635 549 2005 603 salutationis
2028 566 2144 603 sua:

506 637 700 697 faciat,
735 637 981 691 aliorum
1016 636 1313 706 vigilantia
1331 642 1550 707 quanta
1580 637 1654 690 sit
1683 655 1783 708 pro
1817 638 1925 701 his,
1960 643 2145 692 osten-

502 725 610 783 dit.
643 710 953 780 Sdllicitior
977 725 1133 779 enim
1165 726 1296 796 quis
1326 725 1588 797 sit,puto,
1620 728 1851 796 quando
1877 727 1935 781 in
1968 742 2145 781 causa

505 831 612 869 sua
637 814 885 869 alterum
917 814 1122 867 viderit
1146 814 1364 869 labore.

571 906 645 958 Et
674 902 838 958 dicite
868 904 1132 974 Archippo
1153 921 1171 956 :
1209 904 1346 958 Vide
1376 905 1911 974 ministerium,quod
1941 906 2143 975 accepi-

505 994 577 1046 sti
607 995 668 1046 in
700 994 946 1061 Domino,
978 998 1038 1045 ut
1072 992 1214 1046 illud
1271 995 1525 1062 impleas.
1564 994 1724 1058 Quod
1755 998 1844 1048 est
1875 993 2137 1048 ministe-

499 1080 832 1152 rium,quocl
868 1081 1198 1151 Archippus
1224 1083 1443 1151 accepit
1468 1099 1501 1137 a
1531 1082 1776 1137 Domino
1807 1083 1875 1136 ad
1912 1081 2138 1152 plebem

497 1169 768 1241 Legimus
799 1168 908 1224 alio
942 1170 1065 1224 loco
1097 1186 1110 1222 :
1144 1171 1209 1223 Et
1239 1170 1506 1242 Archippo
1550 1172 1909 1225 commilitoni
1936 1180 2138 1239 nostro,

498 1263 554 1314 et
582 1259 854 1325 Ecclesiae,
887 1274 1012 1330 qum
1042 1260 1100 1313 in
1150 1261 1313 1340 domo
1365 1264 1459 1314 tua
1515 1268 1595 1314 est
1650 1260 1903 1330 (Philem.
1936 1261 1991 1332 2)
2023 1280 2041 1315 :
2073 1277 2140 1315 ex

500 1363 614 1418 quo
646 1353 922 1418 putamus
953 1353 1055 1402 aut
1085 1348 1422 1420 episcopum
1471 1342 1602 1403 eum
1638 1349 1817 1405 fuisse
1875 1348 2138 1404 Ecclesiae

492 1435 871 1505 Colossensis,
904 1437 997 1491 cui
1029 1438 1380 1493 admonetur
1428 1437 1687 1492 studiose
1718 1437 2139 1509 diligenterque

499 1542 769 1597 praeesse,
794 1531 895 1580 aut
924 1526 1216 1598 Evangelii
1240 1527 1821 1597 prmdicatoremAut
1843 1527 1891 1580 si
1923 1528 2001 1581 ita
2023 1544 2132 1581 non

497 1619 587 1669 est
616 1614 758 1668 illud
793 1614 933 1669 mihi
968 1615 1026 1669 in
1088 1615 1525 1687 praesentiarum
1584 1614 1818 1684 sufﬁcit,
1869 1616 2023 1679 quod
2081 1618 2171 1671 et‘

495 1702 818 1768 Philemon,
851 1709 905 1757 et
940 1703 1281 1775 Archippus,
1312 1710 1369 1759 et
1398 1704 1711 1759 Onesimus
1742 1703 1884 1774 ipse,
1908 1704 2005 1772 qui
2040 1703 2133 1758 lit-

492 1796 647 1846 teras
706 1792 1048 1863 perferebat,
1084 1793 1299 1848 fuerint
1336 1792 1710 1847 Colossenses
1769 1809 1781 1846 ε
1843 1798 1899 1846 et
1929 1794 2129 1848 eodem

492 1885 753 1952 tempore
797 1888 1066 1953 quatuor,
1102 1887 1164 1936 ut
1192 1888 1324 1938 ante
1354 1882 1629 1947 diximus,
1665 1882 1924 1953 epistolae
1956 1882 2134 1937 Roma

493 1969 721 2025 directze
756 1971 893 2025 sint.

559 2061 785 2114 Salutat
816 2077 901 2116 vos
961 2062 1127 2116 Lucas
1154 2061 1392 2116 medicus
1419 2060 1790 2122 charissimus,
1836 2065 1889 2115 et
1919 2062 2130 2116 Demas.

444 2160 455 2169 ‘
488 2148 633 2204 Vere
657 2149 1044 2204 charissimus
1073 2150 1345 2217 Apostolo
1381 2151 1486 2205 fuit
1518 2151 1722 2219 Lucas,
1756 2151 1892 2221 quia
1936 2151 2132 2205 omnia

489 2241 866 2308 postponens,
897 2238 1237 2310 Apostolum
1271 2245 1504 2294 secutus
1546 2244 1635 2293 est
1663 2254 1913 2309 semper,
1945 2239 2043 2309 qui
2076 2242 2131 2292 et

487 2324 862 2397 Evangelium
888 2331 943 2381 et
965 2332 1142 2381 Actus
1173 2326 1567 2398 apostolorum
1600 2326 1907 2397 scripsisse
1938 2326 2129 2398 perhi-

485 2413 672 2469 betur.

558 2502 821 2569 Salutate,
850 2506 1071 2571 fratres,
1103 2506 1199 2576 qui
1226 2508 1355 2559 sunt
1378 2503 1666 2575 Laodiciae,
1722 2512 1772 2558 et
1800 2505 2126 2575 Nympham,

487 2600 540 2649 et
567 2609 691 2664 qua?
722 2595 780 2648 in
803 2594 956 2648 domo
984 2594 1100 2663 ejus
1127 2599 1226 2659 est,
1266 2594 1586 2647 licclcsiam.
1621 2593 1903 2658 Quoniam
1951 2592 2126 2647 simili

490 2682 745 2749 modo,et
775 2699 876 2753 pro
909 2681 998 2736 bis
1031 2682 1131 2752 qui
1167 2682 1439 2736 Laodicia
1471 2686 1628 2750 sunt,
1661 2680 1949 2737 sollicitus
1978 2685 2122 2750 erat,

486 2770 545 2824 in
579 2787 778 2825 eorum
810 2768 1055 2840 epistola
1086 2770 1190 2825 bos
1221 2769 1559 2825 salutandos
1591 2775 1921 2825 commonet
1955 2771 2122 2842 Nym-

483 2858 658 2930 pham
691 2858 1014 2913 chariorem
1039 2858 1399 2924 existimans,
1426 2861 1595 2929 cujus
1623 2865 1680 2914 et
1701 2859 1939 2913 domum
1963 2859 2119 2915 salu-

479 2952 583 3003 tat.
619 2948 761 3002 Tam
793 2947 946 3002 enim
975 2948 1184 3001 devota
1212 2947 1439 3002 videtur
1470 2947 1668 3011 fuisse,
1708 2954 1772 3002 ut
1802 2947 1993 3003 omnis
2019 2949 2118 3004 do-

484 3053 616 3091 mus
647 3038 774 3107 ejus
805 3036 972 3106 signo
1002 3036 1236 3091 titulata
1265 3042 1419 3091 esset
1447 3036 1656 3091 crucis.

554 3125 618 3182 Et
646 3141 771 3180 cum
799 3129 941 3180 tecta
969 3126 1149 3199 fuerit
1176 3125 1320 3197 apud
1346 3142 1437 3181 vos
1492 3126 1947 3197 Epistolafacite,
1976 3135 2036 3181 ut
2062 3135 2118 3183 et

2253 553 2493 604 censium
2524 560 2598 605 est
2632 552 2845 622 legatis.
2896 552 3039 616 Quia
3068 550 3364 621 generales
3386 557 3513 607 sunt
3547 554 3799 613 instructio.

2255 655 2356 692 nes
2391 640 2671 710 Apostoli,
2700 645 2756 695 et
2782 641 2851 694 ad
2888 641 3148 695 omnium
3178 641 3488 712 profectum
3512 642 3699 715 scripta
3721 648 3800 718 epi-

2253 726 2413 782 stolae
2447 746 2459 782 :
2493 728 2706 784 idcirco
2729 734 2903 783 etiam
2930 728 3378 784 Laodicensibus
3401 731 3675 801 Epistolam
3694 734 3800 789 hanc

2253 813 2365 884 legi
2399 816 2685 887 praecepit,
2716 823 2779 870 ut
2810 834 2910 888 per
2942 818 3091 872 hanc
3112 818 3251 887 quid
3280 818 3555 890 agendum
3582 820 3672 875 sibi
3688 830 3797 878 esset

2250 904 2614 960 addiscerent
2636 922 2647 959 :
2666 913 2721 959 et
2743 906 3204 972 Colossenses,ut
3222 923 3419 962 eorum
3450 906 3671 980 legerent
3680 911 3800 980 juxta

2252 1009 2492 1048 sensum
2524 995 2984 1065 suppradictum.

2320 1085 2385 1136 Et
2413 1083 2584 1137 dicite
2614 1083 2881 1154 Archippo
2905 1101 2922 1136 :
2960 1085 3103 1138 Vide
3132 1086 3516 1151 ministerium,
3553 1087 3671 1156 quod
3692 1104 3796 1144 acce-

2244 1172 2380 1241 pisti
2407 1173 2466 1225 in
2502 1173 2724 1228 Domino
2755 1181 2814 1226 ut
2833 1173 2971 1227 illud
2999 1173 3607 1244 impleas.Preepositum
3627 1175 3797 1232 illorum

2251 1277 2350 1330 per
2382 1276 2480 1314 eos
2511 1260 2669 1332 ipsos
2700 1267 3051 1326 cammonet,
3086 1266 3148 1316 ut
3177 1261 3257 1316 sit
3286 1262 3556 1318 sollicitus
3583 1263 3642 1318 de
3666 1263 3797 1320 salute

2248 1348 2531 1419 ipsorum.
2566 1350 2633 1403 Et
2663 1351 2802 1421 quia
2831 1350 3013 1422 plebis
3046 1351 3230 1407 solius
3262 1367 3435 1406 causa
3458 1352 3696 1406 scribitur
3718 1354 3797 1424 Epi-

2234 1437 2415 1505 rstola,
2446 1438 2574 1492 ideo
2606 1455 2721 1493 non
2754 1441 2823 1493 ad
2858 1445 3137 1495 rectorem
3171 1439 3553 1511 ipsorum,sed
3582 1441 3641 1495 ad
3669 1441 3796 1496 Eccle-

2246 1528 2416 1582 siam.
2449 1527 2582 1582 Post
2631 1529 2787 1582 enim
2822 1529 3167 1600 Epaphram,
3205 1530 3306 1600 qui
3340 1528 3469 1584 illos
3518 1529 3715 1598 imbuit,
3737 1529 3795 1584 hic

2245 1616 2467 1688 accepit
2496 1618 2808 1687 regendam
2840 1634 3039 1672 eorum
3072 1617 3410 1673 Ecclesiam.

2314 1706 2581 1760 Salutatio
2638 1724 2758 1761 mea
2786 1723 2955 1761 manu
3002 1707 3185 1762 Pauli.
3238 1707 3470 1777 Omnes,
3520 1724 3648 1778 quas
3674 1724 3793 1762 manu

2242 1794 2471 1866 propria
2495 1812 2605 1851 non
2638 1797 2930 1851 scribebat
2959 1779 3338 1868 epistolas,ne
3359 1814 3392 1851 a
3415 1796 3566 1851 falsis
3588 1795 3792 1866 fratribus

2242 1889 2773 1955 corrumperentur,
2812 1885 3041 1956 proprio
3067 1885 3234 1958 signo
3266 1885 3543 1940 hebraicis
3570 1883 3738 1938 litteris
3757 1884 3791 1937 in

2244 1973 2356 2027 fine
2388 1973 2809 2029 subscribendo
2842 1974 3173 2028 roborabat.
3211 1974 3372 2031 Unde
3401 1974 3508 2029 alio
3537 1972 3647 2029 loco
3673 1972 3786 2027 dicit:

2239 2062 2507 2117 Salutatio
2536 2079 2652 2117 mea
2682 2080 2854 2117 manu
2887 2064 3053 2117 Pauli
3073 2080 3094 2124 ,'
3123 2064 3265 2135 quod
3294 2066 3375 2119 est
3398 2065 3601 2135 signum
3622 2064 3669 2116 in
3695 2063 3789 2115 omni

2237 2150 2469 2222 epistola
2504 2154 2580 2219 (Il
2608 2152 2781 2207 Thess.
2815 2169 2896 2217 ιιι,
2933 2152 3039 2222 17).

2310 2240 2566 2295 Mcmores
2594 2244 2763 2296 estote
2805 2242 3147 2296 vinculorum
3177 2257 3441 2297 meorum.
3475 2240 3611 2296 Dicit
3637 2254 3790 2294 memo-

2240 2346 2396 2394 rans,
2432 2335 2495 2384 ut
2527 2329 2587 2384 in
2615 2334 2808 2384 mente
2841 2330 3092 2385 habeant
3122 2331 3314 2386 exitus
3335 2333 3477 2402 ejus,
3510 2346 3642 2400 quos
3666 2327 3793 2399 patio-

2240 2418 2415 2472 batur
2437 2435 2537 2489 pro
2571 2418 2759 2474 salute
2791 2419 3074 2491 gentium,
3110 2425 3165 2473 et
3195 2419 3342 2475 tales
3372 2436 3433 2475 se
3460 2419 3735 2490 praeberent
3757 2420 3796 2467 ut

2240 2520 2351 2558 non
2384 2520 2530 2576 aegre
2554 2505 2729 2559 ferret
2759 2506 2875 2576 pati
2912 2522 3013 2577 pro
3046 2506 3136 2560 his
3168 2506 3442 2576 injurias.
3484 2507 3556 2561 Ac
3585 2505 3627 2560 si
3653 2504 3795 2558 dicat:

2236 2591 2379 2654 Quia
2410 2593 2563 2647 enim
2600 2593 2770 2648 vostri
2801 2610 2979 2649 causa
3010 2594 3128 2648 haec
3178 2595 3385 2666 patior,
3442 2599 3496 2651 et
3522 2586 3614 2649 vos
3657 2590 3793 2646 imita-

2238 2680 2378 2734 mini
2410 2682 2737 2752 exemplum
2771 2698 2986 2737 meum.

2307 2770 2492 2824 Gratia
2523 2772 2743 2825 Domini
2790 2773 2916 2826 Jesu
2944 2772 3238 2826 vobiscum.
3272 2773 3457 2827 Amen.
3490 2770 3665 2827 Gratia
3698 2765 3794 2822 dici-

2235 2862 2331 2912 tur
2362 2859 2527 2929 quasi
2559 2860 2740 2930 gratis
2769 2860 2904 2913 data
2932 2877 2945 2914 :
2979 2877 3110 2914 cum
3142 2861 3263 2916 illis
3291 2861 3445 2917 enim
3475 2875 3595 2915 vere
3621 2862 3693 2913 est
3713 2869 3797 2927 gra-

2232 2947 2439 3017 tia,qui
2473 2963 2605 3002 cum
2637 2965 2761 3003 eam
2795 2950 3207 3018 acceperint,et
3235 2950 3297 3004 in
3329 2966 3396 3005 ea
3425 2943 3796 3021 permanserint.

2229 3037 2299 3092 de
2325 3038 2574 3108 propriis
2606 3037 2831 3093 meritis
2859 3055 2974 3093 non
3006 3039 3382 3094 extolluntur.

2755 3133 2866 3182 Deo
2900 3128 3138 3199 gratias.
3174 3131 3357 3183 Amen

1012 3491 1636 3584 ‘EPISTOLA
1703 3493 1742 3583 Ι
1813 3494 1976 3584 AD
2039 3492 3342 3591 THESSALONICENSES.

939 3794 1448 3870 ARGUMENTUM
1480 3811 1680 3883 (1266).
1744 3816 1749 3821 ·

556 3907 630 3962 Ut
660 3906 889 3970 horum,
922 3904 979 3959 id
1030 3908 1140 3967 est,
1197 3900 1803 3957 Thessalonicensium
1860 3900 2122 3973 exemplo

484 3997 632 4054 alios
663 3995 1001 4052 exhortatur
1021 3993 1091 4047 ad
1124 3992 1255 4046 ﬁdei
1279 3989 1806 4057 incrementa,istos
1826 3988 2027 4045 laudat
2056 4007 2122 4045 eo

482 4086 636 4159 quod
669 4087 725 4160 in
758 4088 992 4154 accepta
1021 4080 1206 4153 gratia
1236 4084 1662 4152 permanentes,
1694 4080 1766 4134 ad
1799 4081 2120 4151 profectum

480 4174 703 4248 praemii
735 4174 887 4229 aucti
917 4176 1057 4227 sunt
1084 4169 1325 4225 meliora
1355 4169 1723 4235 sectando,ut
1752 4173 1809 4224 et
1837 4169 1907 4223 ad
1943 4169 2122 4238 perfe-

481 4269 638 4320 ctum
672 4263 991 4324 tenderent,
1022 4275 1223 4314 eorum
1255 4257 1569 4312 virtutibus
1595 4257 1839 4328 qumsita
1869 4256 2122 4329 dignitas

482 4358 717 4408 caeteros
750 4354 1102 4423 provocaret.
1139 4348 1336 4401 Tantas
1394 4346 1549 4401 enim
1607 4346 1738 4399 ﬁdei
1772 4345 2123 4401 imbiberant

482 4442 776 4514 spiritum,
814 4444 876 4493 ut
907 4455 1009 4510 spe
1058 4438 1387 4491 futurorum
1434 4435 1608 4490 etiam
1637 4434 1847 4489 civium
1880 4450 2119 4488 suorum

482 4522 1529 4599 Macedonum,persecutionesillatas
1546 4540 1645 4593 pro
1664 4522 2121 4578 nomineChristi

481 4621 682 4675 devoto
714 4618 910 4673 animo
942 4620 1297 4688 paterentur.
1321 4613 1393 4668 Ut
1421 4612 1628 4667 horum
1658 4628 1792 4682 ergo
1823 4613 2117 4678 meritum,

481 4712 538 4764 et
568 4726 735 4764 suam
770 4725 837 4762 ex
867 4722 1065 4761 eorum
1102 4705 1358 4774 profectu
1381 4702 1638 4756 lmtitiam
1671 4700 1879 4756 litteris
1908 4701 2119 4773 signet,

478 4796 563 4852 ita
592 4795 797 4851 scribit
824 4795 894 4849 ad
929 4810 1027 4849 eos
1058 4792 1262 4863 (1267).

551 4974 707 5047 (CAP.
747 4950 812 5044 l.)
845 4969 1084 5037 Paulus,
1117 4973 1166 5025 et
1193 4966 1477 5035 Silvanus,
1513 4973 1563 5023 et
1603 4969 1919 5023 Timotheus
1951 4969 2123 5023 Eccle-

479 5068 584 5124 sia?
614 5062 1188 5128 Thessalonicensium,
1246 5062 1302 5114 in
1337 5063 1444 5114 Deo
1490 5059 1677 5118 Patre.
1725 5061 1777 5112 et
1807 5059 1865 5111 in
1894 5058 2120 5113 Domino

479 5159 605 5213 Jesu
636 5154 869 5210 Christo.
920 5150 1105 5206 Gratia
1150 5150 1302 5205 vobis
1349 5153 1401 5204 et
1456 5164 1589 5218 pax.
1641 5146 1843 5201 Trium
1884 5147 2120 5218 quidem

482 5245 889 5318 episcoporum
921 5238 1159 5296 nomina
1189 5238 1390 5293 littera
1419 5235 1738 5291 continent.
1773 5235 1880 5291 Sed
1914 5252 2121 5291 sensus

555 5404 737 5473 (1266)
770 5400 999 5457 Titulus
1032 5400 1123 5454 hic
1153 5398 1210 5453 in
1234 5396 1428 5473 codice
1460 5394 1841 5473 desideratur.

555 5466 734 5546 (1267)
768 5478 884 5529 Hoc
913 5475 1325 5546 argumentum
1358 5467 1474 5521 divi
1512 5466 1845 5546 _Amhrosii,
1890 5466 2123 5546 senili-

483 5536 877 5623 lari-inr‘liacpni
901 5536 1013 5623 est;
1034 5545 1153 5623 imo
1174 5549 1232 5599 et
1257 5541 1483 5623 integra
1512 5536 1784 5623 Epistolas
1815 5539 2122 5615 expositio.

557 5615 738 5693 (1268)
770 5617 939 5689 Vulg.
972 5618 1179 5674 laboris
1218 5622 1269 5671 et
1295 5612 1608 5670 charitatis.

2157 3839 2199 3906 ρ
2237 3817 2291 3869 et
2314 3813 2486 3869 verba
2501 3812 2685 3870 solius
2705 3815 2958 3886 Apostoli
2985 3816 3294 3880 sunt.Quia
3324 3816 3475 3873 enim
3500 3832 3622 3872 cum
3646 3822 3806 3881 magno

2231 3903 2444 3973 gaudio
2474 3903 2765 3959 exsultant
2803 3905 2861 3959 in
2894 3905 3150 3976 profectu
3196 3905 3454 3972 illorum,
3484 3924 3547 3962 ex
3576 3911 3804 3960 consensu

2231 3993 2302 4048 ad
2336 3992 2558 4064 plebem
2593 3992 2848 4065 Epistola
2871 3993 3146 4048 scribitur
3175 3994 3233 4048 in
3267 3994 3603 4051 exultatione
3630 3989 3804 4046 DeiPa-

2230 4082 2336 4136 tris
2357 4086 2413 4136 et
2447 4082 2670 4136 Domini
2691 4081 2871 4137 nostri
2899 4082 3040 4138 Jesu
3066 4082 3501 4156 Christi,pacem
3536 4086 3590 4137 et
3613 4076 3802 4152 gratiam

2230 4171 2323 4225 his
2354 4175 2653 4241 exoptans.
2761 4224 2770 4235 κ

2304 4258 2519 4315 Gratias
2565 4260 2776 4330 agimus
2803 4260 2908 4315 Deo
2927 4275 3141 4331 semper
3166 4278 3266 4331 pro
3298 4262 3543 4317 omnibus
3571 4257 3699 4313 vobis
3722 4264 3803 4306 me-

2229 4351 2463 4404 moriam
2495 4350 2661 4403 vestri
2687 4350 2944 4419 facientes
2964 4350 3022 4402 in
3050 4351 3394 4405 orationibus
3413 4350 3603 4405 nostris
3629 4345 3725 4401 sine
3747 4340 3803 4393 in-
3854 4386 3861 4397 ,

2230 4439 2576 4493 termissione
2603 4452 2862 4491 memores
2892 4440 3066 4508 operis
3096 4437 3227 4507 ﬁdei
3279 4448 3485 4505 vestrm,
3540 4446 3586 4492 et
3613 4433 3803 4489 laborum

2230 4526 2807 4595 charitatis,(1268)et
2865 4528 3259 4596 expectationis
3295 4529 3473 4598 (l269)
3528 4520 3722 4579 Domini
3738 4529 3801 4567 ηο-

2229 4617 2337 4670 stri
2362 4617 2487 4670 Jesu
2517 4613 2719 4668 Christi
2755 4630 2938 4668 coram
2972 4616 3096 4680 Deo,
3157 4625 3206 4670 et
3234 4617 3397 4671 Patre
3441 4619 3617 4669 nostro
3644 4604 3797 4681 (1270)·

2230 4702 2513 4768 Quoniam
2537 4702 2735 4757 omnia
2763 4704 2912 4756 bona
2940 4719 2973 4757 a
2996 4708 3106 4759 Deo
3130 4705 3502 4771 sunt,idcirco
3524 4703 3569 4757 ei
3601 4698 3800 4771 primum

2229 4791 2445 4866 gratias
2467 4792 2725 4847 referunt
2745 4789 2802 4844 in
2828 4792 3082 4862 profectu
3105 4791 3465 4865 illorum,qui
3485 4791 3724 4862 dignatus
3741 4779 3802 4834 est

2230 4899 2347 4938 non
2361 4881 2549 4936 solum
2565 4880 2782 4934 donum
2799 4896 2971 4934 suum
2990 4881 3127 4935 dare
3141 4880 3475 4936 hominibus
3489 4879 3591 4934 sub
3621 4872 3801 4946 peccato

2230 4967 2692 5035 constitutis,sed
2714 4972 2769 5022 et
2799 4967 2856 5020 in
2882 4967 3033 5023 filios
3064 4968 3166 5022 hos
3197 4956 3799 5040 adoptare,simuladl"'

2227 5077 2368 5115 vans
2401 5075 2499 5113 eos
2533 5058 2600 5111 ad
2658 5056 2855 5111 omnia
2898 5056 3071 5110 exitia
3108 5057 3425 5116 toleranda.
3475 5060 3535 5109 ut
3560 5047 3799 5121 digniores

2230 5150 2391 5203 ﬁant.
2426 5145 2811 5212 Quamobrem
2845 5144 3184 5200 meminisse
3241 5147 3445 5201 horum
3476 5143 3659 5199 dicunt
3683 5150 3734 5190 se
3757 5129 3797 5181 in

2230 5235 2589 5295 orationibus
2622 5233 2768 5299 suis,
2811 5249 2877 5288 eo
2925 5234 3077 5304 quod
3124 5235 3542 5292 crebrescerent
3591 5228 3641 5282 in
3669 5230 3800 5292 opere

2306 5396 2486 5464 (1269)
2518 5393 2684 5463 Vulg.
2727 5392 2851 5448 loco
2900 5398 3333 5465 exspectationis,
3390 5393 3574 5465 habet,
3600 5376 3797 5465 ςζξιιςςιξ·

2231 5455 2439 5523 neatia:
2468 5455 2851 5535 spei.Tectum
2883 5455 3013 5521 cum
3048 5467 3176 5524 divo
3210 5455 3498 5523 Ambrosio
3519 5460 3643 5532 legit
3665 5455 3799 5509 inter-

2233 5556 2384 5615 prsa
2396 5543 2611 5615 99.59%?-

2304 5611 2486 5688 (1370)
2518 5607 2691 5681 Vulg.
2719 5610 2848 5665 ante
2878 5607 3046 5666 Deum
3075 5613 3129 5667 ct
3164 5613 3384 5669 Patrem
3410 5610 3656 5667 nostrum.
