4014 6174
201 351 213 361 ’
269 351 389 411 645

724 320 727 325 ’
791 350 1206 412 expusmo
1255 352 1326 408 IN
1371 349 1793 409 EPISTOLAS
1845 350 2097 410 mnu.
2139 382 2213 394 --
2247 353 2319 410 1N
2371 352 2611 415 EPIST.
2658 358 2679 414 1
2724 357 2825 415 AD
2873 355 3145 416 THESS.

3542 359 3669 455 .646

273 484 406 539 fidei
437 484 658 540 cateris
681 484 972 545 Ecclesiis,
999 487 1061 537 ut
1093 488 1234 536 nutu
1265 481 1363 537 Dei
1396 482 1737 554 perﬁcerent
1766 498 1913 547 opus
1946 491 1993 551 Α
2028 484 2706 553 agressedicuntfamam
2726 484 3003 543 introitus
3021 488 3666 554 sui,etconversationis

273 579 555 645 cce-ptum,
585 572 834 644 prompti
870 572 926 626 in
960 571 1154 627 studio
1185 572 1487 625 charitatis
1519 576 1576 626 et
1606 570 1916 639 patientia,

274 668 332 718 et
358 662 479 732 spei
504 664 785 717 adventus
812 661 1032 716 Domini
1058 664 1185 715 ante
1203 663 1391 725 Deum,
1416 660 1513 732 qui
1536 660 1806 733 dignatus
1834 664 1922 714 est

276 751 487 807 Filium
506 768 680 806 suum
700 751 1003 805 incarnare
1021 767 1120 821 pro
1139 749 1325 804 salute
1342 748 1919 804 bumana.Placitum

277 841 433 896 enim
468 840 565 895 Dei
599 844 706 907 est,
741 843 789 893 si
821 839 1159 911 proﬁciatur
1188 840 1246 894 in
1278 838 1528 895 Christo.

349 929 606 994 Scientes,
638 930 845 998 fratres
874 927 1063 982 dilecti
1091 945 1123 981 a
1155 929 1277 995 Deo,
1301 928 1623 982 electionem
1652 930 1921 982 vestram:

277 1020 409 1091 quia
438 1018 791 1088 Evangelium
821 1024 1068 1071 nostram
1096 1032 1206 1071 non
1247 1018 1358 1084 fuit
1404 1016 1477 1071 ad
1524 1032 1613 1072 vos
1661 1018 1722 1069 in
1769 1015 1923 1070 verbo

277 1108 463 1180 (1271)
492 1107 688 1176 solum,
712 1106 804 1162 sed
832 1111 887 1161 et
916 1108 977 1159 in
1010 1107 1223 1162 virtute.
1244 1110 1294 1159 et
1325 1107 1385 1159 in
1407 1106 1616 1176 Spiritu
1643 1108 1849 1172 sancto,
1873 1107 1925 1159 et

276 1200 339 1252 in
388 1196 734 1268 plenitudine
765 1197 958 1261 multa,
991 1196 1129 1249 sicut
1172 1196 1322 1249 scitis
1354 1195 1538 1265 quales
1566 1195 1833 1264 fuerimus
1866 1195 1924 1247 in

278 1288 430 1341 vobis
456 1286 622 1341 vestri
649 1300 813 1340 causa
833 1285 1037 1353 (1272).
1067 1282 1327 1337 Humiles
1356 1299 1416 1337 se
1448 1282 1627 1337 fuisse
1658 1283 1807 1336 inter
1828 1297 1924 1337 eos

283 1374 641 1447 signiﬁcant,
677 1379 739 1427 ut
767 1372 883 1428 illis
914 1374 1162 1427 formam
1194 1356 1399 1426 darent
1430 1368 1939 1440 mansuetudinis,

282 1481 398 1519 non
432 1463 582 1535 quod
610 1462 901 1517 defuerint
930 1478 1057 1532 qua
1081 1461 1151 1515 ad
1188 1460 1359 1515 ﬁdem
1393 1459 1525 1515 illos
1555 1459 1928 1515 hortarentur

285 1550 603 1623 magnalia,
637 1550 773 1622 quia
802 1549 1074 1605 doctrina
1116 1548 1467 1621 Evangelica
1518 1548 1696 1603 robur
1741 1549 1928 1604 virtus

288 1642 603 1715 prasta'oat
624 1640 947 1711 signorum,
972 1644 1029 1693 et
1053 1638 1448 1709 prodigiorum
1472 1637 1529 1691 in
1554 1637 1773 1708 Spiritu
1799 1654 1927 1692 san-

288 1737 401 1795 cto,
424 1730 479 1784 id
504 1736 615 1795 est,
639 1745 754 1782 non
779 1728 837 1781 in
865 1727 1190 1798 phantasia,
1216 1727 1314 1780 sed
1338 1727 1396 1780 in
1420 1726 1659 1781 veritate
1681 1727 1927 1797 plenitu-

289 1819 465 1887 dinis,
493 1823 555 1872 ut
584 1817 727 1872 nulli
761 1815 1086 1871 necessitati
1117 1816 1345 1871 deesset
1374 1814 1678 1885 auxilium,
1703 1815 1802 1870 sed
1834 1832 1925 1870 su.

286 1908 702 1982 perabundans
734 1906 918 1978 gratia
944 1905 1239 1960 videretur
1280 1910 1338 1959 et
1378 1905 1439 1960 in
1469 1905 1751 1970 doctrina,
1785 1910 1841 1960 et
1870 1906 1928 1959 in

288 1995 743 2061 conversatione,
777 2002 833 2050 et
880 1995 940 2049 in
990 1995 1158 2066 agris
1188 1994 1484 2060 curandis,
1520 2000 1585 2049 ut
1615 1995 1930 2064 perfectum

290 2104 438 2159 opus
455 2085 706 2157 Spiritus
724 2084 909 2145 sancti
928 2088 1233 2156 appareret
1255 2084 1312 2136 in
1326 2082 1769 2138 Thessalonicen
1779 2083 1932 2138 siuin

292 2174 606 2240 Ecclesiiis,
625 2178 689 2227 ut
709 2173 766 2227 in
792 2170 950 2227 nullo
973 2188 1035 2226 se
1057 2170 1313 2227 minores
1330 2172 1586 2226 videntes
1598 2172 1930 2226 Judaorum

296 2262 619 2330 Eccclesiis,
636 2261 955 2334 gauderent
977 2261 1034 2314 in
1053 2260 1202 2315 dono
1216 2260 1337 2328 Dei,
1354 2260 1451 2330 qui
1476 2260 1783 2332 participes
1801 2259 1933 2317 illos

298 2352 481 2408 facere
510 2350 790 2422 dignatus
820 2354 908 2404 est
943 2348 1349 2420 promissionis
1380 2349 1647 2404 Abraha.

368 2443 431 2497 Et
460 2456 552 2495 vos
583 2441 888 2495 imitatores
914 2439 1093 2492 nostri
1118 2439 1258 2508 facti
1282 2439 1428 2502 estis,
1458 2441 1506 2492 et
1546 2439 1722 2509 ipsius
1751 2438 1935 2507 (1273)

299 2530 535 2598 Domini,
558 2529 913 2599 suscipientes
932 2527 1152 2581 verbum
1174 2528 1229 2581 in
1248 2543 1509 2598 pressura
1532 2528 1707 2582 multa
1734 2528 1933 2599 (1274),

298 2637 424 2676 cum
446 2617 645 2688 gaudio
675 2617 912 2688 Spiritus
939 2618 1136 2682 sancti,
1170 2617 1244 2670 ita
1284 2626 1344 2670 ut
1384 2617 1607 2685 fueritis
1637 2632 1725 2671 vos
1754 2632 1936 2671 exem-

299 2698 453 2782 plum
480 2709 732 2763 omnibus
763 2707 941 2778 (1275;
974 2705 1322 2760 credentibus
1366 2706 1427 2759 in
1459 2705 1773 2761 Macedonia
1801 2710 1852 2760 et
1880 2707 1940 2759 in

304 2799 528 2855 Achaia.
560 2797 764 2870 Cupidi
798 2794 1156 2852 credulitatis
1187 2795 1398 2867 probra
1427 2800 1483 2850 et
1513 2796 1761 2866 injurias
1800 2814 1833 2850 a
1862 2795 1940 2850 ci-

306 2889 477 2944 vibus
498 2889 625 2943 suis
656 2886 813 2958 passi
833 2885 1157 2940 tolerarunt
1177 2884 1389 2939 ﬁducia
1409 2884 1759 2941 futurorum.
1780 2885 1943 2940 Unde

303 2982 362 3032 et
391 2975 585 3031 amuli
617 2976 891 3029 dicuntur
922 2973 1321 3045 apostolorum
1372 2978 1430 3027 et
1478 2973 1665 3045 ipsius
1696 2974 1942 3040 Domini,

306 3065 445 3136 quia
468 3068 523 3118 et
544 3062 828 3117 Dominus
850 3061 1051 3116 eadem
1075 3078 1107 3115 a
1127 3060 1347 3116 Judais
1370 3078 1578 3132 passus
1602 3069 1711 3127 est,
1735 3068 1791 3117 et
1811 3079 1943 3134 apo-

307 3152 437 3208 stoli
461 3157 770 3224 sequentes
790 3151 961 3206 ﬁdem
988 3150 1109 3215 Dei,
1135 3150 1566 3221 persecutiones
1595 3151 1750 3222 passi
1783 3156 1940 3220 sunt,

302 3243 617 3314 gaudentes,
641 3242 773 3312 quia
801 3239 964 3313 digni
993 3240 1167 3294 habiti
1193 3248 1321 3294 sunt
1350 3256 1446 3310 pro
1476 3243 1697 3295 nomine
1723 3242 1945 3295 Domini

304 3332 666 3389 contumelias
691 3332 810 3402 pati
830 3330 963 3399 (Act.
987 3346 1039 3395 v,
1066 3329 1176 3399 41),
1200 3330 1449 3384 scientes
1476 3346 1578 3400 pro
1608 3329 1700 3384 his
1732 3346 1943 3401 magna

300 3423 424 3477 fore
453 3420 693 3492 pramia
722 3419 1092 3490 repromissa.
1120 3419 1367 3473 Idoneus
1397 3419 1550 3473 enim
1586 3436 1787 3474 servus
1818 3436 1944 3490 pro-

305 3511 500 3579 batur,
525 3508 757 3580 quando
782 3524 881 3578 pro
910 3508 1141 3562 nomine
1164 3506 1386 3561 domini
1409 3507 1499 3562 sui
1527 3507 1794 3563 inimicos
1815 3509 1942 3578 ejus

303 3597 757 3668 olfendit.Cujus
779 3596 857 3651 rei
883 3612 1166 3651 memores
1212 3597 1387 3664 gavisi
1413 3601 1549 3651 sunt
1572 3612 1675 3668 spe
1697 3598 1944 3668 promis-

306 3686 493 3742 sionis
520 3686 579 3740 in
614 3702 907 3758 pressura.
936 3685 1135 3755 Itaque
1167 3701 1377 3757 magna
1407 3685 1727 3740 exhortatio
1759 3691 1848 3741 est
1872 3686 1942 3740 ad

307 3778 656 3848 proiectum,
689 3791 820 3829 cum
853 3771 1074 3828 similes
1106 3772 1235 3827 illos
1266 3775 1446 3828 factos
1478 3773 1617 3829 dicit
1646 3780 1701 3829 et
1731 3774 1943 3829 Christi

306 3872 366 3920 et
395 3864 649 3936 Apostoli
686 3864 886 3933 (1276},
919 3863 990 3915 ad
1041 3862 1285 3915 formam
1323 3863 1691 3932 prabendam
1726 3864 1948 3920 caeteris

308 3953 685 4009 credentibus
714 3951 830 4007 illis
862 3953 920 4005 in
952 3950 1112 4017 locis,
1142 3950 1357 4021 quibus
1380 3952 1535 4005 fama
1566 3950 1797 4006 illorum
1832 3969 1950 4007 am-

310 4043 574 4098 bulabat.

383 4133 422 4187 A
454 4132 601 4187 vobis
630 4132 777 4185 enim
807 4129 1121 4201 (ti/Tamatus
1148 4131 1223 4183 est
1251 4143 1423 4182 sermo
1453 4130 1696 4195 Domini,
1730 4147 1837 4185 non
1869 4146 1949 4187 so-

310 4222 432 4276 lum
460 4222 519 4273 in
547 4219 878 4284 Macedonia,
900 4224 953 4272 et
982 4218 1044 4271 in
1063 4216 1286 4285 Achaia,
1308 4215 1399 4270 sed
1430 4218 1491 4271 in
1522 4219 1672 4271 omni
1693 4218 1804 4274 loco
1821 4219 1952 4287 fides

309 4318 511 4374 vestra,
543 4322 667 4380 quae
716 4315 794 4361 est
841 4306 910 4360 ad
958 4310 1146 4371 Deum,
1194 4307 1468 4376 processit.
1504 4304 1640 4360 Tale
1688 4310 1774 4362 est
1823 4306 1950 4378 hoc,

311 4396 489 4470 quale
510 4401 565 4452 et
585 4396 725 4451 illud
750 4396 818 4452 ad
840 4395 1152 4460 Romanos,
1179 4410 1219 4460 1,
1245 4396 1297 4463 8,
1319 4409 1451 4447 cum
1476 4393 1648 4448 dicit:
1677 4397 1803 4465 quia
1825 4396 1956 4465 ﬁdes

312 4496 495 4543 vestra
533 4484 866 4557 praedicatur
911 4485 970 4539 in
1024 4484 1278 4538 universo
1305 4482 1530 4536 mundo.
1564 4482 1673 4538 Sed
1706 4483 1797 4539 his
1827 4503 1956 4540 am-

2028 587 2229 626 corum
2272 588 2402 627 cum
2456 577 2857 644 praedicatione
2889 577 3203 647 Evangelii,
3239 584 3303 632 ut
3352 596 3464 634 non
3514 588 3670 635 esset

2030 676 2262 716 necesse
2284 679 2350 716 ea
2372 663 2580 719 dicere.
2606 665 2975 736 Supcrﬂuum
3002 669 3090 721 est
3114 667 3269 720 enim
3293 684 3359 722 ea
3390 669 3516 739 fari,
3543 684 3667 739 qua

2030 755 2169 803 nota
2216 749 2353 803 sint.
2387 751 2473 804 Ad
2519 768 2721 806 omnes
2752 753 2904 807 enim
2939 753 2997 807 in
3029 752 3273 807 circuitu
3305 738 3666 825 pervenerat,

2030 837 2112 891 ita
2143 844 2206 891 ut
2234 843 2289 891 et
2319 840 2735 894 annuntiarent
2754 842 2975 895 cateris
3007 858 3120 913 qua
3145 843 3447 898 devotione
3478 861 3668 900 susce~

2037 932 2236 997 perant
2266 928 2577 997 apostolos.
2604 929 2671 982 Et
2700 930 2839 999 quia
2867 930 2933 983 ad
2969 931 3184 999 omnia,
3209 948 3335 1003 qua
3363 933 3668 988 audierant

2033 1023 2105 1070 ab
2134 1016 2237 1082 eis,
2265 1020 2489 1071 fuerant
2511 1018 2913 1088 promptiores,
2939 1018 3331 1091 relinquentes
3354 1021 3489 1076 deos
3517 1040 3671 1077 mor-

2031 1107 2184 1173 tuos,
2209 1110 2609 1175 exspectarent
2637 1113 2833 1160 autem
2855 1107 3148 1162 Christum
3184 1109 3252 1164 de
3282 1109 3463 1177 calls,
3494 1127 3665 1182 quem

2034 1193 2301 1247 humana
2323 1194 2531 1248 salutis
2549 1211 2725 1249 causa
2748 1200 3043 1249 mortuum
3067 1198 3393 1264 audierant,
3413 1204 3467 1253 et
3490 1216 3679 1254 resur-

2035 1281 2251 1336 rexisse
2279 1283 2502 1337 devicta
2537 1289 2745 1349 morte,
2770 1288 2827 1337 et
2856 1299 2989 1338 cum
3013 1301 3183 1339 carne
3214 1292 3584 1358 assumptum
3617 1288 3673 1343 in

2034 1370 2226 1441 caios,
2260 1370 2529 1426 ministra
2562 1371 2734 1439 nube,
2759 1372 2829 1426 ad
2860 1372 3259 1428 confusionem
3296 1376 3672 1446 prudentium
3758 1430 3763 1431 γ

2037 1459 2367 1530 mundi,qui
2387 1460 2850 1515 consideratione
2867 1460 3066 1516 habita
3086 1463 3537 1533 mundanorum,
3554 1483 3673 1521 car-

2036 1548 2127 1603 nis
2150 1553 2440 1615 naturam,
2465 1564 2591 1619 qua
2614 1549 2805 1620 gravis
2832 1555 2940 1616 est,
2966 1556 3173 1621 putant
3197 1568 3307 1606 non
3334 1568 3503 1623 posse
3524 1554 3668 1623 ﬁeri,

2035 1642 2101 1691 ut
2132 1636 2474 1691 sustullatnr
2505 1637 2560 1690 in
2595 1637 2772 1692 ccelis.
2802 1638 2918 1694 Hoc
2939 1639 3143 1694 effectu
3176 1641 3240 1694 ﬁt
3264 1640 3513 1712 Spiritus
3536 1659 3669 1697 san-

2037 1726 2132 1791 cti,
2166 1732 2231 1780 ut
2274 1728 2619 1781 erubescant
2648 1728 2946 1797 terrigena
2979 1730 3313 1799 prudentes.

2108 1816 2263 1885 (CAP.
2285 1816 2375 1886 Ii.)
2396 1815 2501 1885 Ipsi
2518 1817 2665 1870 enim
2684 1818 2861 1881 scitis,
2879 1819 3101 1886 fratres,
3124 1819 3409 1872 introitum
3431 1828 3679 1874 uestrum

2040 1904 2113 1958 ad
2141 1920 2250 1969 vos,
2284 1906 2412 1974 quia
2441 1921 2546 1958 non
2581 1906 2765 1959 inanis
2792 1907 2924 1976 fuit,
2946 1906 3039 1961 sed
3068 1916 3194 1961 ante
3218 1910 3395 1979 passi,
3417 1910 3465 1962 et
3495 1912 3679 1963 contu-

2038 1994 2221 2048 meliis
2251 1995 2467 2064 afﬂicti,
2500 1995 2645 2049 sicut
2673 1996 2843 2060 scitis,
2877 1996 2937 2048 in
2966 1996 3260 2067 Philippis,
3293 2003 3485 2051 exerta
3518 1998 3680 2053 liber-

2040 2089 2155 2137 tate
2184 2085 2309 2137 ausi
2334 2099 2525 2137 sumus
2573 2085 2631 2137 in
2673 2085 2907 2138 Domino
2936 2094 3134 2154 nostro,
3167 2085 3430 2156 loquendo
3477 2086 3547 2140 ad
3588 2102 3678 2141 vos

2040 2170 2411 2240 Evangelium
2438 2173 2538 2226 Dei
2584 2173 2642 2225 in
2672 2189 2867 2242 magno
2896 2176 3212 2228 certamine.
3247 2178 3408 2229 Hanc
3440 2191 3673 2246 pressu-

2042 2278 2188 2329 ram,
2213 2278 2386 2331 quam
2422 2277 2575 2315 nunc
2608 2267 2911 2325 memorat,
2946 2279 3154 2333 passus
3184 2268 3273 2317 est
3303 2263 3359 2316 in
3394 2263 3676 2335 Philippis

2042 2367 2173 2405 cum
2201 2349 2348 2404 Silea
2369 2350 2571 2420 (1277),
2589 2355 2825 2421 propter
2849 2350 3118 2423 spiritum
3142 2351 3481 2422 Pythonem,
3501 2369 3675 2424 quem

2042 2458 2077 2494 a
2108 2438 2299 2511 puella
2328 2440 2573 2509 rjccerat
2604 2443 2743 2509 (Act.
2777 2457 2890 2505 XVI,
2928 2440 3012 2507 18)
3039 2457 3051 2494 :
3081 2442 3231 2511 quod
3260 2442 3380 2511 jam
3414 2458 3520 2496 suo
3552 2442 3678 2497 loco

2046 2529 2262 2583 dictum
2297 2535 2400 2582 est.
2427 2528 2530 2582 Cui
2564 2545 2850 2599 pressura
2881 2544 2993 2583 non
3026 2529 3217 2596 cessit,
3244 2530 3343 2584 sed
3369 2530 3570 2584 fortior
3597 2531 3682 2584 111-

2044 2621 2251 2670 ventus
2280 2620 2387 2681 est,
2420 2616 2558 2670 dum
2593 2618 2765 2671 audet
2798 2616 3125 2687 pradicare,
3161 2633 3264 2672 nec
3303 2618 3460 2689 loqui
3494 2618 3681 2684 timet,

2049 2722 2150 2776 spe
2181 2705 2379 2776 utique
2410 2704 2683 2775 promissi
2714 2706 2959 2777 prarnii,
2991 2711 3055 2760 ut
3084 2710 3141 2761 et
3180 2706 3238 2760 hi
3269 2708 3459 2762 securi
3489 2712 3686 2763 essent

2049 2794 2106 2847 in
2132 2793 2986 2866 persecutionibus,gaudentes
3008 2800 3241 2867 prepter
3263 2796 3516 2851 futuram
3542 2814 3686 2851 mer-

2051 2884 2270 2938 cedem.
2305 2882 2547 2953 Signum
2581 2898 2715 2954 ergo
2747 2884 2931 2937 devoti
2967 2889 3023 2937 et
3070 2884 3257 2941 ﬁdelis
3287 2886 3685 2955 pradicatoris

2051 2971 2191 3025 dicit
2221 2986 2368 3035 esse,
2401 2970 2448 3025 si
2481 2970 2537 3023 in
2571 2987 2847 3042 pressura
2881 2971 3033 3043 loqui
3063 2972 3303 3027 verbum
3337 2973 3437 3028 Dei
3470 2990 3583 3027 non
3617 2974 3687 3028 ti-

2052 3064 2224 3129 meat,
2242 3058 2472 3113 inanem
2496 3058 2661 3113 illum
2684 3059 3042 3131 signiﬁcans,
3060 3061 3159 3132 qui
3181 3066 3398 3116 terrore
3419 3062 3688 3133 prasenti

2052 3148 2423 3204 formidinem
2459 3147 2676 3217 patitur
2712 3148 3085 3220 pradicandi.
3118 3150 3224 3212 Qui
3258 3150 3414 3204 enim
3446 3167 3688 3206 securus

1976 3218 2017 3285 α
2055 3243 2143 3292 est
2173 3237 2242 3291 de
2274 3236 2562 3308 promissa
2592 3253 2713 3308 spe,
2749 3254 2863 3292 non
2894 3236 3065 3308 cedit,
3100 3243 3165 3293 ut
3192 3245 3521 3293 coronetur.

2120 3331 2260 3382 Nam
2302 3326 2607 3380 exhortatio
2652 3334 2833 3381 nostra
2878 3341 2988 3381 non
3034 3343 3105 3381 ex
3147 3328 3397 3398 fallacia,
3430 3344 3604 3399 neque
3626 3330 3686 3384 in

2050 3416 2484 3479 immmunditia,
2501 3430 2674 3485 neque
2696 3417 2754 3469 in
2774 3414 2920 3485 dolo,
2939 3415 3031 3470 sed
3052 3417 3193 3471 sicut
3209 3418 3425 3488 probati
3443 3433 3630 3473 sumus
3653 3436 3689 3475 a

2054 3504 2175 3565 Deo,
2208 3511 2268 3556 ut
2313 3501 2624 3556 crederetur
2667 3504 2821 3557 nobis
2853 3505 3233 3574 l‘vangetium,
3267 3507 3345 3560 ita
3391 3506 3683 3577 loquimur,

2050 3608 2161 3647 non
2194 3600 2254 3645 ut
2286 3586 2603 3646 hominibus
2630 3593 2922 3661 placentes,
2952 3594 3042 3648 sed
3095 3598 3222 3663 Deo,
3256 3597 3308 3649 ei
3353 3599 3446 3667 qui
3496 3596 3689 3666 probat

2051 3680 2216 3736 corda
2264 3684 2470 3735 nostra.
2522 3684 2640 3735 Hoc
2693 3689 2928 3754 propter
2973 3684 3489 3755 pseudoapostolos
3528 3684 3689 3754 dicit,

2055 3770 2155 3840 qui
2184 3769 2336 3835 dolo,
2366 3774 2423 3823 et
2451 3769 2679 3823 fallacia
2708 3771 3099 3841 pradicabant
3129 3789 3241 3826 non
3276 3774 3465 3839 missi,
3490 3779 3553 3828 ut
3582 3774 3692 3828 cir-

2056 3859 2457 3912 cumvenirent
2485 3864 2685 3928 gentes
2718 3859 2787 3912 ad
2838 3861 3209 3914 serviendum
3241 3861 3350 3932 legi
3388 3864 3693 3917 factorum.

2058 3948 2172 4002 Iste
2194 3952 2389 4001 autem
2414 3945 2661 4000 electum
2685 3964 2768 4011 se,
2792 3952 2847 4002 et
2880 3948 3125 4003 missum
3160 3951 3469 4020 praedicare
3494 3952 3696 4007 multis

2059 4035 2268 4107 probat
2298 4034 2492 4101 rebus,
2527 4034 2666 4105 quia
2695 4040 2751 4088 et
2781 4034 2838 4089 in
2872 4039 3161 4107 pressuris
3192 4037 3396 4092 fortior
3426 4038 3695 4094 inventus

2060 4130 2168 4193 est,
2200 4129 2257 4178 et
2302 4124 2358 4177 in
2390 4123 2822 4179 conversatione
2851 4124 3402 4196 irreprebensibilis,
3438 4132 3501 4182 ut
3548 4127 3695 4181 nihil

2060 4219 2215 4269 esset
2266 4212 2324 4267 in
2354 4212 2501 4283 hoc,
2537 4213 2689 4284 quod
2726 4212 2920 4268 minus
2960 4214 3075 4269 Deo
3105 4215 3346 4286 dignum
3382 4216 3694 4284 videretur,

2063 4301 2549 4374 prosequentibus
2580 4303 2784 4374 signis.
2806 4303 3047 4366 Quidam
3079 4304 3255 4369 enim,
3281 4311 3539 4376 quastus
3570 4321 3702 4362 cau-

2065 4408 2148 4460 sa,
2168 4390 2459 4445 Christum
2487 4393 2895 4461 pradicabant,
2923 4392 3099 4447 favori
3125 4393 3426 4449 hominum
3452 4396 3702 4451 servien-

2066 4485 2172 4546 tes,
2207 4479 2345 4550 quia
2375 4484 2430 4534 et
2458 4480 2515 4533 in
2548 4483 2842 4552 arguendo
2875 4482 3237 4537 remissiores
3268 4490 3451 4551 erant,
3486 4485 3702 4557 quippe

316 4575 498 4649 plius,
522 4574 658 4646 quia
687 4590 801 4629 non
835 4574 1027 4629 solum
1059 4573 1224 4640 ﬁdes,
1254 4571 1352 4627 sed
1384 4588 1531 4643 opus
1560 4572 1690 4627 ﬁdei
1723 4573 1955 4630 illorum
1987 4593 2034 4656 Β
2066 4585 2198 4623 cum
2233 4584 2336 4623 nec
2362 4569 2676 4624 auctoritas
2699 4576 2870 4637 esset,
2894 4576 2949 4625 et
2978 4572 3036 4625 in
3058 4572 3434 4627 tribulatione
3460 4573 3699 4643 inﬁrmi,

317 4664 581 4733 pervenit
609 4662 665 4718 in
700 4678 931 4718 omnem
964 4661 1177 4716 locum.

316 4740 333 4748 ⁹
388 4757 471 4818 Ita
516 4756 575 4811 ut
621 4768 731 4808 non
780 4767 989 4806 necesse
1037 4750 1329 4805 habeamus
1375 4766 1472 4805 nos
1513 4751 1723 4823 aliquid
1751 4753 1951 4824 eloqui.

310 4853 431 4920 Ipsi
460 4851 607 4906 enim
634 4841 697 4901 de
742 4841 896 4898 nobis
924 4841 1264 4894 annuntiant
1294 4840 1508 4910 qualem
1539 4842 1821 4895 introitum
1853 4842 1953 4896 ha-

315 4942 602 4997 buerimus
621 4935 691 4991 ad
714 4948 824 5003 vos,
848 4932 899 4986 et
918 4928 1175 5002 quomodo
1196 4929 1438 4982 conversi
1460 4930 1586 4983 estis
1605 4928 1676 4983 ad
1696 4931 1864 4985 Deum
1890 4931 1957 4986 ab

312 5029 499 5095 idolis,
531 5026 600 5081 ad
628 5020 974 5079 serviendum
1004 5019 1108 5073 Deo
1137 5018 1255 5071 vivo
1284 5022 1335 5070 et
1381 5032 1523 5085 vero,
1556 5021 1606 5071 et
1655 5018 1724 5072 ad
1770 5035 1955 5090 exspe-

315 5118 579 5173 ctandum
597 5113 812 5172 Filium
831 5112 945 5183 ejus
967 5111 1038 5163 de
1056 5108 1227 5173 cistis,
1251 5120 1407 5175 quem
1426 5107 1705 5161 suscitavit
1725 5124 1793 5162 ea:
1811 5124 1954 5162 mor-

316 5209 429 5263 tuis
454 5208 657 5273 Jesum,
690 5204 784 5275 qui
810 5200 1017 5272 eripuit
1043 5212 1142 5251 nos
1180 5195 1247 5249 ab
1296 5196 1380 5250 ira
1410 5197 1674 5269 veniente.
1707 5195 1799 5250 Sic
1828 5213 1951 5267 per-

392 5365 576 5439 (1271)
606 5365 773 5437 Vulg.
808 5368 868 5421 in
896 5376 1160 5421 sermone.

394 5432 576 5513 (1272)
612 5432 757 5513 Lee?)
788 5440 959 5492 vestri
984 5453 1177 5513 causa,
1202 5433 1372 5504 Vulg.
1397 5432 1569 5490 habet
1597 5437 1818 5506 propter
1847 5449 1954 5493 vos.

393 5509 576 5578 (137.3)
612 5511 776 5581 Vulg.
815 5514 981 5580 ipsius
1015 5509 1127 5563 non
1164 5509 1356 5562 habet.

392 5584 576 5652 (1274)
609 5579 774 5655 Vulg.
810 5579 1153 5651 excipientes
1213 5581 1432 5634 verbum
1495 5579 1553 5632 in
1604 5580 1962 5637 tribulatione

316 5654 516 5722 multa,
552 5657 611 5711 in
639 5654 865 5727 gaudio,
897 5660 1004 5712 etc.

2066 4660 2202 4730 quia
2223 4675 2334 4714 non
2358 4676 2424 4713 ex
2445 4658 2634 4728 corde,
2658 4667 2754 4713 sed
2786 4661 2843 4712 111
2870 4658 3098 4714 fallacia
3118 4668 3239 4715 erat
3259 4674 3452 4716 sermo
3475 4678 3697 4720 eorum.

2065 4748 2267 4803 Omnis
2288 4748 2464 4814 enim,
2486 4747 2584 4818 qui
2610 4748 2731 4802 sine
2753 4765 2853 4819 spe
2875 4750 3012 4820 agit,
3032 4757 3157 4805 orta
3177 4735 3549 4808 tribulatione
3571 4771 3698 4810 suc-

2065 4838 2304 4892 cumbit.
2748 4846 2757 4855 ‘

2135 4930 2320 4998 Neque
2348 4930 2493 4980 enim
2524 4943 2764 4998 unquam
2811 4929 2871 4984 in
2918 4930 3073 4985 verbo
3114 4930 3445 4988 adulationis
3472 4947 3695 4988 conver-

2064 5018 2176 5070 sati
2202 5031 2407 5079 sumus,
2439 5019 2580 5070 sicut
2608 5020 2780 5085 scitis,
2811 5036 2986 5089 neque
3015 5022 3074 5075 in
3100 5025 3380 5076 occasione
3406 5020 3697 5078 avaritiae:

2064 5105 2205 5160 Deus
2236 5106 2388 5159 testis
2416 5107 2510 5158 cst.
2539 5105 2702 5160 Nunc
2732 5111 2914 5179 aperit
2940 5111 3090 5180 quod
3125 5127 3302 5180 supra
3332 5107 3697 5179 signiﬁcavit,

2068 5211 2199 5250 cum
2232 5194 2408 5248 dicit:
2445 5210 2557 5248 non
2590 5196 2646 5250 in
2681 5197 2982 5253 occasione
3014 5198 3262 5252 avaritia
3294 5213 3306 5251 :
3342 5196 3523 5250 Deum
3554 5194 3701 5250 dans

2140 5356 2322 5425 (1275)
2352 5354 2519 5427 Vulg.
2551 5357 2629 5411 ita
2661 5363 2715 5411 ut
2742 5359 2885 5427 facti
2910 5358 3031 5411 sitis
3057 5354 3260 5427 forma.
3285 5354 3553 5427 Sufﬁciat
3583 5371 3699 5410 una

2065 5426 2187 5482 vice
2233 5426 2444 5483 dixisse
2471 5425 2707 5483 'textum
2743 5425 2999 5499 epistola
3031 5425 3209 5495 hujus
3241 5425 3351 5499 divi
3386 5427 3696 5486 Ambroisii

2075 5502 2251 5555 textui
2290 5502 2344 5553 in
2379 5502 2651 5553 omnibus
2682 5503 2749 5552 usi
2785 5497 3003 5569 apicem
3038 5497 3381 5555 consentire.

2140 5572 2323 5645 (1376)
2354 5574 2796 5645 ambrosiaster,
2828 5569 3210 5642 aposwlorum.

2140 5642 2322 5726 (1277')
2352 5644 2479 5701 Sive
2510 5642 2650 5701 Sila.
