4020 6178
309 308 315 316 ’
382 331 497 391 647

1393 321 1726 384 ATTONIS
1771 318 2361 381 VERCELLENSIS
2404 318 2757 381 EPISCOPI

3663 323 3773 383 6L8

383 468 612 529 testem,
640 461 776 532 quia
798 459 954 517 istud
985 462 1041 514 et
1072 459 1246 514 corde
1273 457 1539 523 faciebat,
1563 473 1677 511 non
1708 452 2020 527 hypocrisi,
2051 454 2107 518 Α
2135 453 2250 518 Dei,
2282 455 2606 524 suscepistis
2646 470 2752 509 non
2805 459 2866 509 ut
2911 453 3132 509 verbum
3160 456 3466 527 hominum,
3497 454 3611 527 sed,
3643 458 3778 512 sicut

384 553 553 625 quasi
582 557 960 607 contemnens
983 555 1259 623 pauca,ut
1289 548 1434 602 forte
1465 547 1633 618 plura
1659 544 2023 600 offerrentur.

384 642 547 698 Unde
568 646 625 695 et
655 642 813 712 ipsos
836 638 1124 704 convenit,
1152 638 1404 699 scientes
1432 652 1497 690 ac
1528 635 1860 706 probantes,
1888 636 2026 704 quia

385 730 529 787 nulli
551 731 740 785 fuerat
762 728 1054 783 adulatus.
1079 727 1306 782 Pseudo
1329 725 1486 780 enim
1508 722 1750 793 apostoli
1775 723 2023 777 formam

385 820 636 875 avaritia
657 818 783 873 dari
815 818 925 874 sibi
956 816 1256 889 optabant,
1281 819 1346 869 ut
1374 814 1503 884 ipsa
1533 812 1856 877 occasione,
1880 811 2021 865 dum

381 902 549 965 veros
614 906 908 981 apostolos
974 905 1172 960 omnia
1236 903 1398 958 illata
1461 901 1658 955 vident
1724 899 2018 969 accipere,

380 1000 608 1072 possint
635 997 746 1069 ipsi
796 996 921 1051 sine
952 993 1169 1049 invidia
1200 990 1589 1064 simpliciores
1620 988 1885 1044 homines
1918 988 2019 1042 de-

382 1085 647 1159 praedari.

438 1180 518 1235 Ne
544 1178 849 1248 murreum
866 1189 936 1229 ea:
982 1174 1239 1227 omnibus
1267 1169 1449 1243 (1278)
1473 1168 1734 1239 gloriam,
1766 1181 1939 1237 neque
1984 1181 2017 1218 a

364 1267 518 1322 vobis
567 1280 737 1334 neque
792 1264 860 1317 ab
912 1263 1067 1325 aliis,
1099 1276 1227 1314 cum
1269 1273 1544 1329 possemus
1591 1272 1743 1311 oneri
1792 1271 1925 1319 esse,
1958 1257 2020 1308 ut

369 1355 584 1411 Christi
600 1352 852 1425 apostoli.
865 1352 1160 1405 Intantum
1181 1351 1381 1419 gravat
1397 1343 2016 1418 pseudoapostolorum

382 1458 644 1509 causam,
677 1446 741 1495 ut
770 1456 832 1494 se
865 1439 1119 1493 abnuere
1149 1437 1324 1501 dicat,
1348 1451 1482 1489 cum
1513 1433 1711 1489 liceret
1741 1431 1826 1485 illi
1856 1432 2017 1486 obse-

381 1533 520 1605 quia
551 1529 867 1602 requirere,
898 1528 969 1581 ad
1015 1525 1485 1597 comprimendos
1515 1539 1631 1589 eos,
1665 1522 1880 1593 quibus
1910 1536 2015 1574 nec

378 1619 628 1676 facultas
659 1624 803 1683 erat,
835 1632 939 1672 nec
992 1616 1198 1686 pudor,
1231 1619 1289 1669 et
1333 1618 1528 1668 tamen
1577 1611 1858 1665 honorem
1901 1607 2011 1664 sibi

378 1709 715 1782 poscebant.
741 1706 813 1761 Se
840 1705 998 1761 enim
1025 1702 1218 1776 potius
1249 1718 1424 1773 quam
1452 1700 1547 1755 Dei
1570 1698 1836 1754 doctrina
1854 1712 2012 1752 com-

374 1797 637 1854 mendari
688 1794 972 1851 volebant.
1008 1791 1321 1864 Apostolus
1367 1794 1586 1854 autem,
1619 1788 1713 1858 qui
1763 1786 2008 1859 gloriam

372 1904 487 1943 non
557 1887 628 1941 ad
695 1900 970 1956 praesens,
1029 1881 1129 1937 sed
1186 1881 1247 1935 in
1315 1881 1509 1934 futuro
1578 1878 1888 1949 quaerebat,
1950 1892 2013 1930 se

373 1976 656 2032 humilem
732 1974 1008 2037 faciebat,
1087 1975 1150 2025 ut
1226 1969 1318 2023 Dei
1394 1966 1726 2039 pradicatio
1791 1963 2009 2018 exalta-

378 2070 557 2121 retur.

447 2155 547 2209 Sed
588 2155 799 2226 fuimus
822 2151 1049 2223 parvuli
1078 2150 1138 2203 in
1167 2147 1347 2202 medio
1376 2155 1628 2206 vestram.
1661 2148 1923 2215 tanquam
1947 2144 2015 2225 ‘si

371 2246 569 2300 nutrix
596 2245 774 2313 foveat
799 2240 945 2309 ﬁlios
973 2254 1137 2298 suos;
1189 2238 1270 2291 ita
1317 2234 1686 2290 desiderantes
1715 2248 1826 2296 vos,
1858 2233 2010 2302 cupi-

372 2349 494 2387 mus
524 2332 813 2402 impertire
844 2328 989 2383 vobis
1017 2342 1125 2381 non
1174 2323 1359 2380 solum
1386 2320 1747 2391 Evangelium
1776 2322 1891 2386 Dei,
1921 2319 2012 2375 sed

347 2424 538 2478 etiam
565 2420 780 2475 animas
808 2420 1042 2481 nostras,
1086 2416 1183 2485 qui
1210 2414 1483 2468 carissimi
1512 2411 1665 2466 nobis
1693 2410 1828 2479 facti
1856 2412 2005 2463 estis.

370 2511 621 2566 Tantum
660 2508 933 2563 allectum
980 2503 1194 2560 habere
1246 2519 1308 2557 se
1358 2517 1511 2555 circa
1556 2498 1688 2554 illos
1736 2499 2009 2568 ostendit,

379 2615 576 2670 quem,
590 2597 729 2669 quia
748 2612 917 2650 verus
943 2598 1051 2659 est,
1067 2609 1182 2646 non
1201 2591 1389 2646 verbis
1411 2589 1600 2659 magis
1618 2604 1793 2658 quam
1814 2588 2008 2654 rebus,

376 2688 688 2758 probatum
718 2683 843 2738 vult
878 2682 1077 2737 videri.
1112 2681 1308 2735 Potest
1335 2678 1490 2732 enim
1521 2676 1584 2730 in
1614 2675 1803 2731 verbis
1836 2674 2012 2730 latere

375 2774 623 2840 fallacia,
684 2777 748 2827 ut
803 2772 895 2828 his
960 2767 1457 2825 exhortationibus
1513 2764 1827 2837 provocati,
1886 2781 2011 2819 om-

379 2882 514 2921 nem
563 2879 803 2935 sensum
849 2875 1024 2916 suum
1076 2860 1137 2913 in
1187 2855 1492 2912 dilectione
1535 2854 1814 2909 haberent
1855 2861 2012 2924 Apo-

375 2953 531 3010 stoli.

444 3040 767 3096 Meministis
796 3039 963 3104 enim,
995 3036 1221 3109 fratres,
1254 3034 1493 3090 laborem
1521 3037 1792 3098 nostrum,
1823 3035 1875 3088 et
1923 3034 2009 3101 fa-

374 3132 686 3202 tigationem
707 3145 729 3190 ;
774 3132 933 3183 nocte
968 3142 1032 3180 ac
1075 3124 1167 3179 die
1190 3125 1477 3195 operantes
1506 3124 1577 3177 ad
1608 3122 1723 3187 hoc,
1756 3137 1825 3175 ne
1851 3137 2013 3193 quem

2133 547 2213 597 est
2243 559 2386 607 vere,
2418 544 2642 597 verbum
2678 546 2797 608 Dei,
2830 544 2970 615 quod
2997 554 3054 598 et
3080 554 3339 615 operatur
3378 547 3439 600 in
3482 546 3653 612 vobis,
3683 550 3776 618 qui

2134 631 2466 688 credidistis.
2499 632 2614 687 Deo
2654 633 2876 703 gratias
2907 634 3183 699 referunt,
3218 634 3356 704 quia
3385 634 3617 705 aperuit
3645 651 3773 690 sen-

2133 736 2266 774 sum
2285 719 2520 775 illorum
2538 721 2609 776 ad
2629 721 3023 792 recipiendum
3039 721 3419 794 Evangelium
3430 739 3633 778 suum.
3648 723 3776 779 Glo-

2132 810 2220 863 ria
2248 809 2402 863 enim
2436 810 2879 881 praedicantium
2928 815 3036 881 est,
3067 827 3201 867 cum
3255 812 3585 868 audientes-
3611 812 3772 869 facile

2132 898 2393 953 credunt.
2445 899 2631 954 Tanta
2687 899 2842 954 enim
2899 900 3199 955 devotione
3258 906 3605 972 receperunt
3649 918 3768 957 ver-

2133 987 2293 1054 bum,
2356 990 2421 1041 ut
2487 988 2801 1058 probarent
2863 1004 2926 1043 se
2982 987 3340 1045 intellexisse
3398 990 3496 1045 Dei
3550 991 3770 1046 doctri-

2130 1092 2289 1131 nam.

2203 1165 2296 1220 Vos
2325 1167 2494 1231 enim,
2523 1166 2745 1235 fratres,
2784 1168 3090 1222 imitatores
3136 1168 3273 1237 [acti
3319 1169 3450 1223 estis
3494 1169 3769 1224 Ecclesia-

2127 1270 2253 1308 rum
2282 1255 2399 1323 Dei,
2431 1271 2551 1325 quae
2586 1259 2715 1310 sunt
2758 1256 2819 1311 in
2854 1255 3074 1326 Iudaea,
3106 1272 3225 1327 qua:
3267 1267 3397 1312 sunt
3443 1258 3502 1311 in
3554 1257 3770 1314 Christo

2125 1343 2270 1411 Jesu,
2305 1345 2436 1413 quia
2462 1343 2648 1398 eadem
2682 1346 2839 1414 passi
2881 1347 3011 1400 estis
3059 1354 3113 1400 et
3158 1362 3251 1402 vos
3296 1363 3333 1402 a
3375 1347 3769 1403 contribulibus

2124 1432 2344 1496 vestris,
2368 1434 2509 1486 sicut
2538 1437 2591 1486 et
2620 1433 2732 1502 ipsi
2759 1449 2793 1486 a
2816 1433 3044 1501 Iudaeis,
3068 1436 3165 1505 qui
3192 1442 3244 1491 et
3274 1436 3567 1491 Dominum
3600 1437 3769 1491 inter-

2124 1522 2571 1576 emeruntJesum
2600 1530 2651 1576 et
2675 1523 2993 1593 praphetas,
3025 1535 3074 1578 et
3102 1540 3200 1579 nos
3224 1526 3498 1595 persecuti
3523 1534 3678 1591 sunt,
3718 1532 3769 1580 et

2122 1613 2236 1666 Deo
2262 1627 2379 1677 non
2402 1610 2745 1679 placuerunt,
2781 1616 2831 1666 et
2861 1612 3111 1668 omnibus
3141 1613 3451 1669 hominibus
3481 1613 3769 1670 adversan-

2119 1700 2229 1767 tur,
2248 1698 2592 1769 prohibentes
2610 1715 2708 1755 nos
2725 1702 2977 1771 gentibus
3000 1703 3244 1773 loqui,ut
3266 1704 3568 1769 salventur,
3582 1705 3657 1760 ad
3676 1705 3771 1760 hoc

2120 1791 2179 1841 ut
2198 1787 2491 1859 suppleant
2507 1797 2725 1860 peccata
2745 1806 2849 1845 sua
2868 1806 3077 1861 semper
3092 1808 3114 1853 ;
3144 1792 3239 1849 sed
3261 1795 3517 1865 pervenit
3548 1796 3647 1849 ira
3674 1795 3771 1851 Dei

2120 1893 2287 1947 super
2305 1893 2397 1932 eos
2414 1893 2583 1949 usque
2602 1878 2671 1932 ad
2690 1879 2874 1949 ﬁnem.
2893 1879 2972 1935 De
2989 1880 3289 1952 impietate
3305 1887 3481 1953 atque
3504 1882 3771 1939 incredu-

2122 1963 2283 2020 litate
2297 1966 3429 2043 queriturdifﬁdentiumJudisorum,qui
3444 1988 3560 2027 non
3575 1971 3763 2029 solum

2122 2071 2239 2109 suae
2260 2054 2468 2110 salutis
2488 2055 2711 2110 inimici
2735 2063 2894 2124 sunt,
2916 2074 3118 2113 verum
3144 2059 3318 2114 etiam
3341 2059 3623 2131 aliorum,
3646 2078 3767 2133 pro-

2120 2143 2387 2199 bibentes
2408 2161 2481 2200 ne
2501 2146 2762 2211 credant,
2792 2162 2863 2201 ne
2887 2146 3029 2203 salvi
3058 2147 3220 2216 ﬁant,
3242 2148 3314 2204 ab
3336 2148 3501 2204 initio
3523 2151 3767 2222 parrici-

2121 2235 2226 2287 dv‘.
2251 2232 2350 2288 Vel
2376 2234 2617 2289 Domino
2647 2236 2799 2289 enim
2826 2238 3121 2291 communi
3156 2254 3391 2309 parcere
3418 2238 3766 2309 debuerant,

2121 2323 2219 2391 qui
2244 2322 2534 2378 conservis
2554 2328 2609 2379 et
2631 2325 2956 2395 praepositis
2983 2325 3108 2380 suis
3129 2342 3246 2382 non
3269 2334 3680 2399 pepercerunt.
3700 2328 3771 2384 Ut

2121 2410 2455 2481 repleantur
2483 2416 2719 2483 peccata
2745 2430 2946 2469 eorum
2981 2415 3039 2468 in
3071 2418 3323 2486 tantum,
3346 2433 3419 2472 ne
3448 2416 3768 2487 aliquando

2122 2499 2578 2557 misericordiam
2600 2503 2880 2573 consequi
2912 2510 3265 2559 mereantur.
3295 2505 3426 2560 Ideo
3456 2504 3768 2563 Thessalo-

2120 2587 2385 2643 nicenses
2417 2606 2450 2643 a
2479 2588 2700 2645 civibus
2725 2592 2848 2646 suis
2871 2592 3072 2647 eadem
3103 2609 3309 2664 passos
3332 2593 3473 2649 dicit
3503 2594 3769 2651 imitatos

2120 2677 2461 2747 patientiam
2531 2684 2903 2746 sanctorum,
2970 2685 3026 2735 et
3084 2681 3311 2737 Domini
3379 2684 3565 2738 nostri
3626 2684 3766 2739 Jesu

2119 2763 2327 2819 Christi
2355 2782 2368 2819 :
2403 2766 2571 2834 cujus
2602 2766 2836 2821 sceleris
2866 2773 3133 2825 auctores
3164 2768 3389 2826 inducit
3417 2770 3679 2839 Judaaos,
3706 2778 3769 2827 ut

2118 2858 2175 2908 et
2204 2859 2425 2927 quanta
2448 2853 2633 2926 gloria
2652 2854 2813 2927 digni
2843 2855 2980 2925 sint,
3006 2857 3105 2928 qui
3136 2874 3240 2929 pro
3271 2859 3509 2915 nomine
3530 2861 3766 2916 Domini

2120 2941 2443 3013 patiuntur,
2475 2948 2531 2997 et
2578 2960 2703 3013 quae
2755 2943 2897 3000 ultio
2927 2944 3174 3013 infestis,
3207 2947 3407 3004 infidis
3438 2954 3764 3021 praeparata

2119 3029 2216 3100 sit,
2249 3029 2648 3102 dignoscatur.
3094 3100 3097 3103 _

2189 3120 2292 3174 Nos
2344 3126 2554 3187 autem,
2600 3124 2828 3191 fratres,
2861 3121 3092 3178 desolati
3136 3141 3170 3179 a
3220 3125 3370 3181 vobis
3422 3126 3493 3181 ad
3550 3135 3761 3200 tempus

378 3199 610 3275 vestrum
629 3232 996 3287 gravaremus.
1016 3214 1132 3268 Hoc
1152 3217 1260 3284 est,
1281 3212 1432 3284 quod
1458 3211 1598 3266 dicit
1618 3211 1675 3265 in
1695 3210 1856 3264 Actis
1879 3226 2011 3280 apo-
2037 3199 2082 3262 C
2121 3210 2290 3276 horae,
2343 3209 2501 3279 facie,
2553 3226 2663 3265 non
2721 3211 2902 3277 corde,
2953 3212 3322 3269 abundantius
3376 3199 3757 3286 festinavimus

374 3307 658 3363 stolorum
690 3323 783 3373 xx,
817 3305 886 3359 34
918 3320 931 3358 :
985 3303 1202 3368 Omnia,
1236 3301 1450 3372 inquit,
1480 3315 1601 3371 qua:
1637 3300 1783 3354 mihi
1829 3303 1879 3353 et
1926 3299 2010 3354 his

373 3413 469 3469 qui
497 3400 625 3451 sunt
645 3411 858 3450 mecum
885 3396 1111 3463 [uerunt
1130 3392 1456 3452 necessaria,
1481 3390 1864 3443 laboraverunt
1892 3405 2011 3443 ma-

374 3503 479 3540 nus
504 3488 639 3540 istze.
664 3484 825 3538 Unde
846 3487 903 3536 et
920 3481 979 3536 in
1002 3480 1115 3535 alia
1133 3478 1379 3551 epistola
1400 3479 1567 3532 dicit:
1595 3479 1700 3545 Qui
1722 3493 1830 3532 non
1855 3478 2007 3532 labo-

373 3583 484 3644 rat,
514 3590 614 3628 nec
656 3571 941 3626 manducet
990 3570 1059 3639 (ll
1091 3570 1262 3623 Thess.
1297 3584 1380 3637 ιιι,
1414 3567 1521 3637 10).
1572 3566 1640 3620 Et
1670 3566 1777 3620 hoc
1809 3573 2010 3620 contra

376 3658 914 3736 pseudoapostolos,
929 3658 1054 3729 qui,
1068 3662 1131 3711 ut
1154 3655 1323 3711 otiosi
1351 3654 1793 3718 manducarent,
1807 3654 2009 3721 praedi-

376 3756 598 3807 catores
625 3765 753 3806 esse
772 3765 835 3803 se
866 3746 1181 3818 ﬁngebant.
1207 3744 1279 3799 Ut
1308 3759 1442 3815 ergo
1467 3742 1798 3814 exemplum
1822 3743 2007 3808 daret,

378 3838 871 3913 quemadmodum
901 3834 1282 3908 gubernanda
1311 3832 1389 3887 sit
1428 3832 1541 3885 vita
1570 3832 1920 3904 Christiana,
1954 3837 2012 3888 et

380 3930 758 3986 simulatores
805 3927 1090 3999 proderet,
1142 3923 1325 3978 labori
1375 3922 1679 3977 insistebat
1725 3920 2008 3988 humano,

370 4020 664 4075 olluscans
697 4011 1249 4088 pseudoapostolos;
1282 4016 1559 4083 praeterea
1585 4010 1722 4081 quia
1772 4010 1871 4082 qui
1924 4009 2012 4066 la-

374 4109 499 4166 bori
552 4107 850 4175 insistunt,
903 4121 937 4159 a
992 4103 1164 4158 malis
1210 4099 1658 4173 cogitationibus
1714 4098 2011 4153 declinant

370 4200 723 4268 occupantes
771 4194 1032 4250 animum
1083 4207 1280 4259 suum,
1312 4194 1369 4244 et
1418 4206 1452 4244 a
1497 4187 1772 4260 periculis
1812 4186 2006 4258 prohi-

369 4287 591 4341 bentes.
1002 4307 1023 4334 ι

442 4375 873 4433 Praedicavimus
916 4371 1065 4426 vobis
1112 4369 1476 4440 Evangelium
1532 4367 1646 4421 Dei.
1708 4366 1800 4420 Vos
1857 4368 2009 4419 testes

369 4467 519 4534 estis,
547 4468 597 4520 et
626 4466 782 4530 Deus,
816 4478 982 4533 quam
1003 4463 1212 4529 sancte,
1238 4466 1288 4513 et
1322 4459 1472 4526 juste
1518 4460 1574 4510 et
1621 4455 1741 4510 sine
1791 4454 2009 4525 querela

2115 3300 2314 3368 faciem
2341 3306 2572 3354 vestram
2600 3299 2779 3355 videre
2808 3303 2870 3354 in
2895 3302 3073 3365 multo,
3096 3302 3386 3359 desiderio.
3420 3306 3757 3377 Quapropter

2116 3389 2388 3443 voluimus
2416 3390 2601 3442 venire
2628 3387 2699 3442 ad
2726 3405 2836 3455 vos,
2866 3405 2967 3459 ego
2996 3390 3214 3461 quidem
3242 3392 3450 3448 Paulus
3492 3398 3545 3448 et
3594 3396 3757 3452 semel

2115 3485 2165 3532 et
2196 3480 2415 3541 iterum,
2447 3485 2496 3532 et
2525 3477 2804 3548 impedivit
2834 3494 2932 3533 nos
2960 3478 3216 3537 Satanas.
3251 3481 3376 3537 Non
3408 3482 3632 3551 animo,
3659 3485 3752 3540 sed

2116 3581 2353 3637 corpore
2383 3564 2643 3620 divulsos
2692 3583 2754 3621 se
2800 3567 3005 3623 dicunt
3047 3569 3120 3624 ab
3164 3569 3267 3625 eis.
3299 3569 3566 3628 Charitas
3598 3573 3753 3629 enim

2117 3670 2231 3708 non
2262 3653 2560 3723 dividitur,
2589 3671 2693 3708 nec
2724 3660 3046 3726 separatur,
3070 3658 3173 3712 sed
3206 3663 3442 3729 propter
3472 3662 3754 3732 majorem

2115 3742 2556 3797 instructionem
2580 3743 2756 3798 etiam
2785 3745 2988 3800 faciem
3013 3762 3212 3801 eorum
3235 3764 3446 3819 cupere
3466 3765 3529 3806 se
3548 3750 3757 3807 dicunt

2116 3831 2331 3886 videre.
2350 3832 2411 3885 In
2435 3831 2606 3887 rebus
2632 3832 2786 3887 enim
2810 3832 3021 3888 divinis
3049 3834 3326 3890 deficiunt
3346 3837 3573 3893 articuli
3601 3857 3760 3895 com-

2117 3920 2472 3992 prehendere
2493 3937 2618 3992 quas
2645 3926 2893 3992 possunt
2921 3922 3054 3977 dici.
3078 3922 3193 3979 Nec
3215 3924 3368 3979 enim
3392 3927 3613 3983 sufﬁcit
3635 3929 3759 3985 dies

2117 4008 2266 4080 style
2296 4008 2411 4077 his,
2445 4026 2570 4080 qum
2621 4026 2738 4064 una
2781 4009 2923 4065 hora
2952 4018 3202 4081 possunt
3232 4013 3514 4086 depromi,
3547 4022 3615 4072 ut
3644 4034 3760 4073 non

2117 4097 2304 4153 dicam
2334 4098 2600 4169 quaedam
2623 4114 2750 4154 esse
2781 4099 3027 4171 mystica
3053 4098 3351 4173 religionis
3372 4110 3603 4173 nostris,
3630 4123 3760 4179 qua:

2116 4191 2352 4258 prepter
2375 4185 2667 4263 carnalem
2691 4203 2950 4256 sensum,
2977 4204 3048 4243 ne
3068 4189 3414 4246 scandalum
3437 4193 3761 4263 patiantur,

2119 4275 2285 4331 facile
2334 4274 2613 4346 publicari
2667 4293 2777 4331 non
2832 4277 3101 4345 debeant,
3134 4279 3273 4348 quia
3320 4297 3437 4335 non
3486 4284 3766 4340 omnibus

2116 4364 2362 4420 dicenda
2391 4369 2530 4419 sunt
2558 4367 2775 4436 omnia,
2810 4366 2908 4422 sed
2954 4376 3057 4438 pro
3091 4367 3560 4442 uniuscujusque
3588 4377 3765 4446 captu

2119 4454 2473 4509 moderanda
2496 4455 2845 4520 suntdicta;
2877 4454 3044 4510 aliter
3066 4456 3333 4524 rudibus,
3355 4465 3413 4514 et
3441 4459 3611 4517 aliter
3636 4462 3762 4517 fun-

370 4556 537 4622 vobis,
570 4556 666 4625 qui
690 4550 932 4618 creditis,
963 4551 1097 4620 [acti
1122 4563 1329 4613 sumus,
1360 4548 1502 4601 sicut
1541 4545 1715 4614 scitis,
1746 4541 2010 4614 quomodo
2039 4563 2084 4628 Ι)
2118 4542 2291 4599 datis.
2310 4542 2526 4598 Idcirco
2550 4543 2861 4614 praesentia
2880 4544 3139 4615 corporis
3160 4547 3495 4618 requiritur,
3516 4549 3660 4622 quia
3678 4551 3762 4607 sic

368 4657 806 4714 unumquemque
860 4648 1117 4703 vestrum,
1160 4640 1220 4692 ut
1262 4640 1421 4707 pater
1466 4632 1634 4704 ﬁlios,
1669 4633 2011 4688 obsecrantes

371 4748 458 4788 vos
485 4737 537 4787 et
579 4731 915 4787 consulentes
945 4727 1128 4800 (1279)
1179 4726 1250 4781 ad
1291 4726 1406 4791 hoc,
1437 4728 1498 4778 ut
1527 4722 1818 4777 ambuletis
1849 4721 2012 4791 digne

378 4826 511 4891 Deo,
561 4823 656 4891 qui
704 4828 855 4874 vocat
902 4834 997 4872 vos
1044 4819 1103 4870 in
1157 4831 1317 4870 suum
1362 4829 1594 4882 regnum
1648 4813 1697 4866 et
1752 4811 2008 4881 gloriam.

374 4909 681 4968 Manifesta
709 4913 845 4962 sunt
866 4906 1003 4960 haec.
1028 4905 1367 4960 Commonet
1388 4902 1544 4957 enim
1570 4899 1699 4955 illos
1723 4899 2010 4969 quomodo

374 4997 730 5056 crediderint
777 5012 838 5051 se
885 4992 1250 5066 prmdicante,
1284 4997 1339 5046 et
1370 4989 1600 5062 qualem
1632 5006 1766 5043 eum
1798 4987 2011 5043 fuerint

376 5088 595 5162 eXperti
649 5090 706 5142 et
754 5101 879 5156 quae
926 5087 1209 5155 praecepta
1237 5080 1461 5135 dederit
1489 5079 1592 5144 eis,
1622 5082 1688 5132 ut
1717 5077 1877 5148 digni
1910 5077 2010 5132 ﬁe-

375 5182 502 5235 rent
535 5184 670 5242 Deo,
701 5173 803 5246 qui
833 5172 962 5227 illos
992 5171 1219 5226 vocavit
1264 5170 1333 5225 de
1381 5168 1551 5224 terris
1604 5167 1660 5221 in
1717 5165 1914 5235 caelos,
1948 5170 2012 5220 ut

373 5266 684 5323 exsuscitet
712 5262 968 5319 lmtitiam
1006 5259 1263 5315 illorum.

438 5356 664 5427 Ideoque
709 5362 758 5409 et
802 5368 901 5409 nos
944 5351 1155 5420 gratias
1198 5348 1414 5419 agimus
1445 5347 1548 5402 Deo
1576 5345 1694 5400 sine
1722 5346 2008 5401 intermis-

373 5444 543 5511 sione,
579 5443 718 5515 quod
744 5458 870 5498 cum
897 5438 1234 5512 accepissetis
1270 5453 1305 5492 a
1348 5434 1505 5491 nobis
1537 5434 1757 5490 verbum
1785 5432 2009 5489 auditus

378 5625 415 5683 b
444 5550 627 5633 (12_78)
658 5550 743 5605 Ea:
789 5547 1101 5607 hominibus
1147 5543 1305 5618 legit.
1358 5540 1546 5615 Vulg.,
1577 5545 1634 5599 et
1668 5540 1838 5599 divus
1869 5548 2007 5598 Am-

421 5638 631 5680 rosius.

421 5638 631 5680 P081118.

2121 4630 2415 4703 perﬁcitur
2443 4631 2657 4686 veritas
2683 4631 3005 4688 charitatis.
3029 4634 3302 4698 Quamvis
3324 4637 3479 4693 enim
3502 4638 3759 4696 Charitas

2121 4736 2236 4775 non
2259 4719 2570 4788 dividatur,
2593 4719 2950 4776 desiderium
2972 4726 3166 4777 tamen
3190 4722 3328 4779 facit
3347 4724 3617 4782 absentia
3636 4744 3759 4784 cor-

2121 4808 2298 4883 poris.
2321 4809 2575 4879 Denique
2596 4808 2832 4876 osculis,
2852 4814 2910 4864 et
2928 4810 3196 4883 amplexu
3220 4812 3550 4870 animorum
3573 4815 3758 4888 exple-

2120 4904 2216 4952 tur
2268 4897 2552 4953 voluntas.
2587 4897 2689 4951 Cui
2740 4898 2820 4953 rei
2872 4899 3286 4971 impedimento
3331 4902 3513 4958 fuisse
3553 4905 3760 4961 asserit

2119 4990 2390 5057 Satanan,
2415 4986 2553 5057 quia
2582 4987 2754 5041 etiam
2787 4987 3063 5058 apostolis
3093 5006 3305 5046 manus
3335 4991 3535 5048 obvias
3568 4994 3762 5051 tende-

2119 5075 2237 5143 bat,
2300 5092 2370 5131 ne
2434 5074 2695 5132 veritatis
2762 5077 2906 5132 ratio
2975 5078 3312 5135 hominibus
3381 5082 3754 5152 panderetur.

2118 5165 2482 5220 Accendebat
2506 5165 2660 5220 enim
2692 5166 3045 5237 perfidorum
3077 5172 3323 5233 mentes,
3347 5175 3413 5224 ut
3439 5187 3539 5227 eos
3560 5174 3756 5228 verbe-

2119 5254 2280 5309 ribus
2302 5271 2366 5308 ac
2390 5253 2637 5309 vinculis
2658 5254 3002 5323 detinerent,
3026 5272 3097 5311 ne
3119 5255 3493 5328 loquerentur
3511 5261 3751 5316 verbum

2120 5343 2236 5397 Dei.
2270 5342 2553 5397 Dixerunt
2582 5343 2740 5399 enim
2774 5346 3021 5415 majores
3049 5347 3382 5403 Judtsorum
3424 5349 3700 5421 apostolis
3733 5364 3748 5403 :

2118 5432 2319 5488 Nonne
2340 5432 2742 5504 praecipientes
2763 5434 3234 5492 denuntiavimus
3256 5436 3436 5506 vobis,
3461 5455 3532 5494 ne
3554 5437 3749 5512 loque-

2186 5537 2368 5613 (1279)
2396 5537 2647 5623 Vulg._et
2672 5540 2843 5623 divus
2864 5543 3211 5602 Ambrosius
3232 5547 3289 5601 et
3316 5543 3487 5605 divus
3506 5545 3747 5623 Chryso-

2117 5611 2365 5683 stdmus,
2405 5611 2760 5671 consolantes.
