4014 6172
221 292 327 353 649
428 314 433 317 ⁷

733 294 1150 358 EXPOSITIO
1196 295 1269 355 IN
1321 294 1746 357 EPISTOLAS
1795 296 2049 358 PAULI.
2080 330 2156 339 —-
2189 300 2264 356 IN
2313 301 2561 361 EPIST.
2608 301 2631 359 Ι
2681 304 2781 361 AD
2827 304 3105 365 THESS.

3507 301 3629 360 650

221 425 414 480 remini
474 425 533 480 in
588 427 831 483 nomine
859 429 997 484 Jesu
1030 427 1133 484 ulli
1166 427 1473 482 hominum
1509 431 1643 497 (Act.
1667 446 1718 489 ν,
1742 429 1864 495 28)?
1895 432 1946 495 Α
1976 429 2133 484 enim
2170 432 2375 486 nuntio
2405 435 2690 499 veniente,
2724 439 2781 489 et
2813 436 3149 491 ﬁrmitatem
3188 434 3512 491 devotionis
3558 432 3627 487 il-

223 514 321 568 Sed
364 514 501 585 quia
551 517 709 585 quod
762 532 875 570 non
922 522 1008 572 est
1060 534 1094 571 a
1138 517 1274 584 Deo,
1317 520 1470 570 stare
1523 534 1636 571 non
1680 522 1867 587 potest

222 603 356 672 (1b,),
387 602 794 659 dissolvuntur
820 604 1244 675 impedimenta
1272 608 1517 659 Satanae.

288 693 401 760 Qum
430 696 509 747 est
540 695 696 748 enim
726 702 912 748 nostra
941 710 1081 765 spes,
1116 699 1209 749 aut
1238 693 1526 763 gaudium,
1541 702 1636 749 aut
1668 711 1867 750 corona

223 781 441 848 glorise?
494 785 694 838 Nonne
740 798 831 838 vos
886 798 1073 839 coram
1120 784 1348 839 Domino
1394 791 1579 838 nostro
1624 785 1753 839 Jesu
1810 786 1868 838 in

224 869 438 926 adventu
467 872 630 942 ejus?
667 877 768 927 Vos
796 874 952 927 enim
998 873 1123 927 estis
1166 873 1344 942 gloria
1390 881 1579 927 nostra
1628 876 1682 926 et
1724 889 1866 943 gau—

224 958 377 1015 dium.
410 960 785 1016 Manifestum
813 961 1082 1032 est,quia
1112 960 1384 1032 perfectio
1416 960 1866 1032 discipulorum,

222 1049 485 1118 gaudium
512 1056 570 1105 et
599 1066 814 1105 corona
846 1049 1115 1121 magistri
1150 1055 1257 1105 est.
1290 1050 1361 1102 ui
1392 1050 1549 1104 enim
1597 1057 1736 1105 sunt
1766 1050 1867 1121 qui

221 1135 434 1193 labores
462 1140 716 1193 fructum
749 1154 1000 1194 suorum
1031 1139 1243 1194 edituri
1274 1138 1687 1193 sunt.Fructus
1709 1140 1866 1194 enim

222 1226 469 1295 magistri
502 1226 833 1299 discipulus
864 1232 954 1282 est
988 1228 1287 1294 obediens,
1320 1227 1488 1295 cujus
1526 1227 1668 1281 dum
1715 1227 1868 1282 bona

221 1316 565 1372 conversatio
597 1315 825 1388 proﬁcit
855 1316 1396 1387 magistro,fructus
1427 1314 1519 1370 sui
1542 1316 1677 1370 edat
1711 1315 1869 1371 labo—

220 1421 360 1459 rem.
388 1406 570 1462 Labor
599 1405 756 1461 enim
789 1405 1065 1476 discipuli
1118 1405 1177 1460 in
1208 1420 1379 1476 opere
1406 1405 1558 1459 bono
1588 1419 1866 1459 coronam

217 1493 317 1547 dat
342 1494 613 1566 magistro
637 1494 836 1564 judice
867 1494 1118 1548 Christo.

283 1583 494 1639 Idcirco
513 1584 631 1655 jam
657 1598 767 1636 non
797 1584 1108 1649 tolerantes,
1145 1585 1410 1653 optimum
1459 1582 1749 1646 duximus,
1808 1584 1867 1635 ut

212 1670 445 1727 Athenis
481 1673 585 1729 soli
620 1673 1088 1743 relinqueremur;
1138 1679 1189 1726 et
1238 1672 1489 1726 misimus
1537 1672 1867 1726 Timotheum

209 1761 403 1830 (1280)
431 1764 655 1831 fratrem
686 1764 957 1827 nostrum,
989 1769 1039 1816 et
1066 1762 1391 1832 participem
1436 1762 1612 1830 operis
1662 1761 1760 1815 Dei
1808 1761 1869 1814 in

206 1852 521 1917 Evangelia
569 1850 791 1915 Christi,
822 1851 896 1906 ad
926 1851 1045 1915 hoc,
1078 1854 1139 1904 ut
1168 1858 1219 1905 et
1248 1865 1341 1905 vos
1367 1852 1664 1919 conﬁrmet,
1699 1857 1749 1904 et
1775 1848 1869 1905 de-

198 1948 470 2008 precetur
512 1956 606 2010 pro
659 1940 761 2010 ﬁde
805 1944 1002 2005 vestra,
1052 1955 1123 1994 ne
1186 1939 1305 2009 quis
1352 1941 1631 1993 moveatur
1678 1940 1738 1992 in
1782 1938 1870 1992 his

201 2030 523 2094 pressaris;
555 2029 663 2097 ipsi
689 2029 839 2082 enim
868 2028 1042 2093 scitis,
1077 2027 1210 2098 quia
1237 2025 1307 2081 ad
1337 2026 1434 2081 hoc
1458 2027 1622 2097 positi
1658 2042 1869 2080 sumus.

204 2118 370 2170 Nam
402 2120 454 2170 et
480 2132 601 2170 cum
627 2117 773 2187 apud
820 2133 910 2171 vos
958 2132 1201 2182 eramus,
1248 2114 1674 2184 praedicavimus
1718 2115 1873 2169 vobis

192 2219 475 2273 passuros
528 2220 621 2259 nos
649 2221 979 2275 pressuram,
1011 2211 1151 2259 sicut
1179 2206 1231 2258 et
1257 2204 1470 2272 factum
1518 2207 1671 2267 est,et
1700 2210 1869 2258 scitis.

199 2290 505 2347 Desiderii
537 2310 710 2365 supra
740 2293 1045 2349 memorati
1079 2308 1289 2347 causas
1317 2291 1619 2362 expressit.
1652 2290 1872 2347 Idcirco

194 2380 373 2435 enim
409 2387 714 2451 praesentes
741 2398 869 2437 esse
898 2383 1053 2452 apud
1078 2398 1176 2437 eos
1204 2381 1497 2447 volebant,
1530 2384 1595 2434 ut
1643 2380 1872 2435 animos

194 2484 426 2523 eorum
456 2469 771 2539 ﬁrmarent,
793 2487 868 2525 ne
899 2470 1034 2541 quis
1064 2486 1131 2525 ex
1162 2470 1256 2525 his
1288 2468 1629 2525 scandalum
1655 2472 1873 2539 patere-

194 2561 307 2611 tur
342 2558 422 2612 de
452 2559 738 2629 pressuris
770 2558 1193 2630 apostolorum,
1248 2562 1311 2612 ut
1357 2558 1453 2628 qui
1503 2562 1666 2612 tanta
1705 2557 1874 2627 signa

196 2647 498 2715 tacerent,
531 2646 841 2717 aliquando
874 2647 1333 2711 inﬁrmarentur,
1366 2646 1448 2701 ita
1476 2644 1873 2712 humiliati,ut

194 2734 558 2789 verberibus
586 2741 642 2790 et
670 2735 917 2791 vinculis
949 2737 1411 2805 subjacerentur.
1444 2735 1527 2789 Ad
1548 2751 1725 2805 quam
1747 2750 1869 2788 rem

196 2823 635 2879 excusandam.
687 2824 1058 2880 Timotheum
1091 2825 1277 2895 (1281)
1308 2823 1557 2879 missum
1600 2826 1869 2887 testatur,

196 2910 497 2966 idoneum
556 2911 867 2980 doctorem,
928 2913 1029 2983 qui
1084 2912 1414 2967 ostenderet
1470 2911 1606 2966 hinc
1664 2910 1873 2965 merita

196 3014 477 3054 crescere
522 2997 885 3066 Christianis,
920 3002 969 3056 si
1005 3017 1108 3071 pro
1150 2999 1385 3057 nomine
1434 2999 1660 3054 Domini
1713 2997 1871 3069 passi

197 3088 442 3157 gratias
472 3091 706 3158 agant,a
726 3104 841 3158 quo
862 3088 1040 3159 hujus
1073 3088 1153 3143 rei
1188 3088 1513 3143 mercedem
1536 3090 1871 3158 exspectant

1978 518 2165 573 lorum
2198 520 2254 573 in
2290 521 2421 590 ﬁde,
2456 531 2511 577 ct
2542 524 2853 579 dilectione
2882 526 3138 594 Apostoli
3172 523 3629 584 declarantere-

1977 612 2074 660 tus
2108 607 2291 662 factus
2324 610 2393 664 de
2424 612 2723 665 communi
2756 613 3069 667 concordia
3099 612 3300 667 scribit
3322 612 3393 665 ad
3417 624 3633 674 eos,se—

1978 713 2185 751 eurum
2214 696 2438 754 habens
2471 700 2723 755 fructum
2760 701 2893 756 ﬁdei
2927 706 2984 756 et
3026 702 3186 756 bona:
3237 695 3630 755 conversatio-

1979 784 2071 839 nis
2104 802 2330 840 eorum.

2052 876 2236 944 Quam
2265 877 2413 930 enim
2441 876 2755 943 gratiarum
2783 878 3049 932 actionem
3094 892 3379 947 possumus
3428 876 3638 945 referre

1978 963 2084 1016 Deo
2113 962 2180 1016 de
2210 963 2357 1018 vobis
2386 981 2556 1034 super
2608 967 2761 1018 omni
2789 952 3015 1034 gaudio,
3050 982 3153 1035 quo
3180 964 3487 1036 gaudemus
3505 979 3636 1034 pro-

1975 1053 2096 1121 pter
2124 1068 2214 1105 vos
2243 1068 2427 1107 coram
2462 1054 2572 1108 Deo
2602 1058 2807 1119 nostro,
2838 1059 3013 1119 nocte,
3045 1056 3239 1123 dieque
3270 1050 3636 1107 abundantis-

1978 1140 2117 1194 sime
2146 1146 2387 1208 orantes,
2415 1151 2478 1196 ut
2509 1143 2799 1197 videamus
2819 1146 3021 1213 faciem
3043 1146 3358 1209 vestram,et
3388 1142 3643 1213 supplea-

1976 1246 2099 1283 mus
2115 1246 2237 1299 quae
2252 1230 2449 1286 desunt
2465 1232 2608 1301 ﬁdei
2631 1236 2862 1287 vestrae?
2892 1230 3047 1286 Nihil
3069 1231 3211 1285 dicit
3227 1235 3351 1285 tam
3369 1231 3641 1303 dignum,

1979 1318 2134 1389 quod
2168 1320 2437 1375 sufﬁcere
2459 1320 2648 1391 possit
2669 1320 2739 1374 ad
2763 1321 3307 1390 compensationem
3338 1320 3642 1393 acquisita:

1980 1405 2190 1461 salutis
2220 1409 2508 1478 gentium.
2529 1409 2595 1462 Et
2616 1407 2898 1478 quoniam
2930 1412 3314 1478 provexerant
3346 1424 3408 1463 se
3442 1425 3641 1480 perse-

1984 1495 2245 1550 verantia
2276 1496 2496 1559 ﬁdei,et
2524 1501 2654 1551 actu
2684 1496 2814 1550 vitae
2841 1496 3125 1563 melioris,
3162 1496 3357 1569 magis
3377 1503 3436 1553 et
3456 1499 3648 1571 magis

1984 1584 2147 1653 cupit
2175 1601 2274 1639 eos
2301 1586 2590 1655 videre,ut
2610 1602 2833 1656 ea,qua2
2859 1586 2930 1640 ad
2967 1586 3391 1656 perfectionem
3412 1587 3649 1644 illorum

1987 1672 2300 1743 pertinent,
2321 1674 2992 1739 ediscant,sacramenta
3012 1675 3237 1732 scilicet
3263 1693 3465 1734 rerum
3488 1677 3656 1750 spiri-

1904 1792 1953 1856 Β
1987 1759 2348 1832 talium,quae
2381 1761 2552 1817 facile
2584 1761 2871 1833 publicari
2912 1780 3030 1818 non
3063 1764 3301 1836 debent,
3336 1771 3405 1823 ut
3436 1768 3659 1823 scirent

1987 1849 2137 1919 quis,
2172 1854 2230 1904 et
2259 1866 2437 1921 quam
2470 1850 2803 1905 immensus
2836 1856 3129 1922 est,quem
3154 1854 3424 1924 judicem
3456 1873 3657 1928 spera-

1986 1938 2327 1993 bant.Aliud
2354 1944 2444 1993 est
2473 1939 2635 1993 enim
2666 1939 2843 1994 ﬁdem
2872 1941 3220 2013 accipere,et
3248 1943 3417 2000 aliud
3439 1947 3660 2016 exposi-

1984 2026 2202 2081 tionem
2236 2027 2391 2081 ﬁdei.
2427 2026 2629 2080 Altera
2658 2027 2811 2081 enim
2850 2028 3177 2100 disputatio
3207 2036 3299 2087 est
3340 2034 3414 2089 de
3446 2039 3662 2089 natura

1983 2114 2172 2169 Patris
2203 2120 2259 2170 et
2293 2114 2438 2186 Filii,
2465 2120 2525 2170 et
2549 2114 2666 2170 alia
2693 2116 2764 2170 de
2795 2118 3084 2187 personis.
3136 2121 3309 2177 Pater
3359 2122 3660 2195 ingenitus

1982 2209 2090 2269 est,
2121 2204 2301 2259 Filius
2332 2221 2464 2259 vero
2496 2204 3073 2275 genitus.Quantum
3102 2209 3174 2263 ad
3210 2226 3501 2281 personas
3524 2229 3654 2284 per-

1980 2292 2150 2361 tinet,
2182 2292 2482 2347 diversum
2508 2292 2765 2360 videtur,
2798 2310 2936 2350 cum
2990 2296 3068 2351 sit
3114 2296 3427 2356 individua
3458 2302 3656 2358 unitas

1983 2380 2438 2435 naturannitas
2470 2380 2635 2435 enim
2664 2398 2779 2437 non
2813 2382 2873 2437 in
2906 2400 3156 2455 persona
3188 2391 3414 2455 est,sed
3438 2390 3498 2445 in
3522 2392 3662 2447 sub-

1982 2468 2216 2524 stantia.
2252 2468 2510 2539 Spiritus
2544 2475 2743 2524 autem
2777 2480 3023 2529 sanctus
3057 2490 3169 2529 non
3204 2476 3464 2549 degener
3496 2484 3659 2551 pute-

1980 2561 2095 2622 tur,
2129 2556 2267 2625 quia
2296 2556 2507 2610 tertius
2535 2557 2793 2626 ponitur.
2830 2558 2939 2624 Qui
2971 2576 3107 2632 ergo
3138 2563 3208 2616 dc
3240 2568 3509 2623 secunda
3529 2585 3657 2640 per-

1982 2661 2125 2699 sona
2155 2660 2269 2698 non
2304 2644 2576 2714 ambigit,
2611 2647 2872 2703 admittit
2903 2652 2961 2703 et
2992 2650 3250 2707 tertiam.

2051 2734 2169 2803 Ipse
2197 2740 2377 2787 autem
2406 2734 2575 2801 Deus,
2618 2738 2671 2789 et
2698 2737 2871 2790 Pater
2922 2740 3128 2804 noster,
3161 2748 3214 2793 et
3251 2742 3521 2800 Dominus
3550 2761 3648 2801 no-

1979 2831 2094 2876 ster
2141 2823 2292 2876 Jesus
2344 2821 2595 2876 Christus
2641 2824 2860 2893 dirigat
2910 2826 3057 2879 viam
3112 2831 3362 2885 nostram
3419 2834 3489 2887 ad
3539 2850 3652 2889 vos.

1982 2910 2211 2979 Integro
2228 2909 2430 2963 ordine
2446 2908 2560 2963 iter
2575 2928 2752 2965 suum
2773 2912 3006 2982 disponi
3025 2914 3330 2983 postulat;
3385 2921 3648 2991 primum

1981 3003 2153 3051 aDeo
2186 2997 2371 3063 Patre,
2406 2997 2546 3066 quia
2596 2999 2667 3053 ab
2719 2999 2846 3070 ipso
2896 3004 3038 3054 sunt
3085 3003 3307 3074 omnia,
3355 3007 3569 3062 deinde
3616 3025 3649 3063 a

1984 3084 2229 3139 Domino
2260 3084 2399 3138 Jesu
2435 3084 2691 3152 Christo,
2743 3103 2846 3157 per
2896 3103 3072 3156 quem
3127 3095 3271 3145 sunt
3321 3095 3541 3161 omnia,
3585 3101 3650 3150 ut

201 3174 524 3245 simulque
554 3192 748 3246 preces
776 3176 890 3232 Deo
922 3158 1251 3243 funderent,
1286 3181 1352 3231 ut
1381 3175 1619 3231 stabiles
1654 3177 1869 3230 essent.
1904 3158 1945 3223 (ἶ
1984 3173 2190 3238 virtus,
2227 3176 2403 3241 atque
2434 3174 2802 3242 providentia
2835 3174 3020 3229 Patris
3052 3179 3110 3230 et
3141 3176 3271 3231 Filii
3326 3158 3643 3239 adventum

201 3265 409 3324 Quam
445 3265 904 3333 persecutionem
938 3265 1155 3320 idcirco
1189 3281 1251 3319 se
1281 3281 1557 3335 passuros
1598 3264 1871 3334 praedica-

202 3355 444 3421 verant,
479 3357 542 3405 ut
572 3369 672 3423 per
699 3352 780 3421 id,
813 3354 966 3424 quod
1000 3353 1424 3424 priescientiam
1457 3352 1635 3422 hujus
1657 3351 1737 3406 rei
1768 3351 1871 3405 ha-

211 3439 359 3493 bere
390 3456 455 3494 se
484 3445 959 3510 protestarentur,
994 3458 1163 3513 posse
1194 3457 1255 3496 se
1295 3442 1547 3513 effugere
1594 3445 1650 3495 et
1697 3438 1874 3495 decli-

210 3544 365 3582 nare
398 3526 505 3583 has
531 3528 776 3598 injurias
798 3531 1322 3601 approbarent.Sed
1348 3530 1486 3601 quia
1508 3546 1641 3600 spes
1665 3544 1877 3600 magna

211 3614 277 3669 in
315 3616 411 3671 his
442 3623 549 3685 est,
583 3618 709 3672 ideo
736 3618 927 3673 illatas
960 3619 1202 3674 suﬂ‘erre
1252 3618 1392 3673 dicit
1420 3620 1609 3687 (1282)
1641 3618 1874 3688 quidem

212 3702 494 3759 libenter.
528 3706 651 3761 Ideo
678 3710 730 3761 et
757 3723 855 3775 ego
882 3724 995 3763 non
1034 3707 1283 3762 tolerans
1328 3709 1585 3779 amplius,
1634 3708 1765 3761 misi
1809 3705 1878 3760 ad

216 3792 342 3857 hoc,
373 3797 432 3848 ut
460 3810 823 3864 cognoscerem
852 3797 1015 3864 fidem
1045 3801 1302 3861 vestram,
1352 3813 1421 3851 ne
1463 3812 1567 3869 quo
1615 3795 1771 3850 modo
1799 3803 1879 3851 at-

223 3884 521 3938 tentaverit
548 3884 640 3937 ille
662 3888 972 3953 tentator,et
995 3887 1180 3940 inanis
1205 3888 1301 3953 [int
1328 3886 1486 3940 labor
1508 3885 1877 3940 noster.Istud

230 3976 469 4041 propter
500 3974 783 4042 quosdam
814 3974 973 4041 dicit,
1010 3974 1110 4045 qui
1144 3975 1370 4045 possint
1412 3975 1609 4029 seduci
1664 3972 1883 4027 astutia

224 4062 475 4114 Satanae.
508 4060 653 4126 Quia
681 4061 741 4115 in
772 4064 928 4117 omni
962 4062 1127 4134 plebe
1171 4069 1259 4118 est
1302 4079 1436 4134 pars
1487 4063 1676 4125 ﬁrma,
1709 4066 1765 4139 et
1793 4061 1880 4115 in-

236 4146 425 4212 ﬁrma,
454 4164 701 4218 quorum
730 4166 907 4207 causa
950 4150 1234 4207 sollicitus
1281 4157 1423 4220 erat,
1472 4168 1542 4206 ne
1591 4150 1883 4205 amitteret

238 4232 488 4290 fructum
519 4237 882 4293 credulitatis
912 4256 1132 4294 eorum.
1160 4239 1225 4294 Et
1253 4241 1392 4310 quia
1420 4239 1643 4295 diutius
1674 4255 1885 4310 passus

240 4337 356 4377 non
385 4328 473 4379 est
502 4325 725 4380 nescire
748 4342 808 4381 se
834 4328 973 4398 quid
1006 4328 1220 4383 certius
1253 4333 1519 4397 ageretur
1546 4330 1701 4383 circa
1731 4326 1884 4389 illos,

244 4411 401 4466 misit
427 4414 609 4483 (1283)
644 4415 1016 4471 Timotheum
1064 4416 1405 4488 episcopum
1438 4434 1471 4472 a
1500 4434 1561 4472 se
1602 4421 1885 4473 creatum.

248 4514 277 4551 a
306 4516 417 4569 quo
447 4508 642 4572 posset
673 4507 890 4558 certum
924 4506 1090 4559 scire.

315 4588 460 4643 Modo
488 4594 671 4645 autem
699 4606 823 4644 cum
849 4594 1079 4647 venisset
1111 4594 1415 4649 Timetheus
1446 4593 1517 4648 ad
1546 4609 1643 4649 nos
1662 4609 1699 4647 α
1720 4593 1889 4651 vobis.

246 4680 299 4727 et
330 4679 707 4732 annuntiasset
734 4679 884 4733 nobis
912 4679 1091 4749 ﬁdem,
1125 4686 1177 4734 et
1204 4682 1523 4737 cbaritatem
1556 4686 1810 4747 vestram,
1841 4674 1894 4736 et

248 4767 505 4832 quoniam
548 4768 869 4821 memoriam
918 4770 1089 4823 nostri
1145 4769 1355 4825 habetis
1406 4772 1621 4835 bonam,
1679 4786 1893 4840 semper

248 4851 615 4909 desiderantes
646 4869 743 4908 nos
770 4855 971 4923 videre,
996 4858 1139 4911 sicut
1188 4862 1241 4911 et
1288 4874 1384 4913 nos
1414 4874 1538 4924 vos;
1563 4860 1683 4914 ideo
1711 4874 1895 4913 conso-

1983 3262 2112 3332 ejus
2145 3263 2610 3323 commendet,ut
2640 3268 2697 3317 et
2726 3262 3102 3334 acceptabilis
3131 3264 3233 3320 ﬁat
3262 3270 3644 3327 audientibus

1984 3367 2066 3417 se,
2100 3353 2156 3403 et
2185 3348 2611 3418 impedimenta
2642 3347 2861 3404 diaboli
2891 3348 3258 3407 solverentur
3278 3356 3352 3409 ad
3385 3357 3640 3429 dirigen-

1985 3440 2124 3491 dum
2162 3437 2271 3491 iter
2310 3438 2457 3505 ejus.
2518 3443 2627 3493 Vos
2671 3443 2856 3493 autem.
2898 3439 3167 3494 Dominus
3213 3444 3547 3515 multiplicat
3596 3455 3650 3502 et

1985 3524 2266 3581 abundare
2310 3526 2482 3594 faciat
2524 3526 2852 3581 charitatem
2904 3528 2961 3581 in
3010 3529 3246 3584 invicem
3276 3540 3328 3585 et
3357 3534 3417 3587 in
3446 3550 3560 3603 vos,
3594 3542 3648 3589 et

1986 3616 2047 3667 in
2076 3629 2280 3675 omnes,
2310 3615 2449 3667 sicut
2480 3618 2531 3668 et
2560 3631 2659 3669 nos
2689 3617 2749 3669 in
2780 3631 2893 3685 vos,
2938 3616 3008 3669 ad
3057 3617 3443 3685 conﬁrmanda
3480 3623 3645 3678 corda

1985 3706 2165 3757 vestra
2195 3701 2581 3772 irreprehensa
2603 3705 2661 3759 in
2676 3706 3041 3759 sanctimonia
3069 3722 3259 3761 coram
3282 3709 3389 3763 Deo
3408 3716 3460 3765 et
3477 3716 3644 3767 Patre

1987 3799 2188 3857 nostro,
2223 3792 2281 3843 in
2324 3791 2564 3845 adventu
2612 3793 2831 3847 Domini
2876 3794 3050 3848 nostri
3091 3795 3217 3849 Jesu
3266 3797 3475 3852 Christi
3519 3815 3639 3854 cum

1988 3880 2241 3936 omnibus
2271 3882 2476 3934 sanctis
2506 3883 2638 3935 suis.
2674 3881 2745 3935 Ut
2774 3882 3057 3951 gaudium
3091 3899 3288 3949 suum,
3314 3900 3428 3954 quo
3463 3886 3533 3940 de
3555 3887 3640 3941 eis

1991 3966 2576 4041 gaudet,cumulet,in
2600 3969 2877 4023 omnibus
2907 3968 3077 4023 bonis
3108 3968 3485 4040 multiplicari
3506 3972 3639 4029 illos

1991 4060 2313 4126 exoptat,ut
2341 4055 2579 4111 veniens
2601 4057 2672 4110 ad
2695 4072 2793 4111 eos
2828 4056 2961 4128 plus
2990 4056 3248 4111 inveniat
3278 4058 3337 4111 in
3368 4058 3637 4128 eis,quod

1993 4145 2167 4201 laude
2202 4144 2444 4215 dignum
2496 4146 2589 4211 sit,
2643 4160 2819 4215 quam
2853 4162 2886 4198 a
2917 4144 3225 4200 Timotheo
3256 4144 3539 4216 audierat,
3572 4152 3641 4201 ut

1994 4231 2531 4304 irreprehensibiles
2563 4233 2933 4288 inveniantur
2954 4249 3089 4286 cum
3122 4233 3343 4289 sanctis
3364 4234 3422 4287 in
3449 4233 3639 4289 chari-

1995 4328 2109 4377 tate
2174 4323 2265 4377 Dei
2314 4322 2520 4388 Patris,
2570 4326 2625 4373 et
2682 4322 2934 4376 adventu
2986 4320 3213 4375 Domini
3264 4323 3448 4377 nostri
3498 4323 3641 4378 Jesu

1997 4411 2233 4475 Christi,
2254 4426 2387 4464 cum
2419 4410 2657 4480 cmperit
2683 4413 2815 4464 ante
2842 4407 3099 4464 tribunal
3131 4410 3260 4479 ejus
3291 4410 3643 4465 examinatio

1923 4524 1967 4586 D
1999 4498 2262 4570 singulos
2294 4499 2638 4569 approbare.
2672 4504 2849 4552 Deum
2882 4503 3049 4552 vocat
3096 4503 3334 4586 propter
3362 4504 3642 4555 terrorem

2002 4587 2328 4659 maiestatis
2353 4588 2507 4655 ejus;
2542 4590 2772 4640 Patrem
2793 4602 2926 4639 vero
2949 4589 3184 4655 propter
3201 4585 3644 4657 benignitatem,

2002 4694 2118 4747 qua
2142 4675 2420 4745 dignatur
2449 4674 2749 4727 credentes
2780 4671 2889 4726 sibi
2924 4672 3198 4742 adoptare
3226 4671 3285 4726 in
3309 4672 3645 4744 ﬁlios,quod

2000 4766 2061 4820 in
2092 4765 2337 4819 adventu
2372 4760 2595 4816 Domini
2630 4759 3122 4815 manifestabitur.

2075 4854 2225 4923 (CAP.
2258 4850 2373 4919 ιν).
2408 4848 2556 4916 Quod
2584 4856 2827 4919 superest
2875 4849 3079 4919 itaque,
3125 4850 3347 4917 fratres,
3389 4864 3648 4917 rogamus

252 4938 521 4996 lationem
550 4958 737 4996 sumus
763 4942 968 5014 adepti,
990 4946 1283 5012 fratres,in
1306 4947 1457 5001 nobis
1487 4962 1655 5014 super
1679 4962 1898 5002 omnem
2004 4956 2116 5005 vos,
2148 4946 2200 4995 et
2229 4939 2568 4993 obsecramus
2608 4940 2667 4990 in
2715 4938 2945 4992 Domino
2992 4937 3139 5003 Jesu,
3192 4946 3251 4991 ut
3300 4937 3645 5007 quemadmo-

250 5031 649 5099 necessitatem,
711 5039 759 5084 et
808 5046 1123 5100 pressuram
1194 5043 1440 5088 nostram
1504 5049 1598 5098 per
1662 5042 1900 5088 vestram

247 5117 433 5185 ﬁdem,
465 5119 594 5188 quia
642 5134 787 5171 nunc
822 5120 1075 5185 vivimus,
1106 5123 1155 5175 si
1180 5138 1271 5175 vos
1300 5122 1561 5177 steteritis
1585 5122 1645 5174 in
1666 5121 1897 5185 Christo,

245 5206 575 5263 Declaravit
601 5222 704 5260 cur
733 5204 904 5260 alacri
938 5224 1202 5264 sermone
1255 5211 1472 5265 scribat
1502 5209 1573 5263 ad
1599 5224 1717 5264 eos.
1770 5210 1901 5265 Ideo

317 5347 511 5420 (1280)
547 5346 608 5420 In
639 5346 765 5420 cod_.
790 5347 963 5420 Titum
984 5367 1003 5402 :
1025 5350 1178 5420 quod
1204 5350 1374 5420 juxta
1395 5365 1599 5406 omnes
1625 5349 1904 5407 lectiones

246 5418 695 5478 emendandum
729 5418 854 5474 fuit.

347 5491 485 5545 1281
548 5488 649 5542 Hic
681 5487 831 5542 clare
861 5490 1071 5561 legitur
1106 5491 1461 5548 Timotheum.

312 5490 515 5637 E1282;
563 5558 810 5615 Verbum
875 5560 1007 5617 dicit
1069 5578 1137 5618 ex
1197 5564 1460 5621 Ambrosi

582 5686 817 5747 PATMH.
890 5686 1203 5751 CXXXIV.

563 5558 810 5615 Verbum
875 5558 1007 5617 dicit
1069 5578 1137 5618 ex
1197 5564 1619 5621 Ambrosiastro
1675 5565 1906 5622 addidi-

2007 5028 2137 5083 dum
2165 5027 2446 5097 accepistis
2476 5041 2516 5078 α
2536 5025 2691 5080 nobis
2721 5026 2956 5096 qualiter
2982 5030 3231 5094 θρονιεαί
3252 5042 3342 5081 vos
3364 5026 3648 5080 ambulare

2009 5127 2061 5175 et
2089 5117 2310 5189 placere
2340 5116 2463 5183 Deo,
2503 5115 2641 5169 sicut
2675 5120 2724 5171 et
2773 5115 3065 5170 ambulatis
3114 5114 3317 5186 (1284),
3367 5112 3651 5169 abundetis

2016 5365 2271 5483 ΙἮ(11⁵283)
2304 5416 2522 5472 lterum
2555 5414 2709 5474 clare
2740 5414 3097 5473 Timotheum.

2114 5490 2270 5561 1284)
2302 5488 2467 5563 Vulg.
2504 5487 2587 5544 sic
2616 5498 2665 5546 et
2698 5486 3015 5546 ambuletis.

3262 5692 3331 5751 21
