4014 6172
211 276 331 336 653
362 304 365 305 ν

738 270 1153 335 EXPOSl'l‘IO
1197 273 1274 332 ΙΝ
1321 272 1760 336 EPISTOLAS
1808 277 2072 339 PAULI.
2100 314 2177 323 —
2207 280 2283 339 IN
2331 278 2582 340 EPIST.
2632 280 2655 337 Ι
2703 282 2808 340 AD
2853 284 3146 348 THESS.

3554 296 3675 354 654

213 423 333 462 cum
365 409 599 461 Dommo
627 419 854 459 erimus.
883 406 945 460 In
974 406 1100 477 ipso
1121 405 1274 460 enim
1298 410 1469 476 raptu
1494 422 1658 461 mors
1677 424 1875 478 prove-
1904 411 1958 475 Α
1991 410 2046 464 id
2068 411 2538 477 est,moriamur,
2564 428 2685 465 una
2706 428 2840 468 cum
2872 414 2973 470 illo
2998 424 3224 477 aeterna
3247 424 3365 480 vita
3381 427 3670 483 fruamur.

216 497 355 561 niet,
384 500 440 549 et
466 493 635 564 quasi
656 509 760 563 per
778 509 1073 563 soporem,
1102 498 1165 547 ut
1188 511 1419 564 egressa
1440 494 1712 548 animain
1749 513 1871 550 mo-

216 588 410 638 mento
434 582 735 637 reddatur.
759 580 906 634 Cum
930 582 1086 635 enim
1109 580 1384 636 tollentur
1423 581 1773 652 morientur,
1811 588 1877 637 ut

217 671 616 745 pervenientes
646 670 718 724 ad
753 669 1094 733 Dominum,
1127 669 1435 740 praesentia
1466 670 1699 723 Domini
1726 671 1871 725 reci-

216 762 382 835 piant
410 760 662 825 animas,
697 758 839 829 quia
870 774 1006 811 cum
1037 757 1279 812 Domino
1312 757 1527 811 mortui
1565 773 1695 812 esse
1752 774 1869 811 non

236 854 464 907 essunt.
500 848 618 902 Hac
651 862 754 917 spe
777 845 1072 901 consolari
1097 862 1156 899 se
1174 845 1421 899 invicem
1443 846 1614 915 jubet
1636 846 1866 915 eos,qui

205 940 398 995 adhuc
426 952 583 992 more
625 933 830 1007 gentili
895 934 1206 989 charorum
1264 951 1505 989 suorum
1559 949 1865 989 excessum

205 1027 492 1099 putabant
522 1023 870 1095 lugendum.

278 1116 433 1186 (CAP.
463 1114 559 1182 V.)
584 1113 655 1167 De
675 1110 1017 1181 temporibus
1032 1112 1216 1164 autem
1235 1116 1289 1165 et
1306 1112 1613 1177 momentis,
1637 1111 1860 1180 fratres,

201 1221 313 1260 non
351 1207 430 1259 est
474 1217 687 1256 necesse
737 1202 891 1255 vobis
910 1199 1101 1253 scribi.
1126 1200 1239 1270 Ipsi
1256 1202 1406 1254 enim
1428 1199 1728 1268 diligenter
1754 1200 1862 1251 sci-

200 1298 296 1357 tis,
326 1294 457 1364 quia
486 1292 600 1346 dies
632 1291 874 1356 Domini,
910 1298 973 1343 ut
1003 1288 1099 1357 fur
1116 1298 1301 1356 noctu,
1324 1290 1404 1344 sic
1424 1290 1622 1343 veniet.
1660 1288 1863 1343 Etcum

202 1382 336 1436 dicit
354 1396 519 1452 ;pax,
554 1384 605 1435 et
625 1380 888 1449 ﬁrmitas,
922 1384 1051 1431 tunc
1071 1379 1391 1446 repentinus
1406 1378 1495 1431 illi
1514 1377 1865 1448 superveniet

204 1471 481 1537 interitus,
512 1467 971 1541 quemadmodum
1011 1466 1171 1519 dolor
1193 1471 1385 1537 partus
1408 1468 1755 1538 praegnanti,
1816 1470 1871 1519 et

201 1576 311 1615 non
340 1558 628 1632 eﬂ‘ugient.
663 1557 781 1611 Hoc
815 1560 926 1622 est,
958 1556 1114 1624 quod
1150 1555 1211 1610 in
1244 1555 1553 1627 Evangelio
1581 1555 1860 1610 Dominus

204 1647 433 1703 locutus
454 1649 565 1715 est,
609 1645 836 1699 dicens:
864 1644 1107 1713 Vigilate,
1133 1645 1269 1714 quia
1288 1644 1510 1699 nescitis
1530 1645 1863 1713 horam,qua

206 1736 464 1791 Dominus
493 1737 674 1789 vester
702 1733 881 1787 veniet
910 1730 1118 1802 (Matth.
1147 1749 1299 1799 xxxv,
1342 1733 1409 1784 42
1428 1748 1449 1794 ;
1507 1732 1673 1786 Marc.
1736 1748 1857 1799 xm,

204 1826 303 1886 33;
331 1826 458 1880 Luc.
492 1840 595 1888 χιι,
627 1822 741 1892 37.)
772 1825 839 1874 Et
859 1819 1105 1874 iterum:
1149 1819 1210 1874 Si
1233 1822 1355 1891 quis
1401 1821 1551 1875 vobis
1606 1820 1811 1874 dixerit
1841 1839 1860 1875 :

202 1930 323 1969 ecce
344 1913 434 1966 hic
462 1912 735 1977 Christus,
761 1913 855 1963 aut
869 1924 988 1964 ecce
1009 1909 1149 1978 illic,
1172 1910 1345 1964 nolite
1390 1908 1605 1964 credere
1646 1909 1859 1979 (Matth.

202 2019 350 2069 xxxv,
382 2002 487 2067 23;
521 2000 647 2054 Luc.
680 2014 816 2061 xvu,
849 1998 964 2065 21).
999 1997 1205 2052 Subito
1235 1998 1416 2062 enim,
1452 2002 1507 2053 et
1536 2014 1605 2052 ex
1661 1996 1862 2068 inspe-

198 2097 325 2146 rato
339 2087 819 2161 apparebit,sicut
832 2087 1195 2141 corruscatio
1210 2092 1451 2157 apparet
1472 2087 1544 2142 ab
1566 2085 1861 2141 orientein

198 2180 553 2235 occidentem
566 2175 809 2239 ,habens
822 2191 1025 2230 secum
1043 2174 1313 2229 militiam
1338 2177 1628 2231 exercitus
1642 2174 1742 2228 Dei
1761 2174 1865 2228 Pa-

200 2270 335 2334 tris,
359 2269 429 2323 ad
453 2264 839 2338 perditionem
862 2262 1208 2317 Antichristi
1231 2267 1285 2317 et
1326 2263 1645 2318 satellitum
1709 2264 1860 2333 ejus.

191 2358 338 2414 Cum
352 2355 505 2412 enim
519 2353 707 2409 securi
724 2352 940 2407 fuerint
952 2352 1156 2423 perfidi
1173 2352 1242 2407 de
1255 2368 1435 2424 regno
1448 2351 1850 2418 diaboli,inter

195 2445 367 2501 fectis
388 2444 627 2513 sanctis,
652 2442 709 2497 id
733 2441 1064 2507 est,Enocb,
1090 2445 1146 2496 et
1164 2440 1371 2510 Elia,et
1392 2440 1504 2495 lzeti
1530 2443 1601 2495 de
1623 2442 1866 2496 victoria

196 2533 452 2588 invicem
476 2531 584 2586 sibi
608 2529 911 2584 mittentes
932 2528 1361 2593 munera,sicut
1382 2529 1527 2583 dicit
1543 2528 1868 2600 Apocalyp-

200 2623 307 2691 sis,
338 2626 481 2675 tunc
502 2618 623 2673 illis
653 2616 845 2673 subito
878 2616 1067 2671 veniet
1088 2616 1431 2691 repentinus
1465 2615 1760 2671 interitus.
1799 2616 1861 2670 In

205 2710 462 2764 adventu
492 2707 647 2762 enim
681 2722 787 2761 suo
818 2704 1089 2760 Christus
1119 2703 1226 2759 hos
1274 2721 1479 2759 omnes
1537 2704 1862 2775 disperdet,

196 2801 266 2851 ut
296 2796 564 2851 videntes
597 2794 804 2858 sancti,
838 2792 939 2864 qui
961 2791 1269 2862 evaserint,
1303 2792 1644 2864 glorientur.

289 2886 383 2940 Vos
415 2893 616 2952 autem,
648 2884 874 2953 fratres,
895 2896 1005 2935 non
1033 2882 1159 2935 estis
1180 2882 1240 2934 in
1260 2882 1513 2951 tenebris,
1548 2889 1607 2936 ut
1629 2881 1742 2935 dies
1762 2880 1867 2937 ille

204 2990 301 3029 vos
328 2978 595 3044 tanquam
625 2972 724 3042 fur
744 2970 1168 3041 comprehendat
1188 2986 1205 3023 :
1230 2970 1425 3024 Omnes
1445 2972 1591 3025 enim
1611 2986 1701 3024 vos
1746 2967 1869 3039 ﬁlii

209 3064 446 3117 luminis
473 3062 621 3131 estis,
644 3069 695 3116 et
712 3061 819 3130 filii
839 3060 936 3114 Dei
954 3075 974 3120 ;
989 3074 1098 3113 non
1121 3059 1250 3112 estis
1270 3061 1460 3123 noctis,
1484 3075 1659 3130 neque
1714 3066 1865 3113 tene-

1991 505 2106 555 Hoc
2129 506 2216 555 est
2240 501 2395 569 quod
2425 517 2611 570 supra
2628 501 2796 568 dixit,
2818 506 2959 575 quia
2983 509 3192 566 fideles
3215 512 3273 566 in
3294 514 3540 571 adventu
3566 517 3676 571 Do-

1988 590 2155 657 mini,
2189 594 2312 643 tam
2338 589 2585 654 mortui,
2620 606 2799 660 quam
2831 594 2968 665 vivi,
3003 598 3239 655 obviam
3262 602 3541 658 tollentur
3571 606 3678 659 Do-

1987 676 2170 741 mino,
2199 676 2523 748 etzsemper
2544 677 2742 734 vivent
2758 697 2893 737 cum
2918 700 3007 739 eo.
3044 691 3109 742 In
3139 688 3247 744 hoc
3268 693 3677 748 meditandum

1983 764 2178 831 docet,
2215 769 2281 818 ut
2314 766 2574 820 invicem
2606 784 2669 821 se
2701 768 2759 823 in
2795 787 2860 826 eo
2894 774 3191 831 mdiﬁcent
3220 796 3420 836 sensu.

2057 853 2340 919 Rogamus
2361 857 2556 907 autem
2573 870 2685 925 vos,
2711 859 2935 927 fratres,
2966 866 3027 916 ut
3052 871 3397 936 cognoscatis
3445 885 3534 925 eos
3583 871 3683 940 qui

1979 938 2252 994 laborant
2276 943 2337 994 in
2356 943 2526 996 nobis
2549 944 2611 998 in
2634 947 2960 1013 Domino,et
2996 959 3223 1009 monent
3276 973 3387 1028 vos,
3446 964 3509 1013 ut
3564 938 3683 1015 illis

1973 1042 2278 1120 summum
2299 1029 2565 1086 honorem
2589 1033 2835 1090 habeatis
2863 1039 2919 1091 in
2942 1039 3215 1098 charitate
3244 1051 3471 1117 propter
3516 1065 3683 1120 opera

1976 1114 2273 1205 ipsorum.
2306 1120 2517 1174 Pacem
2550 1121 2742 1178 habete
2770 1125 2917 1181 inter
2936 1144 3048 1182 vos.
3074 1130 3190 1187 Hoc
3217 1138 3325 1200 est,
3346 1114 3516 1205 quod
3540 1114 3683 1192 dicit

1973 1200 2574 1293 et-in‘aliaEpistola
2635 1212 2680 1281 (I
2709 1214 2840 1267 Tim.
2875 1231 2928 1279 v,
2963 1218 3073 1287 17),
3134 1200 3510 1293 presbyteros
3568 1226 3678 1278 du-

1972 1286 2139 1357 plici
2165 1291 2386 1350 honore
2408 1296 2913 1373 honorandos,qui
2939 1286 3208 1361 laborant
3239 1308 3298 1362 in
3312 1286 3498 1368 verbo
3530 1320 3586 1369 et
3616 1314 3676 1369 in

1973 1376 2667 1472 doctrina.Potestenim
2681 1390 2878 1461 pigere
2894 1395 3159 1465 eum,qui
3178 1396 3441 1468 inopiam
3454 1404 3678 1472 patitur

1973 1469 2339 1525 exercitium
2378 1472 2589 1540 facere,
2624 1478 2777 1546 quod
2822 1480 3009 1548 prosit
3059 1469 3473 1544 audientibus:
3520 1491 3669 1554 Quid

1972 1554 2147 1611 enim
2170 1560 2417 1629 prodest
2439 1561 2722 1617 honorem
2748 1566 2874 1620 sine
2898 1566 3091 1622 fructu
3112 1568 3369 1627 habere?
3388 1578 3504 1631 Aut
3525 1579 3665 1648 quid

1975 1659 2271 1733 magnum
2292 1653 2383 1703 est
2406 1649 2615 1705 offerre
2638 1651 2687 1705 ei
2703 1653 3092 1724 carnalia,qui
3113 1657 3322 1714 tribuit
3344 1662 3666 1733 spiritalia?

1974 1731 2147 1787 Sicut
2173 1734 2330 1791 enim
2359 1737 2578 1793 divitiae
2601 1739 3017 1811 negligentiam
3054 1745 3290 1814 pariunt
3320 1731 3556 1816 salutis,
3580 1753 3664 1807 ita

1973 1824 2386 1893 egestas,dum
2408 1827 2663 1882 saturari
2687 1829 2952 1899 quaerit,a
2973 1831 3205 1900 iustitia
3223 1834 3659 1895 declinat.Hinc

1974 1909 2253 1980 Salomon
2278 1928 2384 1967 nec
2410 1913 2592 1969 nimis
2615 1914 2855 1970 divitem
2880 1934 2940 1971 se
2964 1919 3107 1988 petit
3128 1919 3274 1987 ﬁeri,
3302 1940 3410 1978 nec
3431 1932 3659 1996 egesto-

1976 2015 2112 2053 sum
2146 2002 2330 2069 (Prov.
2364 2019 2501 2066 xxx,
2533 2002 2610 2073 9).
2632 2003 2750 2057 Hoc
2772 2004 2968 2074 ipsum
3004 2011 3203 2061 tamen
3256 2010 3318 2063 in
3373 2013 3657 2069 charitate

1976 2088 2103 2142 fieri
2138 2089 2371 2153 debere,
2407 2095 2475 2144 ut
2519 2090 2964 2148 honoriﬁcentia
3022 2096 3348 2153 sacerdotis
3409 2115 3524 2155 non
3582 2104 3655 2163 de

1977 2179 2188 2231 timore
2202 2178 2390 2249 magis
2407 2178 2506 2245 sit,
2524 2180 2627 2234 sed
2642 2180 2946 2250 dcamore,
2974 2184 3226 2238 utetiam
3248 2184 3333 2240 illi
3362 2190 3649 2259 proficiat,

1980 2264 2080 2335 qui
2112 2265 2268 2320 facit.
2296 2266 2406 2321 Res
2429 2268 2614 2338 enim,
2640 2286 2769 2339 qua:
2792 2275 2999 2341 sponte
3020 2289 3133 2326 non
3156 2274 3241 2339 fit,
3262 2275 3337 2329 ad
3378 2278 3651 2335 allectum

1981 2370 2097 2408 non
2115 2355 2393 2425 pervenit.
2420 2358 2705 2421 Quamvis
2722 2359 2791 2413 ad
2807 2375 3065 2430 praesens
3082 2362 3349 2431 proﬁciat
3364 2369 3648 2440 sumenti,

1985 2442 2131 2497 nihil
2150 2450 2344 2498 tamen
2370 2446 2636 2515 proderit
2657 2446 2716 2501 in
2740 2447 2935 2503 futuro
2958 2449 3143 2505 danti.
3169 2450 3235 2504 Et
3252 2452 3393 2522 quia
3418 2455 3647 2511 dissen-

1982 2532 2068 2586 sio
2093 2531 2277 2586 multa
2296 2540 2542 2603 generat
2562 2535 2741 2607 mala,
2765 2537 3038 2606 pacificos
3057 2554 3155 2593 eos
3177 2555 3308 2595 esse
3361 2542 3651 2602 hortatur.

2056 2622 2323 2690 Rogamus
2371 2630 2560 2677 autem
2587 2641 2698 2692 vos,
2755 2627 2978 2696 fratres,
3037 2628 3303 2698 corripite
3360 2632 3651 2703 inquietos,

1983 2711 2349 2765 consolamini
2373 2713 2784 2781 pusillanimes,
2828 2716 3184 2785 opitulamini
3234 2718 3496 2790 inﬁrmis,
3547 2741 3652 2794 pa-

1984 2801 2181 2855 tientes
2211 2808 2375 2854 estote
2405 2801 2476 2854 ad
2521 2818 2728 2859 omnes.
2762 2805 2943 2858 Videte
2984 2821 3054 2859 ne
3098 2808 3225 2876 quis
3271 2810 3495 2865 malum
3549 2829 3650 2881 pro

1980 2889 2128 2943 malo
2159 2888 2331 2942 alicui
2361 2888 2591 2951 reddat;
2621 2892 2713 2946 sed
2736 2908 2948 2961 semper
2977 2894 3116 2963 quod
3138 2895 3337 2950 bonum
3394 2909 3474 2954 est
3528 2917 3647 2957 sec-

1983 2976 2185 3029 tamini
2213 2977 2273 3028 in
2304 2977 2560 3043 invicem,
2597 2983 2649 3033 et
2672 2981 2729 3033 in
2754 2995 2959 3034 omnes.
3021 2980 3245 3051 Semper
3299 2987 3533 3053 gaudete
3586 2990 3647 3044 in

1982 3064 2229 3118 Domino.
2263 3062 2392 3117 Sine
2412 3066 2827 3121 intermissione
2847 3075 3015 3122 orate.
3038 3070 3101 3121 In
3122 3072 3380 3127 omnibus
3432 3076 3645 3144 gratias

208 3151 464 3206 brorum.
500 3151 559 3203 In
586 3148 842 3204 tenebris
873 3146 1260 3218 ignorantiam
1287 3147 1581 3219 significat
1603 3150 1660 3201 et
1705 3162 1871 3201 men-
1904 3135 1946 3201 C
1986 3154 2151 3222 agite.
2186 3153 2305 3205 Haec
2336 3157 2415 3205 est
2446 3156 2597 3207 enim
2627 3156 2882 3210 voluntas
2906 3158 3013 3210 Dei
3033 3158 3091 3210 in
3133 3157 3343 3215 Christo
3399 3135 3524 3217 Jesu
3580 3166 3641 3218 in

205 3240 448 3295 dacium
475 3256 487 3294 :
507 3238 564 3292 in
581 3238 673 3292 die
693 3234 1220 3303 autem,seientiam
1242 3240 1300 3289 et
1320 3235 1705 3290 veritatem.Id
1716 3234 1867 3290 circo

205 3327 581 3383 Christianos
612 3343 727 3380 non
759 3325 819 3379 in
851 3324 1110 3379 tenebris
1140 3323 1284 3378 dicit
1315 3342 1327 3390 ;
1369 3322 1615 3395 gentiles
1647 3327 1864 3399 autem,

206 3417 302 3472 vel
323 3415 655 3472 incredulos
677 3414 933 3481 Judmos,
961 3412 1111 3467 ﬁlios
1141 3412 1537 3479 tenebrarum,
1572 3413 1710 3478 quia
1742 3411 1864 3466 cul-

203 3510 371 3560 tores
404 3508 543 3558 sunt
582 3502 893 3558 mendacii.
931 3500 1321 3566 Quamobrem
1380 3500 1579 3555 fideles
1629 3516 1865 3555 securos

201 3609 341 3649 esse
371 3592 578 3647 debere
608 3590 921 3661 signiﬁcat,
956 3589 1093 3661 quia
1125 3605 1238 3643 non
1266 3588 1539 3660 ignorant
1599 3589 1862 3645 futurum

203 3682 528 3736 adventum
554 3678 917 3746 Domini,sed
942 3680 1280 3748 exspectant
1301 3676 1534 3732 solliciti
1560 3682 1625 3731 ut
1646 3678 1859 3732 veniat.

204 3770 322 3837 Qui
359 3775 554 3824 autem
586 3768 857 3838 ignorant
888 3766 1220 3820 diffidentes
1247 3765 1317 3818 de
1343 3782 1430 3830 eo,
1466 3770 1698 3837 repente
1734 3766 1864 3821 illos

206 3856 675 3929 comprehendet
694 3855 1071 3925 improvidos,
1095 3858 1153 3907 et
1183 3852 1508 3908 interﬁciet.

283 3948 467 4014 Igitur
486 3961 597 3999 non
618 3945 968 4010 dormianus,
992 3944 1135 3997 sicut
1154 3945 1203 3996 et
1226 3942 1527 4011 eceteri,sed
1547 3943 1860 4010 vigilemus,

203 4042 261 4091 et
292 4036 467 4089 sobrii
492 4036 704 4089 simus:
738 4034 805 4087 Hi
832 4034 1001 4100 enim,
1034 4032 1129 4103 qui
1166 4032 1467 4098 dormiunt,
1525 4038 1679 4086 nocte
1733 4032 1863 4086 dor-

202 4127 395 4179 miunt
418 4140 439 4184 ;
457 4128 513 4178 et
528 4124 625 4193 qui
652 4122 1020 4187 inebriantur,
1048 4119 1518 4175 noctesuntebrii.
1552 4125 1662 4177 Nos
1681 4128 1864 4175 autem

203 4216 309 4284 qui
330 4213 665 4278 dieisumus,
687 4210 859 4266 sobrii
897 4212 1089 4275 simus,
1124 4209 1306 4263 induti
1337 4209 1610 4264 thoracem
1629 4210 1783 4280 ﬁdei,
1814 4218 1865 4265 et

202 4301 520 4369 charitatis,
548 4303 597 4354 ct
625 4300 860 4369 galeam,
886 4315 1035 4370 spem
1062 4298 1263 4352 salutis
1288 4316 1308 4361 ,'
1346 4300 1475 4368 quia
1520 4314 1629 4354 non
1680 4300 1862 4369 posuit

200 4405 309 4444 nos
335 4390 478 4443 Deus
504 4391 565 4442 in.
593 4389 760 4453 iram,
811 4386 902 4441 sed
933 4390 992 4442 in
1051 4388 1470 4458 acquisitionem
1523 4388 1719 4442 salutis
1765 4404 1863 4457 per

203 4479 511 4534 Dominum
539 4486 790 4531 nostrum
816 4478 1001 4531 Jesum
1022 4475 1318 4545 Christum,
1353 4476 1449 4547 qui
1493 4479 1739 4531 mortuus
1785 4480 1863 4531 est

197 4583 305 4638 pro
337 4567 513 4621 nobis.
552 4566 635 4631 Ut,
668 4566 782 4619 sive
810 4564 1166 4631 dormiamus,
1196 4567 1311 4620 sive
1339 4564 1650 4633 vigilemus,
1694 4566 1866 4620 simul

207 4672 342 4711 cum
368 4671 427 4709 eo
458 4656 719 4709 vivamus.
755 4656 984 4725 Propter
1003 4654 1143 4725 quod
1164 4655 1533 4709 exhortamini
1554 4657 1865 4723 invicem,et

201 4743 1008 4811 sediﬁcatealterutrum,sicut
1018 4750 1068 4797 et
1075 4744 1281 4812 facitis.
1299 4747 1578 4815 Apertum
1599 4748 1687 4799 est
1707 4746 1860 4815 quod

204 4831 729 4888 dicit.Commonet
746 4831 900 4885 enim
925 4848 996 4885 ne
1010 4831 1197 4885 securi
1213 4832 1282 4886 de
1300 4833 1536 4887 nomine
1550 4832 1864 4890 Salvatoris

206 4919 581 4991 negligenter
603 4935 883 4990 agamus;
915 4920 1161 4991 ideoque
1183 4920 1370 4975 tribus
1392 4937 1496 4975 nos
1532 4938 1865 4993 propugna-

206 5008 366 5064 culis
391 5007 609 5062 muniri
640 5008 868 5073 debere,
902 5008 957 5063 id
991 5014 1101 5074 est,
1137 5008 1289 5073 ﬁdei,
1322 5014 1378 5063 et
1408 5010 1551 5079 spei,
1585 5015 1641 5065 et
1678 5010 1865 5065 chari-

206 5097 374 5153 tatis.
410 5096 559 5151 Dum
593 5096 747 5151 enim
780 5097 923 5151 fides
956 5102 1172 5163 manet,
1207 5113 1370 5167 spem
1419 5098 1670 5165 excitat;
1730 5115 1865 5170 spes

208 5189 414 5240 autem
449 5185 777 5239 necessario
810 5184 1056 5240 sollicita
1085 5188 1173 5238 est
1203 5186 1272 5239 de
1320 5185 1728 5255 promissione,
1760 5203 1865 5242 nec

207 5272 435 5328 dormit
461 5290 474 5340 ;
508 5272 762 5327 charitas
794 5278 985 5327 autem
1015 5273 1284 5327 devotum
1308 5272 1473 5327 offert
1494 5272 1863 5329 Domino.Ni-

207 5361 294 5417 hil
326 5359 477 5415 enim
503 5361 811 5415 adversum
846 5361 1101 5415 admittit
1142 5360 1414 5416 charitas.
1454 5362 1665 5417 Idcirco
1710 5362 1863 5418 enim

210 5454 487 5506 mortuus
505 5454 594 5504 est
615 5466 717 5520 pro
735 5450 902 5505 nobis
932 5450 1210 5504 Dominus
1235 5451 1428 5515 Jesus,
1453 5456 1508 5505 et
1530 5453 1864 5523 resurrexit,

218 5544 290 5603 ut
322 5538 443 5596 sive
472 5538 801 5612 vigilemus,
825 5537 933 5596 hoc
947 5545 1035 5597 est
1062 5537 1865 5615 vivamus,sivedormiamus,

1982 3239 2151 3293 vobis.
2181 3239 2466 3300 Quoniam
2502 3258 2737 3299 necesse
2755 3247 2845 3297 est
2866 3245 3151 3313 quosdam
3174 3262 3302 3302 esse
3352 3249 3409 3304 in
3471 3253 3639 3321 plebe

1976 3327 2383 3393 immodestos,
2406 3331 2698 3397 quosdam
2723 3335 2919 3386 autem
2944 3333 3369 3403 pusillanimes,
3395 3338 3504 3394 hoc
3524 3345 3632 3411 est,

1976 3415 2234 3479 timidos,
2266 3417 2551 3485 quosdam
2575 3436 2709 3475 vero
2733 3420 2847 3473 fide
2870 3420 3135 3477 inﬁrmos
3168 3440 3179 3476 :
3215 3423 3343 3479 ideo
3375 3426 3501 3492 hos,
3531 3428 3631 3498 qui

1978 3503 2225 3558 modesti
2257 3509 2415 3574 sunt,
2442 3510 2497 3560 et
2527 3509 2957 3579 magnanimes,
2983 3515 3039 3564 et
3060 3511 3172 3567 fide
3190 3514 3629 3582 fundati,horta-

1976 3598 2073 3646 tur
2093 3608 2224 3646 cum
2252 3608 2438 3663 prece,
2466 3598 2531 3647 ut
2551 3594 2645 3649 his
2664 3594 2994 3667 consulant,
3019 3604 3083 3652 ut
3106 3601 3328 3670 possint
3352 3604 3628 3671 proficere

1975 3680 2321 3735 sufferentes
2349 3696 2468 3747 eos,
2495 3697 2565 3735 ne
2597 3682 2643 3736 si
2671 3683 2977 3739 retributio
2998 3686 3060 3739 fit
3086 3687 3629 3761 malorum,pejores

1975 3784 2037 3823 se
2057 3769 2216 3822 ﬁant.
2242 3767 2460 3823 Idcirco
2484 3768 2633 3823 nihil
2655 3771 2813 3825 aliud
2839 3788 3014 3841 quam
3041 3774 3257 3830 bonum
3281 3780 3627 3834 sectandum

1978 3855 2245 3910 hortatur
2262 3873 2376 3910 non
2400 3856 2589 3911 solum
2609 3857 2666 3911 in
2686 3876 2863 3913 causa
2884 3860 3257 3930 fratrum,sed
3281 3865 3338 3919 in
3359 3868 3625 3922 omnium

1977 3945 2231 3999 Possunt
2262 3944 2418 3997 enim
2450 3944 2619 3999 bonis
2653 3947 2927 4016 operibus
2959 3950 3171 4003 attrahi
3229 3951 3492 4007 inﬁdeles
3553 3956 3624 4009 ad

1974 4032 2397 4099 credulitatem,
2430 4048 2495 4085 ex
2530 4048 2647 4101 qua
2677 4050 2907 4104 semper
2936 4038 3622 4106 gaudeaturinDomino,

1972 4120 2082 4175 hoc
2111 4126 2221 4189 est,
2254 4120 2313 4174 in
2344 4120 2584 4174 bonum.
2619 4120 2917 4176 Orandum
2941 4128 3137 4179 autem
3159 4128 3285 4181 sine
3323 4127 3624 4183 intermis-

1974 4209 2155 4264 sione.
2181 4207 2404 4263 Sedulaa
2426 4208 2582 4262 enim
2610 4225 2806 4279 preces
2822 4219 3137 4281 provocant
3157 4216 3420 4269 animum
3457 4217 3619 4286 judi-

1972 4300 2055 4353 cis
2079 4298 2149 4352 ad
2174 4298 2429 4352 dandam
2454 4297 2935 4355 misericordiam.
2963 4301 3025 4355 In
3043 4303 3317 4359 omnibus
3338 4322 3469 4360 vero
3483 4306 3618 4361 acti-

1973 4389 2083 4442 bus
2114 4386 2283 4441 bonis
2309 4391 2417 4440 Deo
2440 4387 2660 4453 gratias
2679 4389 3063 4460 agendas,qui
3085 4391 3233 4447 hanc
3249 4392 3456 4449 tribuit
3485 4393 3621 4449 doc-

1895 4498 1941 4562 D
1975 4477 2190 4531 trinam
2216 4475 2275 4528 in
2308 4473 2537 4530 Christo
2566 4474 2707 4529 Jesu
2739 4475 2985 4531 Domino
3008 4483 3225 4534 nostro.

2048 4564 2318 4633 Spiritum
2340 4562 2508 4616 nolite
2526 4565 2901 4631 exstinguere.
2925 4566 3160 4637 Pr0phet
3169 4570 3252 4623 ias
3280 4570 3453 4623 nolite
3472 4585 3623 4639 sper-

1973 4668 2123 4707 nere.
2161 4652 2357 4707 Omnia
2387 4659 2570 4705 autem
2597 4652 2860 4721 probate;
2893 4654 3032 4722 quod
3064 4654 3264 4711 bonum
3302 4665 3377 4713 est
3428 4662 3619 4715 tenete.

1974 4741 2049 4794 Ab
2081 4742 2235 4795 omni
2264 4740 2440 4810 specie
2466 4739 2615 4792 mala
2635 4740 2898 4795 abstinete
2921 4758 3029 4795 vos.
3065 4742 3183 4799 Hoc
3203 4745 3364 4813 dicit,
3400 4751 3464 4800 ut
3507 4764 3622 4801 non

1974 4829 2141 4883 facile
2172 4828 2346 4883 alicui
2407 4843 2507 4897 per
2563 4827 2844 4898 Spiritum
2902 4829 3161 4901 loquenti
3213 4833 3618 4889 interdicatur.

1972 4916 2375 4988 Exstinguitur
2396 4913 2569 4981 enim,
2596 4915 2989 4986 siincipientis
3012 4920 3169 4991 loqui
3194 4923 3382 4978 fervor
3402 4926 3624 4976 contra-

1974 5006 2224 5059 dictione
2246 5002 2490 5074 sopitur,
2525 5020 2596 5057 ne
2619 5004 2762 5058 forte
2793 5022 2907 5061 non
2942 5007 3330 5082 intelligentes
3374 5008 3487 5063 dici
3544 5008 3617 5063 ab

1975 5111 2039 5149 eo
2098 5091 2384 5163 spiritalia
2441 5090 2717 5161 injuriam
2780 5094 2991 5149 faciant
3036 5099 3275 5168 Spiritui
3307 5104 3524 5159 sancto,
3561 5099 3620 5151 et

1975 5187 2213 5255 peccent
2235 5196 2334 5251 per
2354 5180 2744 5251 ignorantiam
2773 5200 2785 5249 ;
2810 5199 2997 5255 neque
3018 5185 3293 5255 aliquem,
3323 5183 3422 5254 qui
3447 5182 3618 5253 quasi

1973 5272 2302 5341 Scripturas
2327 5267 2555 5339 revelet,
2581 5286 2695 5324 non
2720 5272 2909 5326 audiri
2933 5272 3217 5343 patienter
3252 5273 3481 5337 debere,
3514 5272 3617 5328 sed

1975 5359 2171 5417 omnia
2200 5358 2354 5413 dicta
2380 5358 2719 5429 examinari,
2760 5365 2817 5414 et
2874 5359 2955 5414 sic
3006 5360 3280 5430 judicari,
3342 5376 3413 5414 ne
3472 5359 3619 5417 forte

1974 5449 2221 5521 gratiam
2254 5449 2448 5502 datam
2480 5447 2642 5502 fratri
2670 5449 2808 5503 dum
2837 5453 3143 5518 respuunt,
3172 5450 3393 5504 auctori
3442 5465 3619 5519 repu-

1974 5542 2174 5613 gnent.
2197 5536 2406 5595 Omnia
2426 5552 2584 5610 ergo,
2612 5554 2740 5621 quae
2762 5537 3056 5607 dicuntur,
3080 5538 3382 5613 probanda
3397 5541 3619 5623 monet,
