4020 6178
362 301 480 362 655

1391 299 1728 359 ATTONIS
1773 297 2361 360 VERCELLENSIS
2403 297 2752 360 EPISCOPI

3652 289 3767 351 656

364 431 718 504 etquidquid
741 429 956 498 sobrie,
979 432 1034 483 et
1059 429 1204 483 bene
1234 428 1454 483 dictum
1505 429 1696 496 fuerit,
1749 429 2000 484 retinen-
2035 431 2085 494 Α
2119 432 2308 483 strum
2344 427 2632 500 dirigatin
2657 426 3030 499 perfectione,
3058 429 3122 481 ut
3149 423 3375 495 integer
3397 421 3478 478 sit
3522 419 3769 494 spiritus

363 524 525 577 dum.
559 521 925 589 Quaecunque
954 516 1108 572 enim
1142 518 1561 587 apostolorum,
1585 525 1639 572 et
1671 519 1857 588 ipsius
1893 525 2006 572 Uo-

365 610 506 664 mini
531 608 699 662 dictis
723 612 1072 676 congruunt,
1095 623 1159 660 eo
1184 606 1497 660 benedicta
1521 607 1789 661 habenda
1845 611 2003 672 sunt,

362 703 417 753 et
436 696 739 752 retinenda
763 713 776 762 ;
801 697 873 750 ab
897 696 986 750 his
1018 702 1366 766 autem,quae
1395 695 1633 750 inimica
1653 695 1784 750 ﬁdei
1807 695 2004 749 viden-

360 791 475 850 tur,
500 785 938 840 abstinendum.
962 783 1160 837 Solent
1178 784 1334 837 enim
1356 782 1597 852 spiritus
1622 782 1825 836 mundi
1849 781 2008 837 falla-

358 873 500 929 citer
532 873 699 945 quasi
731 889 831 944 per
859 872 1242 926 imitationem
1277 871 1467 926 dicere
1510 872 1683 939 bona,
1742 876 1798 925 et
1853 870 2008 926 inter

358 964 481 1020 haec
501 964 887 1019 subinducere
912 978 1103 1033 prava,
1129 966 1194 1015 ut
1215 977 1316 1032 per
1341 960 1484 1025 haec,
1508 977 1634 1031 qua:
1668 961 1821 1016 bona
1847 965 2004 1026 sunt,

358 1057 593 1124 accepto
624 1053 884 1106 ferantur
914 1055 972 1104 et
1001 1049 1188 1104 mala:
1245 1054 1308 1103 ut
1339 1049 1475 1119 quia
1536 1049 1711 1104 unius
1765 1049 2007 1119 spiritus

359 1141 512 1196 dicta
533 1144 833 1210 putantur,
851 1156 964 1194 non
987 1138 1396 1193 discernantur
1412 1137 1482 1192 ab
1505 1137 1882 1203 invicem,sed
1908 1153 2008 1208 per

358 1229 436 1294 id,
455 1229 610 1300 quod
635 1228 862 1284 licitum
888 1232 996 1297 est,
1022 1225 1774 1294 commendeturillicitum,
1808 1230 2005 1280 aucto-

355 1318 524 1372 ritate
548 1317 825 1386 nominis,
861 1333 974 1370 non
1007 1315 1230 1370 ratione
1280 1315 1534 1371 virtutis.
1596 1313 1795 1370 Solent
1850 1315 2005 1369 enim

357 1406 466 1461 sub
481 1405 877 1476 apostolorum
898 1404 1216 1473 nomine,et
1230 1402 1416 1474 ipsius
1431 1403 1744 1470 Domini,et
1756 1403 2009 1458 nefanda

357 1496 582 1564 docere,
605 1498 662 1548 et
681 1493 940 1548 adversa.
964 1493 1214 1562 Ideoque
1235 1493 1432 1546 omnia
1464 1492 1767 1562 probanda
1787 1494 2006 1560 monet,

357 1583 495 1653 quia
515 1599 630 1637 non
653 1587 900 1653 possunt
924 1581 1156 1651 eloquia
1178 1580 1407 1635 Domini
1430 1597 1558 1636 esse
1579 1581 1828 1635 diversa.
1860 1582 2006 1634 Hinc

356 1676 447 1726 est
477 1671 630 1725 unde
656 1675 713 1724 et
741 1669 983 1724 Joannis
1015 1669 1261 1740 apostoli
1307 1668 1566 1738 Epistola
1593 1685 1606 1722 :
1663 1669 1860 1732 Nolite,
1918 1668 2005 1722 in-

357 1759 504 1829 quit,
536 1759 936 1829 omnispiritui
963 1758 1200 1822 credere,
1247 1757 1339 1812 sed
1364 1759 1590 1828 probate
1647 1758 1897 1828 spiritus,
1955 1758 2008 1811 si
2037 1795 2084 1858 Β

357 1861 426 1900 ea:
453 1848 558 1902 Deo
586 1853 714 1901 sunt
733 1849 782 1917 (1
802 1849 957 1902 Joan.
994 1863 1066 1911 1v,
1096 1846 1146 1917 1)
1172 1867 1185 1913 ς
1212 1846 1351 1917 quia
1372 1847 1420 1901 si
1445 1845 1630 1900 multa
1651 1845 1802 1900 bona
1824 1844 2000 1913 dicat;

356 1935 634 2005 invaliquo
662 1939 877 2000 autem,
903 1935 1056 2006 quod
1094 1935 1228 1989 ﬁdei
1269 1935 1575 1989 adversum
1609 1938 1716 2001 est,
1750 1938 2001 2005 promat,

356 2024 705 2079 sciaturnon
727 2039 856 2079 esse
875 2023 1131 2094 Spiritus
1152 2028 1412 2079 sanctus.
1444 2022 1599 2076 Nihil
1628 2022 1783 2077 enim
1845 2039 2001 2077 erro-

357 2111 516 2172 risin
541 2117 740 2166 sancto
764 2110 980 2182 Spiritu
1005 2111 1216 2182 poterit
1264 2110 1522 2182 reperiri.
1587 2111 1698 2166 Sed
1753 2114 1854 2165 aut
1904 2127 2006 2182 per

356 2199 696 2254 exercitium
718 2198 929 2267 eloquii
952 2199 1218 2268 quaedam
1240 2197 1548 2269 spiritalia,
1581 2199 1846 2268 quaadam
1870 2214 2004 2253 vero

356 2285 634 2352 carnalia,
663 2286 802 2357 quia
829 2286 1020 2340 omnis
1072 2303 1232 2340 error
1290 2287 1446 2341 carni
1507 2288 1843 2358 deputatur,
1903 2291 2006 2341 aut

355 2377 507 2432 certe
524 2379 852 2430 commento
877 2374 1133 2444 quodam
1156 2374 1383 2428 astutiae
1408 2373 1560 2428 bona
1597 2375 1784 2445 ﬁngit,
1818 2378 1882 2428 ut
1910 2374 2005 2429 his

354 2462 574 2518 inserat
604 2461 777 2533 mala,
815 2463 964 2517 sicut
993 2479 1172 2532 supra
1199 2463 1512 2517 memoravi
1544 2478 1556 2516 :
1620 2463 1996 2533 quemadmo-

353 2552 492 2607 dum
515 2552 573 2606 in
606 2552 902 2616 Montano,
934 2556 990 2606 et
1012 2550 1292 2621 Priscilla,
1326 2556 1381 2606 et
1413 2551 1730 2606 Maximilla
1751 2552 2001 2622 prophe-

351 2641 924 2712 tisCatapbrygarum
940 2639 1183 2710 spiritus
1196 2640 1397 2694 mundi
1414 2639 1734 2694 imitatione
1748 2641 2002 2710 quadam

353 2729 491 2783 boni
521 2727 838 2794 simulavit,
875 2733 938 2782 ut
967 2745 1068 2799 per
1101 2727 1286 2782 multa
1315 2727 1676 2792 verisimilia,
1723 2744 1828 2782 nec
1886 2744 2003 2784 non

350 2820 408 2871 et
435 2832 592 2881 vera,
627 2815 972 2870 mentiretur
1001 2832 1064 2871 se
1094 2831 1222 2871 esse
1253 2815 1537 2887 Spiritum
1569 2819 1858 2872 sanctum.

422 2907 540 2976 Ipse
587 2913 770 2959 autem
817 2906 953 2960 Deus
995 2907 1151 2975 pacis
1199 2905 1496 2974 sanctiﬁcet
1536 2921 1626 2960 vos
1669 2923 1771 2976 per
1815 2907 2004 2960 omnia

347 2996 636 3066 perfectos,
660 3001 718 3048 ut
750 2995 960 3061 integer
987 2995 1218 3064 spiritus
1247 2997 1436 3063 vester,
1469 2998 1519 3048 et
1546 2996 1759 3061 anima,
1787 3003 1841 3050 et
1879 3011 2000 3049 ror-

351 3099 453 3154 pus
473 3084 594 3138 sine
613 3083 835 3152 querela
854 3084 913 3136 in
937 3082 1172 3138 adventu
1197 3085 1424 3138 Domini
1463 3085 1638 3138 nostri
1683 3085 1808 3139 Jesu
1840 3084 2001 3138 Chri-

2117 517 2290 571 datus
2323 517 2510 572 nobis.
2544 519 2708 572 Tunc
2738 516 2895 571 enim
2925 515 3152 586 integer
3180 517 3290 580 est,
3320 512 3369 568 si
3419 512 3586 567 bona;
3645 510 3768 565 vita

2116 606 2479 673 studeamus,
2515 605 2777 660 animam
2808 604 3094 660 habentes
3125 601 3435 667 mundam,
3456 605 3515 655 et
3557 615 3768 670 corpus

2117 693 2243 748 sine
2264 693 2592 763 querela,ut
2613 699 2769 748 totus
2793 692 2965 748 homo
2986 691 3060 746 sit
3078 689 3596 762 perfectus.Potest
3613 687 3770 742 enim

2117 797 2328 852 corpus
2387 782 2676 837 mundum
2735 797 2882 848 esse,
2945 785 3001 833 et
3061 779 3260 834 anima
3316 776 3618 849 inquinari
3673 791 3770 847 per

2120 869 2343 925 malum
2429 869 2788 942 cogitatum;
2862 869 3109 938 ideoque
3166 872 3356 922 totum
3415 867 3474 921 in
3537 864 3769 920 homine

2121 959 2407 1014 mundum
2439 959 2582 1014 dicit
2612 975 2741 1014 esse
2783 958 3013 1013 debere.
3049 956 3110 1011 Si
3168 961 3361 1010 autem
3423 953 3580 1009 mala
3632 954 3769 1021 vita,

2116 1047 2202 1103 vel
2251 1048 2525 1120 cogitatio
2585 1047 2923 1116 intercedat,
2984 1061 3099 1100 non
3155 1044 3268 1099 erit
3319 1043 3546 1116 integer
3601 1043 3769 1114 spiri-

2118 1141 2233 1204 tus,
2259 1137 2398 1208 quia
2428 1136 2646 1192 deserit
2666 1135 2966 1190 hominem
2990 1132 3242 1205 peccatis
3273 1132 3769 1189 obnoxium.Dum

2116 1226 2274 1281 enim
2298 1225 2572 1280 dissentit
2593 1224 2810 1290 anima,
2829 1228 2888 1279 et
2915 1220 3424 1294 corpus,quamvie
3443 1220 3572 1276 sine
3591 1236 3771 1276 sensu

2117 1315 2211 1384 sit,
2240 1313 2414 1368 alieni
2450 1315 2521 1369 ab
2553 1313 2656 1368 illo
2687 1313 3043 1378 efﬁciuntur,
3075 1315 3132 1367 et
3158 1309 3320 1366 velut
3374 1310 3625 1382 perdens
3673 1324 3770 1364 eos

2117 1419 2233 1458 non
2249 1401 2358 1458 erit
2377 1401 2604 1474 integer
2632 1401 2894 1473 spiritus.
2918 1401 3002 1456 Ad
3036 1399 3146 1456 hoc
3176 1398 3331 1454 enim
3366 1399 3543 1454 datur
3580 1397 3771 1452 homi-

2118 1491 2197 1561 ni,
2233 1495 2298 1545 ut
2327 1495 2580 1558 maneat,
2613 1494 2670 1545 et
2699 1491 2778 1545 sit
2801 1488 2971 1560 quasi
2994 1491 3172 1559 caput
3195 1488 3344 1556 ejus.
3375 1486 3608 1558 Integer
3633 1502 3772 1558 ergo

2117 1596 2232 1634 non
2258 1579 2388 1650 erit,
2422 1579 2562 1650 quia
2587 1578 2775 1649 perdit
2803 1577 3091 1644 membra,
3124 1577 3272 1633 dum
3301 1575 3521 1638 recedit
3576 1575 3648 1630 ab
3707 1590 3771 1630 eo

2115 1667 2314 1736 homo,
2349 1684 2418 1722 ea
2446 1683 2646 1738 agens,
2678 1683 2806 1738 quae
2835 1665 2959 1720 odit
2987 1663 3240 1736 Spiritus
3270 1667 3532 1720 sanctus.

2185 1756 2393 1812 Fidelis
2421 1759 2501 1811 est
2545 1756 2703 1823 Deus,
2761 1755 2864 1825 qui
2909 1755 3120 1810 vocavit
3174 1768 3284 1822 vos,
3337 1753 3436 1823 qui
3481 1759 3535 1808 et
3587 1752 3770 1821 faciet.

2113 1847 2352 1910 Fratres,
2385 1849 2536 1900 orate
2565 1859 2662 1915 pro
2690 1841 3133 1898 nobis.Fidelem
3153 1841 3342 1896 Deum
3361 1839 3505 1896 dicit
3533 1839 3597 1894 in
3640 1856 3769 1911 pre-

2116 1933 2313 1989 missis
2339 1933 2487 2000 suis,
2512 1937 2578 1990 ut
2602 1931 2791 1988 securi
2815 1932 2886 1986 de
2910 1930 3147 2003 praemio
3169 1934 3323 1986 recte
3343 1933 3673 1986 versentur.
3709 1929 3770 1983 Et

2114 2023 2255 2093 quia
2276 2021 2378 2094 qui
2403 2026 2576 2090 recte,
2595 2021 2768 2091 juxta
2791 2019 3193 2092 Evangelium,
3224 2017 3448 2084 vivunt,
3479 2015 3651 2073 facile
3677 2034 3770 2089 ρος

2113 2115 2314 2166 terunt
2342 2111 2653 2182 impetrare
2680 2120 2808 2181 quas
2840 2107 3170 2179 postulant;
3205 2107 3419 2164 idcirco
3449 2121 3620 2162 orare
3673 2123 3770 2161 eos

2114 2216 2218 2270 pro
2247 2216 2308 2255 se
2338 2198 2622 2254 hortatur.
2657 2197 2844 2254 Facile
2873 2197 3030 2254 enim
3063 2196 3232 2253 multi
3262 2197 3582 2268 impetrant
3613 2195 3766 2268 quod

2113 2288 2466 2344 desiderant.

2190 2377 2434 2432 Salutate
2461 2380 2663 2447 fratres
2709 2392 2894 2433 omnes
2948 2378 3011 2431 in
3065 2376 3246 2432 osculo
3299 2377 3506 2430 sancto.
3561 2377 3774 2430 Sancta

2117 2465 2321 2521 oscula
2341 2471 2481 2521 sunt
2507 2465 2563 2519 in
2590 2465 2939 2522 salutatione
2957 2463 3320 2531 Christiana;
3343 2468 3552 2518 caetera
3573 2479 3772 2518 carna-

2114 2554 2196 2609 lia
2225 2559 2387 2619 sunt,
2410 2554 2550 2625 quia
2581 2553 2867 2625 quidquid
2891 2554 3019 2610 sine
3039 2552 3266 2609 Christo
3290 2553 3374 2620 ﬁt,
3397 2551 3635 2608 carnale
3659 2557 3773 2621 est,

2114 2660 2180 2697 ac
2214 2660 2315 2714 per
2343 2643 2452 2698 hoc
2486 2642 2752 2698 mortale.
2785 2643 2893 2707 Qui
2925 2642 3083 2698 enim
3108 2645 3405 2698 auctorem
3446 2640 3576 2696 vitea
3633 2657 3772 2696 con-

2113 2731 2343 2799 temnit,
2377 2731 2436 2785 in
2470 2735 2655 2786 morte
2684 2723 2792 2787 eet.

2186 2819 2389 2890 Adjuro
2419 2835 2513 2873 vos
2537 2835 2636 2890 per
2666 2821 2982 2888 Dominum,
3013 2823 3073 2874 ut
3103 2819 3319 2888 legatur
3363 2819 3607 2890 Epistola
3656 2817 3776 2875 haec

2112 2909 2371 2964 omnibus
2399 2910 2688 2978 fratribus.
2725 2908 3007 2981 Astringit
3031 2924 3132 2964 eos
3156 2913 3221 2963 ut
3255 2907 3488 2963 soliiciti
3522 2907 3647 2963 sint
3700 2907 3766 2962 ad

2110 2996 2709 3069 legendamEpistolas
2721 2997 2950 3053 cunctis
2963 2995 3334 3068 tratribus,ut
3345 3000 3702 3067 cognoscant
3716 3001 3772 3050 et

2117 3085 2344 3151 laudes,
2371 3091 2429 3140 et
2449 3087 2878 3142 admonitiones
2899 3103 3060 3157 suas,
3080 3103 3182 3158 per
3201 3101 3346 3157 quas
3364 3085 3510 3141 ﬁant
3532 3083 3768 3156 perfecti

353 3173 428 3226 sti
452 3175 714 3225 servetur.
752 3173 899 3226 Deus
929 3171 1091 3243 pacis
1113 3171 1376 3226 Christus
1407 3176 1513 3226 est.
1547 3172 1641 3226 Ait
1669 3173 1823 3227 enim
1852 3191 1864 3228 :
1898 3174 1979 3227 Pa
2037 3158 2078 3223 C
2191 3175 2378 3230 Gratia
2407 3175 2630 3230 Domini
2657 3177 2836 3230 nostri
2887 3177 3014 3230 Iesu
3072 3173 3276 3228 Christi
3320 3173 3619 3228 vobiscum.
3679 3173 3766 3228 Sic

355 3275 471 3314 cem
525 3275 704 3314 meum
759 3259 825 3314 do
881 3260 1048 3330 vobis,
1105 3276 1294 3330 pacem
1355 3277 1533 3316 meam
1570 3262 1827 3332 relinquo
1857 3262 2006 3316 vobis

357 3349 533 3414 (Joan.
558 3365 670 3416 xxv,
701 3349 814 3419 27).
840 3348 1063 3420 Quippe
1083 3366 1216 3403 cum
1240 3349 1592 3421 omnia,qua3
1616 3350 1792 3406 habet
1814 3355 2004 3420 Pater,

358 3436 483 3490 Filii
517 3438 656 3502 sint,
689 3438 1055 3492 sanctiﬁcare
1086 3453 1192 3492 nos
1221 3443 1383 3508 optat
1418 3439 1754 3509 Apostolus,
1779 3445 1844 3494 ut
1901 3457 2008 3496 nos

359 3524 613 3580 illustrat
642 3525 853 3596 pietate
875 3524 1187 3580 elomcntia
1207 3542 1335 3592 sua,
1361 3530 1419 3580 et
1442 3543 1614 3582 omne
1642 3533 1844 3582 votum
1903 3545 2006 3582 no-

360 3699 572 3708 ————.

2115 3261 2246 3318 illos
2263 3263 2321 3316 in
2343 3263 2516 3318 bonis
2535 3263 2812 3334 operibus
2831 3262 2957 3318 vult
2977 3262 3275 3334 proﬁcere,
3306 3265 3371 3316 ut
3415 3261 3611 3333 gratia
3659 3261 3765 3316 Do-

2119 3351 2265 3406 mini
2297 3351 2483 3407 nostri
2502 3351 2643 3407 Jesu
2675 3350 2888 3408 Christi
2917 3350 3228 3406 maneatin
3251 3349 3335 3406 eis
3365 3350 3424 3405 in
3455 3357 3762 3406 aeternum.

2539 3529 2706 3596 Finit,
2741 3535 2849 3585 Deo
2877 3529 3110 3599 gratias.
3144 3530 3337 3584 Amen.

768 3787 1377 3923 EPISTULA
1450 3831 1537 3922 II
1610 3833 1774 3926 AD
1845 3832 2000 3925 ΤΗ

2122 3832 3122 3928 SSALONICENSES
3173 3833 3384 3924 (1289).

1852 4047 2276 4058 —————————

430 4167 715 4232 Quoniam
749 4167 807 4221 in
837 4167 1027 4238 prima
1050 4165 1307 4238 Epistola
1338 4168 1406 4223 ad
1459 4169 2012 4229 Thessalonicenses
2041 4175 2088 4239 D
2190 4175 2413 4228 Gratias
2443 4188 2608 4243 agere
2637 4171 2896 4228 debemus
2920 4174 3024 4229 Deo
3051 4189 3268 4246 semper
3301 4175 3371 4230 de
3421 4175 3596 4239 vobis,
3657 4175 3774 4244 fra-

362 4259 520 4324 data,
558 4257 708 4311 inter
737 4260 943 4310 caetera
973 4256 1149 4310 etiam
1173 4257 1243 4310 de
1275 4257 1526 4312 adventu
1569 4259 1798 4314 Domini
1859 4278 2014 4332 quaa-

361 4347 495 4400 dam
528 4345 781 4415 scripsit,
813 4348 871 4398 et
901 4344 969 4399 de
1002 4346 1420 4400 resurrectione
1451 4351 1787 4402 sanctorum
1814 4365 2005 4405 :nunc

363 4433 536 4489 aliam
560 4432 847 4488 scribitad
867 4449 985 4498 eos,
1017 4434 1075 4487 in
1109 4450 1224 4504 qua
1255 4434 1565 4504 signiﬁcat,
1587 4434 2001 4505 licetobscure,

361 4539 550 4594 neque
581 4521 734 4576 enim
765 4525 960 4592 posset
990 4527 1184 4592 aperte
1231 4522 1503 4589 scribere,
1565 4525 1662 4595 de.
1692 4525 2006 4580 abolitione

361 4610 521 4682 regni
557 4609 897 4674 Romani,et
928 4611 996 4664 de
1027 4609 1370 4665 Antichristi
1403 4612 2003 4683 apparentia,etdam-

364 4701 617 4763 natione,
650 4705 705 4753 et
729 4699 797 4753 de
829 4699 1217 4769 quorumdam
1241 4701 1484 4754 fratrum
1509 4700 1930 4771 inquietudine.

433 4787 591 4856 (Car.
629 4788 694 4857 Ι.)
727 4788 954 4853 Paulus,
986 4791 1037 4842 et
1067 4787 1342 4859 Silvanus,
1375 4793 1427 4842 et
1460 4790 1760 4844 Timotheus
1813 4792 2004 4846 Eccle-

359 4877 457 4932 siae
490 4876 1046 4931 Tltessalonicensium
1078 4879 1136 4930 in
1167 4879 1267 4931 Deo
1325 4884 1488 4932 Patre
1539 4882 1738 4946 nostro,
1799 4889 1852 4934 et
1903 4880 2004 4934 Do-

360 4982 510 5021 mino
531 4967 655 5021 Jesu
689 4963 923 5019 Christo.
959 4966 1143 5020 Gratia
1184 4967 1333 5020 vobis
1358 4977 1407 5022 et
1433 4984 1548 5038 pars
1591 4985 1623 5022 a
1683 4969 1786 5022 Deo
1840 4972 2007 5024 Patre

360 5059 558 5123 nostro,
593 5057 644 5108 et
674 5055 900 5108 Domino
941 5055 1068 5109 Jesu
1099 5054 1330 5110 Christo.
1388 5055 1760 5112 Solemnibus
1815 5058 2006 5115 verbis

360 5145 564 5199 scribit
595 5144 665 5197 ad
698 5159 816 5198 eos.
843 5141 1021 5196 Solito
1044 5143 1197 5196 enim
1222 5160 1380 5199 more
1434 5161 1772 5200 sermonum
1833 5151 2009 5218 caput

361 5233 691 5287 continetur
723 5230 988 5303 Epistolas
1015 5248 1026 5284 ι
1061 5235 1117 5286 et
1147 5232 1300 5287 idem
1328 5233 1438 5304 ipsi
1471 5238 1587 5288 tres
1644 5239 1801 5300 sunt,
1863 5252 2006 5306 quo-

361 5336 490 5374 rum
515 5321 748 5376 nomine
765 5321 1059 5388 scribitur,
1093 5320 1242 5376 sicut
1274 5326 1330 5376 et
1359 5322 1549 5393 prima
1578 5323 1854 5394 Epistola.

435 5478 616 5554 (1289)
638 5479 818 5554 pilius
840 5485 1277 5554 argumentum,
1301 5484 1358 5534 et
1377 5481 1662 5554 expositio
1698 5499 1881 5554 aeque,
1939 5499 2007 5538 ac

362 5547 564 5628 primae
586 5551 656 5609 ad
684 5547 1235 5612 Thessal’onicenses
1255 5547 1510 5611 eosdem.
1535 5552 1648 5610 divi
1685 5547 2006 5628 AmbrOBii,

2124 4267 2254 4329 tres,
2283 4262 2424 4316 sicut
2445 4261 2675 4329 dignum
2693 4270 2795 4328 est,
2844 4278 3103 4333 quoniam
3158 4265 3589 4334 superexcreseit
3644 4263 3776 4331 ﬁdes

2113 4353 2368 4419 vestra,el
2382 4350 2792 4420 mulliplicalur
2810 4351 3055 4406 charitas
3070 4352 3505 4421 uniuscujusque
3524 4352 3777 4405 omnium

2113 4446 2352 4492 vestrum
2380 4441 2436 4492 in
2468 4454 2561 4494 vos
2593 4439 2844 4494 invicem.
2873 4442 2985 4494 Deo
3002 4455 3064 4494 se
3082 4439 3374 4495 debitores
3430 4439 3500 4494 de
3557 4437 3773 4493 horum

2114 4527 2371 4598 profectu
2395 4527 2716 4598 gratiarum
2741 4527 2966 4582 actione
3005 4527 3372 4598 proﬁtentur.
3406 4527 3475 4582 Et
3535 4531 3600 4582 ut
3662 4543 3776 4581 non

2115 4614 2525 4686 qualecunque
2554 4631 2684 4670 esse
2714 4616 2978 4670 debitum
3010 4616 3510 4679 ostenderet,sicut
3541 4616 3780 4686 dignum

2111 4711 2206 4771 est,
2240 4702 2352 4758 ait:
2386 4702 2458 4757 Ut
2507 4719 2606 4773 pro
2664 4707 2783 4759 tam
2817 4704 3046 4759 inﬁnito
3101 4704 3255 4760 dono
3310 4704 3454 4760 satis
3513 4704 3774 4776 grandes

2114 4791 2332 4864 gratias
2363 4790 2692 4847 referendas
2722 4797 2829 4847 Deo
2860 4797 3235 4848 testarentur.
3286 4793 3422 4848 Post
3473 4797 3775 4864 acceptam

2116 4880 2279 4935 enim.
2304 4879 2552 4951 primam
2577 4879 2919 4951 Epistolam,
2944 4879 3212 4936 meliores
3243 4897 3392 4946 esse,
3434 4897 3612 4952 quam
3653 4882 3776 4936 fue-

2117 4973 2266 5035 rant,
2298 4968 2714 5041 perstiterunt;
2738 4968 2821 5024 ita
2852 4973 2916 5024 ut
2945 4969 3003 5024 in
3037 4985 3104 5024 eo
3135 4969 3353 5042 c0piosi
3383 4974 3441 5026 et
3469 4969 3778 5025 abundan-

2117 5061 2202 5112 tes
2235 5057 2588 5124 viderentur,
2621 5057 2775 5129 quod
2804 5062 2939 5129 post
2969 5058 3198 5112 Domini
3249 5061 3306 5112 et
3367 5057 3461 5112 Dei
3519 5057 3781 5112 devotio-

2117 5163 2251 5202 nem
2282 5146 2570 5202 habemus
2598 5146 2965 5214 mandatum,
3013 5150 3077 5200 ut
3131 5145 3452 5218 diligamus
3510 5163 3618 5202 nos
3687 5146 3778 5201 in-

2116 5240 2325 5290 vicem.

2187 5325 2267 5378 Ita
2288 5331 2347 5379 ut
2365 5339 2462 5379 nos
2484 5325 2593 5394 ipsi
2621 5326 2681 5378 in
2700 5339 2791 5380 vos
2809 5323 3111 5394 gloriemur
3131 5324 3192 5378 in
3212 5321 3470 5378 Ecclesiis
3519 5323 3623 5377 Dei
3675 5336 3781 5394 pro

2117 5498 2218 5539 sen
2243 5481 2447 5556 Hilarii
2465 5483 2693 5556 diaconi
2717 5489 2824 5556 est.
2849 5481 3109 5556 Titulum
3128 5482 3455 5556 autem,qui
3477 5481 3773 5540 desidera-

2116 5559 2214 5612 tur
2243 5554 2301 5611 in
2323 5554 2540 5622 codice,
2569 5555 2908 5612 addendum
2931 5553 3358 5626 judicavimus.
