4014 6172
233 400 358 466 65⁸7

679 403 1098 466 EXPOSITIO
1145 399 1224 459 IN
1273 398 1712 461 EPISTOLAS
1761 397 2024 458 PAULI.
2068 431 2147 442 -—
2194 401 2272 460 IN
2323 403 2587 464 EPIST.
2636 403 2690 464 Il
2735 407 2839 466 AD
2885 407 3269 476 THESSAL.

3592 423 3712 484 658

223 535 508 608 patientia
534 537 732 599 vestra,
761 539 816 625 et
865 535 968 604 ﬁde
993 535 1054 588 in
1420 530 1903 625 persecutionibus
1921 536 1974 602 Α
2003 529 2106 625 stri
2124 533 2260 625 Iesu
2291 533 2534 625 Christi.
2573 533 2805 592 Gaudio
2857 540 3025 596 addit
3057 548 3116 598 et
3171 563 3394 616 preces,
3453 556 3517 606 ut
3570 558 3710 625 quia

233 625 452 689 vestris,
483 627 534 680 et
551 624 982 694 pressuris,quas
1008 621 1294 678 sustinetis
1324 623 1388 675 in
1415 621 1736 690 exemplum
1756 618 1903 685 iusti

223 713 439 787 judicii
465 713 580 778 Dei,
611 715 672 766 in
692 711 812 778 hoc,
845 715 907 766 ut
933 713 1087 782 digni
1115 709 1443 764 habeamini
1470 724 1643 778 regno
1673 709 1903 777 Dei,pro

231 818 342 876 quo
363 811 416 857 et
439 801 714 874 patimini.
749 799 1005 856 Gloriam
1037 815 1164 855 esse
1195 813 1371 852 suam
1416 797 1478 852 in
1511 797 1726 851 horum
1760 810 1902 849 con-

228 892 585 955 versatione,
616 893 674 944 et
725 887 1127 959 persecutione
1149 885 1461 941 toleranda
1488 889 1810 947 testantur,
1843 881 1904 936 in

230 984 495 1045 tantum,
523 981 588 1033 ut
615 977 775 1048 apud
807 981 1046 1032 ceteras
1076 973 1365 1030 Ecclesiae
1397 971 1666 1043 exempla
1695 986 1906 1025 eorum

231 1069 628 1142 proferantur,
660 1070 731 1120 ut
761 1064 1088 1119 imitatione
1119 1063 1382 1134 ipsorum
1404 1064 1671 1116 crescant
1715 1059 1780 1112 in
1818 1059 1911 1112 de-

230 1157 472 1213 votione
501 1153 849 1227 passionum
885 1169 987 1224 pro
1018 1151 1269 1216 Christo,
1309 1161 1365 1206 et
1395 1149 1740 1204 mereantur
1769 1161 1915 1199 con-

233 1246 408 1319 sequi
441 1260 566 1318 qute
598 1242 899 1314 promissa
925 1247 1065 1296 sunt
1085 1239 1305 1296 sanctis
1335 1239 1394 1293 in
1413 1237 1504 1293 die
1528 1235 1676 1306 justi
1687 1233 1916 1303 judicii

233 1335 540 1406 Dci,cujus
562 1345 769 1386 amore
791 1331 1083 1385 mundum
1107 1343 1378 1399 spernere
1398 1343 1512 1381 non
1532 1323 1915 1378 dubitarunt.

231 1425 385 1496 Ipsis
407 1422 560 1478 enim
586 1435 881 1492 pressaris
898 1417 1167 1490 exempla
1185 1421 1326 1472 sunt
1357 1417 1688 1470 futurorum
1731 1412 1912 1466 meri-

231 1520 434 1568 torum
465 1510 522 1565 in
552 1506 646 1563 his
679 1507 784 1580 qui
847 1507 1164 1578 patiuntur
1217 1505 1289 1560 ad
1347 1503 1628 1575 gloriam;
1661 1500 1730 1555 in
1792 1498 1911 1556 illis

234 1605 458 1667 autem,
491 1597 589 1670 qui
619 1601 1044 1669 persequatur,
1077 1596 1150 1650 ad
1181 1581 1588 1665 perditionem.

307 1687 592 1760 Siquidem
620 1686 811 1756 (1290)
819 1685 1046 1756 justum
1071 1684 1226 1755 apud
1255 1683 1425 1738 Deum
1454 1682 1779 1736 retribuere
1803 1681 1904 1744 eis,

234 1779 339 1850 qui
365 1791 458 1832 vos
485 1775 824 1845 deprimunt,
855 1787 1192 1838 pressuram
1220 1787 1244 1833 ;
1269 1773 1321 1824 et
1339 1769 1510 1833 vobis,
1557 1768 1654 1838 qui
1676 1781 1900 1837 pressu-

2013 617 2219 716 devoti
2253 627 2417 690 sunt,
2445 624 2730 694 dignetur
2768 627 2920 683 Deus
2953 633 3239 701 adjuvare
3271 653 3392 706 eos,
3425 644 3488 693 ut
3539 617 3706 711 perﬁ-

2014 711 2179 761 ciant
2209 726 2362 780 opus
2422 717 2689 781 coeptum
2739 717 2809 770 ad
2857 717 3190 776 claritatem
3237 725 3463 781 Domini
3525 732 3707 786 nostri

2013 794 2163 848 Jesu
2197 797 2445 866 Christi,
2482 803 2553 853 ut
2584 808 2981 870 perseveranti
3035 811 3464 882 discipulorum
3536 820 3704 874 testi-

2017 884 2301 940 monium
2333 887 2412 941 sit
2435 888 2712 958 magistri
2744 894 2816 946 ad
2845 893 3118 965 gloriam.
3152 902 3484 959 Auctoritas
3541 907 3696 961 enim

2019 972 2303 1041 magistri
2334 976 2396 1030 in
2417 977 2860 1048 discipulorum
2892 990 2983 1038 est
3004 987 3381 1056 fiducia,cum
3416 1010 3476 1049 se
3509 995 3565 1049 in
3601 1012 3699 1051 ac-

2021 1064 2203 1129 cepta
2232 1065 2422 1134 gratia
2452 1065 2682 1121 faciunt
2703 1069 3020 1139 digniores.

2097 1149 2265 1219 (CAP.
2300 1154 2682 1224 II.)Rogamus
2708 1163 2894 1214 autem
2923 1179 3033 1229 vos,
3067 1168 3296 1234 fratres,
3351 1188 3453 1241 per
3501 1174 3700 1230 adven-

2025 1242 2146 1333 tum
2166 1243 2404 1333 Domini
2431 1248 2625 1299 nostri
2647 1249 2776 1302 Jesu
2808 1249 3029 1314 Christi,
3062 1258 3114 1308 et
3139 1263 3343 1314 nostra?
3397 1277 3699 1333 congrega-

2027 1329 2201 1383 tionis
2229 1332 2290 1385 in
2323 1333 2527 1402 ipsum,
2562 1351 2634 1390 ne
2660 1337 2837 1405 facile
2863 1346 3201 1399 moveamini
3246 1363 3282 1401 a
3308 1364 3473 1405 sensu
3500 1323 3675 1409 vestro

2027 1433 2208 1514 neq-ue
2236 1421 2674 1490 conturbemini,
2705 1441 2882 1496 neque
2909 1445 3010 1498 per
3037 1433 3320 1505 spiritum,
3377 1456 3552 1510 neque
3597 1400 3700 1514 per:

2021 1507 2270 1574 verbum,
2301 1525 2482 1579 neque
2507 1527 2611 1582 per
2638 1514 2965 1584 Epistolam,
2997 1523 3267 1590 tanquam
3315 1542 3350 1580 a
3377 1507 3534 1584 nobis
3561 1507 3698 1587 mis-

2017 1612 2162 1663 sam,
2193 1601 2355 1668 quasi
2404 1601 2577 1655 instet
2607 1602 2730 1657 dies
2761 1605 3003 1662 Domini.
3036 1610 3114 1664 Ne
3159 1615 3281 1681 quis
3339 1633 3431 1671 vos
3467 1621 3695 1677 seducet

2015 1685 2134 1741 ullo
2163 1688 2362 1754 modo;
2393 1691 2552 1758 quia,
2608 1691 2723 1745 nisi
2777 1697 2992 1750 venerit
3029 1697 3261 1769 defectio
3303 1708 3578 1776 primum,
3641 1716 3694 1764 et

2015 1776 2291 1866 revelatus
2310 1778 2489 1845 fuerit
2535 1779 2694 1834 homo
2716 1780 2820 1835 ille
2843 1789 3075 1852 peccati,
3133 1789 3283 1845 filius
3337 1797 3692 1866 perditionis,

235 1863 685 1962 futuat-“inanis,
718 1862 969 1962 requiem
997 1859 1284 1962 ηθὺίδιξιξνη
1417 1857 1746 1962 Ἶςυειςιιίοθξσ
1789 1856 1898 1957 Ρο-
1931 1898 1978 1962 B
2009 1866 2110 1935 qui
2137 1864 2470 1920 adversatur
2498 1869 2551 1922 et
2575 1869 2865 1924 extollitur
2890 1889 3059 1944 super
3085 1891 3262 1946 omne,
3297 1856 3442 1950 quod
3489 1856 3694 1942 dicit“;

239 1953 388 2009 mini
413 1957 449 2009 J
458 1967 552 2008 esu
583 1951 647 2006 de
676 1951 810 2006 caelo
836 1964 970 2005 cum
1017 1948 1240 2020 angelis
1267 1946 1498 2001 virtutis
1525 1946 1642 2016 ejus
1687 1946 1750 1999 in
1779 1944 1904 2014 igne

241 2045 479 2112 ﬂammae
531 2041 719 2095 dantis
761 2039 1073 2094 vindictam
1100 2039 1161 2091 in
1190 2051 1298 2102 eos,
1345 2036 1445 2104 qui
1495 2049 1606 2090 non
1635 2040 1905 2089 noverunt

243 2133 440 2201 Deum,
472 2134 526 2184 et
543 2129 604 2184 in
633 2144 720 2185 eos
748 2128 844 2199 qui
870 2143 992 2182 non
1023 2125 1284 2181 obediunt
1334 2124 1629 2193 Evangelia
1685 2123 1907 2177 Domini

243 2221 430 2275 nostri
456 2220 578 2275 Iesu
607 2217 811 2274 Christi
843 2233 856 2271 :
890 2217 996 2286 qui
1034 2229 1228 2285 pinnas
1283 2213 1496 2267 solvent
1521 2213 1579 2265 in
1611 2211 1905 2266 interitum

245 2316 508 2363 aeternam
533 2324 566 2362 a
589 2307 730 2377 facie
760 2304 996 2361 Domini
1044 2311 1098 2357 et
1125 2303 1305 2371 gloria
1331 2302 1556 2356 virtutis
1583 2301 1720 2369 eius.
1771 2300 1908 2366 Quo-

247 2397 411 2453 niam
443 2395 768 2468 exemplum
788 2392 943 2466 justi
959 2389 1170 2463 judicii
1194 2390 1296 2445 Dei
1315 2405 1594 2461 apparere
1621 2387 1766 2443 dicit
1786 2388 1907 2443 sive

247 2487 312 2542 in
345 2487 548 2555 bonos,
580 2486 727 2541 sivet
757 2485 816 2539 in
849 2480 1064 2549 malos,
1095 2478 1312 2534 idcirco
1373 2478 1730 2534 subsecutus
1787 2476 1904 2531 ait:

243 2575 547 2646 Siquidem
571 2575 805 2644 justum
829 2571 988 2642 apud
1024 2575 1229 2634 Deum,
1265 2571 1328 2622 ut
1360 2567 1564 2622 reddat
1589 2565 1907 2637 unicuique

246 2664 574 2720 secundum
597 2679 772 2735 opera
803 2677 930 2717 sua.
985 2658 1138 2722 Quid
1167 2660 1288 2712 tam
1330 2657 1586 2727 justum,
1616 2659 1684 2710 ut
1713 2653 1815 2725 qui
1846 2655 1907 2709 in

245 2753 467 2808 saeculo
493 2754 678 2808 bonos
700 2750 1065 2819 deprimunt,
1099 2751 1158 2802 et
1179 2751 1436 2801 extorres
1467 2744 1690 2799 faciunt
1712 2759 1906 2814 perse-

251 2842 614 2910 cutionibus,
648 2841 706 2895 in
739 2840 938 2894 futuro
1006 2836 1206 2891 eadem
1261 2834 1582 2905 patiantur,
1640 2849 1767 2903 qua:
1819 2834 1905 2886 fa-

251 2933 460 2997 ciunt;
490 2929 576 2985 illi
598 2935 818 2995 autem,
853 2931 920 2982 ut
947 2926 1070 2981 sint
1117 2924 1176 2978 in
1235 2922 1438 2994 requie
1493 2938 1626 2976 cum
1683 2920 1909 2975 caeteris

251 3020 613 3092 sanctis,qui
637 3021 708 3075 de
722 3033 940 3090 magna
950 3012 1328 3071 tribulatione
1346 3011 1644 3067 venientes
1663 3025 1908 3079 regnum

253 3111 546 3183 accipient
575 3113 860 3164 aeternum
885 3106 944 3159 in
976 3104 1227 3158 adventu
1259 3101 1489 3156 Domini
1512 3101 1584 3154 de
1603 3097 1909 3167 ccelo,cum

252 3201 494 3272 cceperit
533 3195 736 3254 venire
767 3211 903 3250 cum
963 3192 1179 3248 ccelesti
1229 3190 1480 3245 exercitu
1529 3195 1586 3244 et
1637 3187 1908 3242 ministro

251 3266 392 3362 igne
421 3290 492 3344 ad
524 3289 781 3345 dandam
809 3282 1129 3338 vindictam
1152 3281 1210 3335 in
1231 3277 1616 3352 paganos,qui
1638 3277 1912 3348 ignorant
1941 3266 1984 3332 C

253 3378 700 3435 Deum‘Patrem
727 3391 858 3431 esse
889 3372 1101 3427 Christi
1131 3374 1293 3436 Jesu,
1326 3373 1384 3424 et
1401 3368 1657 3436 Judaeos,
1691 3366 1790 3437 qui
1824 3366 1912 3420 di-

253 3472 454 3524 centes
487 3483 549 3522 se
580 3471 763 3520 Deum
797 3462 967 3529 scire,
1005 3477 1118 3516 non
1150 3458 1396 3513 credunt
1416 3454 1725 3526 Evangelio
1755 3454 1914 3510 Chri-

253 3558 358 3623 sti,
391 3556 544 3628 quod
578 3554 741 3609 dedit
777 3550 864 3607 illi
895 3549 1064 3605 Pater
1096 3549 1267 3614 Deus,
1301 3552 1365 3600 ut
1417 3546 1673 3600 traderet
1728 3544 1913 3599 servis

251 3646 428 3702 suis?
457 3645 611 3708 Quos
643 3657 847 3699 omnes
879 3638 1190 3710 praesentia
1211 3635 1464 3700 Domini,
1489 3638 1546 3689 et
1577 3632 1762 3705 gloria
1782 3651 1909 3688 ma-

247 3733 482 3807 iestatis
513 3733 643 3805 ejus
673 3729 830 3803 ignis
859 3733 1080 3792 exuret,
1099 3731 1165 3781 ut
1185 3723 1412 3780 debitas
1430 3724 1676 3779 reddant
1709 3739 1912 3793 poenas

253 3825 534 3880 interitus
566 3824 629 3877 in
650 3825 959 3884 aternum,
995 3830 1230 3887 semper
1273 3812 1608 3878 sentientes,
1669 3827 1784 3865 non
1824 3815 1912 3866 ta-

260 3929 397 3969 men
422 3911 662 3984 penitus
719 3906 1076 3968 deﬁcientes,
1112 3909 1175 3958 ut
1204 3903 1332 3974 ipsa
1362 3917 1532 3972 poma
1585 3899 1715 3954 illos
1769 3915 1910 3970 quo-

257 4000 578 4058 dummodo
598 4000 838 4070 generet
861 4009 1114 4065 semper,
1139 4008 1254 4062 quo
1287 3993 1730 4045 consumantur.

331 4090 470 4144 Cum
483 4088 695 4144 venerit
709 4083 1017 4153 clariﬁcari
1029 4084 1090 4137 in
1111 4080 1318 4136 sanctis
1335 4082 1528 4146 suis,et
1546 4079 1623 4132 mi
1629 4077 1840 4145 rificari
1851 4079 1908 4132 in

255 4179 533 4242 omnibus,
563 4178 662 4248 qui
689 4173 1058 4240 crediderunt,
1089 4173 1218 4242 quia
1249 4169 1413 4238 ﬁdem
1445 4167 1636 4222 habuit
1665 4167 1911 4220 testimo-

260 4270 426 4324 nium
457 4274 708 4322 nostrum
737 4278 900 4333 super
925 4277 1021 4316 vos
1043 4263 1099 4314 in
1129 4259 1220 4314 die
1248 4258 1352 4313 illa
1373 4256 1642 4312 adventus
1673 4256 1909 4309 Domini.

262 4355 571 4428 Duplicem
599 4367 838 4409 sensum
863 4349 1048 4420 (1291)
1098 4347 1377 4402 continet.
1426 4344 1707 4400 Adveniet
1755 4345 1908 4399 enim

255 4445 472 4519 punire
506 4442 714 4506 malos,
738 4446 796 4496 et
815 4437 1141 4512 gloriﬁcare
1163 4437 1364 4491 bonos.
1390 4434 1518 4506 Ipse
1539 4434 1695 4488 enim
1719 4431 1912 4488 clarus

235 4540 325 4592 'et
356 4531 642 4589 mirabilis
671 4529 969 4585 videbitur
999 4526 1054 4581 in
1090 4541 1208 4596 eos,
1243 4523 1342 4595 qui
1372 4524 1621 4578 credunt
1647 4523 1912 4594 exemplo

2013 1954 2176 2019 Deus,
2209 1960 2305 2008 aut
2335 1955 2489 2024 quod
2547 1957 2770 2026 colitur,
2801 1962 2881 2014 ita
2901 1965 2963 2014 ut
2994 1964 3054 2016 in
3110 1968 3309 2036 templo
3360 1972 3462 2025 Dei
3513 1976 3694 2030 sedeat

2012 2042 2299 2097 ostendens
2317 2059 2380 2097 se
2407 2045 2619 2113 ipsum,
2645 2050 2806 2116 quasi
2831 2050 2906 2102 sit
2949 2051 3086 2106 Deus
3143 2054 3425 2114 Obsecrat
3482 2079 3580 2117 eos
3613 2079 3686 2117 ne

2013 2128 2219 2185 leviter
2247 2136 2304 2186 et
2335 2131 2509 2187 facile
2539 2134 2614 2188 dc
2672 2136 2920 2191 adventu
2953 2140 3123 2209 quasi
3180 2141 3520 2204 imminenti
3580 2155 3684 2206 Do-

2017 2219 2164 2272 mini
2197 2219 2537 2290 opinionem
2574 2225 2904 2294 reciperent
2935 2244 2948 2282 :
2983 2233 3039 2281 et
3068 2229 3210 2284 talia
3240 2233 3341 2288 dat
3379 2240 3682 2306 mandata,

2016 2312 2082 2361 ut
2111 2307 2341 2363 etiamsi
2368 2325 2474 2378 per
2503 2310 2778 2379 Spiritum
2795 2314 3010 2385 aliquis
3033 2317 3189 2371 velut
3210 2324 3500 2394 propheta
3513 2328 3688 2384 fuerit

1980 2464 1986 2472 ἱ
2015 2395 2265 2462 locutus,
2299 2396 2458 2450 credi
2491 2398 2543 2451 ei
2579 2415 2695 2453 non
2729 2400 2935 2456 debeat
2965 2420 2976 2464 :
3013 2421 3199 2475 neqUe
3233 2409 3282 2462 si
3312 2428 3418 2480 per
3472 2421 3686 2472 tracta-

2015 2488 2168 2549 tum,
2197 2489 2299 2537 aut
2331 2499 2434 2555 per
2463 2486 2779 2557 epistolam
2814 2491 3052 2547 nomine
3083 2495 3229 2550 forte
3273 2503 3683 2570 apostolorum

2018 2572 2650 2642 seriptam,assensum
2684 2577 3478 2645 tribuendum.Solentenim
3511 2594 3686 2665 tergi-

2014 2666 2435 2750 versatores,ut
2461 2663 2689 2733 fallant,
2725 2667 2838 2720 sub
2869 2669 3108 2724 nomine
3141 2671 3284 2727 clari
3309 2663 3682 2750 alicujusviri

2017 2747 2326 2822 epistolam
2388 2751 2630 2822 ﬁngere.
2694 2758 2757 2808 ut
2816 2757 3134 2812 auctoritas
3184 2747 3683 2840 nominisapossit

2017 2839 2451 2927 commendare,
2487 2843 2644 2910 quod
2673 2859 2774 2912 per
2825 2844 3021 2913 ipsum
3083 2849 3259 2919 recipi
3312 2869 3430 2909 non
3469 2839 3674 2927 possit.

2018 2929 2136 2983 Hoc
2165 2926 2317 2993 ideo,
2340 2944 2411 2981 ne
2433 2929 2565 2998 ipsa
2588 2932 3044 3002 perturbatione,
3080 2935 3221 2990 dum
3255 2926 3484 2996 incauti
3509 2945 3674 2999 inve-

2016 3018 2304 3081 nirentur,
2333 3017 2562 3086 possint
2601 3019 2803 3074 seduci
2843 3021 2914 3074 ad
2949 3021 3318 3081 adorandum
3368 3031 3670 3086 diabolum

2023 3105 2124 3178 qui
2157 3104 2338 3159 idciro
2371 3104 2775 3176 hascjactabit,
2809 3113 2875 3162 ut
2915 3109 3026 3163 sub
3076 3111 3396 3171 Salvatoris
3436 3119 3674 3174 nomine

2021 3209 2311 3264 apparens
2339 3209 2404 3246 ac
2438 3193 2628 3250 falsus
2659 3201 2912 3261 sanctos,
2944 3196 3084 3251 velit
3113 3215 3176 3253 se
3206 3203 3458 3274 adorari,
3488 3211 3552 3259 ut
3572 3207 3669 3261 de-

2023 3282 2202 3353 cipiat
2233 3282 2534 3336 credentes
2565 3283 2624 3336 in
2655 3283 2972 3339 Christum.
3018 3286 3130 3340 Sed
3178 3292 3236 3342 et
3296 3290 3509 3356 locum,
3570 3299 3673 3348 aut

2024 3370 2388 3426 occasionem
2443 3370 2704 3440 fallendi,
2739 3389 2918 3444 quam
2953 3389 3014 3428 se
3046 3380 3216 3445 putat
3263 3378 3497 3434 habere.
3549 3397 3665 3436 non

2021 3459 2234 3514 habeat
2255 3459 2812 3529 impudentissimas
2843 3461 3113 3530 Satanas,
3157 3470 3395 3536 tempus
3417 3471 3474 3521 et
3502 3467 3671 3538 signa

2022 3549 2308 3603 adventus
2343 3547 2571 3602 Domini
2593 3549 2920 3621 designavit
2949 3568 2961 3616 ;
2989 3551 3125 3621 quia
3147 3569 3262 3608 non
3286 3555 3450 3624 prius
3479 3557 3672 3612 veniet

2025 3638 2306 3692 Dominus
2337 3653 2514 3707 quam
2550 3637 2712 3708 regni
2747 3639 2991 3694 Romani
3023 3641 3267 3697 defectio
3287 3643 3471 3709 fiat,et
3490 3661 3671 3716 appa-

2022 3732 2147 3781 reat
2166 3726 2693 3797 Antichristus,qui
2715 3727 3026 3783 interﬁciet
3047 3736 3300 3796 sanctos,
3328 3734 3551 3788 reddita
3565 3734 3670 3789 Ro-

2022 3816 2214 3870 manis
2246 3815 2535 3884 libertate,
2591 3817 2702 3870 sub
2757 3834 2862 3872 suo
2913 3823 3109 3872 tamen
3171 3821 3426 3876 nomine.
3460 3823 3662 3877 Sciens

2021 3904 2176 3960 enim
2199 3909 2508 3958 venturum
2545 3904 2854 3959 Dominum
2889 3905 2959 3958 ad
3013 3922 3073 3959 se
3132 3909 3664 3978 comprimendum,

2022 4008 2235 4046 nomen
2259 3994 2386 4062 ejus
2407 3992 2518 4046 sibi
2550 3993 3025 4062 usurpabit,utet
3045 4010 3285 4064 regnum
3308 3996 3436 4066 ejus
3465 4013 3668 4051 verum

2019 4081 2368 4139 videatur.et
2393 4080 2796 4134 trabatsecum
2822 4079 2922 4150 qui
2954 4080 3131 4135 simul
3155 4099 3286 4136 cum
3314 4100 3380 4137 eo
3403 4090 3665 4155 pereant,

2021 4174 2086 4223 ut
2115 4169 2172 4223 in
2206 4170 2342 4223 sede
2367 4167 2683 4231 Domini,in
2711 4169 2846 4223 sede
2867 4169 3069 4223 sedeat
3099 4169 3311 4224 Christi
3345 4177 3443 4237 ;ut
3472 4172 3668 4243 ipsum

2019 4262 2200 4311 Deum
2235 4273 2297 4310 se
2329 4261 2570 4324 asserat,
2607 4273 2722 4310 non
2747 4257 2955 4312 Filium
2987 4258 3103 4312 Dei.
3137 4258 3375 4314 Undein
3407 4261 3669 4332 Evange-

2021 4346 2098 4401 lio
2129 4346 2200 4400 ad
2221 4347 2451 4400 Judaeos
2477 4345 2760 4400 Dominus
2786 4346 2883 4399 ait:
2919 4349 3033 4418 Ego
3057 4350 3186 4402 veni
3226 4350 3285 4402 in
3316 4351 3536 4404 nomine
3553 4356 3666 4405 Pa-

2021 4435 2124 4488 tris
2152 4433 2280 4498 mei,
2315 4441 2366 4486 et
2395 4449 2502 4488 non
2535 4449 2620 4487 me
2647 4436 2920 4505 recepistis
2953 4453 2965 4490 :
2991 4439 3040 4489 el
3069 4437 3214 4490 alius
3246 4440 3456 4492 venerit
3485 4440 3544 4491 in
3565 4454 3669 4492 no-

2019 4525 2170 4577 mine
2191 4523 2487 4590 suo,illum
2521 4523 2796 4591 recipietis
2828 4524 3004 4592 (Joa-n.
3037 4542 3090 4590 v,
3136 4525 3246 4593 45).
3280 4526 3668 4590 Quamobrem

253 4630 324 4683 et
357 4623 490 4677 fidei
522 4619 941 4692 apostolorum,
974 4632 1109 4672 cum
1133 4613 1347 4670 fuerint
1366 4612 1913 4677 coronati,testimo-
1946 4629 1989 4694 Ι)
2021 4626 2088 4664 ex
2119 4608 2580 4674 circumcisione,
2631 4613 2732 4662 aut
2769 4609 3182 4665 circumcisum
3240 4613 3434 4666 venire
3480 4612 3667 4679 illum,

257 4714 432 4770 nium
459 4710 740 4766 reddente
769 4709 855 4764 eis
883 4704 1191 4777 Evangelio
1214 4705 1273 4758 in
1293 4703 1386 4758 die
1400 4701 1650 4757 Domini.
1671 4702 1915 4756 Severus

260 4806 466 4858 autem
499 4796 802 4871 apparebit
834 4797 891 4850 in
921 4793 1274 4859 incredulos,
1308 4809 1442 4846 cum
1472 4790 1699 4846 aeternis
1731 4789 1916 4861 pmnis

261 4889 551 4962 ceperint
579 4884 879 4942 coarctari.
912 4883 1135 4938 Corona
1165 4883 1320 4936 enim
1339 4879 1760 4952 discipulorum
1792 4894 1914 4932 ma-

260 4978 441 5053 gistri
463 4981 556 5032 est
584 4975 785 5049 gloria,
813 4978 870 5028 et
916 4971 1128 5027 veritas
1157 4971 1288 5041 ejus
1343 4968 1778 5024 incredulorum
1830 4973 1919 5022 est

261 5082 460 5141 pcena,
492 5064 632 5136 quia
658 5063 812 5134 quod
845 5060 1292 5133 praedicabatur,
1348 5074 1465 5112 non
1522 5055 1912 5111 crediderunt.

340 5157 399 5210 In
431 5169 534 5225 quo
562 5159 615 5208 et
654 5166 876 5208 oramus
917 5163 1132 5218 semper
1176 5161 1279 5216 pro
1311 5145 1478 5215 vobis,
1501 5153 1561 5198 ut
1582 5160 1673 5199 vos
1727 5144 1917 5215 dignos

263 5244 462 5300 habeat
490 5241 768 5299 vocatione
825 5255 928 5295 sua
983 5237 1120 5291 Deus
1175 5243 1378 5298 noster,
1408 5237 1462 5288 et
1494 5234 1719 5304 impleat
1763 5237 1920 5287 omni

259 5333 466 5407 placito
497 5331 773 5396 bonitatis,
803 5332 855 5383 et
883 5340 1040 5397 opere
1068 5323 1195 5394 ﬁdei
1235 5324 1294 5377 in
1325 5324 1564 5384 virtute;
1598 5325 1677 5378 ita
1720 5326 1778 5377 ut
1803 5321 1918 5376 cla-

264 5423 518 5491 riﬁcetur
543 5435 741 5475 nomen
782 5415 1002 5471 Domini
1029 5413 1207 5468 nostri
1235 5414 1359 5468 Jesu
1393 5411 1597 5466 Christi
1642 5412 1700 5465 in
1748 5413 1915 5472 vobis,

265 5514 322 5568 et
349 5525 442 5565 vos
473 5512 533 5564 in
566 5511 678 5580 ipso
709 5504 1003 5562 secundum
1033 5503 1273 5574 gratiam
1319 5502 1412 5555 Dei
1441 5509 1491 5556 et
1553 5501 1766 5556 Domi-ni
1821 5518 1915 5555 no-

346 5614 531 5687 (1290)
555 5611 727 5687 vulg.
760 5611 957 5680 habet,
988 5611 1040 5666 si
1094 5611 1263 5665 tatem
1286 5625 1305 5663 :
1341 5608 1497 5663 unde
1527 5607 1673 5664 forte
1692 5610 1742 5663 si
1797 5611 1918 5680 qui-

272 5685 401 5747 dem
429 5685 766 5760 legendum.

2026 4698 2384 4769 sperandum
2408 4701 2516 4762 est,
2542 4703 2604 4750 ut
2627 4696 2702 4750 sit
2744 4698 2962 4753 Judznis
3001 4701 3258 4754 credenti
3298 4699 3384 4754 illi
3435 4701 3666 4756 ﬁducia.

2026 4788 2224 4856 Itaque
2256 4802 2387 4839 cum
2423 4784 3045 4842 Thessalonicensibus
3081 4789 3285 4844 scribit
3333 4789 3666 4861 Apostolus,

2026 4877 2193 4931 docet
2222 4891 2426 4930 omnes
2455 4874 2513 4927 in
2547 4891 2606 4928 re
2629 4873 3035 4944 hujuscemodi
3062 4883 3265 4932 cautos
3280 4894 3410 4933 esse
3439 4879 3666 4933 debere.

2095 4965 2213 5019 Non
2241 4965 2576 5019 meministis
2605 4963 2744 5034 quod
2772 4980 2860 5018 me
2913 4965 3090 5021 adhuc
3139 4967 3284 5038 apud
3339 4983 3425 5021 vos
3462 4965 3673 5034 agendo

2025 5055 2144 5110 hale
2173 5052 2498 5108 dicebantur
2525 5053 2712 5107 vobis?
2739 5053 2801 5108 Et
2829 5071 2978 5109 nunc
3024 5055 3153 5126 quid
3207 5056 3467 5124 detineat,
3497 5054 3668 5118 scitis,

2025 5143 2242 5209 adhoc,
2271 5146 2330 5196 ut
2361 5143 2631 5197 reveletur
2661 5143 2757 5197 ille
2781 5145 2838 5198 in
2871 5160 2967 5198 suo
3026 5153 3280 5215 tempore.
3324 5145 3435 5196 Iloe
3467 5157 3668 5212 super-

2027 5249 2155 5288 esse
2185 5231 2344 5298 dicit,
2410 5236 2473 5285 ut
2521 5232 2804 5287 reveletur
2854 5233 2970 5299 ille,
3023 5234 3122 5304 qui
3175 5236 3306 5286 ante
3355 5231 3666 5284 Dominum

2027 5326 2310 5376 venturus
2340 5326 2520 5387 cst,ut
2541 5321 2666 5391 jam
2700 5327 2969 5393 speretur
2989 5327 3044 5376 et
3079 5320 3668 5386 Dominusventurus,

2028 5412 2180 5482 quod
2215 5428 2412 5482 supra,
2447 5412 2613 5480 quasi
2647 5411 2754 5465 sub
2787 5410 3070 5464 velamine
3101 5410 3252 5460 fatus
3285 5412 3393 5477 est,
3427 5407 3666 5463 dicens:

2028 5501 2148 5555 Nisi
2167 5502 2322 5569 prius
2355 5493 2561 5553 venerit
2597 5499 3030 5573 de]'ectio,quam
3066 5494 3225 5565 regni
3262 5495 3503 5550 Romani
3535 5496 3670 5550 abo-

2072 5606 2281 5688 .('i291)
2317 5606 2566 5661 Verbum
2599 5606 2839 5662 conti-net
2870 5600 3273 5674 supplevimus
3296 5620 3365 5660 ex
3395 5603 3675 5676 operibus

2029 5680 2144 5735 dm
2173 5677 2487 5735 Ambrosii.

2070 5694 2144 5734 ινι
2173 5694 2487 5736 AmDI‘OSll.
