4014 6172
249 334 367 395 661

706 327 1122 391 EXPOSITIO
1170 325 1245 387 ΙΝ
1296 318 1736 384 EPISTOLAS
1783 309 2061 375 PAULI.
2096 343 2173 354 -—
2205 312 2283 371 ΙΝ
2333 312 2588 373 EPIST.
2638 310 2686 369 Il
2736 312 2839 371 AD
2887 315 3264 376 THESSAL.

3599 317 3715 378 662

259 470 442 525 Deum
473 464 614 522 dicit
634 464 694 518 in
726 460 1035 535 promissis
1055 460 1205 530 ejus,
1238 455 1379 528 quia
1399 448 1779 525 providentia
1799 447 1937 517 ejus
1968 444 2022 509 Α
2054 442 2366 504 Salomon:
2402 447 2582 511 Raro,
2615 443 2834 515 inquit,
2870 447 3086 504 inferes
3119 449 3319 518 pedem
3352 449 3420 503 ad
3459 452 3712 505 amicum

258 561 416 613 esset
444 548 598 611 circa
625 569 746 608 eos.

331 643 668 715 Conﬁdimus
699 649 875 696 autem
911 641 973 693 in
1002 639 1231 693 Domino
1260 634 1332 689 de
1361 627 1694 698 vobis,quod
1725 639 1944 696 ea,quse

257 735 639 808 praecipimus,
661 735 711 786 et
736 730 946 800 facitis,
982 736 1031 782 et
1058 726 1296 798 facietis.
1332 723 1577 789 Propter
1609 716 1782 786 quod
1817 729 1944 767 me-

264 802 375 879 reri
406 802 559 891 illos,
593 825 659 875 ut
716 819 820 873 Dei
861 817 1202 872 defensione
1246 814 1403 865 tutos
1436 803 1719 879 praestari
1758 802 1943 857 conﬁ-

263 914 444 978 deret,
472 910 691 965 idcirco
725 924 809 975 ea,
871 922 999 977 quae
1048 904 1164 958 illis
1193 896 1565 973 praecipiebat
1599 891 1666 945 in
1706 891 1944 946 nomine

262 999 492 1058 Domini
528 997 653 1053 fieri
687 997 758 1051 ab
790 994 931 1059 illis,
970 997 1029 1048 et
1059 993 1260 1046 futura
1287 1002 1413 1043 esse
1443 998 1561 1038 non
1598 980 1939 1035 dubitabat.

334 1090 599 1146 Dominus
630 1094 819 1141 autem
850 1083 1062 1152 dirigat
1091 1079 1253 1136 corda
1308 1080 1489 1131 vestra
1534 1073 1599 1126 in
1646 1070 1941 1125 dilectione

268 1180 369 1236 Dei
388 1186 438 1233 et
467 1174 875 1246 exspectatione
903 1170 1134 1225 Christi.
1168 1168 1286 1222 Hoc
1314 1164 1431 1218 illis
1462 1162 1707 1230 exoptat
1738 1175 1768 1213 a
1800 1158 1936 1216 Deo.

268 1266 428 1339 quod
457 1245 576 1319 non
609 1260 861 1332 ambigit
890 1274 1065 1330 posse
1097 1253 1381 1328 praestari,
1415 1255 1478 1305 ut
1526 1249 1587 1302 in
1620 1247 1725 1302 Dei
1750 1245 1936 1301 chari-

267 1336 386 1411 tate
412 1370 511 1409 cor
542 1366 746 1407 eorum
778 1347 1085 1420 proﬁceret
1122 1345 1193 1399 ad
1226 1339 1689 1411 exspectandum
1723 1336 1938 1391 adven-

268 1449 396 1499 tum
431 1439 686 1505 Domini,
730 1440 794 1491 ut
822 1435 1215 1489 condemnato
1241 1428 1427 1498 (1294)
1459 1425 1673 1483 saeculo
1704 1424 1938 1479 deside-

270 1539 434 1589 retur
463 1530 752 1585 adventus
782 1526 913 1593 eius
941 1523 1044 1593 qui
1069 1519 1350 1577 szeculum
1380 1516 1541 1571 vicit.

344 1619 746 1676 Denuntiamus
778 1622 961 1669 autem
1001 1612 1178 1677 vobis,
1237 1610 1468 1678 fratres,
1499 1606 1563 1659 in
1590 1605 1812 1658 nomine
1840 1603 1940 1656 Do-

272 1712 421 1766 mini
448 1708 627 1764 nostri
652 1707 778 1761 Jesu
836 1702 1045 1757 Christi
1086 1710 1371 1754 secernere
1419 1710 1510 1748 vos
1539 1695 1607 1747 ab
1638 1693 1792 1748 omni
1819 1694 1938 1762 fra-

274 1809 361 1856 tre
392 1798 823 1867 intemperanter
841 1790 1184 1853 ambulante,
1217 1793 1265 1867 et
1296 1798 1412 1867 non
1437 1784 1741 1867 secundum
1760 1780 1939 1835 tradi-

276 1882 502 1943 tionem,
534 1860 703 1947 q'uam
733 1878 1064 1943 acceperunt
1106 1885 1141 1922 a
1170 1866 1347 1922 nobis.
1384 1863 1668 1927 Quoniam
1690 1863 1750 1917 in
1782 1860 1943 1916 omni

277 1968 446 2040 plebe
477 1970 605 2020 non
643 1978 851 2018 omnes
885 1958 1226 2015 obedientes
1258 1956 1398 2008 sunt
1439 1952 1612 2007 verbo
1644 1949 1941 2017 doctrinae,

280 2073 397 2113 non
428 2054 594 2126 legis,
627 2052 729 2107 sed
753 2065 932 2105 suum
956 2045 1239 2119 placitum
1270 2045 1329 2097 et
1348 2040 1661 2095 consilium
1694 2053 1944 2108 sequen-

281 2155 385 2213 tes,
420 2146 657 2216 propter
713 2139 825 2193 hoc
877 2133 1301 2191 declinandum
1335 2129 1407 2183 ab
1440 2128 1533 2184 his
1562 2127 1848 2198 praecipit,
1885 2128 1948 2179 ut

278 2236 642 2305 cognoscant
672 2226 1031 2296 semetipsos
1063 2235 1279 2276 errare.

352 2303 461 2393 ipsi
509 2320 661 2374 enim
715 2315 869 2369 scitis
915 2307 1379 2383 quemadmodum
1431 2305 1672 2361 debeatis
1731 2303 1951 2359 imitari

274 2428 376 2467 nos
395 2427 417 2471 ;
450 2410 582 2480 quia
608 2422 721 2461 non
743 2405 1180 2472 intemperanter
1197 2398 1442 2452 viximus
1463 2396 1613 2449 inter
1630 2410 1741 2458 vos,
1774 2406 1951 2462 neque

273 2500 456 2571 gratis
505 2511 705 2569 panem
752 2493 976 2549 edimus
1006 2506 1040 2542 a
1072 2502 1374 2560 quoquam,
1404 2484 1499 2540 sed
1556 2485 1617 2537 in
1664 2484 1869 2546 labore,
1901 2482 1951 2534 et

274 2587 629 2661 fatigatione,
663 2589 836 2650 nocte,
869 2578 1066 2648 dieque
1086 2582 1381 2647 operantes
1410 2573 1478 2627 ab
1510 2572 1631 2640 hoc,
1663 2587 1733 2625 ne
1761 2584 1953 2640 graves

276 2690 516 2733 essemus
544 2673 809 2742 cuiquam
838 2674 1099 2731 vestrum,
1134 2680 1254 2720 non
1288 2665 1419 2735 quia
1458 2676 1570 2715 non
1600 2660 1953 2714 habuerimus

274 2767 610 2833 potestatem,
644 2760 745 2815 sed
775 2761 834 2812 ut
866 2754 1236 2823 nosmetipsos
1257 2756 1497 2824 formam
1518 2750 1776 2803 daremus
1808 2746 1957 2802 vobis

278 2856 355 2912 ad
388 2850 722 2909 imitandum
751 2863 872 2903 nos.
906 2843 1029 2898 Non
1062 2841 1204 2897 illos
1241 2843 1483 2915 ignaros
1514 2838 1657 2893 dicit
1685 2837 1877 2907 operis
1900 2839 1957 2888 et

282 2942 509 3001 laboris
538 2939 653 3006 sui,
681 2952 858 3009 quem
884 2931 1086 2988 sedulo
1109 2932 1283 2987 exitu
1312 2928 1683 3001 operabatur,
1718 2943 1786 2979 nc
1809 2940 1957 2995 pane

288 3032 581 3104 indigeret
608 3027 820 3093 alieno,
853 3028 920 3077 ut
941 3020 1287 3090 exemplum
1319 3020 1484 3074 daret
1504 3016 1589 3070 eis
1620 3016 1691 3070 ad
1724 3014 1955 3068 imitan-

289 3103 447 3177 dum
466 3119 651 3173 illum.
672 3114 873 3185 Neque
902 3110 1059 3166 enim
1081 3104 1550 3178 reprehensibile
1579 3108 1752 3171 esset,
1787 3103 1835 3156 si
1864 3118 1959 3172 pa-

290 3227 433 3267 nem
464 3208 534 3263 ab
560 3205 653 3261 bis
667 3203 954 3273 acciperet
975 3198 1046 3253 ab
1074 3198 1342 3267 corporis
1374 3208 1596 3261 curam,
1621 3192 1722 3262 qui
1743 3189 1957 3246 animis
1990 3174 2033 3239 C

292 3299 532 3356 illorum
564 3309 759 3351 escam
786 3285 1111 3361 spiritalem
1135 3286 1453 3355 praebebat,
1485 3298 1611 3353 quae
1625 3280 1799 3335 etiam
1831 3294 1956 3332 cor-

292 3387 426 3461 pori
454 3381 958 3440 immortalitatem
992 3390 1126 3430 cum
1170 3373 1359 3445 gloria
1383 3373 1741 3444 procuraret.
1794 3369 1959 3422 Tunc

295 3456 513 3533 etenim
546 3475 739 3528 exerta
782 3469 974 3540 potest
1031 3479 1160 3517 esse
1191 3461 1457 3527 libertas,
1491 3459 1540 3513 si
1574 3456 1959 3528 semetipsum

295 3566 436 3636 quis
464 3561 683 3618 ventris
714 3573 894 3613 causa
925 3556 1028 3609 aut
1060 3553 1319 3623 pecuniis
1350 3548 1497 3605 nulli
1529 3546 1821 3616 subjiciat,
1854 3560 1961 3599 suo

298 3638 457 3726 pane
489 3652 840 3710 contentus;
870 3642 1148 3709 maxime,
1212 3640 1367 3707 quod
1402 3639 1472 3693 ad
1508 3636 1741 3715 laudem
1775 3632 1964 3705 magis

296 3740 556 3814 proficit,
589 3738 638 3793 si
660 3751 793 3792 cum
828 3733 1017 3799 liceat,
1038 3733 1096 3784 et
1126 3727 1207 3783 sit
1236 3725 1511 3783 sumendi
1533 3712 1811 3797 potestas,
1835 3738 1965 3777 con-

298 3813 506 3885 tineat.
541 3827 645 3882 Hic
689 3822 825 3880 talis
884 3819 1161 3893 prodesse
1220 3821 1415 3887 potest
1472 3813 1845 3869 audientibus
1876 3825 1959 3864 se.

298 3916 705 3975 Reverentiam
737 3911 894 3968 enim
954 3905 1260 3962 habebunt
1291 3904 1501 3975 rigoris
1551 3903 1751 3972 hujus,
1785 3905 1842 3954 et
1873 3916 1961 3962 ea,

302 4024 435 4081 quas
490 4005 561 4060 ab
620 4003 728 4058 hoc
786 3998 1169 4058 mandantur,
1228 3991 1599 4064 pretermitti
1638 4006 1753 4045 non
1806 3990 1963 4058 pote-

300 4100 466 4152 runt.

375 4186 515 4240 Nam
536 4197 661 4237 cum
710 4192 944 4234 essemus
997 4170 1146 4244 apud
1202 4185 1313 4237 vos,
1374 4170 1476 4225 hoc
1511 4165 1966 4239 prwcipiebamus

299 4274 474 4342 vobis,
496 4270 637 4344 quod
664 4269 711 4323 si
755 4268 878 4338 quis
909 4280 1020 4319 non
1064 4260 1182 4316 vult
1211 4261 1454 4330 cperari,
1510 4274 1611 4314 nec
1654 4253 1961 4310 manducet.

301 4364 434 4420 Non
467 4342 659 4416 solum
690 4354 882 4412 verbis
897 4351 1166 4417 docebat,
1184 4349 1287 4403 sed
1320 4347 1665 4403 hortabatur
1685 4350 1739 4399 et
1774 4342 1962 4397 t'actis.

312 4449 516 4507 ldonei
551 4446 704 4503 enim
726 4439 995 4514 magistri
1025 4443 1137 4505 est,
1170 4435 1218 4491 si
1252 4454 1339 4505 ea,
1375 4435 1704 4507 quaeverbis
1736 4434 1960 4491 doceat,

2053 536 2225 588 tuum
2254 552 2354 601 ;ne
2376 538 2684 589 saturatus
2705 534 2793 587 tui
2821 536 3013 590 oderit
3033 542 3087 591 te
3109 538 3286 607 (Prov.
3311 553 3441 601 xxv,
3466 539 3569 603 17).
3604 540 3708 602 Qui

2054 622 2211 678 enim
2237 625 2580 694 frequenter
2607 624 2673 675 ad
2706 623 2961 679 alienam
2996 642 3256 679 mensam
3290 627 3571 692 convenit,
3596 628 3709 682 otio

2053 711 2287 767 deditus
2318 712 2602 767 aduletur
2632 728 2869 767 necesse
2901 719 2992 767 est
3025 712 3280 784 pascenti
3313 729 3393 777 se,
3418 729 3547 766 cum
3582 715 3709 768 reli-

2052 801 2148 872 gio
2180 810 2379 857 nostra
2409 801 2483 855 ad
2523 800 2854 855 libertatem
2887 802 3158 857 homines
3182 802 3437 855 advocet.
3465 802 3711 871 Ideoque

2051 890 2101 946 si
2134 892 2289 961 quis,
2322 890 2544 961 inquit,
2581 890 2940 944 manducare
2963 889 3204 960 spernit,
3239 893 3424 942 cesset
3456 905 3488 942 a
3517 888 3710 943 labore

2053 984 2118 1032 ut
2147 979 2285 1050 quia
2314 978 2520 1032 nullus
2575 976 2699 1030 sine
2731 978 2860 1032 cibo
2895 982 3083 1049 potest
3113 977 3321 1039 vivere,
3355 978 3450 1030 det
3476 993 3711 1047 operam

2050 1066 2379 1135 laborandi,
2416 1073 2480 1120 ut
2506 1065 2753 1119 arbitrio
2787 1083 2894 1121 suo
2923 1067 3144 1131 vivens,
3178 1065 3360 1119 Deum
3394 1066 3579 1134 possit
3608 1066 3704 1120 ha-

2050 1156 2186 1211 bere
2210 1155 2559 1226 propitium.

2121 1244 2451 1300 Audiuimus
2482 1244 2638 1297 enim
2692 1242 2954 1313 quosdam
3010 1241 3299 1295 ambulare
3328 1244 3476 1295 inter
3508 1257 3594 1295 vos
3624 1244 3711 1295 in-

2046 1337 2436 1405 temperanter,
2460 1332 2614 1385 nihil
2638 1334 2948 1401 operantes,
2980 1330 3075 1383 sed
3093 1332 3307 1383 curiose
3334 1334 3579 1399 agentes.
3605 1329 3712 1392 Qui

2048 1421 2219 1477 otiosi
2252 1437 2379 1474 esse
2400 1420 2767 1484 desiderant,
2800 1418 2858 1471 id
2906 1420 3107 1488 agunt,
3163 1423 3452 1487 quatenus
3483 1418 3712 1473 occasio

2049 1514 2348 1575 nascatur,
2373 1526 2491 1579 qua
2512 1507 2826 1562 introitum
2842 1522 3015 1560 suum
3037 1505 3482 1560 desiderabilem
3497 1507 3714 1561 faciant

2050 1599 2328 1661 domibus
2359 1596 2639 1663 divitum,
2674 1594 3073 1663 ambulantes,
3100 1599 3157 1649 et
3176 1594 3479 1666 opiniones
3509 1596 3711 1649 verbo-

2050 1704 2183 1742 rum
2206 1686 2508 1741 subtiliter
2528 1683 3098 1756 colligunt,scientes
3119 1683 3255 1753 quid
3288 1684 3358 1738 de
3389 1700 3503 1753 quo
3533 1683 3715 1737 velint

2052 1774 2275 1838 audire,
2310 1778 2373 1828 ut
2430 1773 2688 1827 libenter
2733 1776 2791 1826 et
2838 1770 3106 1841 requisiti
3156 1777 3487 1841 pascantur.
3549 1772 3712 1834 Quod

2056 1864 2273 1919 factum
2304 1861 2475 1917 valde
2505 1862 2786 1917 adborret
2818 1878 2852 1914 a
2884 1860 3195 1930 disciplina
3247 1860 3569 1915 Dominica.
3600 1861 3713 1915 Ho-

2054 1968 2188 2007 rum
2220 1952 2379 2006 enim
2410 1954 2618 2005 venter
2648 1950 2803 2004 Deus
2825 1953 2937 2015 est,
2964 1947 3063 2018 qui
3096 1948 3246 2002 fceda
3275 1965 3414 2002 cura
3443 1964 3711 2003 necessa-

2056 2040 2143 2095 ria
2176 2039 2502 2111 provident.

2130 2131 2235 2184 His
2266 2130 2449 2199 igitur
2478 2126 2799 2198 hujusmodi
2830 2125 3245 2189 denuntiamus,
3276 2132 3330 2179 et
3356 2124 3717 2179 exhortamur

2057 2221 2116 2273 in
2148 2218 2374 2271 Domino
2403 2218 2535 2271 Jesu
2599 2216 2832 2285 Christo,
2884 2216 2945 2267 ut
3004 2230 3128 2269 cum
3174 2214 3352 2282 quiete
3409 2220 3715 2283 operantes,

2056 2322 2221 2361 suum
2247 2321 2452 2375 panem
2476 2304 2827 2358 manducent.
2859 2302 2931 2357 Ut
2959 2302 3044 2357 eis
3076 2300 3302 2355 facilius
3333 2301 3593 2366 suadeat,
3626 2301 3717 2354 in-

2058 2394 2338 2466 terposito
2353 2393 2598 2448 nomine
2612 2391 2993 2447 DominiJesu
3007 2390 3715 2457 Christi,exborlatureos,

2064 2488 2127 2540 ut
2158 2482 2482 2538 obaudiant
2513 2481 2657 2552 quid
2688 2483 2771 2537 eis
2803 2482 2880 2535 sit
2910 2480 3071 2535 utile.

2138 2574 2233 2626 Vos
2262 2579 2465 2635 autem,
2525 2576 2746 2640 fratres,
2796 2569 2977 2625 nolite
3030 2568 3254 2637 deﬁcere
3310 2552 3715 2638 benefaciendo.

2060 2659 2215 2730 Quod
2243 2659 2293 2712 si
2320 2660 2445 2727 quis
2474 2674 2585 2713 non
2616 2658 2839 2714 obaudit
2872 2657 3031 2711 verbo
3061 2660 3243 2710 nostro
3267 2673 3368 2727 per
3396 2658 3715 2727 Epistolam,

2063 2750 2208 2803 hunc
2236 2752 2438 2813 notate,
2473 2753 2525 2801 et
2550 2749 2723 2803 nolite
2752 2763 2875 2801 cum
2922 2762 2982 2800 eo
3038 2747 3265 2811 versari,
3320 2749 3382 2799 ut
3411 2748 3720 2800 reverentia

2063 2836 2454 2905 confundatur.
2491 2839 2609 2891 Non
2633 2838 2774 2891 velut
2805 2835 3095 2889 inimicum
3115 2836 3459 2902 existimetis,
3484 2834 3574 2887 sed
3603 2851 3719 2888 mo-

2065 2936 2184 2981 nete
2211 2926 2482 2991 consitiis,
2542 2935 2601 2980 ut
2650 2929 2898 2995 fratrem.
2962 2928 3203 2993 PrOpter
3258 2924 3412 2994 quod
3445 2923 3718 2992 superius

2069 3030 2556 3085 unumquemque
2588 3030 2761 3069 suum
2800 3028 3007 3083 panem
3044 3012 3399 3065 manducare
3421 3010 3715 3080 praecepit,

2072 3120 2142 3159 ne
2174 3104 2319 3158 forte
2348 3102 2591 3173 quidam
2624 3102 2858 3156 illorum
2909 3098 3273 3154 occasionem
3324 3097 3624 3167 parcitatis
3662 3102 3720 3151 et

2074 3190 2529 3247 inhumanitatis
2553 3194 2877 3262 captarent,
2909 3189 3039 3242 ideo
3079 3187 3277 3241 statim
3310 3186 3594 3254 subjecit:
3625 3187 3720 3239 Vos

2069 3284 2274 3345 autem,
2304 3279 2518 3349 inquit,
2542 3281 2766 3347 fratres,
2799 3278 2972 3332 nolite
3002 3275 3300 3345 defetigari
3330 3273 3721 3343 benefacientes

2069 3370 2210 3441 (Gal.
2241 3386 2320 3437 v1,
2353 3369 2429 3438 9).
2463 3369 2663 3438 Neque
2693 3367 2849 3422 enim
2882 3366 2940 3419 in
2992 3362 3501 3433 reprehensionem
3540 3361 3718 3427 venit,

2076 3459 2175 3531 qui
2207 3458 2506 3512 humanus
2535 3456 2592 3509 in
2625 3455 2921 3527 largiendo
2952 3458 3040 3508 est
3071 3477 3083 3519 ;
3118 3451 3217 3505 sed
3274 3450 3390 3515 hic,
3440 3448 3541 3519 qui
3584 3464 3720 3502 cum

2074 3547 2261 3620 possit
2284 3545 2541 3599 laborem
2567 3545 2735 3610 ferre,
2759 3544 2875 3599 otio
2894 3541 3021 3599 vult
3038 3541 3217 3594 vitam
3242 3554 3431 3609 agere.
3465 3537 3647 3599 Quem
3672 3536 3721 3591 si

2072 3634 2342 3708 Epistolis
2374 3635 2693 3689 auctoritas
2725 3650 2840 3687 non
2874 3630 3131 3700 corrigit,
3184 3627 3508 3683 notandum
3540 3624 3720 3691 hunc,

2072 3744 2177 3782 nec
2208 3724 2672 3780 conversandum
2707 3738 2843 3776 cum
2865 3738 2930 3775 eo
2950 3718 3299 3791 praecipiunt
3315 3716 3595 3770 confusus
3618 3715 3721 3785 qui

2073 3817 2145 3871 ab
2159 3813 2435 3870 omnibus
2449 3810 3037 3879 evitatur,subjiceret
3051 3824 3111 3861 se
3127 3803 3718 3877 praeceptisApostoli.

2070 3904 2233 3969 Quod
2268 3906 2463 3955 tamen
2497 3898 2947 3954 sineiracundia
2967 3901 3023 3950 et
3043 3892 3397 3949 contumelia
3428 3891 3551 3946 vult
3572 3891 3719 3956 fieri,

2071 3997 2136 4047 ut
2166 3990 2454 4062 patienter
2485 3987 2809 4042 declinatur
2839 3986 2911 4038 ab
2943 3999 3041 4047 eo;
3078 3984 3160 4035 ita
3188 3986 3407 4048 tamen,
3438 3983 3498 4032 ut
3548 3978 3594 4031 si
3630 3996 3721 4033 res

2073 4078 2337 4138 attulerit
2365 4077 2525 4147 loqui
2558 4091 2691 4130 cum
2725 4091 2811 4141 eo,
2836 4072 3194 4127 monendum
3219 4068 3408 4132 illum,
3443 4072 3507 4121 ut
3536 4067 3719 4135 patia-

2072 4176 2170 4225 tur
2200 4184 2262 4223 se
2294 4165 2526 4236 corripi,
2560 4180 2666 4218 nec
2698 4163 2850 4217 ultra
2868 4164 3156 4231 praecepta
3177 4155 3437 4227 Apostoli
3461 4160 3720 4209 contem-

2074 4259 2301 4314 nenda:
2330 4253 2786 4309 familiaritatem
2822 4265 3054 4320 quoque
3086 4245 3290 4301 tandiu
3324 4260 3455 4299 cum
3490 4260 3555 4297 eo
3605 4259 3719 4297 non

2075 4348 2311 4409 habere,
2338 4343 2599 4413 quandiu
2624 4340 2945 4396 obaudiens
2978 4340 3094 4391 tiat.
3129 4336 3273 4389 Nam
3306 4334 3353 4387 si
3388 4334 3453 4387 ad
3492 4333 3720 4386 iracun-

2076 4437 2232 4491 diam
2262 4432 2634 4488 contumeliis
2684 4428 3010 4490 lacessitur,
3062 4426 3219 4496 pejor
3277 4424 3396 4476 ﬁet.
3446 4421 3725 4475 incitatur

307 4538 596 4612 operibus
627 4533 872 4605 expleat
930 4530 1094 4584 Tunc
1153 4525 1371 4581 etenim
1429 4524 1795 4580 addiSCeDl-BS
1835 4534 1967 4574 Vera
1993 4538 2043 4605 D
2075 4526 2230 4581 enim
2280 4523 2351 4578 ad
2399 4520 2850 4581 contentionem,
2884 4522 2940 4570 et
2969 4515 3208 4584 incipiet
3238 4516 3499 4565 erratum
3546 4526 3720 4564 suum

308 4608 445 4687 esse
474 4626 673 4683 sciunt
702 4639 828 4694 quae
850 4619 1118 4684 audiunt,
1143 4614 1423 4687 sinegligi
1448 4614 1548 4669 illa
1579 4630 1693 4668 non
1716 4608 1965 4665 viderint

309 4740 348 4776 υ.
378 4719 633 4773 doctore.
668 4709 944 4777 Quamvis
976 4707 1131 4763 enim
1182 4704 1495 4760 manifeste
1527 4720 1661 4758 vera
1690 4716 1820 4756 esse
1850 4714 1964 4753 non

312 4808 664 4881 ignorentur
687 4818 812 4874 qua)
846 4800 1127 4854 docentur
1149 4799 1373 4861 ;tamen
1390 4794 1439 4848 si
1457 4791 1669 4863 negligi
1691 4786 1969 4860 coeperint

313 4874 685 4967 avmagistro,
745 4886 983 4945 difﬁcile
1013 4882 1328 4955 proficiunt
1358 4880 1750 4936 audientibus.
1785 4874 1967 4946 Magis

315 4986 479 5042 enim
511 4997 686 5053 opera
715 4977 987 5043 suadent,
1020 4988 1196 5043 quam
1210 4970 1406 5025 verba.
1425 4969 1812 5035 Quamobrem
1845 4980 1969 5018 ma—

317 5076 415 5149 gis
446 5069 702 5144 praamiis
734 5059 1150 5122 remunerandi
1180 5062 1337 5124 sunt,
1383 5058 1507 5128 qui,
1542 5054 1972 5128 negligentibus

329 5145 654 5234 magistris,
688 5152 934 5212 de’solis
964 5149 1157 5205 verbis
1188 5146 1517 5219 proficiunt,
1550 5150 1668 5200 tam
1700 5145 1757 5197 in
1780 5159 1971 5212 opere,

321 5230 504 5325 quam
534 5250 594 5304 in
626 5244 1039 5303 sensu.Forma
1068 5236 1223 5292 enim
1238 5240 1363 5290 erat
1384 5235 1475 5289 his
1508 5234 1607 5304 qui
1641 5230 1970 5294 mediocris,

327 5322 421 5397 vel
451 5337 645 5394 tenuis
674 5336 842 5391 erant
870 5326 1213 5385 substantiae
1246 5325 1302 5377 in
1363 5323 1548 5394 plebe,
1579 5327 1642 5376 ut
1688 5322 1979 5375 discerent

334 5434 630 5502 quatenus
661 5424 989 5478 libertatem
1023 5430 1190 5471 suam
1214 5429 1329 5467 non
1360 5413 1712 5468 amitterent.
1748 5408 1978 5463 Undeet

414 5605 597 5679 (1294)
628 5602 936 5673 Contempto
964 5594 1183 5654 habent
1210 5590 1484 5665 impressi
1514 5592 1641 5648 cod.

2073 4613 2217 4669 velle
2241 4612 2552 4667 defendere
2578 4627 2590 4675 ;
2611 4607 2797 4679 possit
2820 4609 3017 4660 autem
3040 4602 3383 4657 erubescere
3411 4599 3723 4653 emendare

2077 4721 2160 4769 se,
2188 4720 2257 4757 ne
2291 4701 2443 4772 quod
2482 4699 2643 4769 prius
2676 4696 3007 4762 excusabat,
3059 4694 3259 4763 postea
3317 4688 3481 4742 fateri
3524 4687 3719 4741 videa-

2074 4799 2191 4849 tur.

2149 4884 2263 4952 Ipse
2291 4886 2476 4934 autem
2524 4878 2663 4930 Deus
2688 4877 2838 4944 pacis
2874 4870 2965 4925 det
3010 4870 3156 4924 vobis
3204 4883 3395 4938 pacem
3422 4882 3635 4937 semper
3664 4866 3724 4917 in

2079 4972 2231 5026 omni
2249 4971 2383 5024 loco.
2409 4967 2668 5021 Dominus
2687 4979 2812 5017 cum
2830 4961 3084 5015 omnibus
3102 4958 3251 5012 vobis
3295 4972 3529 5025 semper.
3562 4952 3721 5014 Quod

2082 5075 2256 5113 suum
2288 5063 2396 5123 est,
2432 5056 2584 5109 bono
2615 5057 2744 5106 voto
2769 5049 2897 5103 illos
2920 5047 3294 5120 prosequitur
3324 5043 3489 5114 quasi
3509 5039 3726 5094 charis-

2083 5148 2266 5203 simos
2294 5146 2471 5211 lilios,L
2500 5147 2708 5213 optans
2740 5156 2970 5209 semper
2992 5154 3125 5191 cum
3160 5136 3244 5188 eis
3268 5147 3464 5203 pacem
3490 5128 3724 5192 habere,

2083 5254 2209 5308 quae
2242 5236 2355 5287 dux
2388 5233 2458 5287 ad
2514 5232 2684 5285 vitam
2748 5234 3046 5291 aeternam,
3079 5240 3212 5278 cum
3275 5221 3364 5272 his
3424 5216 3579 5271 enim
3616 5215 3723 5269 Do-

2090 5325 2286 5379 minus
2319 5340 2381 5376 se
2413 5339 2540 5375 esse
2574 5318 2858 5389 promisit,
2895 5315 2992 5384 qui
3023 5312 3235 5366 fuerint
3266 5306 3512 5378 pacifici.

2156 5414 2278 5484 Ipsa
2306 5413 2571 5467 salutatio
2599 5426 2727 5465 mea,
2754 5421 2925 5461 manu
2971 5401 3170 5458 Pauli;
3218 5397 3357 5467 quod
3389 5399 3466 5451 est
3507 5396 3725 5463 signum
