4014 6172
428 289 548 348 663

1451 280 1787 343 ATTONIS
1834 281 2419 343 VERCELLENSIS
2466 280 2818 343 EPISCOPI
3662 296 3750 357 κω

429 420 493 474 in
522 420 673 475 omni
699 415 1050 488 epistola;in
1092 414 1290 470 scribo.
1347 417 1586 484 Propter
1633 412 2076 484 interpolatores
2105 417 2161 482 Α
2262 415 2454 469 Gratia
2486 414 2707 469 Domini
2730 413 2912 468 nostri
2936 415 3074 468 Jesu
3122 410 3326 466 Christi
3381 429 3496 469 cum
3541 423 3750 480 omnibus.

432 513 492 565 et
520 507 943 563 adulteratores
973 505 1400 576 scripturarum
1424 519 1658 574 semper
1678 518 1739 558 se
1765 519 1941 556 manu
1977 518 2086 556 sua

432 597 494 652 in
526 594 684 651 omni
714 593 966 665 epistola
1015 610 1124 649 sua
1178 593 1592 648 salutationem
1643 589 2086 646 subdescribere

432 689 704 750 testatur,
739 687 804 738 ut
833 683 944 738 sub
977 682 1215 737 nomine
1239 682 1368 751 ejus
1391 679 1656 752 Epistola
1685 684 1919 749 accepto
1952 678 2086 733 ferri

433 790 551 829 non
576 771 784 844 possit,
817 787 944 842 qua:
975 787 1092 826 non
1123 769 1298 825 fuerit
1326 785 1506 824 manu
1555 769 1684 838 ejus
1733 767 2086 839 subscripta.

2195 503 2325 557 Haec
2357 502 2631 557 salutatio
2663 517 2839 554 manu
2870 498 3130 572 Apostoli
3192 501 3504 573 conscripta
3552 514 3642 576 est,
3673 528 3756 582 qua

2196 590 2445 662 gratiam
2477 589 2706 645 Domini
2731 588 2914 643 nostri
2947 587 3086 643 Jesu
3117 586 3330 644 Christi
3359 593 3507 660 optat
3531 609 3638 652 esse
3659 615 3754 656 cum

2197 678 2303 734 eis.
2336 679 2529 733 Amen.

2342 768 2493 822 Finis
2524 765 2787 837 Epistolm
2803 763 3059 821 secundae
3086 764 3158 819 ad
3191 764 3660 826 Thessalonicenses.

3107 949 3762 976 ﬁ

1113 1071 1730 1167 EPISTOLA
1799 1072 1838 1164 Ι
1907 1070 2074 1164 AD

2206 1068 2900 1164 'IMOTHEUM
2970 1067 3180 1159 (129⁵.

992 1401 1524 1458 ABGUMENTUM.

505 1491 852 1547 Timotheus
876 1491 1035 1545 filius
1057 1491 1167 1544 fuit
1188 1489 1455 1545 mulieris
1477 1491 1685 1545 Judseaa
1711 1490 2093 1562 fidelis,patre

437 1580 654 1646 Graeco,
680 1581 850 1649 cujus
875 1595 1052 1634 causa
1069 1578 1348 1649 parvulus
1383 1579 1721 1633 circumcidi
1743 1597 1856 1634 non
1881 1581 2090 1651 potuit.

437 1668 544 1734 Qui
569 1669 762 1723 studio
787 1669 991 1723 matris
1012 1685 1130 1722 suae
1153 1684 1352 1722 sacras
1374 1667 1602 1722 litteras
1629 1668 2091 1740 didicit,quibus

435 1772 671 1827 operam
701 1757 848 1811 dans
865 1757 1077 1812 bonam
1099 1755 1209 1811 sibi
1233 1755 1410 1810 vitam
1433 1756 1723 1811 instituit.
1752 1758 1920 1812 Hunc
1941 1760 2094 1829 Apo-

435 1844 622 1900 stolus
642 1860 774 1899 cum
795 1844 1079 1900 voluisset
1102 1860 1421 1910 assumere,
1447 1844 1641 1900 sciens
1669 1846 1946 1901 idoneum
1972 1846 2096 1901 fore

2202 1408 2408 1458 rentur
2438 1402 2511 1456 ad
2544 1401 2668 1456 haec
2689 1399 2950 1467 colenda,
2976 1416 3102 1471 quae
3123 1398 3433 1454 carnaliter
3449 1399 3571 1453 data
3587 1399 3758 1455 fuerant

2202 1493 2350 1558 Quid
2383 1493 2536 1546 enim
2569 1506 2718 1560 opus
2765 1495 2876 1552 est,
2924 1488 3399 1561 generationum,
3448 1503 3581 1558 quas
3609 1495 3773 1543 constat

2203 1595 2331 1636 esse
2357 1578 2618 1634 inﬁnitas
2641 1594 2744 1649 per
2770 1578 3096 1645 traducem,
3131 1577 3318 1631 facere
3367 1576 3682 1631 mentionem
3706 1593 3716 1641 ;
3737 1593 3757 1630 e

2205 1667 2434 1740 quid,et
2451 1670 2742 1739 quatenus
2765 1666 2984 1720 factum
3008 1670 3097 1720 est
3118 1665 3226 1719 sub
3253 1679 3590 1735 unoquoque
3607 1679 3770 1728 eorum,

2205 1762 2260 1812 et
2292 1773 2406 1810 non
2441 1755 2636 1827 potius
2666 1754 3012 1826 compendio
3036 1769 3137 1824 per
3186 1754 3362 1808 ﬁdem
3415 1752 3639 1806 salutem
3665 1767 3770 1821 que-

2206 1860 2334 1899 rere
2363 1844 2390 1898 ?
2417 1843 2558 1899 Inde
2586 1843 2742 1897 enim
2774 1841 3128 1912 quaestiones
3181 1841 3469 1910 oriuntur,
3509 1855 3626 1894 cum
3657 1838 3772 1909 quid,

433 1933 896 2003 dispensatorem
908 1932 1251 2004 evangelicae
1267 1933 1740 1998 veritatis,causa
1761 1933 2095 1990 Judaaorum
2129 1937 2178 2001 B
2207 1937 2264 1986 et
2286 1931 2542 2003 quando,
2567 1935 2623 1985 et
2644 1930 2958 2001 quomodo,
2984 1935 3040 1985 et
3061 1945 3242 2000 quare
3263 1929 3480 1984 factum
3502 1932 3599 1991 est,
3616 1930 3770 1981 tracta-

432 2019 772 2092 compulsus
802 2025 892 2076 est
912 2021 1329 2076 circumcidere
1351 2037 1488 2076 eum
1508 2021 1894 2088 ,instantibus
1916 2023 2095 2089 eis,ut

435 2108 536 2180 qui
567 2113 751 2164 matre
767 2109 970 2164 Judeaa
993 2114 1166 2165 natus
1187 2114 1361 2176 esset,
1385 2109 1844 2166 incircumcisus
1865 2112 2090 2166 assumi

435 2213 551 2252 non
583 2198 820 2252 deberet
849 2198 920 2252 ad
954 2197 1358 2268 magisterium
1412 2204 1649 2268 propter
1681 2200 2090 2254 testimonium

437 2285 690 2359 generis.
713 2285 879 2339 Hunc
903 2300 1039 2354 ergo
1049 2287 1175 2355 jam
1205 2291 1466 2340 creatum
1485 2287 1827 2356 episcopum
1854 2288 2095 2343 instruit

439 2390 543 2446 per
563 2373 884 2444 Epistolam
900 2375 1192 2444 quomodo
1214 2373 1451 2428 deberet
1465 2375 1784 2429 Ecclesiam
1800 2375 2090 2430 ordinare.

509 2461 668 2533 (CAP.
700 2461 773 2531 l.)
810 2462 1019 2516 Paulus
1063 2462 1354 2532 Apostolus
1392 2461 1599 2517 Christi
1643 2465 1769 2518 Jesu
1795 2464 2091 2519 secundum

435 2552 731 2622 imperium
753 2551 860 2605 Dei
880 2551 1189 2605 Saluatoris
1241 2551 1420 2604 nostri
1467 2552 1594 2606 Jesu
1621 2551 1822 2606 Christi
1851 2554 1966 2622 spei
1993 2569 2091 2606 no-

432 2647 583 2701 strae,
617 2639 882 2694 Timotheo
902 2654 1170 2708 germano
1191 2639 1314 2706 ﬁlio
1343 2640 1405 2692 in
1451 2639 1579 2706 ﬁde,
1631 2641 1833 2709 gratia,
1865 2641 2090 2694 miseri-

431 2726 645 2793 cordia,
673 2742 790 2797 paa:
819 2743 853 2780 a
882 2728 989 2781 Deo
1019 2727 1187 2779 Patre
1214 2734 1264 2779 et
1299 2725 1519 2780 Christo
1561 2728 1687 2782 Jesu
1731 2729 1961 2783 Domino
1986 2744 2092 2783 no-

431 2824 562 2870 stro.
592 2813 801 2878 Patris,
825 2817 884 2868 et
913 2813 1040 2867 Filii
1074 2813 1320 2885 imperio
1376 2813 1722 2884 Apostolum
1780 2831 1842 2870 se
1870 2816 2088 2871 factum

435 2903 717 2970 ostendit,
749 2906 815 2957 ut
847 2903 905 2957 in
937 2903 1053 2957 Deo
1089 2902 1255 2957 Patre
1285 2901 1555 2972 salutem,
1589 2907 1646 2958 et
1675 2903 1903 2960 Christo
1947 2905 2090 2960 Filio

435 2994 565 3063 ejus
595 3007 759 3063 spem
792 2991 1152 3063 pradicaret,
1188 2995 1251 3045 ut
1273 2991 1412 3062 quia
1442 3006 1613 3046 nemo
1640 2997 1816 3064 negat
1839 2993 2087 3048 salutem

2203 2023 2336 2075 tur:
2371 2037 2497 2092 quae
2529 2033 2624 2074 res
2651 2017 2898 2090 impedit
2917 2017 3189 2073 salutem.

2276 2111 2430 2164 Finis
2457 2116 2644 2163 autem
2673 2108 2936 2178 praecepti
2962 2115 3039 2161 est
3066 2107 3309 2162 charitas
3365 2106 3436 2160 de
3485 2105 3628 2159 corde
3662 2119 3773 2175 puro,

2204 2201 2254 2253 et
2278 2198 2617 2252 conscientia
2649 2197 2808 2266 bona,
2841 2199 2891 2250 et
2920 2195 3025 2266 ﬁde
3075 2211 3185 2250 non
3237 2195 3532 2248 simulata:
3571 2210 3600 2247 a
3638 2192 3777 2264 quibus

2205 2286 2431 2355 quidam
2451 2292 2702 2339 errantes
2732 2285 2976 2338 conversi
2999 2291 3128 2338 sunt
3155 2283 3216 2336 in
3239 2284 3622 2353 vaniloquium,
3649 2282 3779 2335 υοίεηο

2202 2378 2280 2428 tes
2309 2389 2422 2428 esse
2452 2373 2587 2443 legis
2613 2373 2876 2437 doctores,
2923 2387 3037 2425 non
3083 2371 3470 2441 intelligentes,
3515 2384 3667 2440 neque
3699 2381 3780 2436 qua

2206 2462 2422 2526 dicunt,
2440 2477 2609 2532 neque
2632 2461 2698 2515 de
2724 2462 2922 2530 quibus
2946 2460 3250 2532 afﬁrmant.
3278 2459 3559 2522 Quoniam
3579 2455 3779 2512 omnium

2205 2551 2392 2619 major
2421 2554 2508 2605 est
2537 2550 2813 2612 charitas,
2846 2549 2998 2604 hanc
3032 2549 3208 2603 finem
3239 2563 3371 2602 esse
3431 2546 3587 2612 dixit,
3629 2544 3674 2597 id
3704 2546 3782 2600 est.

2202 2638 2600 2708 perfectionis,
2633 2637 3202 2692 consummationem
3235 2636 3500 2691 omnium
3533 2635 3780 2705 praecepto-

2205 2743 2358 2790 rum,
2391 2727 2440 2782 si
2470 2733 2666 2780 tamen
2694 2743 2763 2781 ex
2791 2727 2962 2781 corde
2993 2742 3140 2798 puro
3173 2725 3251 2780 sit
3280 2731 3339 2780 et
3363 2726 3516 2780 bona
3551 2719 3784 2778 conscien-

2201 2813 2302 2872 tia.
2344 2815 2490 2870 Vera
2515 2815 2669 2870 enim
2699 2813 2953 2870 charitas
3001 2830 3117 2869 non
3172 2816 3366 2885 potest
3422 2811 3624 2867 malam
3651 2809 3783 2861 vitam

2201 2902 2439 2969 habere,
2471 2919 2574 2958 nec
2604 2899 2959 2957 simulatam
2979 2902 3174 2971 fidem,
3203 2902 3261 2956 in
3295 2901 3514 2973 quibus
3537 2897 3705 2954 omnis
3727 2893 3789 2948 lex

2201 2991 2500 3063 impletur,
2533 2995 2589 3046 et
2619 2991 2930 3062 prophetae.
2965 2989 3212 3055 Quidam
3272 2995 3469 3045 autem
3519 2986 3788 3042 Judaorum

437 3097 568 3137 esse
600 3079 657 3134 in
694 3084 825 3147 Deo,
862 3092 968 3134 nec
1006 3079 1327 3150 quisquam
1359 3079 1657 3134 dubitaret
1679 3097 1842 3152 spem
1876 3096 2005 3136 esse
2036 3081 2092 3136 in
2127 3090 2169 3153 ρ
2208 3081 2552 3151 mysterium
2586 3079 2731 3152 legis
2763 3080 3118 3151 ignorantes,
3155 3085 3210 3134 et
3242 3067 3670 3151 prophetarum,
3695 3070 3793 3142 quia

443 3168 674 3224 Christo
693 3167 854 3238 Jesu,
879 3183 1055 3239 quem
1080 3184 1113 3222 a
1144 3167 1395 3223 mortuis
1417 3167 2094 3241 excitatum,exemplum

446 3257 627 3326 hujus
659 3258 782 3327 spei
813 3257 1047 3312 dedisse
1080 3262 1475 3327 cognosceret.
1523 3257 1639 3312 Hoc
1689 3258 1860 3313 modo
1893 3258 2097 3314 scribit

446 3345 776 3412 Timotheo,
805 3349 870 3400 ut
889 3360 1135 3400 securus
1153 3350 1308 3399 esset
1329 3345 1401 3400 de
1419 3362 1528 3400 sua
1546 3347 1935 3416 ordinatione,
1961 3348 2098 3418 quia

449 3433 698 3504 imperio
729 3433 939 3501 Patris,
994 3437 1052 3486 et
1080 3431 1206 3485 Filii
1267 3432 1486 3487 electus
1523 3439 1612 3488 est
1639 3435 1710 3488 ad
1743 3435 2093 3491 docendum.

445 3521 627 3583 Quem
653 3536 853 3574 verum
879 3519 1086 3573 Filium
1111 3520 1386 3590 appellat,
1410 3521 1511 3574 sed
1535 3521 1595 3575 in
1620 3523 1752 3588 fide,
1777 3523 1932 3577 sicut
1955 3524 2098 3578 dicit

445 3609 516 3663 ad
548 3606 920 3662 Corinthios:
961 3613 1026 3662 In
1057 3608 1270 3662 Christo
1325 3611 1480 3663 enim
1535 3612 1679 3679 Jesu,
1738 3611 1950 3681 inquit,
2003 3629 2098 3683 per

443 3696 804 3763 Evangelium
829 3711 929 3764 ego
961 3712 1048 3751 vos
1078 3697 1244 3765 genui
1273 3698 1322 3766 (Ι
1350 3697 1470 3751 Cor.
1533 3716 1609 3763 ιν,
1645 3699 1752 3769 15).
1805 3699 1933 3754 Haec
1966 3717 2098 3756 vera

445 3788 502 3838 et
532 3785 702 3838 tirma
721 3784 1020 3855 generatio
1051 3794 1160 3847 est,
1197 3802 1326 3856 quae
1358 3785 1543 3840 nescit
1574 3803 1867 3857 occasum,
1915 3789 2099 3844 nescit

446 3873 702 3939 morbos,
731 3878 787 3927 et
809 3873 1227 3944 pestilentiam,
1260 3879 1316 3928 et
1347 3891 1474 3944 quae
1506 3876 1736 3945 ignorat
1793 3878 2006 3932 famem
2039 3883 2097 3931 et

446 3963 626 4017 sitim.
652 3962 804 4017 Dicit
833 3968 1028 4017 autem
1063 3963 1118 4016 in
1154 3979 1332 4032 regno
1357 3963 1453 4017 Dei
1481 3964 1704 4019 nullius
1737 3981 1925 4035 egere,
1959 3967 2099 4037 quia

445 4051 642 4106 futura
671 4055 762 4106 est
794 4051 967 4106 domo
1001 4051 1093 4104 Dei
1118 4051 1531 4107 immortalitas
1563 4053 1817 4124 gloriosa
1837 4053 1896 4108 in
1922 4071 2096 4122 regno

447 4139 544 4194 Dei
574 4143 632 4194 et
661 4139 895 4206 Christi,
930 4155 1180 4210 quorum
1213 4140 1486 4211 gratiam,
1509 4146 1567 4195 et
1609 4142 2096 4208 misericordiam,

445 4232 503 4282 et
531 4243 735 4299 pacem
763 4233 999 4298 exoptat
1029 4244 1162 4281 cum
1195 4229 1306 4283 isto
1343 4245 1596 4284 manere.
1657 4252 1661 4255 -

519 4317 672 4371 Sicut
700 4316 896 4387 rogavi
923 4319 977 4368 te
1002 4317 1392 4371 subremanere
1423 4317 1642 4388 Ephesi,
1699 4335 1825 4372 cum
1871 4320 2011 4373 irem
2037 4321 2099 4373 in

449 4403 846 4467 Macedoniam,
877 4411 934 4458 ut
961 4403 1251 4460 denunties
1309 4405 1636 4474 quibusdam
1698 4424 1766 4462 ne
1807 4409 1975 4461 aliter
2001 4409 2096 4461 do-

443 4496 620 4558 ceant,
653 4508 786 4547 neve
807 4492 1094 4547 intendant
1121 4494 1348 4562 fabulis,
1375 4503 1425 4548 et
1450 4495 1786 4561 genealogiis
1837 4496 2116 4565 inﬁnitis,

447 4598 568 4652 qutr
597 4583 916 4650 quaestiones
943 4585 1230 4651 préestant,
1259 4584 1444 4652 magis
1475 4598 1637 4652 quam
1682 4583 2100 4652 :ediﬁcationem

450 4671 564 4733 Dei,
591 4685 716 4740 quae
744 4675 822 4724 est
846 4673 904 4723 in
925 4669 1048 4738 ﬁde.
1071 4669 1253 4724 Filius
1275 4688 1309 4724 a
1333 4670 1498 4724 Patre
1520 4671 1713 4739 rogari
1738 4688 1852 4725 non
1875 4671 2094 4736 debuit,

447 4757 548 4812 sed
578 4763 811 4828 propter
840 4758 1147 4813 charitatis
1178 4758 1472 4823 allectum,
1507 4765 1562 4812 et
1615 4765 1698 4813 ut»
1735 4760 1816 4812 illi
1852 4762 2098 4814 formam

447 4845 798 4901 humilitatis
819 4847 1171 4913 ostenderet,
1196 4849 1463 4902 obsecrat
1483 4847 1794 4918 episcopus
1813 4850 2102 4918 coepisco-

446 4951 588 5008 pum
621 4951 818 4998 suum,
853 4950 924 4989 ne
956 4939 1250 5004 pateretur
1304 4936 1537 4991 Judaeos
1595 4937 1763 4992 aliter
1793 4938 2097 5008 populum,

444 5041 622 5094 quam
645 5023 717 5078 ab
743 5022 1018 5094 Apostolo
1041 5024 1400 5091 tradebatur,
1433 5026 1660 5092 docere,
1708 5042 1814 5081 nec
1846 5027 2099 5082 oblecta-

444 5120 648 5168 rentur
671 5111 907 5178 fabulis,
938 5128 1086 5182 quas
1112 5129 1348 5166 narrare
1369 5115 1628 5169 consueti
1653 5120 1793 5170 sunt
1811 5115 1999 5170 Judaei
2029 5117 2098 5168 de

444 5201 817 5271 generatione
839 5217 1080 5256 suarum
1106 5200 1400 5271 originum
1425 5204 1495 5256 de
1516 5203 1895 5272 Abraham,et
1917 5206 2095 5267 Isaac,

444 5296 502 5343 et
523 5291 746 5343 carioris
784 5289 1160 5358 patriarchis,
1193 5295 1250 5344 et
1279 5290 1350 5344 de
1381 5291 1847 5360 circumcisione,
1896 5297 1952 5348 et
1985 5293 2096 5357 his,

445 5391 571 5442 qua:
606 5389 803 5443 postea
834 5377 1050 5433 tradita
1080 5382 1221 5433 sunt
1251 5395 1285 5433 a
1340 5379 1556 5449 Moyse,
1607 5397 1678 5434 ne
1713 5379 2098 5434 circumveni-

2205 3184 2395 3239 usque
2428 3170 2498 3223 ad
2521 3168 2819 3224 Christum
2849 3169 3134 3224 servanda
3165 3172 3306 3222 sunt
3359 3165 3586 3231 tradita,
3622 3175 3792 3216 errave-

2206 3257 2681 3330 runt,prsedicato
2712 3257 2963 3322 Christo,
2989 3260 3046 3311 et
3073 3255 3260 3328 legem
3293 3257 3577 3311 factorum
3621 3252 3670 3305 in
3697 3263 3794 3302 neo-

2204 3347 2436 3411 meniis,
2470 3350 2526 3401 et
2555 3345 3020 3411 circumcisione,
3053 3349 3110 3400 et
3140 3345 3291 3400 escis
3309 3339 3691 3399 discernendis
3709 3351 3793 3390 ser-

2203 3434 2325 3489 vari
2357 3435 2586 3489 debere.
2615 3435 2828 3489 Idcirco
2861 3435 2918 3487 in
2950 3432 3358 3505 vaniloquium
3393 3431 3532 3487 dicit
3585 3445 3670 3484 eos
3707 3438 3798 3479 esse

2205 3538 2534 3588 conversos,
2568 3522 2708 3594 quia
2734 3522 3005 3577 volebant
3035 3523 3242 3577 docere
3301 3539 3433 3593 quae
3489 3515 3797 3591 ignorabant.

2275 3611 2488 3665 Scimus
2515 3615 2696 3665 autem
2726 3612 2854 3681 quia
2911 3611 3049 3666 bona
3087 3613 3166 3666 est
3186 3611 3293 3678 lex,
3317 3613 3372 3665 si
3398 3611 3594 3682 quised
3613 3604 3802 3673 legitim

2203 3703 2438 3754 utatur:
2467 3703 2674 3754 certum
2720 3701 2924 3754 habens
2969 3700 3084 3767 hoc,
3131 3700 3275 3770 quod
3311 3700 3465 3770 justo
3524 3699 3610 3752 lea:
3633 3709 3724 3747 non
3749 3696 3802 3742 (sl

2198 3790 2421 3859 posita;
2477 3789 2704 3856 iniustis
2759 3804 2882 3842 vero
2940 3796 2991 3843 et
3049 3789 3537 3860 inobsequentibus
3587 3781 3748 3853 impiis
3768 3781 3804 3832 el

2200 3877 2594 3947 peccatoribus,
2621 3879 2858 3930 scelestis
2888 3881 2937 3930 et
2990 3879 3268 3946 pro/anis,
3315 3874 3613 3947 parricidis
3654 3873 3803 3925 etma-

2205 3966 2425 4022 tricidis
2479 3970 2533 4021 et
2605 3965 3050 4035 fornicatoribus,
3101 3966 3410 4030 homicidis,
3489 3959 3807 4018 masculorum

2205 4055 2660 4120 concubitoribus,
2708 4055 3027 4125 plagiariis,
3078 4055 3452 4119 mendacibus,
3496 4049 3734 4124 perjuris,
3773 4044 3807 4094 ετ

2206 4144 2264 4197 si
2291 4143 2421 4213 quid
2449 4143 2604 4196 aliud
2633 4159 2782 4197 same
2807 4143 3063 4197 doctrinae
3114 4142 3463 4205 adservatur,
3514 4153 3631 4212 quae
3658 4138 3725 4190 est
3748 4145 3806 4186 se-

2206 4232 2446 4285 cundum
2468 4232 2837 4303 Evangelium
2864 4233 3068 4302 gloria:
3100 4233 3247 4286 beati
3274 4233 3393 4300 Dei,
3414 4230 3553 4302 quod
3589 4223 3808 4282 σισοάϋωη

2209 4328 2284 4373 est
2313 4319 2470 4373 mihi.
2507 4320 2721 4374 Bonam
2755 4334 2884 4374 esse
2915 4319 3125 4390 legem,
3159 4335 3284 4390 quia
3317 4336 3422 4390 per
3453 4318 3677 4388 Moysen
3705 4309 3809 4363 data

2209 4413 2316 4476 est,
2350 4425 2463 4461 non
2498 4413 2709 4479 negat;
2742 4407 2823 4462 ita
2854 4413 3070 4473 tamen,
3105 4411 3168 4461 ut
3198 4423 3410 4462 sensus
3443 4407 3570 4478 ejus
3617 4400 3808 4457 sciatur,

2210 4502 2263 4549 et
2298 4495 2593 4565 quomodo
2625 4496 2763 4550 data
2791 4501 2901 4559 est,
2927 4495 3263 4564 recipiatur.
3297 4496 3400 4550 Hic
3435 4495 3588 4550 enim
3637 4486 3730 4543 scit
3753 4481 3811 4536 le-

2210 4599 2364 4652 gem,
2397 4588 2450 4638 et
2482 4600 2600 4654 qua
2630 4600 2807 4638 causa
2836 4585 2970 4637 data
3001 4583 3098 4648 sit,
3132 4583 3230 4654 qui
3263 4582 3596 4656 praedicatio
3626 4574 3812 4631 Christo

2210 4672 2426 4726 deserit
2450 4671 2606 4725 illam
2631 4688 2700 4726 ex
2720 4678 2899 4743 parte,
2925 4689 3040 4741 qua
3061 4672 3150 4726 lex
3175 4673 3460 4727 factorum
3493 4665 3811 4742 appellatur;

2210 4759 2364 4815 circa
2395 4759 2763 4814 dilectionem
2789 4765 2983 4814 autem
3023 4762 3117 4815 Dei
3151 4766 3350 4816 utatur
3373 4778 3461 4829 ea,
3496 4751 3814 4814 asserens,et

2210 4849 2514 4903 affirmans
2547 4865 2674 4915 quae
2709 4866 2741 4902 a
2772 4849 3068 4904 Salvatore
3127 4851 3286 4905 dicta
3335 4853 3495 4916 sunt,
3555 4862 3587 4900 a
3634 4843 3742 4913 lege
3772 4838 3815 4888 Cl

2209 4938 2530 5013 prophetis.
2569 4938 2671 4992 Hic
2694 4937 2850 4992 enim
2881 4937 3143 5008 legitimo
3175 4939 3359 4994 utitur
3380 4937 3524 5008 lege,
3552 4933 3644 5005 qui
3665 4927 3817 5013 potest

2210 5011 2541 5081 discernere
2579 5042 2669 5093 ea,
2699 5042 2828 5096 quae
2859 5027 2929 5080 ad
2970 5032 3205 5098 tempus
3257 5028 3392 5082 data
3450 5029 3605 5084 sunt,
3655 5019 3718 5072 ab
3746 5011 3816 5066 bis

2211 5131 2337 5185 quae
2365 5119 2644 5185 perpetua
2665 5120 2804 5168 sunt
2829 5132 2842 5180 ;
2872 5120 2930 5169 et
2959 5131 3087 5186 qua:
3120 5119 3189 5169 ad
3212 5115 3422 5172 Christi
3458 5109 3731 5185 pertinent
3749 5117 3817 5157 sa-

2209 5209 2600 5266 cramentum,
2637 5203 2850 5256 servari
2878 5204 3000 5272 jam
3037 5204 3093 5256 in
3129 5204 3388 5258 futurum
3427 5218 3538 5256 non
3569 5199 3812 5269 oportere.

2209 5293 2380 5362 quasi
2429 5297 2710 5346 ventur-us
2758 5294 3030 5346 credatur
3081 5294 3180 5364 qui
3225 5295 3349 5362 jam
3402 5289 3574 5346 venit.
3626 5283 3812 5348 818ΐὲἔο

2208 5381 2406 5435 omnia
2436 5380 2579 5434 locis
2609 5381 2733 5434 suis
2782 5379 3166 5450 accipiantur,
3228 5383 3378 5436 bona
3430 5381 3599 5442 sunt;
3649 5371 3812 5438 siquo

518 5517 700 5588 (1295)
723 5520 909 5588 Hujus
941 5519 1228 5590 Epistolw,
1256 5524 1318 5575 ut
1339 5525 1394 5576 et
1424 5521 1672 5576 duarum
1724 5521 2091 5594 superiorum
2130 5527 2543 5593 argumentum
2576 5528 2633 5579 et
2664 5521 2947 5595 expositio
2983 5521 3182 5580 llilarii
3217 5521 3442 5580 diaconi
3471 5523 3581 5576 est.
