4014 6172
215 390 327 456 666

612 378 1149 457 EXPOSITIO'IN
1194 390 1620 458 EPISTOLAS
1663 391 1927 454 PAULI.
1961 423 2042 440 —
2082 394 2160 455 1N
2208 393 2465 455 EPIST.
2518 389 2543 451 1
2586 388 2691 450 AD
2735 387 3243 454 TIMOTHEUM.

3524 383 3643 446 666

216 526 428 593 minus,
461 523 618 581 mala
647 529 823 581 erunt
851 528 1135 583 asserenti
1177 543 1462 598 perverse.
1494 526 1739 581 Peccare
1771 530 1862 582 est
1890 529 1945 595 Α
1976 528 2141 586 muni
2175 528 2361 602 (I297)
2393 524 2731 598 gratiarum
2764 525 2997 581 actione
3027 519 3513 601 suscipiat,_Deum
3546 534 3646 576 au-

219 615 370 671 enim
398 631 767 687 unaquaeque
799 615 1044 671 minime
1075 616 1216 672 locis
1241 618 1365 673 suis
1394 631 1697 689 exponere.
1716 616 1865 670 Pras-

219 708 373 761 terea
402 704 540 778 quia
561 705 746 776 justis
776 702 906 778 lege
938 721 1054 761 non
1086 722 1232 778 opus
1262 712 1369 769 est.
1400 707 1457 761 id
1485 709 1591 775 est,
1624 703 1718 760 his
1741 706 1864 776 qui,

221 798 452 867 accepta
479 792 828 849 remissione
860 799 1250 866 peccatorum,
1270 794 1569 863 iustiﬁcati
1603 799 1762 863 sunt,
1796 811 1868 850 ne

212 882 336 953 jam
368 882 561 937 vivant
589 882 699 938 sub
728 881 879 955 lege,
913 899 949 939 a
993 899 1110 955 qua
1156 883 1381 941 liberati
1413 888 1553 940 sunt
1581 884 1733 939 dono
1763 883 1865 938 Dei

220 987 322 1043 per
352 971 523 1027 ﬁdem
553 970 789 1037 Christi,
825 975 893 1027 ut
912 972 983 1028 de
1005 977 1209 1029 caetero
1231 976 1457 1029 servata
1475 973 1601 1045 lege
1622 976 1864 1038 naturas,

219 1076 343 1132 qua
373 1058 655 1116 Creatoris
685 1059 1085 1132 cognitionem
1120 1062 1353 1133 recepit,
1406 1066 1464 1117 et
1493 1078 1608 1116 non
1640 1059 1867 1132 peccari

215 1147 749 1220 hortatur;judicii
799 1149 957 1205 diem
1004 1155 1325 1223 expectent,
1362 1151 1423 1205 in
1454 1166 1569 1222 quo
1593 1150 1743 1219 justi
1774 1165 1867 1204 re-

219 1236 566 1294 munerandi
606 1241 747 1293 sunt
807 1238 1208 1295 custodientes
1263 1240 1453 1312 legem
1512 1237 1866 1303 naturalem,

223 1342 399 1398 quam
429 1327 476 1382 si
506 1325 835 1383 humanum
866 1343 1054 1398 genus
1084 1329 1289 1384 ducem
1327 1327 1652 1395 habuisset,
1686 1327 1777 1382 lex
1806 1326 1867 1381 in

222 1414 428 1472 litteris
458 1432 559 1488 per
585 1416 823 1489 Moysen
856 1417 993 1472 data
1024 1433 1137 1472 non
1173 1416 1395 1473 fuisset.
1427 1417 1535 1472 Sed
1568 1417 1708 1488 quia
1738 1432 1871 1472 con-

220 1504 465 1575 temptui
496 1504 670 1559 ducta
701 1508 811 1573 est,
846 1505 1018 1576 quasi
1050 1504 1269 1562 nullius
1301 1510 1456 1560 esset
1475 1504 1868 1571 auctoritatis,

220 1592 952 1665 Scripturaﬁrmataest,ut
964 1594 1211 1650 sciretur
1223 1595 1376 1668 quod
1396 1595 1681 1650 servanda
1692 1597 1868 1660 esset,

222 1685 279 1737 et
309 1686 540 1754 propter
594 1685 831 1753 tempus
879 1699 1156 1754 praesens,
1206 1687 1263 1738 et
1294 1682 1431 1755 quia
1475 1680 1871 1754 requisiturus

220 1774 310 1826 est
330 1769 386 1824 in
405 1770 664 1826 futurum
687 1770 788 1842 qui
811 1769 975 1827 illam
999 1771 1271 1837 ﬁrmavit,
1296 1790 1329 1826 a
1346 1771 1558 1843 quibus
1584 1772 1870 1843 neglecta,

222 1864 281 1914 et
311 1875 345 1957 a
374 1857 586 1930 quibus
613 1864 842 1957 servata
869 1865 975 1917 est.
1029 1862 1233 1932 Itaque
1264 1877 1379 1915 non
1411 1859 1602 1916 solum
1634 1861 1874 1957 propter
1901 1892 1950 1957 B

226 1945 411 2002 malos
443 1952 603 2002 actus
632 1952 690 2003 et
721 1948 865 2004 vitia
922 1949 1180 2021 corporis
1231 1949 1413 2023 legem
1473 1949 1671 2005 datam
1704 1948 1872 2017 dicit,

221 2034 322 2091 sed
354 2040 583 2108 propter
611 2037 940 2108 perﬁdiam,
976 2055 1093 2110 qua
1130 2038 1484 2112 spernebant
1514 2041 1869 2105 Creatorem,

220 2128 286 2178 ut
315 2123 459 2179 bene
486 2122 672 2180 vivere
703 2126 1076 2182 addiscerent
1103 2131 1161 2182 et
1203 2126 1419 2198 gratias
1450 2131 1689 2200 agerent
1720 2127 1871 2182 Con-

219 2211 415 2268 dltori.

291 2302 352 2356 Et
380 2303 591 2372 gratias
617 2319 718 2373 ago
747 2304 922 2376 ei,qui
939 2320 1027 2359 me
1053 2308 1376 2376 confortavzt
1403 2306 1466 2361 in
1490 2303 1707 2360 Christo
1735 2307 1869 2360 Iesu

216 2391 442 2446 Domino
470 2394 675 2460 nostra,
707 2392 849 2464 quod
887 2386 1110 2463 ﬁdelem
1139 2411 1225 2449 me
1270 2395 1630 2460 existimavit,
1661 2409 1873 2464 ponens

214 2480 280 2534 in
304 2480 699 2548 ministerium,
733 2482 831 2552 qui
849 2482 1009 2552 prius
1033 2498 1183 2536 eram
1204 2480 1573 2553 blasphemus,
1604 2485 1657 2537 et
1682 2498 1870 2553 perse-

213 2570 391 2633 cutor,
422 2576 472 2622 et
492 2570 920 2625 contumeliosus
940 2590 960 2637 ;
980 2570 1072 2625 sed
1092 2570 1532 2626 misericordiam
1552 2580 1874 2628 consecutus

214 2672 357 2725 sum,
390 2657 524 2727 quia
553 2658 815 2728 ignorans
844 2660 955 2729 feci
986 2658 1225 2714 nondum
1245 2659 1482 2715 credens.
1514 2661 1869 2733 Superabun-

212 2744 365 2799 davit
395 2753 575 2800 autem
603 2747 795 2815 gratia
852 2748 1077 2802 Domini
1131 2750 1309 2803 nostri
1336 2764 1459 2803 cum
1508 2750 1614 2820 ﬁde
1642 2752 1697 2804 et
1725 2748 1873 2805 dite-

210 2833 412 2899 ctione,
444 2849 562 2903 qua:
595 2838 673 2889 est
703 2836 762 2890 in
798 2836 1020 2891 Christo
1045 2838 1193 2892 Iesu.
1216 2836 1459 2908 Propter
1490 2838 1640 2910 quod
1675 2838 1873 2894 omnis

210 2920 554 2976 incredulus
585 2922 991 2978 inﬁrmitatem
1021 2924 1201 2979 animi
1244 2926 1483 2996 patitur,
1519 2926 1871 2982 constrictus

214 3009 439 3065 carnali
471 3010 691 3067 ratione
723 3028 797 3068 ne
828 3013 1027 3069 credat
1065 3012 1353 3087 spiritali;
1397 3015 1611 3071 idcirco
1642 3014 1870 3071 Christo

212 3114 277 3154 se
306 3098 528 3171 gratias
561 3100 704 3155 dicit
735 3117 938 3172 agere,
983 3102 1123 3173 quia
1166 3104 1508 3175 apparentia
1537 3104 1871 3174 majestatis

212 3204 337 3243 sua
366 3187 807 3245 inbecillitatem
839 3190 1055 3246 mentis
1085 3192 1212 3261 ejus
1234 3192 1524 3247 roboravit
1552 3212 1564 3261 ;
1589 3192 1727 3265 quia
1755 3193 1867 3248 im-

1977 625 2194 674 ctorem
2225 618 2409 687 hujus
2444 614 2787 688 praeferens,
2822 619 2880 671 et
2907 615 3245 671 collaudans
3272 611 3332 666 in
3366 609 3594 665 Christo
3614 608 3644 664 ?

1977 708 2083 775 Qui
2116 712 2180 763 ut
2206 705 2518 763 hominem
2553 704 2809 776 peccatis
2868 704 3148 773 ablueret,
3209 703 3280 758 de
3309 699 3638 756 ccslestibus

1977 798 2048 853 ad
2080 801 2311 852 terrena
2340 793 2740 863 descendens,
2774 810 3011 851 carnem
3036 791 3253 866 peccati
3284 789 3643 861 accepit,ter—

1976 886 2134 942 renis
2165 901 2226 941 se
2257 882 2679 953 admiscuit,ut
2704 900 2839 940 eum
2864 884 3154 940 caelestem
3185 880 3459 951 efﬁceret,
3496 877 3644 934 mori

1976 991 2039 1031 se
2068 991 2279 1047 passus
2307 978 2419 1044 est,
2458 976 2529 1027 ut
2551 970 2720 1028 illum
2746 977 2935 1029 morte
2955 975 3190 1027 erutum
3214 968 3483 1040 paradiso
3512 968 3643 1023 red-

1976 1065 2141 1119 deret
2168 1060 2598 1118 immortalem.
2637 1061 2781 1125 Quis
2805 1061 2931 1117 haac
2959 1058 3244 1116 beneﬁcia
3272 1075 3389 1113 non
3417 1056 3478 1112 in
3509 1057 3643 1113 inﬁ-

1977 1152 2169 1207 nitum
2201 1150 2465 1217 extollat,
2501 1167 2634 1221 quas
2684 1155 2837 1205 Deus
2868 1147 3138 1221 praestitit
3167 1146 3415 1213 homini,
3447 1146 3645 1203 Domi-

1978 1258 2092 1297 nus
2123 1257 2311 1308 servo,
2342 1239 2634 1296 Conditor
2657 1243 2941 1294 creaturae
2961 1254 2982 1301 ;
3012 1243 3079 1292 ut
3107 1235 3240 1308 plus
3271 1237 3463 1293 adhuc
3492 1239 3648 1294 eS‘et

1948 1362 1951 1365 ν
1977 1329 2037 1385 in
2069 1328 2367 1385 beneﬁciis
2397 1328 2732 1397 humamis,
2767 1342 2949 1397 quam
2980 1342 3115 1381 cum
3146 1326 3280 1382 fecit
3340 1343 3469 1399 qua:
3526 1342 3639 1381 non

1978 1422 2164 1485 erant,
2199 1422 2591 1490 posteaquam
2624 1417 2764 1473 fecit
2783 1417 2811 1471 ?
2838 1414 3068 1471 Etenim
3099 1415 3414 1472 derelictus
3436 1416 3508 1473 ab
3530 1415 3645 1487 his,

1977 1510 2036 1562 et
2065 1510 2460 1578 contemptus,
2492 1511 2554 1561 et
2617 1502 2974 1561 contumelia
3021 1504 3336 1577 appetitus,
3380 1505 3545 1561 addit
3574 1505 3645 1560 ad

1977 1595 2262 1651 beneﬁcia
2289 1611 2405 1650 non
2439 1595 2796 1667 requisitus,
2852 1597 2921 1649 ut
2950 1593 3176 1664 gracior
3220 1598 3397 1666 esset,
3431 1598 3489 1651 et
3517 1593 3650 1667 plus

1980 1684 2376 1757 praeferendus
2407 1684 2554 1739 dum
2588 1687 2826 1756 reparat
2848 1698 3026 1755 quam
3049 1699 3182 1738 cum
3210 1683 3445 1751 fecit,ut
3464 1687 3653 1740 osten-

1981 1771 2145 1830 deret
2173 1790 2356 1829 unum
2393 1790 2455 1830 se
2485 1790 2641 1839 esse,
2693 1771 2796 1844 qui
2827 1771 2954 1825 haec
3002 1770 3201 1827 omnia
3228 1773 3441 1844 possit.
3470 1773 3655 1846 Igitur

1981 1863 2067 1919 sic
2098 1863 2365 1918 Christus
2398 1861 2747 1935 praesidium
2778 1860 2922 1916 tulit
2949 1859 3195 1927 homini,
3232 1867 3301 1917 ut
3331 1863 3653 1935 puritatem

1982 1969 2152 2007 suam
2186 1969 2300 2008 non
2328 1950 2596 2024 violaret,
2630 1967 2735 2007 nec
2766 1948 3107 2005 admitteret
3137 1954 3513 2022 potestatem.
3550 1953 3656 2007 Ho-

1982 2041 2203 2097 minem
2235 2039 2391 2095 enim
2414 2039 2582 2096 nasci
2607 2056 2670 2095 se
2691 2038 3011 2111 voluit,pro
3033 2041 3185 2094 certo
3206 2037 3441 2097 habens
3462 2041 3657 2097 carnis

1983 2133 2254 2186 contactu
2285 2146 2347 2185 se
2398 2128 2649 2184 minime
2687 2127 2918 2184 violari.
2967 2126 3409 2185 Conversationi
3440 2131 3656 2186 huma-

1982 2236 2070 2274 nae
2102 2235 2165 2274 se
2213 2217 2475 2287 miscuit,
2534 2217 2732 2274 sciens
2789 2215 3047 2291 peccatis
3087 2232 3148 2273 se
3200 2220 3507 2293 corrumpi
3539 2236 3657 2278 non

1981 2323 2176 2381 posse.
2209 2306 2403 2362 Occidi
2435 2324 2498 2363 se
2554 2322 2770 2378 passus
2799 2310 2911 2375 est,
2961 2320 3076 2360 non
3131 2306 3375 2364 nescius
3409 2314 3653 2368 mortem

1983 2395 2098 2451 sibi
2130 2394 2416 2450 dominari
2443 2412 2558 2450 non
2587 2393 2890 2467 posse,sed
2920 2408 3049 2449 eam
3073 2409 3179 2449 sua
3200 2397 3541 2468 opprimere
3561 2415 3661 2472 po-

1981 2488 2209 2540 testate.
2244 2484 2374 2540 Hsec
2402 2499 2538 2556 ergo
2566 2484 2771 2556 gessit,
2798 2487 2863 2538 ut
2892 2482 3093 2538 omnia
3114 2500 3174 2537 se
3198 2499 3380 2555 posse
3401 2488 3653 2544 doceret.

1981 2573 2297 2629 Humilitas
2354 2573 2512 2628 enim
2560 2573 2676 2628 ista
2724 2589 2841 2628 non
2895 2572 2966 2626 ad
3029 2569 3491 2633 diminutionem
3522 2577 3654 2649 ejus

1981 2662 2234 2735 proﬁcit,
2268 2661 2367 2717 sed
2398 2663 2469 2717 ad
2502 2661 2772 2734 gloriam,
2806 2665 2864 2717 et
2893 2676 3011 2715 non
3042 2659 3234 2715 solum
3271 2664 3426 2737 ejus,
3444 2683 3647 2722 verum

1981 2752 2158 2808 etiam
2191 2751 2249 2806 in
2276 2751 2473 2823 ipsum
2504 2751 2893 2807 credentium.
2926 2748 3198 2820 Dignitas
3219 2757 3316 2808 est
3345 2755 3501 2811 enim
3535 2773 3652 2812 ser-

1978 2856 2117 2895 vum
2150 2855 2278 2894 esse
2309 2840 2585 2911 potentis.
2620 2844 2763 2894 Cum
2797 2842 2933 2894 ante
2953 2837 3299 2909 Apostolum
3334 2843 3504 2899 multi
3539 2845 3648 2899 uti-

1984 2945 2097 3001 que
2126 2927 2517 2983 credidissent
2567 2928 2908 2983 Judaeorum
2941 2941 3010 2980 ex
3046 2924 3159 2991 bis,
3189 2928 3291 2998 qui
3324 2931 3642 2987 Dominum

1982 3018 2176 3090 ipsum
2211 3015 2902 3088 occiderunt,Apostolus
2932 3016 3226 3081 tamen,ut
3258 3033 3322 3073 se
3349 3018 3640 3087 humiliet,

1980 3106 2172 3161 adhuc
2203 3104 2405 3160 dolens
2434 3105 2507 3159 de
2539 3121 2647 3160 sua
2676 3100 3382 3173 incredulitate,primum
3416 3123 3478 3162 se
3509 3122 3639 3162 om-

1983 3195 2147 3250 nium
2181 3194 2548 3266 peccantium
2582 3191 3059 3257 vocat.Quoniam
3092 3190 3251 3247 enim
3277 3210 3393 3266 prae
3415 3195 3638 3251 caeteris

209 3272 501 3349 possibile
530 3279 775 3350 putabat
797 3294 927 3336 esse
949 3257 1206 3351 quod‘de
1226 3279 1458 3336 Domini
1489 3257 1795 3354 potestate,
1812 3286 1870 3338 et
1900 3257 1943 3325 C
1983 3257 2348 3340 sacramento
2379 3299 2442 3337 se
2471 3282 2689 3339 imbuit
2713 3257 3305 3352 Salvatoris,propius
3336 3284 3408 3338 ad
3432 3299 3636 3357 cogro-

208 3364 450 3438 gemina
478 3366 865 3436 nativitate,et
891 3369 1334 3440 resurrectione,
1368 3374 1419 3425 et
1452 3387 1555 3442 spe
1586 3368 1871 3442 praedica-

208 3455 408 3510 batur.
433 3454 831 3511 Conﬁrmatus
857 3462 1054 3512 autem
1077 3456 1213 3513 talis
1231 3458 1391 3514 visus
1414 3460 1630 3532 est,qui
1653 3459 1870 3531 dignus

208 3548 375 3599 esset
400 3559 466 3599 ac
498 3548 697 3616 posset
725 3544 1098 3615 dispensator
1127 3562 1255 3602 esse
1289 3548 1639 3604 sacramenti
1671 3547 1869 3603 Domi-

208 3630 353 3694 nici,
386 3635 452 3685 ut
482 3647 550 3687 ea
603 3648 740 3688 vera
794 3650 898 3705 per
951 3634 1138 3707 legem
1201 3636 1481 3710 ﬁrmaret,
1531 3654 1659 3710 quae
1706 3637 1870 3708 prius

207 3734 413 3778 amore
444 3718 590 3793 legis
618 3719 986 3778 incredibilia
999 3722 1327 3794 judicabat,
1349 3731 1405 3780 et
1432 3725 1490 3780 in
1521 3727 1870 3799 persecutio-

209 3808 393 3864 nibus
422 3809 722 3880 gauderet,
755 3826 903 3881 quas
934 3811 1099 3883 prius
1120 3814 1287 3883 quasi
1304 3815 1465 3885 juste
1493 3814 1870 3872 credentibus

207 3897 729 3965 inferebat,dolens
751 3899 892 3970 quia
907 3900 1144 3967 fecerat,
1168 3899 1335 3957 laztus
1356 3902 1493 3974 quia
1514 3903 1866 3975 patiebatur.

204 3990 460 4041 Tantam
493 3985 649 4041 enim
684 4003 850 4059 spem
882 3988 1167 4044 didicerat
1196 3989 1255 4044 in
1279 4006 1365 4054 eo,
1401 4009 1575 4063 quem
1609 3998 1743 4046 ante
1772 4010 1870 4048 ne-

207 4076 415 4148 gabat,
445 4078 513 4129 ut
543 4073 676 4147 plus
723 4077 1004 4149 gauderet
1063 4077 1123 4132 in
1154 4078 1447 4151 patiendo,
1497 4096 1672 4152 quam
1706 4080 1870 4152 prius

204 4162 606 4220 exsultaverat
635 4163 694 4219 in
727 4167 1154 4238 persequendo.
1173 4166 1298 4222 Non
1326 4168 1481 4223 enim
1507 4168 1730 4223 malitia
1760 4167 1871 4225 hoe

204 4253 445 4325 agebat,
479 4252 579 4307 sed
615 4268 828 4320 errore,
883 4254 976 4310 cui
1039 4253 1205 4309 facile
1253 4261 1465 4328 potest,
1497 4273 1629 4313 cum
1661 4256 1868 4329 recipi-

204 4341 326 4397 scit
353 4341 563 4412 (1296),
594 4340 840 4413 ignosci.
875 4342 983 4408 Qui
1015 4347 1212 4399 autem
1268 4346 1378 4400 scit
1419 4362 1554 4401 vera
1583 4362 1710 4402 esse
1741 4364 1868 4418 quia

202 4434 409 4503 negat,
440 4429 538 4486 hic
569 4447 683 4485 non
715 4447 909 4487 errore
956 4430 1067 4487 hoc
1107 4432 1246 4504 agit,
1306 4435 1408 4491 sed
1440 4434 1865 4492 malevolentia.

203 4519 406 4590 Ilujus
437 4511 765 4575 insanabile
784 4519 1001 4575 vulnus
1022 4526 1128 4576 est.
1153 4521 1379 4578 Invidia
1399 4523 1555 4579 enim
1577 4522 1869 4597 compelli-

201 4612 312 4663 tur
337 4606 555 4663 falsum
586 4607 880 4680 appellare
911 4610 1066 4682 quod
1097 4610 1208 4665 scit
1233 4628 1452 4667 verum.

1980 3372 2195 3430 scenda
2261 3370 2758 3444 magniﬁcentiam
2834 3370 2962 3441 ejus
3031 3370 3339 3442 accedens,
3399 3376 3638 3427 accusat

1980 3478 2042 3518 se
2075 3459 2389 3533 magis,qui
2411 3464 2639 3515 tantum
2674 3459 2809 3515 boni
2842 3458 3007 3513 tarde
3037 3456 3295 3529 agnovit,
3320 3475 3426 3514 nec
3455 3459 3633 3529 ultro,

1980 3552 2079 3607 sed
2104 3548 2505 3606 misericordia
2524 3548 2653 3619 ejus
2675 3550 3095 3621 praeventusmt
3119 3545 3247 3618 ipse
3266 3547 3435 3603 testis
3455 3553 3629 3616 esset,

1980 3639 2301 3696 divinitatis
2332 3639 2481 3709 ejus,
2515 3653 2690 3709 quem
2724 3638 2888 3709 prius
2911 3639 2974 3689 ut
3003 3633 3303 3690 hominem
3332 3640 3629 3693 mortuum

1978 3729 2327 3786 aestimabat.
2357 3727 2486 3782 Haec
2528 3726 2823 3782 accusatio
2882 3724 3011 3795 ejus
3042 3727 3149 3788 est,
3184 3722 3316 3781 laus
3344 3739 3477 3780 vero
3507 3725 3632 3779 Sat-

1977 3818 2195 3874 vatoris
2226 3817 2326 3888 qui
2376 3817 2447 3871 ad
2496 3814 2827 3886 exemplum
2878 3817 3217 3869 caeterorum
3267 3813 3629 3868 credentium

1980 3909 2426 3982 persequentem
2450 3920 2512 3959 se
2535 3902 2760 3958 vocavit
2789 3903 2857 3958 ad
2884 3901 3152 3974 gratiam,
3179 3903 3245 3955 ut
3274 3918 3378 3972 per
3406 3901 3630 3971 patien-

1978 3997 2122 4052 tiam
2154 4011 2346 4064 suam,
2381 3990 2923 4065 magnanimitatem
2949 3990 3007 4043 in
3031 4004 3097 4044 eo
3119 3989 3451 4043 ostenderet
3470 3993 3630 4044 caste-

1979 4085 2081 4153 ris,
2114 4083 2212 4156 qui
2246 4081 2481 4137 inimico
2517 4086 2634 4135 tam
2656 4077 2971 4135 benevolus
2995 4075 3237 4145 exstitit,
3260 4076 3454 4148 qualis
3474 4081 3629 4132 esset

1979 4174 2213 4230 futurus
2244 4172 2313 4227 ad
2347 4186 2409 4226 se
2443 4167 2911 4224 decurrentibus.

2049 4263 2183 4331 Regi
2211 4268 2397 4316 autem
2436 4256 2767 4313 saeculorum
2824 4254 3146 4325 immortali,
3197 4252 3489 4323 invisibili,
3520 4253 3629 4308 soli

1978 4353 2084 4408 Deo
2113 4351 2285 4406 honor
2330 4352 2380 4404 et
2432 4347 2612 4417 gloria
2665 4348 2727 4400 in
2755 4344 2957 4400 sucula
3010 4343 3360 4400 smeulorum.
3396 4341 3524 4397 Haec
3552 4342 3623 4396 ad

1976 4439 2078 4496 Dei
2110 4437 2297 4496 Patris
2326 4452 2635 4509 personam
2666 4435 2974 4506 pertinent,
3024 4447 3197 4503 quem
3229 4429 3625 4486 immortalem

1977 4528 2107 4584 ideo
2139 4526 2352 4594 solum,
2384 4528 2441 4581 et
2470 4522 2824 4579 invisibilem
2851 4518 3272 4594 appellat,quia
3298 4519 3493 4574 omnis
3518 4518 3626 4574 im-

1898 4623 1948 4689 D
1979 4614 2306 4673 mortalitas
2336 4615 2408 4669 ab
2438 4613 2566 4684 ipso
2597 4615 2704 4678 est,
2740 4615 2807 4665 ut
2836 4608 2945 4683 ipsi
2978 4607 3084 4665 soli
3114 4607 3303 4678 magis
3333 4612 3628 4681 competat

285 4701 584 4753 Humanus
613 4710 813 4767 sermo,
854 4700 905 4753 et
957 4700 1115 4755 omni
1159 4702 1472 4773 acceptione
1514 4701 1716 4772 dignus
1744 4705 1874 4774 quia
1982 4706 2043 4761 in
2073 4704 2335 4773 veritate,
2370 4701 2505 4773 quia
2536 4700 2783 4772 quisque
2828 4697 3181 4753 immortalis
3212 4699 3319 4769 est,
3354 4712 3469 4752 non
3500 4713 3534 4751 a
3564 4712 3626 4753 se

202 4787 464 4842 Christus
514 4786 671 4842 Iesus
716 4788 864 4843 venit
921 4788 983 4843 in
1044 4787 1189 4843 hunc
1244 4790 1511 4846 mundum
1565 4800 1871 4863 peccatores
1980 4795 2133 4850 hanc
2162 4793 2360 4858 habet,
2392 4791 2493 4845 sed
2524 4789 2597 4844 ab
2627 4787 2745 4843 illo.
2770 4786 2958 4843 Simili
2989 4786 3161 4842 modo
3192 4789 3248 4841 et
3277 4785 3337 4841 in
3369 4785 3625 4859 Evange-

194 4874 397 4932 salvos
423 4876 631 4945 facere,
663 4890 898 4947 quorum
923 4877 1140 4948 primus
1165 4891 1262 4946 ego
1290 4894 1431 4935 sum.
1474 4880 1573 4935 Sed
1602 4882 1727 4936 ideo
1753 4882 1865 4935 mi-

195 4963 574 5021 sericordiam
630 4967 945 5021 consecutus
1000 4981 1144 5037 sum,
1202 4969 1263 5019 ut
1314 4968 1375 5021 in
1429 4985 1515 5024 me
1573 4970 1867 5025 ostenderet

196 5054 461 5110 Christus
489 5052 643 5109 Iesus
699 5068 916 5108 omnem
968 5056 1499 5127 magnanimitatem,
1548 5062 1600 5112 et
1638 5061 1865 5129 patien-

190 5145 372 5209 tiam,
402 5140 473 5197 ad
500 5142 810 5217 exemplum
858 5157 1051 5197 eorum
1083 5142 1179 5213 qui
1229 5142 1499 5231 credituri
1524 5152 1652 5201 sunt
1684 5148 1775 5201 illi
1802 5148 1864 5202 in

190 5233 383 5287 vitam
413 5233 693 5287 mternam.
727 5228 870 5294 Quid
903 5234 1024 5287 tam
1078 5228 1336 5302 gratum,
1386 5234 1623 5303 tamque
1644 5236 1862 5305 jucun-

190 5321 376 5389 dum,
412 5335 586 5391 quam
621 5317 1025 5390 peccatoribus
1047 5318 1473 5392 indulgentiam
1500 5310 1813 5394 praedicai-e

189 5408 353 5473 Quis
383 5407 541 5463 enim
571 5407 695 5464 sine
721 5411 954 5480 peccato
974 5412 1084 5477 est,
1107 5411 1173 5464 ut
1192 5407 1301 5464 hoc
1323 5425 1541 5467 munus
1563 5428 1679 5467 non
1701 5429 1858 5469 com-

274 5603 473 5683 (1296)
495 5601 880 5683 Emendatum
900 5601 1115 5683 legitur
1138 5602 1198 5657 in
1222 5604 1638 5683 Ambrosiastri
1660 5606 1859 5683 Operi-

186 5674 342 5733 bus.
376 5674 663 5747 In‘marg.
694 5674 776 5732 ita
798 5690 811 5733 :
837 5674 1043 5746 potuit,
1069 5690 1196 5732 cum
1224 5677 1479 5749 resipuit.

1981 4884 2055 4938 lio
2086 4882 2304 4955 legitur
2333 4879 2559 4934 dicente
2606 4875 2887 4931 Domino:
2925 4876 3067 4945 Quia
3101 4890 3259 4931 nemo
3307 4882 3403 4943 est,
3435 4873 3628 4945 inquit

1978 4972 2168 5037 bonus,
2212 4970 2329 5024 nisi
2367 4970 2511 5022 unus
2567 4967 2708 5021 Deus
2767 4965 2954 5037 (Marc.
3013 4982 3068 5019 x.
3129 4965 3236 5032 18).
3287 4960 3360 5019 Et
3412 4963 3623 5018 iterum

1976 5059 2100 5132 ipse
2130 5057 2313 5114 dicit:
2370 5060 2552 5111 Bonus
2607 5055 2767 5111 homo
2816 5054 2884 5110 de
2914 5054 3048 5110 bono
3105 5053 3361 5109 thesauro
3413 5050 3625 5122 profert

1977 5148 2118 5205 bona
2143 5147 2363 5220 (Matth.
2395 5162 2497 5212 xu,
2525 5145 2637 5211 35).
2668 5144 2850 5199 Nemo
2881 5142 3220 5208 tamen,nisi
3264 5156 3418 5196 unus
3451 5143 3624 5207 Deus,

1976 5238 2170 5293 bonus
2201 5239 2308 5301 est,
2342 5233 2481 5306 quia
2510 5234 2638 5304 Ipse
2670 5234 2799 5289 fons
2846 5231 3126 5287 bonitatis
3156 5236 3336 5299 est,ex
3365 5244 3479 5299 quo
3510 5242 3624 5282 caa-

1975 5326 2083 5381 teri
2114 5328 2410 5396 petantur,
2441 5326 2505 5377 ut
2533 5322 2670 5378 boni
2694 5322 2830 5378 sint.
2856 5322 2983 5392 Ipse
3004 5325 3091 5374 est
3119 5323 3175 5373 et
3194 5315 3506 5372 invisibilis
3528 5333 3620 5371 so-

1973 5413 2073 5470 lus
2092 5413 2267 5481 Deus,
2282 5412 2422 5484 quia
2438 5409 2584 5467 nulli
2608 5426 2902 5482 sunquam
2926 5408 3088 5489 visus
3106 5409 3213 5462 est.
3236 5404 3444 5462 Omnia
3463 5404 3622 5462 enim

2047 5606 2230 5679 (1297)
2261 5606 2327 5691 In
2355 5606 2660 5681 impressis
2701 5604 2817 5662 divi
2868 5601 3139 5660 Ambrosi
3196 5599 3483 5676 Operibus
3511 5614 3626 5663 non

1973 5695 2099 5736 cum
2130 5695 2284 5735 omni
2292 5721 2305 5734 .
