4014 6172
413 337 532 401 66⁸7

1431 343 1770 406 ATTONIS
1817 342 2408 406 VEBCELLENSIS
2454 343 2807 408 EPISCOPI

3717 341 3836 406 668

412 472 536 543 agit
561 486 666 544 per
693 470 926 540 Filium,
978 489 1155 545 quem
1203 475 1415 531 idcirco
1465 475 1656 532 visum
1689 476 1963 547 dicimus,
1997 479 2065 531 ut
2093 479 2146 544 Α
2179 477 2329 532 stica
2361 483 2449 533 est
2479 478 2696 534 tradita
2726 495 2759 534 a
2787 477 3069 551 magistro
3115 477 3399 550 gentium,
3432 491 3555 549 qua
3589 479 3835 532 utuntur

411 561 549 617 licet
579 562 747 617 aliter
768 579 944 634 quam
971 569 1081 629 est,
1105 566 1449 636 apparuisse
1469 566 1652 638 (1293)
1676 572 1872 622 tamen
1897 565 2063 620 illum

413 650 836 722 signiﬁcemus.
870 653 1388 709 Honoriﬁcentiam
1421 660 1642 727 ergo,et
1672 655 1918 725 gloriam
1952 659 2063 709 Deo

413 739 571 794 Patri
601 740 659 794 in
688 741 928 796 veritate
980 743 1337 813 pronuntiat,
1391 744 1560 814 cujus
1593 743 1803 816 pietate
1833 760 1899 798 ac
1931 759 2062 814 pro-

413 828 672 884 videntia
702 830 969 886 Christus
997 830 1263 887 liberavit
1295 820 1626 904 peccatores
1653 850 1719 887 ex
1752 837 1954 887 morte.

485 919 592 974 Hoc
618 924 953 990 praeceptum
1000 921 1311 976 commendo
1362 923 1480 985 tibi,
1531 923 1618 992 ﬁli
1648 921 1944 985 Tomothee,
1975 936 2063 974 se-

413 1006 653 1062 cundum
679 1008 1049 1078 praecedentes
1070 1026 1235 1080 super
1264 1013 1317 1065 te
1336 1011 1743 1082 prophetias,ut
1769 1011 1977 1064 milites
2006 1010 2066 1063 in

416 1097 532 1151 illis
563 1097 757 1152 bonam
799 1099 1086 1164 militiam,
1147 1100 1348 1154 habens
1407 1100 1590 1169 ﬁdem,
1625 1103 1676 1154 et
1708 1100 1902 1155 bonam
1935 1114 2065 1153 con-

413 1185 720 1256 scientiam,
755 1203 920 1258 quam
939 1189 1163 1258 quidam
1192 1190 1532 1259 repellentes,
1555 1191 1700 1243 circa
1731 1190 1894 1259 ﬁdem
1925 1204 2068 1241 nau-

417 1281 795 1342 tragaverunt,
829 1294 898 1331 ex
926 1280 1120 1348 quibus
1151 1287 1231 1333 est
1259 1280 1605 1349 Hymenaeus,
1649 1282 1699 1332 et
1730 1277 2066 1342 Alexander,

416 1377 547 1433 quos
577 1363 785 1418 tradidi
823 1364 1064 1427 Satanae.
1123 1372 1185 1421 ut
1234 1367 1442 1422 discant
1500 1384 1608 1423 non.
1668 1367 2064 1435 blasphemare.

417 1455 738 1522 Postquam
775 1454 876 1509 Dei
909 1455 1120 1523 Patris,
1155 1460 1210 1510 et
1259 1455 1469 1511 Christi
1504 1455 1632 1510 Filii
1665 1457 1813 1525 ejus,
1852 1472 1979 1525 quae
2011 1458 2070 1508 et

419 1549 636 1612 quanta
669 1542 950 1598 beneﬁcia
1007 1545 1123 1598 sint
1176 1544 1328 1600 circa
1387 1550 1718 1615 peccatores
1777 1543 2065 1612 homines,

419 1631 800 1698 memoravit;
833 1632 932 1702 qui
964 1650 1097 1688 cum
1149 1638 1345 1689 essent
1401 1633 1704 1704 puniendi,
1733 1649 1847 1687 non
1878 1631 2068 1687 solum

420 1718 642 1792 ignovit
670 1720 776 1787 eis,
810 1721 908 1777 sed
941 1726 996 1776 et
1017 1722 1446 1792 justiﬁcavit,et
1478 1723 1537 1777 in
1571 1722 1720 1777 ﬁlios
1752 1721 1863 1776 sibi
1895 1721 2070 1792 adop-

419 1808 583 1874 tavit,
615 1826 729 1882 quo
762 1809 965 1864 ordine
1008 1810 1290 1882 pepulum
1339 1810 1650 1883 disciplina
1679 1809 2071 1866 ecclesiastica

420 1897 708 1953 imbueret
735 1917 751 1952 :
783 1898 841 1952 in
874 1899 1155 1969 subjectis
1177 1900 1932 1966 ostendit,commonens,ut
1954 1915 2071 1954 meo

419 2001 550 2040 mor
578 1985 879 2042 electionis
911 2005 1028 2042 sum
1061 1993 1303 2044 sanctus
1326 1988 1673 2043 Timotheus
1705 1988 1784 2057 id,
1809 1989 1879 2042 ad
1913 1987 2067 2058 quod

417 2075 747 2131 destinatus
778 2081 886 2143 est,
936 2075 1196 2147 impleat.
1257 2077 1707 2132 Praedestinatus
1752 2081 1841 2132 est
1889 2075 2068 2142 enim,

419 2164 656 2234 quando
688 2165 761 2220 ad
792 2168 899 2220 hoc
941 2166 1012 2221 ab
1045 2166 1323 2236 Apostolo
1373 2170 1714 2238 assumptus
1747 2170 1855 2230 est,
1887 2169 1951 2219 ut
1977 2181 2068 2219 or-

419 2252 745 2321 dinaretur,
780 2253 995 2324 dignus
1028 2255 1331 2324 judicatus
1378 2255 1613 2310 futurus
1644 2255 1974 2326 episcopus,
2010 2257 2072 2308 ut

419 2339 693 2412 impleret
723 2340 993 2397 militiam
1024 2343 1417 2414 evangelicam
1441 2343 1497 2396 in
1523 2344 1635 2398 ﬁde
1665 2347 1722 2398 et
1751 2359 1897 2414 pura
1927 2359 2070 2397 con-

419 2429 684 2487 scientia.
710 2430 815 2495 Qui
843 2430 997 2486 enim
1021 2430 1267 2486 ﬁdeliter
1287 2433 1594 2495 docet,non
1627 2435 1822 2504 potest
1853 2430 2069 2486 malam

420 2519 636 2576 habere
686 2520 1126 2575 conscientiam.
1189 2521 1352 2576 Tunc
1407 2521 1562 2576 enim
1624 2521 1798 2575 ﬁdem
1839 2519 2070 2575 exhibet

419 2608 839 2681 praedicationi,
875 2609 923 2663 si
956 2626 1018 2663 se
1048 2608 1339 2665 abstineat
1371 2627 1404 2663 a
1434 2608 1739 2664 contrariis
1770 2608 2066 2678 omnibus,

419 2697 561 2768 quia
592 2698 855 2768 exemplo
885 2697 1173 2752 honorum
1209 2714 1450 2769 operum
1485 2697 1700 2753 multos
1731 2697 1966 2752 lacessit
1994 2697 2066 2752 ad

418 2785 839 2854 credelitatem,
886 2785 1130 2841 fidentes
1184 2787 1256 2841 de
1288 2802 1389 2858 spe
1439 2785 1886 2857 praedicationis.
1920 2785 2065 2840 Nam

419 2873 520 2946 qui
556 2873 729 2928 ﬁdem
760 2873 1000 2944 spernit,
1037 2874 1238 2946 procul
1262 2874 1438 2929 dubio
1467 2875 1629 2929 malae
1653 2878 1740 2930 est
1773 2873 2068 2929 conscien-

416 2962 530 3017 tiae.
561 2965 675 3018 Aut
721 2963 876 3018 enim
930 2963 1232 3036 hypocrita
1291 2963 1650 3034 praedicator,
1697 2968 1798 3018 aut
1828 2966 2066 3034 apertus

417 3049 819 3122 blasphemus,
845 3051 998 3106 sicut
1026 3055 1195 3106 erant
1223 3055 1590 3123 Hymenaaus,
1636 3055 1694 3106 et
1723 3051 2062 3120 Alexander,

417 3140 517 3211 qui
549 3140 875 3196 deterentes
929 3139 1101 3195 ﬁdem
1160 3139 1428 3212 naufragi
1488 3140 1621 3194 facti
1667 3144 1827 3208 sunt,
1861 3139 1914 3193 id
1953 3143 2060 3209 est,

2181 567 2516 622 sacerdotes
2539 567 2746 639 nostri,
2771 573 2835 623 ut
2854 585 2955 639 pro
2977 566 3252 622 omnibus
3273 565 3836 639 supplicent,depre«

2178 661 2378 710 cantes
2411 672 2515 728 pro
2548 656 2782 728 regibus
2813 657 2990 726 hujus
3033 656 3252 720 saeculi,
3297 660 3360 710 ut
3389 655 3702 724 subjectas
3733 655 3832 710 ha-

2178 743 2354 798 beant
2386 751 2606 816 gentes,
2637 751 2704 800 ut
2759 746 2815 800 in
2859 763 2999 817 pace
3055 745 3250 817 positi,
3303 745 3362 800 in
3422 744 3834 814 tranquilitate

2178 833 2413 898 mentis,
2446 838 2502 889 et
2533 834 2727 906 quiete
2757 835 3003 890 Domino
3036 839 3233 889 nostro
3261 833 3475 890 servire
3509 832 3834 905 possimus.

2178 921 2422 977 Orantes
2444 922 2619 978 etiam
2652 940 2753 994 pro
2776 923 2890 994 his,
2919 923 3135 995 quibus
3157 921 3428 978 sublimis
3461 927 3738 995 potestas
3759 925 3838 976 est

2178 1012 2419 1080 credita,
2451 1017 2518 1066 ut
2549 1012 2606 1066 in
2646 1013 2902 1083 justitia,
2956 1017 3014 1068 et
3042 1012 3284 1068 veritate
3315 1012 3663 1084 gubernent
3695 1026 3835 1066 rem-

2179 1099 2914 1172 publicam,suppeditante
2938 1117 3135 1156 rerum
3159 1101 3631 1166 abundantia,ut
3652 1105 3838 1155 amota

2181 1189 2620 1260 perturbatione
2674 1190 2998 1258 seditionis,
3059 1189 3332 1245 succedat
3376 1188 3611 1244 laetitia.
3675 1187 3835 1243 Panis

2178 1276 2334 1332 enim
2366 1279 2676 1334 conﬁrmat
2725 1295 2843 1343 cor,
2903 1282 2961 1332 et
3015 1277 3214 1332 vinum
3273 1277 3539 1333 laetiﬁcat
3579 1280 3833 1331 mentem

2179 1365 2348 1436 (Psal.
2382 1383 2499 1432 cm,
2534 1367 2642 1436 14).
2676 1366 3043 1422 Postulantes
3067 1383 3200 1421 vero
3226 1382 3328 1437 pro
3359 1365 3479 1431 his,
3515 1365 3624 1436 qui
3662 1365 3724 1418 in
3751 1380 3833 1419 ne-

2181 1455 2453 1510 cessitate
2484 1455 2643 1510 varia
2672 1460 2833 1521 sunt,
2867 1461 2933 1510 ut
2961 1455 3132 1523 eruti,
3165 1460 3221 1510 et
3250 1454 3486 1510 liberati
3520 1458 3716 1508 Deum
3739 1452 3835 1507 col-

2177 1542 2419 1598 laudent
2445 1543 2866 1599 incolumitatis
2888 1550 3207 1600 auctorem.
3232 1543 3581 1598 Referentes
3613 1558 3834 1613 quoque

2180 1633 2504 1705 gratiarum
2538 1634 2794 1688 actiones
2826 1649 2929 1705 pro
2961 1633 3054 1688 his
3086 1649 3211 1704 quae
3242 1632 3414 1688 nobis
3445 1631 3726 1703 quotidie
3753 1629 3834 1684 Dei

2179 1721 2544 1792 providentia
2574 1726 2929 1792 praestantur
2960 1722 3030 1776 ad
3049 1722 3320 1790 vitam,ut
3349 1719 3410 1775 in
3440 1719 3542 1774 his
3566 1719 3834 1774 omnibus

2183 1815 2346 1865 Pater
2377 1809 2743 1866 collaudetur
2764 1815 2934 1878 Deus,
2957 1827 3025 1865 ex
3045 1828 3160 1882 quo
3181 1813 3321 1866 sunt
3340 1808 3647 1875 omnia,et
3670 1807 3832 1863 Filius

2180 1899 2330 1970 ejus,
2362 1915 2463 1970 per
2491 1915 2663 1969 quem
2715 1904 2853 1954 sunt
2909 1898 3126 1954 omnia.
3167 1897 3236 1953 Ut
3293 1896 3510 1968 sopitis
3541 1895 3830 1961 omnibus,

2183 2005 2310 2059 quis
2341 1987 2480 2042 huic
2508 1986 2752 2058 imperio
2782 1986 3080 2053 infesta,et
3099 1986 3338 2041 inimica
3367 1984 3612 2052 sunt,in
3643 1985 3830 2040 affectu

2182 2076 2436 2148 pietatis,
2471 2081 2527 2131 et
2557 2075 2847 2132 castitatis
2873 2077 2984 2130 Deo
3016 2075 3229 2131 servire
3252 2074 3587 2147 possimus.
3624 2074 3834 2128 Pertur-

2182 2163 2341 2220 batio
2373 2165 2552 2230 enim,
2584 2168 2640 2219 et
2664 2164 2968 2235 captivitas
3017 2179 3122 2219 nec
3160 2164 3439 2234 pietatem
3488 2167 3715 2231 servat,
3746 2177 3834 2216 nec

2180 2253 2534 2309 castitatem.
2560 2253 2720 2308 Unde
2742 2252 2898 2308 enim
2917 2252 3070 2324 pius,
3096 2252 3196 2324 qui
3215 2252 3414 2306 nudus
3434 2255 3533 2306 est
3551 2250 3584 2304 ‘?
3607 2251 3680 2305 Et
3699 2250 3836 2304 unde

2181 2341 2441 2411 castitas,
2476 2341 2574 2396 ubi
2606 2341 2912 2413 potestatis
2942 2358 3060 2397 suae
3111 2358 3224 2396 non
3255 2340 3390 2395 est?
3423 2339 3504 2395 Ut
3533 2355 3683 2412 ergo
3730 2339 3835 2394 hac

2181 2429 2395 2484 servari
2429 2429 2678 2500 possint,
2708 2429 2877 2500 quies
2908 2429 3238 2485 necessaria
3258 2441 3362 2494 est,
3391 2434 3456 2483 ut
3487 2427 3717 2499 placita
3739 2431 3836 2481 Deo

2180 2518 2500 2573 reddantur
2530 2517 2832 2589 obsequia,
2857 2517 2954 2589 qui
2979 2534 3186 2573 omnes
3207 2516 3479 2572 homines
3503 2516 3709 2572 salvos
3730 2514 3839 2570 vult

2180 2602 2326 2671 ﬁeri,
2354 2612 2410 2661 et
2457 2623 2806 2678 cognoscere
2863 2606 3185 2666 veritatem.
3241 2608 3390 2671 Haec,
3455 2604 3681 2678 inquit,
3737 2607 3838 2659 vita

2177 2701 2409 2762 mterna,
2445 2700 2506 2750 ut
2552 2700 2874 2767 cognoscant
2928 2699 2979 2750 te
3008 2697 3191 2750 solum
3246 2699 3300 2750 et
3328 2710 3523 2749 verum
3569 2695 3768 2761 Deum,
3797 2696 3840 2747 et

2176 2801 2338 2856 quem
2367 2786 2588 2848 misisti,
2647 2787 2832 2840 Iesum
2886 2785 3168 2841 Christum
3223 2785 3400 2856 (Joan.
3460 2800 3607 2848 xvn,
3660 2784 3737 2850 3).
3787 2780 3839 2836 Si

2177 2874 2331 2929 Deus
2365 2874 2589 2945 utique,
2617 2873 2718 2945 qui
2749 2874 3121 2945 omnipotens
3159 2871 3375 2927 dicitur
3404 2888 3624 2927 omnes
3651 2872 3838 2926 homi-

2177 2979 2280 3020 nes
2313 2962 2504 3018 salvos
2533 2963 2657 3017 vult
2686 2963 2832 3030 ﬁeri,
2867 2978 2970 3017 cur
3001 2979 3115 3017 non
3161 2959 3444 3033 impletur
3474 2962 3614 3031 ejus
3648 2959 3843 3015 volun.

2172 3056 2264 3107 tas
2283 3051 2310 3105 ‘l
2333 3051 2444 3107 Sed
2473 3050 2533 3108 in
2557 3051 2714 3107 omni
2742 3050 3031 3107 locutione
3053 3067 3261 3108 sensus
3290 3054 3349 3106 et
3377 3050 3646 3105 conditio
3682 3049 3837 3105 latet.

2177 3140 2338 3196 Unde
2368 3140 2510 3195 dicit
2540 3140 2745 3195 Petrus
2769 3139 3074 3211 apostolus
3105 3139 3176 3210 (Il
3195 3145 3366 3196 Petr..
3403 3156 3443 3209 ι,
3476 3139 3574 3205 20)
3603 3156 3616 3194 :
3653 3138 3840 3193 Omnis

417 3228 561 3284 nudi
593 3229 854 3296 veritate,
888 3233 991 3284 aut
1022 3229 1229 3300 privati
1260 3211 1399 3284 vita:
1431 3229 1577 3293 Quid
1610 3233 1699 3283 est
1727 3228 1883 3283 enim
1915 3229 2067 3282 veri-
2099 3211 2142 3278 C
2177 3227 3680 3300 scripturaindigetinterpretatione(1300).Vultenim
3701 3233 3841 3282 Deus

417 3320 528 3384 tas,
561 3317 673 3372 nisi
704 3318 822 3372 vita
843 3317 872 3372 ‘I
912 3321 1067 3384 Quos
1116 3316 1429 3372 tradidisse
1458 3333 1520 3372 se
1553 3316 1695 3372 dicit
1727 3317 1968 3384 Satanae,
2004 3320 2070 3371 ut

418 3407 883 3462 emundarentur
928 3406 1108 3477 (1209)
1140 3422 1318 3461 causa
1374 3404 1751 3478 blasphemas.
1812 3404 2070 3459 Traditio

421 3498 616 3548 autem
649 3494 769 3548 haec
802 3499 913 3556 est,
947 3494 1086 3564 quia
1107 3498 1433 3548 commotus
1459 3493 1772 3564 Apostolus
1805 3493 2073 3564 blasphe-

421 3581 554 3636 miis
584 3599 786 3637 eorum
818 3580 1167 3637 sententiam
1194 3581 1508 3651 protulitin
1533 3597 1654 3635 eos.
1673 3581 1945 3636 Diabolus
1969 3599 2071 3636 au-

419 3675 559 3734 tem,
591 3670 693 3741 qui
726 3671 797 3725 ad
829 3670 938 3724 hoc
969 3675 1207 3740 paratus
1252 3682 1360 3734 est,
1413 3674 1474 3724 ut
1504 3685 1740 3724 aversus
1769 3687 1803 3724 a
1832 3670 1946 3726 Deo
1978 3687 2070 3725 ac-

421 3759 598 3831 cipiat
630 3759 687 3813 in
717 3762 1087 3830 potestatem,
1117 3758 1315 3813 audita
1343 3759 1655 3824 sententia,
1683 3759 1922 3831 corripit
1951 3776 2070 3827 eos,

422 3853 486 3903 ut
513 3847 904 3920 intelligerent
933 3847 1040 3902 hac
1072 3864 1248 3902 causa
1279 3865 1340 3903 se
1371 3847 1558 3920 pmnis
1599 3848 1906 3920 adstringi,
1936 3848 2075 3920 quia

421 3937 990 4010 blasphemaverant.
1025 3935 1170 3991 Hinc
1203 3941 1311 4004 est,
1347 3936 1502 4008 quod
1552 3935 1608 3990 in
1643 3937 1952 4009 Evangelio
1981 3937 2072 3992 di-

421 4032 579 4083 ctum
613 4031 704 4081 est
734 4025 888 4081 inter
910 4028 1117 4080 caetera
1141 4042 1154 4080 :
1185 4027 1309 4080 Jam
1327 4025 1446 4080 noli
1465 4040 1708 4096 peccare,
1731 4041 1801 4079 ne
1821 4025 1952 4096 quid
1972 4025 2076 4080 tibi

419 4117 660 4173 deterius
709 4117 990 4184 contingat
1035 4114 1211 4184 (Joan.
1257 4131 1312 4184 v,
1372 4114 1481 4185 14).
1541 4113 1866 4169 Ostendens
1897 4131 2076 4170 causa

422 4203 644 4278 peccati
673 4202 988 4275 aliquando
1044 4202 1419 4258 inﬁrmitates
1473 4203 1676 4258 inferri
1706 4203 2072 4274 corporibus,

421 4294 492 4348 Et
520 4291 660 4364 quia
683 4292 951 4347 ministro
974 4291 1206 4347 diabolo
1229 4291 1400 4359 ﬁunt,
1433 4291 1748 4346 declaravit
1768 4291 2072 4360 Dominus,

422 4381 622 4437 dicens
651 4380 802 4436 inter
831 4379 1020 4435 multa
1044 4398 1057 4434 :
1083 4382 1210 4437 Haec
1230 4389 1408 4435 autem
1438 4396 1561 4434 cum
1581 4382 1654 4434 sit
1673 4381 1792 4450 ﬁlia
1811 4381 2072 4448 Abrahw,

420 4486 588 4541 quam
617 4471 954 4539 alligaverat
1004 4472 1244 4525 Satanas
1293 4468 1474 4524 decem
1525 4473 1574 4524 et
1602 4479 1717 4525 octo
1745 4472 1934 4539 annis,
1966 4485 2075 4524 non

2178 3334 2383 3374 omnes
2397 3317 2589 3373 salvos
2613 3317 2754 3385 ﬁeri,
2779 3319 2879 3372 sed
2897 3317 2946 3372 si
2964 3317 3244 3372 accedant
3264 3316 3334 3372 ad
3355 3315 3660 3371 eum.Non
3684 3315 3839 3371 enim

2179 3408 2265 3463 sic
2299 3407 2441 3475 vult,
2467 3411 2531 3462 ut
2561 3406 2822 3462 nolentes
2844 3405 3271 3475 salventur,sed
3296 3403 3420 3460 vult
3448 3402 3588 3459 illos
3612 3404 3843 3468 salvari,

2180 3496 2230 3552 si
2260 3502 2316 3552 et
2341 3497 2451 3568 ipsi
2486 3495 2686 3550 velint.
2734 3495 2880 3550 Nam
2937 3495 3139 3566 utique
3186 3494 3287 3565 qui
3338 3493 3533 3565 legem
3568 3494 3846 3548 omnibus

2181 3585 2343 3641 dedit
2375 3584 2606 3640 nullum
2637 3583 2862 3655 excepit
2889 3601 2922 3638 a
2954 3583 3162 3640 salute.
3196 3582 3479 3654 Nunquid
3511 3599 3636 3638 non
3673 3582 3847 3637 medi-

2181 3689 2286 3730 cus
2318 3673 2536 3728 idcirco
2569 3672 2840 3745 proponit
2871 3672 2929 3727 in
2961 3671 3289 3744 publico,ut
3320 3687 3534 3727 omnes
3565 3688 3631 3727 se
3663 3677 3849 3727 osten-

2183 3762 2284 3818 dat
2300 3761 2446 3818 velle
2468 3759 2713 3828 salvare,
2737 3762 2786 3818 si
2809 3766 3001 3817 tamen
3025 3762 3097 3817 ab
3115 3760 3284 3834 aegris
3307 3759 3661 3831 requiratur
3680 3761 3708 3814 ‘3
3727 3759 3844 3815 Non

2182 3856 2272 3907 est
2299 3850 2455 3906 enim
2489 3867 2623 3906 vera
2652 3851 2835 3916 salus,
2870 3849 2918 3906 si
2949 3848 3168 3905 nolenti
3208 3847 3533 3920 tribuatur,
3569 3866 3680 3905 nec
3709 3865 3844 3922 gau-

2183 3941 2317 3996 dere
2346 3944 2539 4012 potest
2558 3939 2616 3994 in
2640 3943 2911 4010 percepta
2942 3937 3151 4005 salute,
3179 3935 3279 4009 qui
3301 3936 3552 4002 invitus,
3578 3937 3628 3992 si
3654 3942 3844 3993 tamen

2183 4033 2375 4100 potest
2404 4029 2552 4095 ﬁeri,
2582 4028 2792 4100 accipit
2820 4026 3192 4097 medicinam,
3211 4030 3275 4081 ut
3304 4042 3425 4082 non
3476 4025 3682 4082 dicam
3711 4025 3849 4098 quia

2183 4117 2484 4172 medicinas
2515 4117 2784 4173 effectum
2817 4115 3030 4171 habere
3061 4131 3176 4170 non
3207 4114 3552 4186 potest,nisi
3588 4115 3665 4170 ad
3691 4114 3845 4168 illam

2183 4221 2334 4278 aeger
2367 4206 2634 4262 animum
2683 4204 3158 4260 commodaverit.
3191 4203 3338 4270 Quia
3380 4201 3510 4258 haec
3561 4202 3849 4259 medicina

2185 4312 2300 4350 non
2335 4300 2424 4350 est
2455 4294 2794 4366 corporalis,
2819 4293 2920 4348 sed
2953 4291 3392 4365 spiritalis,quaa
3427 4308 3627 4363 neque
3658 4289 3849 4347 dubiis

2185 4383 2440 4455 proﬁcit,
2472 4399 2659 4453 neque
2691 4382 2926 4437 invidis.
2961 4381 3131 4436 Fides
3162 4379 3318 4435 enim
3353 4384 3612 4452 estque
3641 4381 3734 4436 dat
3755 4395 3848 4432 sa-

2185 4471 2386 4541 lutem,
2422 4488 2599 4543 quam
2634 4470 2746 4527 nisi
2800 4486 2965 4526 mens
2997 4474 3117 4526 tota
3166 4467 3496 4538 susceperit
3528 4468 3848 4531 voluntate,

423 4562 661 4630 oportuit
689 4560 827 4616 solvi
852 4576 891 4614 a
919 4559 1139 4615 vinculo
1166 4558 1255 4613 die
1283 4557 1510 4613 Sabbati
1535 4559 1562 4613 ?
1597 4558 1745 4630 (Luc.
1778 4575 1900 4627 xm,
1927 4558 2034 4629 16).
2107 4578 2154 4643 D
2188 4576 2303 4614 non
2338 4559 2526 4615 solum
2561 4558 2707 4614 nihil
2738 4558 3016 4631 proderit,
3066 4557 3167 4613 sed
3199 4562 3254 4613 et
3283 4557 3499 4614 oberit.
3546 4557 3703 4612 Fidei
3729 4562 3848 4611 ete-

495 4652 627 4703 CAP.
666 4649 756 4719 ll.)
805 4649 1110 4704 Exhortare
1168 4663 1295 4716 ergo
1348 4647 1597 4717 primum
1652 4648 1902 4702 omnium
1948 4645 2079 4717 ﬁeri

2187 4649 2310 4704 nim
2347 4647 2531 4720 gratia
2558 4647 2711 4703 hanc
2759 4647 2936 4702 habet
2965 4650 3339 4719 potestatem,
3366 4650 3435 4701 ut
3476 4646 3707 4702 devotis
3735 4643 3846 4699 sibi

419 4737 849 4808 deprecationes,
927 4739 1219 4803 orationes,
1269 4736 1710 4808 prostulationes,
1767 4737 2080 4806 gratiarum
2187 4736 2446 4791 divinam
2478 4736 2750 4791 infundat
2771 4735 3079 4802 medelam,
3104 4734 3393 4816 indevotis
3421 4752 3564 4792 vero
3592 4735 3846 4790 conferat

424 4826 669 4882 actiones
697 4843 795 4898 pro
824 4827 1158 4892 hominibus,
1206 4841 1303 4897 pro
1335 4825 1573 4894 regibus,
1607 4829 1657 4881 et
1693 4841 1794 4896 pro
1826 4826 2077 4880 omnibus

421 4917 523 4989 qui
551 4916 610 4970 in
637 4915 956 4971 sublimiori
1013 4915 1126 4970 loco
1175 4915 1340 4986 positi
1393 4920 1546 4981 sunt,
1593 4917 1656 4968 ut
1705 4913 1990 4985 placitam,
2023 4923 2077 4970 et

423 5006 666 5076 quietam
693 5006 868 5059 vitam
897 5003 1154 5074 degamus
1186 5005 1246 5057 in
1273 5004 1426 5058 omni
1461 5005 1684 5073 pietate,
1718 5010 1768 5057 et
1798 5003 2071 5057 castitate.

425 5096 532 5151 Hoc
559 5097 708 5151 enim
741 5094 941 5149 bonum
988 5103 1085 5163 est,
1140 5105 1191 5147 et
1249 5100 1524 5162 acceptum
1577 5107 1762 5146 coram
1791 5091 2076 5146 Saluatore

421 5193 605 5240 nostro
637 5187 764 5250 Deo,
823 5185 917 5254 qui
945 5199 1129 5237 omnes
1185 5181 1431 5236 homines
1477 5183 1592 5236 vult
1642 5181 1821 5236 salvos
1846 5182 1991 5249 ﬁeri,
2021 5183 2074 5234 et

422 5276 484 5328 in
515 5276 859 5345 agnitionem
889 5273 1146 5326 veritatis
1180 5273 1386 5325 venire.
1415 5271 1540 5324 llaec
1572 5268 1772 5341 regula
1801 5267 2071 5324 ecclesia-

497 5415 642 5486 (298)
673 5417 757 5472 Ita
787 5414 962 5470 etiam
1011 5412 1070 5466 in
1107 5413 1394 5486 impresso
1453 5426 1486 5464 a
1515 5410 1794 5486 Maurinis
1826 5409 2070 5486 Ambro-

426 5481 658 5556 siastro,
690 5487 786 5541 ubi
819 5487 1176 5540 adnotat-unt
1204 5481 1848 5556 editoresapparaisset
1876 5481 2072 5536 minus

426 5565 580 5612 recte
611 5551 668 5612 in
701 5557 1000 5629 aliquibus
1032 5553 1451 5629 manuscriptis
1485 5551 1618 5624 legi.
1652 5554 1714 5608 In
1747 5557 1944 5610 nostro
1975 5569 2070 5608 co-

426 5629 554 5703 dice
584 5634 736 5701 recte
763 5626 977 5702 legitur
1006 5626 1354 5701 apparuisse.

2187 4825 2480 4894 morbum,
2513 4841 2616 4896 per
2645 4841 2818 4897 quem
2851 4827 3008 4880 totus
3037 4824 3213 4879 homo
3244 4823 3517 4879 intereat.

2261 4915 2406 4970 Unus
2437 4930 2588 4969 enim
2616 4914 2778 4982 Deus,
2809 4929 2950 4968 unus
2999 4911 3273 4968 mediator
3303 4913 3405 4966 Dei
3442 4921 3498 4968 et
3533 4911 3840 4973 hominum,

2185 5001 2340 5057 homo
2373 5001 2622 5058 Christus
2647 5003 2819 5058 Iesus.
2852 5001 2974 5066 Dei,
3008 5006 3064 5056 et
3087 5000 3299 5056 Christi
3331 5016 3517 5056 unam
3555 4999 3848 5074 signiﬁcat

2185 5107 2312 5146 esse
2325 5090 2684 5146 voluntatem
2701 5091 2759 5145 in
2778 5089 3076 5146 salvandis
3091 5089 3437 5144 hominibus
3455 5105 3468 5143 :
3488 5091 3651 5146 unde
3662 5089 3842 5145 Deum

2181 5183 2433 5248 Patrem,
2468 5181 2607 5250 quia
2639 5181 2710 5234 ab
2740 5178 2867 5250 ipso
2917 5187 3004 5236 est
3035 5179 3229 5234 omnis
3273 5178 3626 5249 auctoritas,
3660 5189 3838 5233 unum

2182 5284 2309 5324 esse
2343 5269 2579 5336 fatetur,
2602 5274 2660 5323 et
2691 5285 2873 5324 unum
2897 5268 3279 5324 mediatorem
3305 5267 3427 5334 Dei,
3451 5273 3512 5324 et
3536 5267 3840 5325 hominum

2250 5410 2440 5479 (1299)
2472 5412 2536 5464 In
2559 5410 2947 5466 Ambrosiast.
2979 5409 3423 5466 emendarentur.

2252 5477 2434 5552 (1300)
2466 5481 2637 5553 Vulg.
2672 5482 2859 5554 Omnis
2904 5482 3222 5554 prophetica
3263 5480 3578 5551 Scripturae
3600 5477 3833 5553 propria

2179 5552 2630 5622 interpretatione
2657 5569 2770 5610 non
2796 5552 2884 5627 ﬁt.
