4020 6178
413 400 534 460 “8'71

1445 415 1781 478 ATTONIS
1825 416 2408 480 VERCELLENSIS
2453 417 2801 482 EPISGOPI

3697 413 3827 478 θ’ΐῖ

417 547 530 588 non
559 535 863 593 obnoxium
891 542 1153 611 vino,non
1185 547 1582 604 verberatorem
1625 549 1717 604 sed
1732 549 2062 617 modestum,
2094 550 2149 617 Α
2179 556 2410 608 constat
2441 552 2744 608 ministros
2773 567 2902 608 esse
2929 548 3528 624 sacerdotum,quales
3549 550 3679 607 vult
3698 567 3830 608 esse

419 637 529 676 non
562 623 887 695 litigiosum,
920 647 1025 686 non
1053 650 1330 705 asperum,
1361 637 1585 694 domum
1611 656 1775 694 silum
1807 640 1937 695 bene
1983 656 2067 694 re-

421 719 651 780 gentem,
698 715 850 785 ﬁlios
897 719 1184 778 habentem
1229 727 1473 782 subditos
1518 744 1641 782 cum
1686 731 1844 784 omni
1887 729 2070 801 (1303)

419 802 710 858 charitate.
745 805 939 862 Talem
967 809 1286 880 hominem,
1318 816 1418 886 qui
1457 816 1578 872 haec
1609 817 1918 883 custodiat,
1943 835 2070 888 qua:

422 895 1127 963 enumerat,bona,creari
1160 902 1367 958 debere
1399 905 1540 960 dicit
1565 906 2072 977 episcopum.Haec

423 977 580 1033 enim
611 980 779 1052 signa
809 993 947 1040 sunt
977 988 1284 1060 dignitatis
1305 993 1674 1065 episcopalis.
1709 995 1767 1049 Si
1801 996 1930 1065 quis
1965 1011 2067 1050 au-

422 1069 539 1120 tem
572 1071 799 1139 potiora
829 1082 1105 1147 sectatus,
1139 1085 1195 1134 et
1223 1097 1435 1153 corpus
1475 1089 1531 1137 et
1583 1084 1841 1139 animam
1896 1101 2067 1139 suam

423 1153 538 1210 Deo
569 1157 862 1229 dicaverit,
898 1181 969 1220 ne
1001 1183 1061 1222 se
1093 1169 1325 1240 c0pulet
1355 1172 1929 1239 matrimonio,tanto
1954 1190 2073 1228 ma-

424 1243 516 1314 gis
546 1246 762 1318 dignus
793 1252 909 1306 ﬁet.
945 1255 1076 1311 Ideo
1105 1259 1262 1312 enim
1294 1259 1623 1315 inferiorem
1657 1262 1871 1332 posuit,
1907 1267 1968 1316 ut
2001 1263 2072 1317 de

427 1333 650 1390 notiore
679 1354 851 1396 nemo
883 1343 1197 1400 dubitaret.

499 1421 560 1476 Si
587 1427 709 1494 quis
739 1434 925 1484 autem
955 1433 1142 1489 domui
1169 1451 1287 1492 suae
1314 1453 1550 1509 praeesse
1585 1441 1775 1507 nescit,
1807 1440 2071 1510 quomodo

424 1509 678 1568 Ecclesiae
711 1519 817 1570 Dei
843 1518 1187 1590 diligentiam
1237 1526 1487 1581 habebit?
1531 1509 1905 1583 Manifestum
1959 1536 2069 1594 est,

425 1599 565 1688 quia
595 1606 734 1657 tunc
766 1612 955 1676 potest
984 1611 1230 1668 idoneus
1260 1621 1450 1670 rector
1481 1617 1714 1672 futurus
1748 1618 1999 1688 probari,
2021 1617 2070 1672 si

424 1685 591 1774 prius
622 1690 862 1748 domum
894 1713 1061 1755 suam
1101 1706 1252 1757 recte
1281 1703 1690 1774 gubernaverit
1721 1685 1883 1774 {Qui
1923 1706 2073 1760 enim

424 1773 486 1828 in
515 1778 768 1835 minimis
795 1783 978 1851 ﬁdelis
1004 1792 1102 1856 est,
1135 1798 1186 1845 et
1211 1773 1521 1860 infmagnis
1551 1793 1702 1864 (Luc.
1737 1773 1852 1861 xvi,
1887 1796 1996 1862 10).

497 1865 614 1921 Non
641 1873 995 1944 neophytum,
1026 1894 1096 1932 ne
1134 1880 1196 1932 in
1241 1883 1560 1952 superbiam
1610 1885 1787 1937 elatus
1817 1884 1877 1938 in
1914 1883 2068 1954 judi-

423 1952 570 2008 cium
602 1957 814 2014 incidat
841 1963 1068 2020 diaboli.
1102 1967 1318 2023 Verum
1353 1975 1462 2035 est,
1498 1971 1638 2042 quin
1673 1952 1925 2026 rudesin
1957 1972 2070 2026 fide

423 2043 614 2099 solent
637 2049 833 2104 extolli
867 2055 1160 2126 superbia,
1214 2059 1463 2114 maxime
1493 2059 1540 2114 si
1575 2060 1864 2130 accipiant
1915 2060 2068 2114 ordi-

426 2147 580 2188 nem.
617 2135 881 2195 Novitate
911 2144 1066 2198 enim
1102 2150 1158 2200 et
1188 2151 1472 2216 potestate
1492 2147 1754 2215 inflatur,
1782 2148 2070 2204 arbitrans

417 2236 487 2275 se
518 2239 637 2292 prae
663 2229 886 2283 caeteris
912 2231 1486 2304 digniorem.Videns
1518 2238 1674 2292 enim
1707 2237 1895 2308 primo
1918 2253 2070 2291 anno

424 2311 750 2370 nativitatis
781 2317 1055 2375 collatum
1088 2323 1145 2376 in
1181 2340 1240 2378 se
1271 2324 1572 2390 honorem,
1607 2331 1776 2397 putat
1809 2342 1921 2379 non
1948 2341 2071 2379 ma-

426 2398 516 2470 gis
547 2402 617 2456 ad
647 2409 948 2472 suum,sed
971 2411 1039 2464 ad
1066 2411 1312 2468 aliorum
1347 2415 1671 2484 profectum
1695 2431 1756 2470 se
1777 2419 2071 2496 vocatum,

428 2491 598 2558 quasi
630 2492 978 2552 beneﬁcium
1022 2499 1283 2570 religioni
1317 2502 1416 2557 det
1448 2502 1638 2573 magis
1691 2518 1869 2573 quam
1921 2491 2071 2557 acci;

425 2576 547 2647 piat
577 2580 650 2634 ab
680 2598 774 2649 ea;
809 2601 912 2654 per
941 2603 1119 2657 quam
1153 2605 1274 2643 rem
1305 2589 1492 2645 elatus
1522 2590 1770 2646 incurrit
1793 2589 2070 2662 laqueum

428 2664 662 2722 diaboli.
687 2671 922 2727 Inventa
951 2676 1106 2730 enim
1138 2678 1440 2733 occasione
1471 2679 1760 2750 superbia:
1781 2677 2071 2745 illius,Sa-

427 2757 600 2810 tanas
632 2759 954 2830 praecipitat
982 2779 1139 2818 eum.
1173 2766 1424 2837 Ideoque
1472 2767 1530 2821 in
1585 2767 1894 2823 Salomone
1930 2767 2073 2838 legi-

427 2845 528 2896 tur
559 2860 571 2897 :
606 2843 864 2917 Superbis
896 2855 1040 2906 Deus
1068 2856 1279 2909 resistit
1309 2856 1490 2924 (Prov.
1537 2873 1628 2919 xv,
1679 2857 1776 2922 21;
1822 2856 1946 2927 Sap.
1977 2874 2071 2924 xv,

430 2931 528 2996 14;
565 2933 730 2990 Eccli.
763 2955 815 3001 ι,
848 2939 959 3011 21).
995 2940 1154 2996 Unde
1178 2942 1238 2997 in
1271 2943 1386 2998 alia
1427 2943 1690 3017 Epistola
1721 2945 1872 3000 idem
1923 2947 2074 3016 Apo-

428 3019 616 3076 stolus
647 3023 728 3078 ait
759 3042 772 3080 :
814 3027 920 3094 Qui
961 3046 1020 3085 se
1064 3036 1223 3102 putat
1268 3049 1382 3089 esse
1424 3034 1657 3106 aliquid,
1690 3051 1744 3090 se
1780 3036 1961 3106 ipsum
1989 3051 2075 3089 se-

425 3107 576 3164 ducit
617 3110 761 3182 (Gal.
816 3133 891 3185 v1,
945 3119 1020 3189 3).
1073 3120 1144 3174 Et
1175 3120 1458 3176 Dominus
1507 3140 1520 3178 :
1573 3123 1679 3190 Qui
1726 3139 1803 3190 se,
1860 3122 2074 3192 inquit,

425 3199 763 3258 exaltath
793 3205 1206 3264 humilitabitur
1235 3214 1387 3278 (Luc.
1421 3228 1535 3275 xrv,
1573 3213 1682 3278 11).

497 3289 716 3358 Oportet
745 3302 926 3350 autem
953 3313 1081 3351 eum
1115 3302 1165 3353 et
1206 3301 1579 3354 testimonium
1626 3299 1827 3354 habere
1873 3301 2070 3354 bonum
2097 3279 2148 3344 ’θ

424 3375 493 3430 ab
520 3377 606 3433 his
631 3383 731 3451 qui
751 3385 893 3452 foris
922 3390 1068 3440 sunt.
1099 3387 1351 3442 Sensum
1406 3388 1772 3443 Dominicum
1812 3393 2072 3452 secutus,

425 3463 508 3520 ait
537 3473 803 3538 oportere
834 3472 1095 3528 futurum
1127 3475 1489 3547 episcopum,
1523 3476 1929 3531 testimonium
1972 3477 2072 3531 bo-

426 3568 568 3607 num
603 3554 815 3612 habere
846 3559 918 3613 ab
947 3566 1238 3617 extraneis
1272 3580 1284 3618 :
1317 3563 1456 3634 quia
1501 3566 1604 3636 qui
1650 3567 1906 3620 minimis
1950 3564 2076 3633 ﬁde-

428 3641 497 3694 lis
533 3647 636 3710 est,
669 3649 721 3700 et
751 3648 810 3702 in
837 3652 1079 3720 magnis,
1114 3651 1268 3706 sicut
1295 3652 1439 3707 dicit
1467 3653 1753 3708 Dominus
1776 3654 1924 3719 (Luc.
1956 3671 2073 3724 XVI,

429 3729 538 3801 10),
571 3731 635 3786 Si
663 3735 722 3788 in
751 3737 931 3790 alieno
962 3755 1279 3795 mammona
1306 3741 1487 3811 ﬁdeles
1533 3757 1644 3796 non
1685 3743 1895 3812 fuistis,
1928 3743 2078 3814 quod

427 3823 665 3875 vestrum
694 3827 793 3891 est,
825 3828 948 3896 quis
975 3827 1127 3883 dabit
1155 3829 1348 3884 vobis?
1377 3831 1540 3898 (Ibid.
1577 3831 1683 3902 11).
1715 3830 1789 3886 Ut
1819 3831 1935 3897 hic,
1977 3831 2078 3903 qui

429 3908 488 3962 in
534 3912 852 3970 mundanis
885 3916 1078 3980 rebus,
1112 3922 1170 3972 et
1198 3919 1634 3974 conversatione
1663 3919 1922 3975 humana
1943 3919 2081 3976 ﬁde-

428 3995 502 4053 lis
534 3999 775 4057 minime
805 4003 1118 4070 invenitur,
1142 4007 1388 4062 dubium
1422 4025 1536 4062 non
1568 4009 1812 4080 sit,quia
1840 4009 1975 4064 etin
1997 4010 2081 4064 di-

428 4085 580 4142 vinis
611 4091 785 4145 rebus
817 4092 1064 4150 idoneus
1113 4112 1225 4151 non
1271 4096 1398 4151 erit.
1423 4097 1482 4150 Si
1513 4102 1710 4152 autem
1742 4096 2080 4154 hominibus

430 4175 605 4231 fidem
639 4179 988 4251 exhibuerit,
1009 4183 1196 4239 multo
1229 4185 1422 4256 magis
1453 4185 1656 4241 Deo.Si
1687 4187 1957 4241 timorem
1979 4186 2082 4242 Dei

431 4269 566 4318 ante
597 4267 798 4324 oculos
829 4286 943 4325 non
979 4271 1255 4328 habuerit
1285 4274 1868 4346 episcopus,tempori
1895 4275 2082 4346 magis

434 4368 495 4406 se
521 4358 963 4429 commendans,
997 4359 1156 4415 hunc
1187 4361 1356 4432 quasi
1391 4361 1686 4417 inﬁdelem
1727 4367 1784 4417 et
1829 4363 2082 4433 pseudo-

433 4443 780 4513 prophetam
816 4447 1034 4503 deserit
1063 4453 1234 4519 Deus,
1251 4452 1309 4503 et
1335 4450 1616 4506 deformis
1645 4450 1876 4505 videtur
1893 4450 2082 4506 omni-

436 4530 548 4586 bus
578 4537 636 4586 et
659 4535 1020 4602 maculosus,
1041 4537 1180 4608 quia
1207 4537 1377 4592 aliter
1407 4539 1547 4594 facit
1573 4555 1751 4610 quam
1782 4541 2081 4610 praedicat,

2102 1918 2148 1982 Β

2179 639 2503 712 episcopos,
2553 641 2689 706 nisi,
2739 640 2890 696 sicut
2936 640 3060 712 ipse
3106 640 3211 707 ait,
3236 639 3830 713 irreprehensibiles?

2178 727 2421 801 Negotia
2449 733 2644 785 tamen
2678 728 2932 800 publica,
2964 729 3180 802 turpia,
3207 728 3344 784 vilia
3373 745 3488 784 non
3519 728 3826 785 habentes.

2181 817 2300 872 Scit
2328 819 2483 873 enim
2516 819 2644 874 ideo
2676 819 3050 890 negotiari,ut
3079 818 3312 889 capiant
3342 817 3521 881 lucra,
3542 833 3650 872 nec
3669 817 3829 872 aliud

2180 908 2692 979 proﬁtetur,quam
2724 906 2890 979 gerit.
2918 907 3132 978 Turpis
3163 907 3320 962 enim
3343 906 3825 978 deprehenditur,

2181 1012 2315 1051 cum
2348 1012 2409 1051 se
2440 1013 2652 1068 purum
2699 996 2974 1051 ostendit.
3031 997 3168 1050 Post
3214 995 3553 1068 episcopum
3605 1000 3825 1061 tamen,

2181 1085 2521 1141 diaconatus
2552 1085 2976 1140 ordinationem
3005 1083 3503 1156 subjecit.0uare?
3529 1083 3657 1140 Nisi
3693 1085 3829 1156 quia

2181 1174 2438 1246 episcopi
2475 1179 2530 1229 et
2561 1173 2881 1246 presbyteri
2930 1190 3048 1228 una
3088 1172 3375 1228 ordinatio
3420 1179 3530 1228 est.
3577 1173 3830 1243 Uterque

2179 1262 2335 1317 enim
2369 1263 2639 1318 sacerdos
2670 1265 2776 1317 est.
2808 1262 2914 1316 Sed
2947 1261 3258 1332 episcopus
3309 1259 3537 1331 primus
3589 1265 3684 1315 est
3717 1277 3731 1314 :
3765 1264 3830 1314 ut

2181 1352 2373 1408 omnis
2401 1351 2710 1423 episcopus
2741 1351 3043 1423 presbyter
3091 1349 3187 1413 sit,
3235 1367 3353 1405 non
3404 1354 3602 1404 tamen
3633 1350 3829 1404 omnis

2180 1441 2481 1512 presbyter
2517 1440 2843 1511 episcopus.
2890 1440 2994 1494 Hic
3035 1439 3192 1494 enim
3237 1439 3550 1510 episcopus
3582 1441 3698 1507 est,
3732 1436 3830 1508 qui

2178 1529 2333 1582 inter
2389 1527 2754 1599 presbyteros
2794 1527 3020 1598 primus
3041 1526 3416 1599 est.Denique
3446 1525 3826 1582 Timotheum

2181 1617 2586 1689 presbyterum
2619 1615 2953 1672 ordinatum
2977 1615 3297 1688 significat;
3322 1617 3422 1671 sed
3447 1610 3589 1688 quia
3612 1620 3754 1670 ante
3772 1631 3831 1670 se

2181 1704 2428 1760 alterum
2455 1721 2570 1760 non
2601 1703 3191 1776 habebat,episcopus
3211 1703 3524 1760 erat.Unde
3552 1707 3610 1757 et
3632 1719 3831 1775 quem-

2179 1794 2499 1849 admodum
2531 1792 2870 1865 episcopum
2901 1792 3654 1863 ordinet,ostendit.Neque
3678 1791 3828 1846 enim

2179 1883 2266 1938 fas
2295 1887 2438 1947 erat,
2467 1886 2569 1937 aut
2596 1881 2808 1937 licebat
2837 1886 2900 1936 ut
2926 1881 3166 1936 inferior
3193 1881 3491 1936 ordinaret
3515 1881 3826 1950 majorem.

2178 1972 2360 2028 Nemo
2393 1970 2545 2025 enim
2579 1970 2784 2025 tribuit
2814 1971 2970 2042 quod
3002 1987 3118 2024 non
3149 1969 3390 2041 accepit.

2249 2059 2498 2115 Mulieres
2542 2059 2810 2114 similiter
2852 2058 3100 2129 pudicas,
3149 2073 3259 2113 non
3303 2056 3575 2112 studentes
3617 2057 3828 2113 discor-

2179 2150 2308 2207 diae.
2341 2149 2433 2204 sed
2462 2149 2692 2218 sobrias,
2731 2147 2918 2218 ﬁdeles
2967 2149 3028 2201 in
3076 2147 3344 2202 omnibus.
3377 2147 3524 2211 Quia
3554 2152 3827 2202 sanctum

2179 2237 2454 2310 praecepit
2469 2237 2649 2294 creari
2667 2235 3284 2308 Episcopum,adaaque
3296 2239 3352 2291 et
3368 2235 3828 2300 diaconum,non

2185 2330 2385 2398 utiqoe
2411 2326 2707 2397 disparem
2738 2325 2863 2380 vult
2891 2341 3020 2380 esse
3049 2323 3302 2396 plebem,
3326 2324 3543 2396 quippe
3575 2339 3718 2379 cum
3747 2325 3830 2379 di-

2183 2415 2590 2485 catZDominus
2626 2431 2638 2469 :
2673 2414 2860 2469 Sancti
2909 2417 3098 2478 estote,
3146 2415 3280 2484 quia
3322 2429 3420 2484 ega
3461 2423 3688 2468 sanctus
3717 2430 3832 2468 «an

2183 2506 2330 2576 (Lev,
2358 2520 2472 2570 χιχ,
2502 2504 2578 2573 2).
2613 2503 2860 2574 Ideoque
2892 2501 3068 2556 etiam
3103 2500 3397 2569 mulieres,
3431 2517 3562 2573 quae
3595 2501 3829 2556 inferio-

2182 2609 2275 2649 res
2303 2592 2592 2658 videntur,
2627 2591 2753 2645 sine
2785 2590 3031 2645 crimine
3060 2588 3185 2644 vult
3214 2605 3362 2655 esse,
3397 2593 3461 2643 ut
3490 2589 3724 2644 munda
3765 2589 3834 2645 sit

2184 2679 2441 2736 Ecclesia
2485 2678 2603 2734 Dei.
2636 2679 2747 2734 Sed
2779 2677 3156 2751 Cataphryga:
3203 2677 3570 2733 occasionem
3621 2679 3833 2735 erroris

2185 2771 2754 2840 captantes,propter
2774 2768 2928 2839 quod
2944 2768 3362 2838 postdiaconos
3391 2766 3676 2823 mulieres
3699 2767 3834 2823 allo-

2185 2857 2406 2928 quitur,
2439 2855 2614 2910 etiam
2648 2855 2807 2926 ipsas
2839 2855 3115 2908 diaconas
3146 2853 3356 2910 debere
3385 2853 3652 2909 ordinari
3689 2871 3835 2909 vana

2185 2944 2637 3018 pressumptione
2668 2943 3147 3010 defendunt,cum
3167 2942 3356 2998 sciant
3384 2941 3689 3013 apostolos
3711 2959 3835 3015 sep-

2183 3041 2301 3091 tem
2343 3034 2620 3089 diaconos
2649 3031 2916 3104 elegisse.
2951 3031 3227 3102 Nunquid
3259 3029 3420 3087 nulla
3449 3031 3674 3087 mulier
3702 3035 3834 3087 tunc

2182 3123 2396 3179 idonea
2426 3121 2659 3177 inventa
2689 3126 2798 3187 est,
2830 3137 2964 3176 cum
3015 3120 3168 3174 inter
3217 3119 3486 3175 undecim
3535 3120 3836 3190 apostolos

2185 3218 2418 3269 sanctas
2452 3210 2724 3266 mulieres
2774 3210 2956 3264 fuisse
3002 3207 3306 3281 legamus?
3334 3209 3443 3264 Sed
3479 3213 3545 3263 ut
3576 3209 3834 3265 haeretici

2187 3302 2450 3358 animum
2475 3315 2650 3356 suum
2682 3298 2896 3366 verbis,
2923 3315 3037 3353 non
3068 3315 3245 3354 sensu
3275 3297 3422 3370 legis
3451 3303 3730 3355 astruere
3761 3301 3835 3353 vi-

2185 3393 2457 3456 deantur,
2490 3386 2744 3460 Apostoli
2795 3387 2986 3442 verbis
3029 3391 3230 3442 contra
3276 3403 3515 3442 sensum
3566 3389 3838 3443 nituntur

2184 3477 2468 3550 Apostoli,
2501 3481 2566 3531 ut
2596 3492 2729 3530 cum
2761 3474 2862 3530 ille
2895 3473 3197 3530 mulierem
3245 3474 3306 3530 in
3350 3474 3612 3531 Ecclesia
3653 3475 3719 3531 in
3759 3477 3832 3532 si-

2185 3566 2365 3622 lentio
2399 3581 2528 3622 esse
2553 3565 2764 3620 debere
2795 3562 3114 3635 praecipiat,
3146 3562 3230 3617 illi
3261 3566 3496 3619 econtra
3523 3563 3712 3620 etiam
3735 3582 3834 3620 au-

2185 3655 2511 3711 ctoritatem
2540 3653 2598 3708 in
2630 3652 2890 3708 Ecclesia
2915 3651 3212 3707 vindicent
3243 3651 3576 3708 ministerii.

2261 3745 2521 3799 Diaconos
2583 3743 2696 3798 sint
2723 3742 2892 3797 unius
2920 3743 3110 3797 uxoris
3137 3742 3270 3811 viri,
3301 3731 3444 3810 ﬁlids
3482 3741 3617 3798 bene
3644 3758 3836 3815 regen-

2177 3838 2286 3904 tes,
2315 3837 2368 3889 et
2394 3832 2576 3888 domos
2626 3832 2902 3904 proprias.
2951 3831 3057 3898 Qui
3098 3831 3249 3886 enim
3294 3829 3428 3884 bene
3468 3831 3836 3888 ministrave-

2185 3925 2320 3988 rint,
2353 3921 2590 3995 gradum
2622 3921 2822 3976 bonum
2849 3921 2959 3974 sibi
2988 3920 3303 3989 acquirunt,
3332 3925 3384 3973 et
3405 3919 3658 3975 multis»:
3694 3921 3836 3992 ﬁdu-

2185 4012 2337 4068 ciam
2369 4013 2426 4065 in
2459 4010 2585 4081 ﬁde,
2618 4023 2742 4081 quae
2769 4013 2846 4064 est
2875 4010 2937 4062 in
2966 4006 3176 4063 Christo
3222 4009 3370 4062 Iesu.
3421 4005 3521 4077 Ea,
3551 4024 3688 4079 quae
3735 4011 3836 4065 mi-

2189 4117 2302 4156 nus
2333 4100 2557 4154 dixerat
2586 4099 2658 4154 de
2687 4097 3051 4153 ordinatione
3082 4097 3448 4162 diaconatus,
3463 4112 3624 4152 nunc
3643 4099 3837 4170 subje-

2189 4189 2564 4245 cit.Ostendit
2593 4187 2772 4242 etiam
2803 4188 2948 4242 istos
2978 4185 3156 4240 unius
3186 4184 3383 4240 uxoris
3412 4184 3565 4240 viros
3587 4202 3724 4243 esse
3746 4189 3838 4243 de-

2189 4279 2348 4342 bere,
2391 4281 2457 4330 ut
2485 4276 2543 4331 hi
2577 4276 2647 4331 ad
2681 4272 3075 4330 ministerium
3109 4273 3210 4328 Dei
3240 4271 3549 4345 eligantur,
3583 4275 3689 4346 qui
3732 4293 3838 4332 non

2192 4365 2311 4421 sint
2339 4364 2560 4437 egressi
2591 4363 2976 4419 constitutum
3022 4361 3138 4417 Dei.
3171 4361 3402 4417 Homini
3451 4362 3612 4418 enim
3662 4379 3840 4420 unam

2193 4469 2431 4510 uxorem
2455 4452 2710 4508 decrevit
2731 4452 3053 4514 Deus,cum
3079 4466 3198 4522 qua
3216 4449 3626 4506 benedicatur.
3659 4452 3840 4508 Nemo

2193 4541 2349 4597 enim
2373 4557 2505 4596 cum
2531 4557 2662 4595 secu
2673 4537 3295 4610 nda|benedicitur.0ui
3322 4537 3370 4594 si
3395 4537 3547 4595 ﬁlios
3568 4540 3720 4597 bene
3739 4558 3842 4614 gu-

435 4621 628 4676 verbis
683 4623 807 4678 suis
854 4624 979 4694 ipse
1035 4642 1096 4681 se
1145 4642 1449 4696 accusans,
1483 4627 1622 4698 quia
1651 4627 1968 4698 deputatus
1996 4632 2087 4683 est
2117 4643 2163 4707 D
2192 4629 2582 4700 bernaverint,
2614 4633 2672 4683 et
2699 4628 2907 4682 domos
2937 4643 3093 4692 suas,
3125 4627 3180 4682 id
3214 4631 3304 4683 est
3345 4630 3716 4697 vernaculos,
3745 4636 3842 4686 aut

437 4708 596 4780 gregi
629 4710 1044 4768 Satanae.Tunc
1069 4715 1223 4770 enim
1257 4731 1391 4768 vera
1422 4731 1484 4770 se
1516 4716 1724 4786 probat
1752 4716 2087 4787 pradicare,

438 4795 488 4849 si
517 4812 584 4850 ea
613 4805 855 4854 conetur
884 4806 940 4856 et
965 4817 1182 4872 gerere.
1205 4803 1415 4875 Magna
1447 4819 1585 4875 ergo
1613 4820 1753 4858 cura
1782 4802 2088 4875 eligendus

435 4887 529 4938 est
558 4885 654 4955 qui
689 4887 931 4943 domum
965 4890 1061 4944 Dei
1095 4892 1408 4962 regendam
1441 4890 1776 4963 accipiat.Si
1798 4892 1954 4946 enim
1979 4897 2091 4946 ter-

436 4973 713 5032 restrium
773 4992 966 5031 rerum
1031 4978 1465 5048 dispensatores
1533 4979 1724 5036 idonei
1792 4979 2091 5052 quaerendi

438 5068 833 5135 sunt,quanto
865 5066 1050 5138 magis
1081 5066 1403 5122 caelestium
1423 5068 1450 5122 ’ἲ

509 5154 766 5209 Disconos
813 5157 943 5225 pari
985 5156 1147 5212 modo
1189 5156 1457 5226 publicos,
1486 5173 1597 5212 non
1628 5157 1924 5230 bilingues,
1981 5172 2092 5212 non

439 5243 570 5297 vino
596 5244 768 5298 multo
796 5243 1031 5309 deditos,
1062 5261 1173 5299 non
1199 5246 1458 5315 turpibus
1487 5248 1656 5301 lucris
1683 5251 1959 5311 vacantes,
1993 5245 2089 5300 ha-

441 5332 624 5387 bentes
652 5337 976 5404 mysterium
1003 5334 1137 5406 ﬁdei
1166 5337 1226 5389 in
1259 5338 1596 5392 conscientia
1621 5353 1795 5408 pura;
1825 5340 1877 5391 et
1907 5337 1967 5390 hi
1991 5353 2092 5390 au-

443 5428 553 5474 tem
582 5425 876 5486 probentur
897 5426 1224 5496 primum,et
1251 5427 1330 5480 sic
1347 5427 1665 5480 ministrent
1693 5428 1810 5480 sine
1837 5427 2090 5480 crimzne.

446 5508 552 5573 Qui
582 5515 745 5566 tanta
773 5529 916 5568 cura
962 5513 1240 5568 diaconos
1287 5513 1591 5585 eligendos
1634 5513 1917 5586 praecipit,
1946 5530 2094 5585 quos

517 5686 700 5760 (1303)
727 5686 898 5760 Vulg.
929 5693 986 5746 et
1013 5691 1706 5766 Ambrosiast.[castitate.

2199 4718 2572 4783 domesticos,
2581 4720 2856 4788 poterunt
2885 4715 3046 4788 digni
3076 4716 3199 4771 fieri
3231 4717 3578 4787 sacerdotio,
3613 4722 3673 4773 et
3702 4719 3844 4774 fidu-

2197 4809 2348 4864 ciam
2379 4807 2594 4862 habere
2623 4806 2776 4877 apud
2810 4810 3012 4876 Deum,
3045 4809 3111 4860 ut
3139 4804 3330 4860 sciant
3358 4821 3421 4860 se
3452 4820 3631 4876 posse
3662 4807 3841 4880 impe-

2197 4903 2352 4953 trare
2382 4896 2537 4968 quod
2560 4894 3007 4967 postulant,jam
3029 4895 3100 4950 de
3119 4899 3322 4950 caetero
3351 4909 3416 4950 se
3444 4893 3518 4948 ab
3537 4909 3654 4950 usu
3679 4896 3842 4952 femi-

2199 5001 2290 5040 nae
2335 4983 2694 5040 cohibentes.
2729 4982 3036 5038 Veteribus
3066 4982 3222 5038 enim
3251 4981 3468 5038 idcirco
3501 4999 3843 5041 muccosum

2199 5079 2289 5130 est
2319 5073 2639 5139 levitis,aut
2659 5071 3062 5128 sacerdotibus
3083 5086 3292 5126 uxores
3311 5071 3384 5125 ad
3408 5087 3584 5126 usum
3608 5072 3843 5136 habere.

2201 5162 2341 5235 quia
2365 5161 2618 5218 multum
2640 5166 2876 5233 tempus
2895 5160 3014 5216 otio
3031 5159 3319 5215 vacabant
3337 5175 3373 5214 a
3398 5159 3732 5218 ministerio
3747 5161 3845 5218 aut

2201 5249 2868 5308 sacerdotio.Multitudo
2899 5249 3056 5304 enim
3087 5252 3210 5304 erat
3240 5248 3609 5306 sacerdotum
3639 5255 3700 5306 et
3730 5267 3846 5307 ma-

2201 5356 2317 5412 gna
2347 5341 2516 5412 cepis.
2545 5338 2934 5406 levitarum,et
2962 5337 3376 5410 unusquisque
3400 5342 3558 5394 certo
3587 5343 3846 5413 tempore

2203 5429 2492 5484 serviebat
2522 5427 2735 5483 divinis
2763 5427 3124 5482 caeremoniis
3149 5427 3480 5482 secundum
3506 5426 3842 5484 institutum

2199 5516 2402 5572 David.
2435 5516 2538 5572 Hic
2572 5532 2727 5573 enim
2757 5514 2960 5588 viginti
2995 5519 3052 5571 et
3075 5520 3332 5588 quatuor
3374 5514 3594 5572 classes
3626 5516 3840 5574 consti-
