4014 6172
173 249 273 311 673

566 241 991 304 EXPOSITIO
1037 243 1115 303 ΙΝ
1160 238 1584 303 EPISTOLAS
1626 237 1881 300 PAULI.
1914 271 1990 282 —
2030 240 2111 300 IN
2158 243 2410 306 EPIST.
2464 242 2483 301 1
2534 241 2636 299 ΑΙ)
2682 243 3184 311 TlMOTHEUM.

3472 258 3605 316 674

170 382 271 439 tuit
289 375 686 442 sacerdotum,
708 378 777 430 ut
801 373 1029 430 vicibus
1052 373 1427 430 deservirent.
1453 372 1616 427 Unde
1639 370 1814 426 Abias
1840 373 1897 439 Α
1925 372 2274 430 remissione
2304 378 2711 447 peccatorum,
2742 392 2918 448 quam
2953 379 3045 435 hic
3074 380 3134 437 in
3172 386 3437 454 praesenti
3473 387 3597 445 lar-

172 474 415 527 octavam
447 464 703 520 classem
736 462 973 530 habuit;
1009 464 1178 534 cujus
1200 462 1323 517 vice
1347 462 1653 517 Zacharias
1685 460 1815 515 fun-

172 558 400 632 gebatur
420 551 769 619 sacerdotio,
796 550 949 606 sicut
980 551 1313 607 continetur
1340 550 1397 606 in
1421 550 1811 620 Paralipome-

172 665 275 705 non
305 646 374 713 ΙΙ,
396 660 499 699 x111
524 659 538 699 :
565 642 648 697 ita
680 644 746 695 ut
778 646 1064 712 tempore,
1088 657 1202 712 quo
1227 656 1341 695 non
1372 639 1504 697 illos
1522 638 1815 709 continge-

170 738 260 793 bat
285 730 576 789 deservire
607 729 800 797 altari,
824 730 1136 784 domorum
1171 745 1415 784 suarum
1447 731 1685 801 agerent
1714 744 1813 782 cu-

172 840 302 883 ram.
334 826 409 877 At
435 820 534 877 ubi
567 822 765 874 autem
812 822 1049 889 tempus
1098 816 1447 873 imminebat
1479 815 1815 884 ministerii,

170 910 450 988 purificati
480 907 798 981 aliquantis
816 906 1027 961 diebus
1050 906 1409 962 accedebant
1432 907 1503 962 ad
1527 905 1814 978 templum

171 1003 364 1059 offerre
422 998 559 1054 Deo.
591 996 757 1052 Nunc
814 1000 1015 1051 autem
1076 999 1298 1065 septem
1357 995 1634 1051 diaconos
1685 1010 1814 1050 esse

170 1093 405 1164 oportet,
446 1085 778 1158 aliquantos
821 1083 1217 1156 presbyteros,
1254 1088 1316 1138 ut
1372 1084 1495 1139 bini
1546 1083 1665 1138 sint
1712 1098 1815 1154 per

170 1177 550 1243 Ecclesias,ut
570 1191 724 1229 unus
754 1172 813 1228 in
836 1172 1071 1228 civitate
1096 1172 1453 1243 Episcopus;
1479 1188 1545 1227 ac
1578 1188 1679 1243 per
1708 1171 1819 1226 hoc

171 1282 364 1324 omnes
391 1282 425 1320 a
455 1266 744 1319 conventu
795 1260 1026 1317 feminae
1074 1260 1373 1316 abstinere
1418 1260 1649 1328 debere,
1685 1258 1824 1331 quia

172 1370 401 1413 necesse
428 1356 517 1409 est
538 1368 637 1408 eos
660 1350 915 1422 quotidie
939 1353 1150 1421 praesto
1172 1365 1301 1405 esse
1332 1348 1391 1403 in
1413 1347 1696 1416 Ecclesia,
1718 1363 1824 1402 nec

173 1445 381 1501 habere
406 1439 770 1505 dilationem,
799 1443 862 1494 ut
886 1442 1019 1510 post
1041 1441 1393 1493 conventum
1420 1435 1685 1506 legitime
1718 1453 1825 1508 pu-

175 1534 489 1598 riﬁcentur,
541 1530 695 1585 sicut
750 1532 992 1583 veteres.
1024 1525 1196 1581 Omni
1244 1524 1400 1579 enim
1453 1524 1830 1579 hebdomada

176 1620 530 1678 oii'erendum
578 1622 690 1682 est,
716 1615 946 1672 etiamsi
998 1631 1113 1669 non
1163 1609 1432 1685 quotidie
1474 1611 1828 1684 peregrinis,

1924 460 2102 531 gitur.

1995 549 2147 617 Quot
2178 551 2526 607 declaratum
2556 557 2634 605 est
2685 558 2746 609 in
2793 572 2980 625 carne,
3004 561 3375 631 justi/iculum
3424 569 3504 619 est
3533 566 3597 620 in

1920 640 2151 708 spiritu,
2179 642 2360 696 visum
2390 649 2469 695 est
2519 642 2757 710 angelis,
2783 646 3151 715 praedicatum
3197 654 3274 705 est
3319 654 3599 717 gentibus.

1922 726 2192 783 creditzliu
2224 737 2301 784 est
2330 731 2391 784 in
2421 730 2525 784 hoc
2566 731 2789 796 mundo,
2821 746 3159 807 assumptum
3188 748 3269 793 est
3301 743 3360 794 in
3389 742 3596 809 gloria.

1925 816 2377 873 Sacramentnm
2426 820 2696 889 mysterii
2744 821 2866 890 Dei,
2899 827 3051 894 quod
3104 833 3191 881 est
3236 828 3504 885 Christus
3534 831 3594 885 in

1927 921 2128 972 carne,
2161 907 2302 960 dicit
2343 906 2793 965 manifestatum
2827 914 2980 983 quod
3020 914 3238 971 latebat
3268 918 3324 971 in
3358 919 3593 989 spiritu.

1931 994 2121 1050 Natus
2151 996 2308 1050 enim
2359 996 2541 1051 homo
2596 997 2775 1053 Filius
2809 1001 2927 1065 Dei,
2963 1003 3062 1073 qui
3111 1005 3167 1059 in
3220 1014 3442 1062 secreto
3472 1013 3599 1064 erat

1932 1083 2092 1154 apud
2143 1089 2345 1150 Deum,
2392 1102 2593 1157 opere,
2626 1092 2683 1140 et
2732 1089 3141 1157 praedicatione
3189 1094 3504 1152 declaravit
3532 1115 3596 1155 se

1932 1176 2235 1227 creaturae.
2269 1174 2338 1228 Et
2384 1174 2495 1229 hoc
2538 1175 3043 1244 estjustilicatum
3076 1198 3204 1238 esse
3248 1183 3307 1239 in
3360 1186 3593 1257 spiritu,

1932 1260 2215 1331 operibus
2237 1266 2292 1316 et
2312 1261 2528 1318 virtute
2555 1262 2841 1321 claruisse
2864 1283 3019 1337 eum,
3046 1270 3146 1340 qui
3170 1278 3295 1327 erat
3317 1273 3376 1328 in
3399 1292 3593 1343 carne,

1933 1349 2069 1419 quis
2101 1354 2285 1417 esset;
2318 1351 2532 1407 deinde
2565 1355 2912 1423 apparuisse
2952 1358 3199 1429 angelis,
3239 1378 3351 1417 non
3376 1365 3504 1434 jam
3534 1362 3596 1419 in

1936 1436 2139 1490 formae
2172 1436 2526 1504 humilitate,
2562 1442 2664 1495 sed
2714 1442 2775 1496 in
2820 1449 3123 1515 potestate.
3157 1449 3384 1505 Tandiu
3440 1453 3597 1508 enim

1937 1529 2181 1594 aspectu
2215 1526 2456 1583 humilis
2488 1528 2652 1584 visus
2682 1534 2770 1585 est
2805 1549 2906 1603 per
2935 1551 3195 1603 carnem,
3220 1542 3478 1610 quandiu
3505 1542 3599 1597 de-

1937 1612 2097 1668 victa
2127 1620 2312 1670 morte
2358 1624 2693 1689 resurgeret
2723 1637 2758 1674 a
2788 1624 3037 1680 mortuis
3069 1631 3126 1680 et
3154 1627 3446 1685 videretur
3474 1648 3600 1686 ma-

172 1708 373 1766 incolis
398 1712 594 1764 tamen
617 1705 706 1762 vel
733 1706 826 1761 bis
854 1705 916 1759 in
948 1703 1347 1769 hebdomada;
1380 1705 1437 1756 et
1460 1717 1578 1755 non
1613 1701 1831 1755 desunt
1861 1738 1910 1802 B
1931 1701 2124 1771 jestas
2156 1703 2305 1773 ejus,
2329 1706 2429 1779 qui
2463 1712 2640 1763 natus
2674 1712 2737 1762 ut
2768 1709 2968 1781 homo,
2991 1730 3107 1769 non
3137 1722 3291 1787 erat,
3312 1723 3473 1774 totus
3503 1721 3609 1774 ho-

175 1799 267 1870 qui
296 1814 475 1871 prope
496 1794 762 1868 quotidie
784 1793 1152 1865 baptizentur
1170 1791 1332 1863 aegri.
1355 1794 1506 1846 Nam
1527 1789 1829 1844 veteribus

173 1872 294 1944 ideo
326 1900 675 1941 concessum
706 1887 814 1949 est,
840 1882 975 1953 quia
1010 1881 1197 1935 multo
1218 1884 1486 1950 tempore
1514 1878 1575 1933 in
1612 1877 1830 1948 templo

175 1992 284 2031 non
310 1973 685 2040 videbantur,
716 1972 817 2027 sed
861 1973 1027 2026 erant
1064 1972 1128 2023 ut
1158 1967 1388 2040 privati.
1417 1966 1480 2022 Si
1516 1966 1675 2021 enim
1710 1965 1831 2037 ple-

175 2065 261 2120 bis
291 2061 638 2118 hominibus
659 2059 941 2116 orationis
963 2074 1142 2113 causa
1163 2057 1232 2111 ad
1266 2062 1505 2127 tempus
1535 2055 1833 2111 abstinere

174 2169 233 2208 se
262 2150 550 2224 praecipit,
579 2155 644 2205 ut
672 2154 877 2205 vacent
898 2146 1149 2203 orationi
1174 2163 1187 2200 :
1215 2148 1435 2216 quanto
1469 2145 1665 2216 magis
1696 2144 1833 2199 levi-

170 2242 265 2309 tis,
296 2245 405 2296 aut
433 2239 842 2295 sacerdotibus
872 2239 1098 2307 oportet
1136 2233 1339 2290 orare?
1367 2233 1712 2288 Mundiores
1743 2250 1832 2288 er-

168 2346 237 2401 go
268 2345 402 2385 esse
429 2328 645 2383 debent
675 2326 923 2392 caeteris,
955 2325 1095 2397 quia
1126 2328 1351 2378 actores
1381 2324 1481 2377 Dei
1514 2326 1675 2378 sunt.

230 2437 358 2493 Haec
386 2436 493 2491 tibi
515 2435 717 2501 scribo,
746 2449 979 2504 sperans
1021 2447 1107 2487 me
1155 2432 1264 2486 cito
1312 2431 1501 2486 venire
1546 2430 1620 2485 ad
1675 2438 1742 2484 te.
1776 2430 1838 2485 Si

165 2530 356 2581 autem
390 2523 700 2582 tardavero.
731 2527 794 2577 ut
834 2523 977 2577 scias
1022 2518 1479 2591 quemadmodum
1505 2522 1757 2590 Oporteat
1789 2528 1839 2575 te

166 2615 224 2669 in
252 2613 423 2671 domo
463 2613 565 2667 Dei
608 2613 945 2675 conversari,
975 2624 1105 2681 quae
1145 2614 1227 2664 est
1256 2608 1496 2663 Ecclesia
1544 2609 1644 2662 Dei
1699 2609 1835 2671 vivi,

169 2704 463 2769 columna,
511 2711 561 2757 et
606 2701 1024 2769 ﬁrmamentum
1080 2698 1355 2752 veritatis.
1405 2696 1705 2759 Quantum
1766 2698 1837 2751 ad

167 2790 493 2848 scientiam
523 2789 651 2859 ejus
703 2787 1052 2859 pertinebat,
1084 2785 1194 2841 hoc
1240 2789 1362 2840 erat
1393 2785 1451 2839 in
1483 2801 1548 2839 eo
1575 2785 1734 2855 quod
1767 2786 1841 2839 ci-

164 2880 288 2936 tius
321 2878 505 2937 illum
550 2876 787 2933 visurus
816 2880 991 2931 esset.
1023 2875 1134 2930 Sed
1181 2874 1321 2946 quia
1351 2874 1500 2929 solet
1533 2873 1692 2928 aliud
1726 2873 1839 2929 Deo

160 2968 433 3041 placere,
458 2967 627 3037 cujus
658 2964 1023 3037 providentia
1055 2962 1168 3034 ipsi
1208 2962 1314 3018 soli
1347 2962 1581 3034 cognita
1610 2966 1719 3029 est,
1751 2962 1839 3016 id-

160 3059 321 3113 circo
358 3072 449 3111 ne
480 3056 647 3121 forte,
679 3053 897 3125 inquit,
929 3053 1179 3116 tardem,
1211 3051 1402 3106 scribo
1433 3050 1559 3121 tibi,
1592 3055 1658 3104 ut
1687 3051 1839 3106 scias

159 3145 482 3218 quomodo
504 3142 823 3199 Ecclesiam
857 3141 1112 3211 ordines,
1133 3157 1261 3211 quis
1290 3145 1379 3195 est
1400 3141 1609 3195 domus
1634 3140 1750 3205 Dei,
1776 3144 1841 3194 ut

158 3253 303 3291 cum
335 3237 519 3292 totus
548 3233 810 3288 mundus
858 3229 962 3286 Dei
992 3229 1072 3285 sit
1100 3229 1377 3294 Ecclesia,
1402 3234 1595 3283 tamen
1629 3229 1840 3283 domus

160 3325 295 3394 ejus
329 3321 695 3390 dicatur,cuj
707 3337 776 3376 us
797 3319 971 3374 hodie
997 3322 1188 3373 rector
1211 3321 1301 3372 est
1319 3317 1607 3372 Damasus
1633 3316 1836 3387 (1304).

155 3412 443 3468 Mundus
477 3409 638 3464 enim
670 3408 725 3464 in
759 3405 1234 3479 praevaricatione
1263 3410 1353 3461 est
1381 3406 1609 3460 diverso
1639 3407 1841 3460 turba-

154 3505 256 3557 tus
290 3515 531 3557 errore.
564 3498 699 3553 Ideo
747 3496 866 3552 illic
918 3511 1155 3550 necesse
1186 3499 1275 3549 est
1305 3494 1535 3549 dicatur
1581 3510 1709 3550 esse
1739 3495 1840 3550 do-

150 3606 297 3647 mus
320 3589 462 3657 Dei,
478 3592 539 3643 et
556 3586 790 3652 veritas,
811 3584 912 3640 ubi
940 3585 1266 3639 secundum
1287 3582 1647 3639 voluntatem
1671 3600 1840 3638 suam

152 3679 451 3747 timetur,
490 3675 599 3731 hoc
632 3674 1046 3745 profitentibus
1077 3674 1149 3727 de
1196 3688 1263 3727 eo
1306 3672 1509 3737 servis,
1532 3673 1685 3744 quod
1716 3671 1842 3744 ipse

150 3769 470 3841 dignatus
492 3769 584 3821 est
602 3764 864 3820 edocere.
890 3762 972 3818 Ne
996 3763 1139 3817 forte
1168 3762 1343 3817 verba
1370 3762 1498 3831 ejus
1518 3778 1645 3817 esse
1666 3778 1839 3833 nega-

150 3861 405 3913 rentur.
443 3852 768 3909 virtutibus
799 3851 922 3906 haec
973 3850 1244 3923 signavit,
1277 3866 1404 3921 quas
1444 3866 1479 3904 a
1521 3849 1682 3904 nullo
1729 3849 1843 3904 alio

148 3946 287 4003 fieri
340 3946 635 4017 possunt,
675 3946 741 3995 ut
783 3940 878 3995 his
928 3938 1244 3995 infidelitas
1294 3941 1568 3994 accusata
1611 3938 1843 3993 inexcu-

148 4033 382 4092 sabilis
421 4034 648 4104 pereat.
684 4030 1155 4085 Firmamentum
1187 4027 1344 4083 enim
1371 4026 1630 4083 veritatis
1666 4026 1846 4098 hujus

148 4123 344 4195 signa
379 4123 536 4177 sunt
567 4122 625 4174 et
652 4116 939 4190 prodigia.

220 4213 299 4267 Et
334 4208 584 4283 quidem
612 4208 861 4262 omnium
903 4206 1245 4275 con/essione
1285 4221 1547 4273 magnum
1575 4208 1655 4261 est
1684 4204 1848 4275 hujus

1940 1806 2079 1844 mo:
2116 1795 2179 1845 ut
2209 1800 2592 1864 agnoscentes
2626 1797 2816 1868 angeli
2854 1803 3222 1874 mysterium,
3249 1810 3401 1877 quod
3438 1812 3602 1880 prius

1942 1878 2141 1947 latuit,
2157 1880 2517 1937 declaratum
2541 1884 2600 1937 in
2624 1902 2817 1952 carne,
2834 1904 2984 1959 genu
3010 1890 3095 1945 illi
3119 1893 3413 1951 ﬂectentes
3434 1878 3603 1968 quasi

1941 1966 2064 2022 Deo
2094 1970 2313 2039 gratias
2355 1978 2553 2042 agant,
2578 1973 2719 2043 quia
2769 1976 3099 2034 didicerunt
3130 1966 3603 2056 veritatem,lqute

1943 2058 2226 2127 gentibus
2257 2060 2571 2129 praedicata
2600 2068 2711 2131 est,
2736 2068 2799 2118 ut
2838 2066 2909 2120 ab
2941 2083 3136 2125 errore
3180 2070 3601 2143 liberarentur;

1942 2144 2000 2199 in
2036 2164 2155 2218 quo
2202 2150 2459 2203 mundus
2520 2152 2769 2221 prolicit,
2818 2159 2881 2208 ut
2940 2174 3052 2212 non
3103 2160 3436 2218 damnetur.
3473 2165 3605 2219 Ideo

1944 2236 2104 2289 enim
2151 2237 2432 2292 creditum
2486 2246 2578 2294 est
2627 2243 2848 2298 mundo
2900 2246 2993 2299 Dei
3049 2256 3506 2321 sacramentum,
3540 2259 3607 2309 ut

1946 2324 2193 2395 perfidia
2218 2326 2345 2395 ejus
2376 2327 2607 2383 veniam
2641 2332 2855 2388 erroris
2890 2337 3099 2390 mereri
3134 2355 3248 2393 non
3281 2348 3496 2412 possit;
3531 2343 3608 2397 si-

1945 2418 2046 2468 cut
2078 2412 2219 2467 dicit
2250 2414 2537 2471 Dominus
2570 2418 2643 2473 de
2670 2419 2890 2476 Judaeis
2923 2440 2935 2477 :
2971 2424 3031 2478 Si
3075 2442 3185 2481 non
3237 2432 3523 2502 venissem,
3556 2441 3608 2489 et

1947 2502 2159 2557 locutus
2190 2504 2269 2557 eis
2295 2505 2546 2575 fuissem,
2567 2518 2848 2576 peccatum
2880 2528 2991 2567 non
3019 2515 3305 2572 haberent.
3330 2520 3484 2575 Nunc
3501 2538 3606 2577 au-

1947 2600 2059 2645 tem
2083 2594 2491 2648 excusationem
2511 2611 2622 2650 non
2646 2596 2849 2654 habent
2869 2600 2933 2656 de
2950 2610 3176 2672 peccato
3194 2624 3291 2662 suo
3312 2609 3487 2679 (Joan.
3512 2628 3606 2676 xv,

1944 2678 2038 2748 2‘2)
2062 2696 2073 2733 :
2101 2678 2240 2750 quia
2262 2681 2415 2751 quod
2439 2681 2596 2739 velut
2620 2685 2919 2744 infirmum
2943 2695 2999 2745 et
3024 2692 3282 2751 deforme
3304 2703 3606 2771 contemp-

1948 2772 2172 2835 serunt,
2198 2774 2572 2840 assumptum
2614 2778 2702 2829 est
2734 2776 2792 2830 in
2824 2777 3026 2848 gloria.
3055 2780 3190 2836 Post
3220 2801 3453 2842 crucem
3488 2806 3611 2843 ma-

1949 2856 2161 2910 nifesta
2192 2872 2437 2926 persona
2486 2864 2543 2913 et
2571 2862 2786 2918 virtute
2817 2883 2944 2931 sua,
2979 2867 3245 2925 Salvator
3291 2875 3485 2944 palam
3520 2878 3608 2930 ia-

1949 2944 2313 2998 mulantibus
2346 2947 2604 3005 nubibus
2635 2953 2900 3009 ascendit
2928 2954 3219 3025 gloriosus
3249 2960 3307 3014 in
3346 2963 3543 3018 cmlos.

2019 3050 2174 3120 (CAP.
2208 3050 2323 3121 IV.)
2355 3051 2599 3122 Spiritus
2641 3065 2825 3112 autem
2866 3063 3160 3131 manifeste
3189 3066 3348 3132 dicit,
3380 3071 3515 3139 quia
3546 3070 3609 3123 in

1947 3140 2258 3194 novissimis
2289 3143 2619 3212 temporibus
2660 3147 2915 3201 recedent
2954 3151 3178 3220 quidam
3211 3171 3246 3208 a
3275 3156 3401 3224 ﬁde,
3429 3162 3612 3213 atten-

1948 3227 2128 3281 dentes
2184 3229 2415 3297 spiritus
2468 3232 2711 3303 fallaces,
2762 3235 3039 3293 doctrinas
3087 3242 3493 3300 deemoniorum
3542 3247 3609 3301 in

1949 3316 2305 3370 simulatione
2359 3319 2807 3390 falsiloquorum,
2850 3330 3233 3384 cauteritatam
3282 3331 3608 3390 habentium

1948 3406 2342 3461 conscientiam
2369 3423 2549 3475 suam,
2580 3410 2989 3478 prohibentium
3019 3417 3245 3486 nubere,
3270 3421 3543 3480 abstinere
3572 3442 3609 3480 a

1949 3494 2104 3561 cibis,
2127 3510 2259 3564 quos
2291 3496 2432 3551 Deus
2460 3500 2667 3553 creavit
2694 3500 2765 3554 ad
2801 3505 3215 3575 percipiendum
3244 3527 3369 3566 cum
3393 3515 3607 3584 gratia-

1950 3600 2079 3637 rum
2105 3584 2319 3639 actione
2366 3586 2634 3657 ﬁdelibus,
2666 3592 2719 3643 et
2750 3590 2835 3645 his
2863 3596 2960 3663 qui
2986 3604 3353 3665 cognoverunt
3398 3605 3604 3658 verita-

1952 3678 2094 3733 tem;
2125 3674 2255 3742 quia
2285 3678 2463 3730 omnis
2488 3687 2742 3733 creatura
2773 3684 2877 3736 Dei
2906 3682 3065 3749 bona,
3100 3694 3150 3740 et
3180 3689 3327 3744 nihil
3355 3692 3607 3763 rejicien-

1952 3760 2103 3830 dum,
2135 3761 2281 3831 quod
2308 3779 2433 3818 cum
2460 3768 2772 3833 gratiarum
2800 3772 3012 3827 actione
3036 3777 3357 3846 percipitur.
3390 3760 3609 3836 Sancti-

1953 3850 2153 3920 ﬁcatur
2180 3852 2327 3904 enim
2354 3868 2457 3923 per
2483 3854 2709 3910 verbum
2738 3858 2835 3911 Dei
2880 3862 2930 3913 et
2973 3864 3299 3919 orationem.
3333 3867 3466 3929 Quae
3498 3870 3621 3923 sibi

1953 3936 2204 4009 Spiritus
2229 3944 2469 3996 sanctus
2492 3943 2688 3997 futura
2713 3945 3048 4003 revelaverit
3068 3951 3139 4004 ad
3163 3952 3609 4011 instructionem

1956 4024 2349 4082 Ecclesiarum
2381 4034 2440 4084 et
2466 4030 2777 4099 cautelam,
2813 4052 2927 4090 non
2962 4041 3132 4107 tacet,
3156 4043 3221 4094 ut
3251 4043 3609 4111 praemonita

1957 4114 2226 4171 Ecclesia;
2281 4116 2540 4173 sollicitae
2573 4118 2710 4190 sint,
2744 4139 2817 4177 ne
2866 4124 2938 4179 ab
2988 4124 3330 4197 hujusmodi
3379 4133 3611 4203 possint

1959 4205 2364 4260 circumveniri
2398 4206 2753 4265 hominibus.
2789 4212 2934 4276 Quid
2985 4215 3140 4269 enim
3189 4222 3310 4273 tam
3360 4219 3607 4291 clarum,

138 4302 409 4373 pietatis
444 4296 795 4368 mysterium.
825 4293 1064 4349 Nullum
1088 4292 1351 4348 ﬁdelium
1374 4293 1653 4349 admirari
1677 4298 1853 4365 negat
1958 4298 2198 4363 tamque
2229 4300 2495 4365 apertum
2530 4298 2599 4351 ad
2632 4299 2957 4369 evitandos,
2982 4309 3082 4358 aut
3113 4307 3300 4379 magis
3332 4311 3607 4366 condem-

142 4388 637 4446 sacramentum
660 4383 922 4439 veritatis
945 4383 1003 4437 in
1028 4382 1286 4437 Ecclesia
1310 4381 1652 4453 praedicatis,
1673 4399 1846 4453 quam
1963 4384 2188 4438 nandos
2208 4384 2484 4439 doctrina:
2512 4385 2691 4457 hujus
2714 4390 3001 4459 pertilerie
3019 4394 3192 4461 viros,
3219 4398 3410 4467 potuit
3430 4399 3616 4453 mani-

144 4479 472 4550 pietatem
496 4470 774 4544 appellat.
794 4470 1273 4543 Magnanimitate
1293 4470 1450 4525 enim
1470 4476 1527 4525 et
1545 4470 1854 4527 clementia
1881 4475 1929 4539 D
1960 4473 2107 4527 festa
2134 4488 2273 4526 voce
2305 4475 2556 4543 praefari,
2580 4476 2689 4530 nisi
2742 4483 2805 4532 ut
2843 4484 3328 4539 asseverationem
3384 4501 3610 4558 eorum,

141 4586 265 4624 sua
300 4561 829 4636 cognoscentibus
860 4577 923 4616 se
952 4559 1148 4615 divina
1176 4559 1380 4615 tribuit
1411 4561 1583 4629 dona,
1609 4566 1850 4633 excepta
1960 4559 2219 4616 fallacem
2240 4577 2305 4615 ac
2323 4562 2662 4619 simulatam
2678 4566 3003 4623 doctrinam
3022 4570 3448 4630 daemoniorum
3466 4592 3615 4631 nun-

220 4778 651 4851 (1304)_Anno
682 4774 896 4851 Christi
1062 4779 1291 4851 creatus
1324 4774 1433 4851 fuit
1464 4774 1851 4851 papa_Dama-

139 4846 283 4908 sus.
324 4848 718 4921 Obiitianno
764 4848 899 4921 384.,
928 4847 1098 4901 Divus
1149 4846 1494 4900 Ambrosius
1543 4846 1852 4921 episcopus

139 4928 424 4982 creatus
469 4920 581 4974 fuit
620 4935 772 4973 anno
803 4920 928 4979 374,
953 4923 1218 4973 mortuus
1247 4934 1379 4971 vero
1421 4934 1574 4971 anno
1605 4919 1730 4972 397.
1764 4919 1856 4972 Hi—

137 4998 363 5053 larius
406 4991 708 5069 diacopus
732 5006 883 5069 anno
914 4990 1042 5069 362ἶ
1065 4987 1311 5069 Luciferi
1335 4990 1460 5057 jam
1484 4987 1677 5069 socius
1707 4988 1855 5067 lega-

136 5068 354 5123 tionis
435 5062 517 5116 ad
566 5061 972 5116 Constantium
1030 5061 1438 5130 imperatorem
1501 5059 1855 5115 [.uciferiano

133 5133 513 5197 schismati
535 5131 781 5187 adhaesit
798 5148 982 5201 usque
1001 5132 1070 5186 ad
1091 5128 1608 5201 rebaptizationem
1632 5145 1853 5197 eorum,

134 5212 251 5282 qui
289 5203 685 5282 agghrianis
718 5200 997 5282 baptiaati
1027 5206 1210 5282 erant.
1229 5200 1412 5282 Quod.
1435 5200 1693 5282 sebisma
1723 5217 1856 5282 cum

132 5270 289 5365 i‘pso
333 5274 585 5333 Hilario
617 5275 731 5365 citro
764 5270 933 5365 periit
962 5277 1196 5365 a‘ucto‘re
1229 5270 1453 5325 Fleurio
1480 5270 1621 5351 hist.
1650 5273 1858 5365 eccles.

130 5340 255 5411 lib.
287 5366 414 5414 xv,
449 5361 622 5425 num.
653 5346 744 5425 29.
764 5340 873 5399 Hic
905 5340 1097 5425 autem
1126 5347 1409 5425 tanquam
1440 5340 1637 5425 vivens
1670 5345 1856 5425 poﬁnti-

135 5427 246 5482 fex
286 5413 625 5495 aeaeritur
649 5416 979 5495 Damasus.
1006 5416 1299 5495 Frequens
1331 5413 1526 5495 citatio
1552 5413 1692 5495 .divi
1724 5416 1860 5471 Gre—

138 5493 350 5573 gorii,
380 5496 476 5573 et_
501 5486 727 5573 in‘ﬁnita
739 5487 861 5573 alia
882 5485 1247 5573 argumenta,
1271 5500 1403 5573 qu?
1421 5485 1861 5573 nimislongqm

140 5555 364 5633 Esset,
408 5562 490 5616 et
521 5558 622 5617 abs
650 5574 711 5617 re
739 5557 835 5616 hic
864 5555 1093 5627 reférre,
1114 5562 1171 5615 et
1192 5555 1322 5632 quas
1351 5555 1541 5613 fusius
1572 5555 1631 5613 in
1662 5555 1864 5630 prisfa.

1960 4775 2138 4849 tione,
2174 4777 2421 4849 probant
2451 4781 2686 4831 caeteras
2731 4779 3029 4849 epistolas,
3064 4782 3223 4839 hisce
3254 4786 3324 4841 ad
3356 4787 3616 4842 Thessa-

1961 4847 2287 4923 lonicenses
2319 4847 2948 4923 duabus,_(_luabusque
2994 4847 3063 4907 ad
3110 4857 3481 4912 Timotheum
3515 4876 3610 4913 ex-

1964 4919 2167 4989 ceptis,
2202 4917 2372 4988 longe
2421 4923 2554 4990 post
2583 4917 2870 4976 Hilarium
2899 4930 2953 4977 et
2982 4926 3182 4981 divum
3232 4930 3609 4984 Ambrosium

1963 4990 2430 5067 espositasesse
2466 5007 2477 5043 :
2508 4990 2607 5067 _inA
2645 4992 2849 5067 primis
2899 4996 3123 5052 scilicet
3170 5000 3241 5053 ad
3296 5001 3609 5067 Romanos,

1965 5060 2418 5139 adgorinthios,
2454 5062 2524 5115 ad
2568 5060 2822 5131 Galatas,
2858 5070 2989 5139 etc.,
3027 5085 3213 5139 usque
3244 5072 3313 5124 ad
3348 5070 3508 5124 illam
3541 5060 3613 5124 ad

1966 5131 2370 5207 Philippenses
2403 5132 2571 5207 longe
2618 5141 2709 5207 est
2757 5131 3038 5207 expositio
3090 5131 3209 5196 haec
3241 5142 3311 5194 ab
3347 5140 3447 5194 illa
3476 5141 3612 5195 Am-

1968 5203 2345 5281 brosias-tri}
2404 5203 2544 5275 quid
2604 5203 2872 5281 dicamus
2929 5210 2998 5262 de
3057 5210 3149 5265 his
3207 5210 3483 5281 Epistolis
3543 5212 3614 5267 ad

1968 5273 2519 5330 Thessalonicenses
2552 5280 2608 5329 et
2638 5278 3033 5344 Timotheum,
3066 5280 3231 5335 valde
3256 5273 3478 5336 'incerti
3513 5299 3613 5338 su-

1972 5362 2123 5409 mus,
2160 5346 2377 5401 mentio
2410 5346 2502 5401 hic
2536 5347 2605 5401 de
2636 5348 2887 5404 Damaso
2923 5366 3179 5405 cozevum
3213 5352 3450 5408 redolet.
3476 5357 3617 5410 Pos-

1970 5422 2059 5473 set
2084 5421 2282 5495 tamen
2314 5417 2446 5495 haec
2478 5433 2620 5495 esse
2653 5437 2722 5475 ex
2768 5421 2840 5495 iis
2888 5420 3462 5495 interp‘olationibus,
3494 5442 3618 5495 quas

1971 5488 2295 5564 sepissime
2325 5488 2450 5564 fieri
2483 5489 2748 5547 solebant
2778 5492 2849 5548 ab
2892 5488 3343 5564 expositoribus.
3373 5488 3524 5555 Vide
3550 5499 3621 5560 de

1971 5560 2081 5618 hac
2111 5578 2171 5619 re
2202 5561 2621 5634 praefationem.
