4014 6174
462 301 580 361 675

1483 294 1823 356 ATTONIS
1869 291 2453 355 VERCELLENSIS
2499 292 2847 355 EPISCOPI
3683 306 3770 369 676

466 435 726 503 cuperet,
751 433 816 482 ut
843 444 976 483 cum
999 426 1178 498 hujus
1210 428 1658 483 asseverationis
1684 441 1980 482 sermones
2012 443 2109 479 au-
2139 428 2191 492 Α
2222 425 2280 479 in
2313 425 2740 497 disputationes
2772 425 3133 496 hujusmodi.
3168 426 3365 483 Pietati
3392 432 3564 485 autem
3590 448 3772 504 operam

465 523 728 584 diuntur,
780 536 812 572 a
862 517 1092 572 diabolo
1139 518 1464 586 composita
1520 533 1647 571 esse
1696 516 1960 570 doctrina
1993 515 2113 569 haec

465 609 734 672 sciretur,
759 622 936 678 quam
967 605 1307 676 praedixerat
1326 606 1578 676 Spiritus
1609 609 1866 670 sanctus,
1893 621 2020 675 quae
2042 604 2111 657 de

462 695 862 752 incarnatione
908 693 1224 748 Salvatoris
1274 693 1485 748 asserit
1513 692 1675 762 falsa,
1705 710 1831 763 quae
1867 709 2019 747 nunc
2050 692 2110 745 in

465 783 848 847 Marcionitis,
871 781 1138 852 quamvis
1170 798 1317 852 pene
1360 781 1802 851 defecerinl,vel
1844 781 2108 836 Patritia-

465 875 557 929 nis
581 873 783 944 (1305),
817 875 916 924 aut
938 869 1189 925 maxime
1211 871 1267 924 in
1294 870 1629 924 Manichaeis
1660 869 2010 924 denotatur?
2043 868 2109 923 Hi

464 962 620 1019 enim
651 965 708 1016 et
735 959 1030 1014 Christum
1063 963 1266 1014 natum
1298 963 1535 1029 negant,
1568 963 1624 1012 et
1653 959 1888 1029 nuptias
1921 958 2111 1028 prohi-

464 1051 622 1117 bent,
646 1054 702 1103 et
731 1047 1144 1102 abstinendum
1175 1063 1209 1101 a
1239 1045 1383 1102 cibis
1404 1047 1665 1100 tradunt.
1691 1048 1948 1109 Quorum
1974 1063 2106 1100 cau-

463 1139 733 1194 teriatam
783 1135 925 1191 dicit
971 1134 1412 1201 conscientiam,
1444 1134 1553 1188 hoc
1601 1139 1689 1189 est
1737 1135 2110 1190 simulatione

464 1231 817 1298 corruptam,
843 1225 982 1295 quia
1012 1224 1165 1278 sicut
1186 1222 1507 1277 cauterium
1537 1223 1756 1278 corium
1789 1223 2110 1295 corrumpit

464 1322 521 1372 et
549 1320 746 1371 notam
793 1312 1022 1384 inﬂigit,
1055 1311 1135 1365 ita
1164 1316 1220 1365 et
1250 1310 1479 1366 fallacia
1509 1313 1946 1378 conscientiam,
1982 1329 2110 1383 quas

468 1404 598 1460 dolo
617 1400 1035 1458 malevolentiae
1062 1399 1218 1453 aliud
1243 1401 1372 1468 scit,
1396 1404 1452 1454 et
1477 1399 1634 1454 aliud
1659 1401 1984 1470 profitetur,
2009 1401 2105 1455 de-

467 1498 632 1549 notat
662 1492 732 1546 ad
767 1489 1170 1561 perditionem.
1195 1488 1324 1542 Jam
1355 1488 1510 1542 enim
1541 1488 1842 1544 immutari
1871 1489 1976 1544 hos
2009 1507 2107 1544 ne-

464 1585 582 1653 gat,
598 1584 663 1633 ut
677 1575 1139 1647 salventur,quia
1156 1576 1307 1630 sicut
1325 1577 1648 1631 cauterium
1671 1577 1812 1632 imm
1824 1579 1971 1632 utari
1992 1596 2106 1633 non

465 1673 678 1741 potest,
703 1667 784 1722 ita
810 1681 914 1720 nec
939 1681 1138 1721 eorum
1161 1664 1394 1720 animus
1415 1666 1744 1733 emendari;
1779 1666 1926 1720 nihil
1950 1668 2105 1722 enim

465 1759 633 1830 pejus
681 1754 1074 1812 simulatione.
1107 1753 1276 1808 Tales
1321 1753 1479 1808 enim
1530 1755 1583 1808 lii
1636 1760 1794 1820 sunt,
1821 1755 2022 1827 quales
2053 1760 2110 1810 et

462 1845 648 1902 Judaei
692 1844 796 1911 illi,
832 1843 931 1914 qui
979 1841 1371 1914 intelligentes
1402 1843 1699 1897 Christum
1749 1845 1845 1898 Dei
1899 1845 2108 1900 virtute

461 1933 709 2007 operari,
729 1934 786 1987 in
804 1931 1124 1988 Beelzebub
1148 1931 1270 1986 haec
1287 1933 1357 1985 ab
1378 1947 1444 1986 eo
1466 1933 1588 1986 fieri
1612 1933 2101 2002 dicebantWalth.

461 2041 552 2091 xx,
575 2023 673 2089 21s;
697 2022 859 2076 Marc.
884 2037 968 2088 ιιι,
993 2021 1089 2086 22;
1114 2024 1240 2075 Luc.
1265 2037 1342 2085 x1,
1373 2020 1478 2091 15).
1504 2020 1576 2075 Ut
1600 2023 1755 2075 enim
1782 2022 2106 2077 Fabricato-

460 2130 581 2169 rem
614 2109 870 2167 hominis
902 2108 1054 2164 male
1095 2113 1360 2175 tractent,
1397 2125 1529 2163 cum
1563 2114 1731 2164 natos
1764 2127 1825 2164 se
1857 2127 1970 2166 non
2003 2114 2102 2166 do-

458 2202 634 2267 leant,
669 2199 900 2269 nuptias
934 2202 1130 2251 tamen
1165 2197 1494 2267 prohibent,
1520 2205 1575 2252 et
1607 2199 1834 2253 Christo
1867 2215 2103 2255 carnem

459 2288 835 2354 subtrahunt,
871 2293 926 2340 et
955 2290 1020 2339 ut
1051 2285 1122 2340 ad
1167 2287 1293 2356 ejus
1340 2284 1620 2355 injuriam
1671 2289 1997 2358 proficiant,
2032 2291 2102 2344 ab

458 2377 572 2443 his,
593 2393 719 2448 quas
753 2376 959 2430 usibus
990 2373 1207 2428 nostris
1250 2373 1528 2440 instituit,
1553 2375 1967 2431 abstinendum
2002 2379 2102 2432 do-

458 2471 612 2529 cent,
645 2471 711 2521 ut
757 2481 860 2536 per
915 2464 972 2517 id
1031 2462 1185 2534 quod
1218 2462 1645 2533 despiciuntur,
1681 2465 1835 2519 mala
1893 2482 2019 2521 esse
2047 2471 2105 2520 et

460 2555 612 2611 malo
665 2558 902 2609 auctore
957 2551 1191 2605 inventa
1246 2550 1568 2606 videantur.
1605 2553 1750 2607 Hinc
1802 2559 1891 2607 est
1949 2555 2102 2610 unde

457 2643 773 2716 Apostolus
803 2639 1001 2695 omnia
1031 2656 1064 2693 a
1096 2643 1206 2693 Deo
1230 2639 1381 2692 bona
1413 2639 1566 2694 facta
1595 2655 1722 2694 esse
1753 2641 2024 2706 ostendit,
2051 2642 2100 2696 si

457 2740 654 2788 tamen
678 2746 811 2786 cum
835 2728 1158 2800 gratiarum
1181 2729 1408 2781 actione
1432 2732 1762 2782 sumantur.
1797 2730 2104 2786 [mmunda

457 2820 613 2877 enim
645 2823 815 2874 erunt
846 2817 897 2872 ei
945 2816 1045 2887 qui
1097 2833 1210 2870 non
1242 2817 1444 2870 laudat
1495 2817 1554 2870 in
1605 2817 1696 2871 his
1748 2820 2098 2873 Creatorem.

456 2911 581 2966 Non
616 2908 771 2964 enim
803 2909 1050 2978 possunt
1097 2905 1243 2960 bene
1271 2903 1358 2958 illi
1400 2905 1696 2976 proﬁcere,
1729 2907 1829 2977 qui
1878 2908 1960 2961 sic
2005 2907 2102 2962 illa

456 2998 660 3062 sumit,
694 3001 760 3051 ut
795 2994 946 3050 male
974 2997 1179 3049 tractet
1208 2995 1518 3048 Auctorem
1549 3010 1771 3049 eorum.

529 3091 660 3142 Haec
684 3087 856 3156 igitur
883 3098 1190 3154 preponens
1209 3081 1498 3152 fratribus,
1526 3082 1694 3137 bonus
1713 3085 1820 3138 eris
1849 3084 2103 3140 minister

2222 515 2473 569 dandam
2501 533 2624 569 com
2637 515 2996 586 monet,quia
3015 517 3294 586 grandem
3317 517 3479 572 habet
3500 521 3774 590 profectum.

2221 604 2325 668 Qui
2359 604 2515 658 enim
2558 603 2971 659 misericordiae
3018 604 3254 660 student
3296 605 3611 674 senioribus,
3636 611 3773 667 vicem

2221 693 2529 747 reddentes
2553 693 2917 764 parentibus,
2937 696 2992 747 et
3013 692 3069 748 in
3093 695 3360 764 praesenti
3380 694 3489 750 vita
3508 697 3689 753 auxilia
3704 700 3777 756 Dei

2222 798 2338 835 non
2373 782 2618 835 deerunt
2646 780 2784 846 illis,
2813 786 2869 835 et
2917 781 2976 835 in
3005 782 3198 836 futuro
3229 782 3682 841 immortalitatem
3707 787 3778 842 ha-

2219 869 2439 924 bebunt
2469 886 2600 924 cum
2636 869 2837 940 gloria.
2864 870 3214 925 Exercitium
3241 875 3429 925 autem
3459 873 3709 944 corporale
3731 877 3779 930 ad

2221 958 2517 1012 modicum
2551 957 2691 1012 utile
2723 957 2883 1012 dicit.
2915 957 3192 1028 Jejunare
3221 959 3393 1024 enim,
3421 964 3474 1014 et
3499 961 3739 1018 abstinere
3759 981 3781 1019 a

2219 1046 2387 1112 cibis,
2422 1051 2693 1101 manente
2742 1046 3085 1102 auctoritate
3110 1047 3408 1114 Creatoris,
3441 1065 3545 1103 non
3588 1050 3779 1106 multum

2219 1135 2478 1205 prodest,
2505 1135 2616 1190 nisi
2651 1140 2715 1190 ut
2736 1136 2907 1189 detur
2937 1135 3074 1190 huic
3105 1135 3308 1207 pietas,
3332 1137 3491 1206 cujus
3510 1153 3662 1208 opera
3677 1139 3783 1193 mul-

2220 1227 2410 1278 torum
2445 1224 2716 1293 precibus
2747 1224 3062 1293 adjuvetur
3092 1223 3160 1278 ad
3189 1223 3492 1279 Dominum
3523 1241 3782 1296 promeren-

2219 1313 2380 1366 dum.
2427 1312 2684 1382 Denique
2743 1311 2896 1382 illos,
2931 1312 3028 1384 qui
3089 1313 3363 1368 fratribus
3410 1312 3544 1384 largi
3595 1318 3720 1384 sunt,
3743 1321 3782 1370 et

2216 1400 2392 1454 variis
2425 1400 2614 1456 titulis
2645 1401 3052 1472 obsequentes,
3085 1401 3147 1456 in
3176 1401 3353 1455 vitam
3384 1404 3632 1457 aeternam
3659 1404 3782 1474 proﬁ-

2218 1504 2347 1544 cere
2377 1489 2756 1560 Evangelicus
2788 1507 2979 1544 sermo
3011 1493 3294 1556 testatur;
3328 1489 3694 1546 dissentientes
3717 1508 3782 1546 au-

2216 1580 2336 1631 tem
2369 1578 2439 1632 ab
2474 1577 2582 1632 hoc
2612 1594 2805 1649 opere,
2828 1578 2886 1632 in
2909 1581 3193 1633 aeternum
3218 1578 3432 1650 ignem.
3455 1578 3688 1647 Corporis
3711 1595 3780 1632 au-

2218 1671 2334 1721 tem
2367 1666 2706 1720 exercitium
2739 1666 2884 1721 nihil
2912 1666 3073 1721 aliud
3097 1683 3276 1738 quam
3298 1667 3484 1722 carnis
3503 1667 3645 1722 frena
3668 1671 3779 1721 sunt.

2217 1755 2276 1809 Si
2309 1757 2441 1826 quis
2473 1772 2628 1826 ergo,
2653 1755 2791 1826 quia
2842 1755 3244 1811 misericordia
3273 1771 3482 1827 magna
3511 1772 3593 1810 res
3619 1755 3780 1825 est,lu-

2215 1844 2442 1898 bricum
2468 1847 2663 1899 tamen
2686 1844 2882 1899 carnis
2904 1843 3180 1914 patiatur,
3200 1843 3532 1915 hujusmodi
3552 1843 3670 1914 quid
3688 1842 3782 1898 ﬂet?

2215 1932 2350 1986 Sine
2385 1932 2561 1987 dubio
2586 1931 2902 2004 vapulabit,
2927 1932 3066 2004 quia
3097 1932 3242 1986 illud
3267 1937 3485 2003 oportet
3505 1931 3631 2002 ﬁeri,
3651 1931 3781 1986 ethoc

2217 2021 2458 2076 minime
2483 2020 2867 2092 praetermitti.
2895 2021 2956 2076 Si
2988 2027 3179 2076 autem
3227 2019 3416 2076 solum
3462 2019 3686 2092 corporis
3709 2018 3780 2073 hs-

2219 2109 2344 2162 liuit
2374 2109 2734 2173 exercitium,
2765 2125 3050 2181 perennes
3083 2125 3285 2180 pcenas
3317 2109 3576 2180 patietur,
3605 2108 3725 2162 sicut
3744 2105 3780 2159 in

2214 2197 2523 2268 Evangelio
2551 2198 2834 2253 Dominus
2857 2197 3212 2269 repromisit.
3229 2196 3430 2252 Omnis
3450 2196 3592 2252 enim
3613 2210 3782 2250 summa

2213 2285 2538 2356 disciplinae
2571 2291 2784 2341 nostra)
2836 2287 2895 2340 in
2941 2286 3344 2342 misericordia
3388 2291 3444 2341 et
3490 2286 3671 2356 pietate
3707 2288 3780 2338 est.

2213 2373 2385 2428 Aliud
2419 2379 2612 2430 tamen
2647 2375 2987 2430 exercitium
3027 2376 3290 2446 corporis
3333 2375 3541 2430 habent
3567 2370 3779 2438 carnales,

2214 2468 2270 2516 et
2290 2462 2447 2518 aliud
2478 2463 2791 2534 spiritales.
2817 2463 3090 2520 Carnales
3114 2464 3274 2519 enim
3298 2463 3496 2535 sagina
3515 2466 3565 2517 et
3585 2460 3782 2533 pastibus

2215 2552 2484 2606 nutriunt
2523 2568 2766 2622 corpora
2798 2569 2926 2617 sua,
2959 2557 3024 2606 ut
3053 2551 3228 2606 celeri
3263 2557 3421 2607 motu
3446 2549 3714 2623 proﬁciant
3732 2547 3778 2600 ad

2212 2640 2632 2710 perditionem;
2657 2639 2947 2711 spiritales
2969 2646 3163 2695 autem
3181 2641 3412 2711 jejunis
3430 2644 3482 2695 et
3503 2634 3782 2693 abstinentia

2211 2733 2539 2799 temperant
2569 2745 2812 2800 corpora
2859 2746 2986 2799 sua,
3019 2736 3082 2783 ut
3113 2731 3281 2801 pigra
3329 2731 3475 2784 facta
3519 2728 3652 2782 circa
3673 2724 3778 2778 desi-

2212 2817 2391 2883 deria,
2413 2817 2653 2888 ’possint
2682 2817 2858 2888 digna
2889 2833 3015 2872 esse
3045 2817 3246 2872 futura
3281 2816 3688 2873 resurrectione.
3715 2809 3782 2864 llic

2210 2906 2367 2963 enim
2400 2909 2636 2976 propter
2673 2922 2836 2977 spem
2887 2906 3143 2960 futuram
3191 2906 3440 2978 castigat
3484 2897 3782 2975 corpus;ille

2210 3010 2341 3050 vero
2401 2997 2634 3065 propter
2693 2994 2874 3048 futuri
2932 2995 3400 3065 desperationem
3456 2994 3778 3061 fovet,curam

2211 3085 2339 3151 ejus
2371 3099 2549 3154 agens
2582 3082 2649 3136 ad
2695 3087 2952 3172 tempus,
2984 3089 3048 3137 ut
3089 3089 3393 3139 moveatur
3421 3082 3580 3138 citius
3606 3080 3665 3135 ad
3694 3090 3782 3148 pec-

460 3177 665 3231 Christi
689 3179 840 3244 Jesu,
873 3173 1148 3228 enutritus
1177 3171 1359 3225 verbis
1386 3170 1534 3239 ﬁdei,
1557 3179 1612 3225 et
1630 3173 1786 3228 bon-ae
1815 3172 2100 3240 doctrinae,
2136 3162 2176 3225 C
2217 3172 2490 3227 candum.

455 3283 620 3337 quam
648 3267 924 3320 assecutus
951 3278 1027 3316 es.
1053 3259 1201 3324 Quid
1244 3264 1364 3314 tam
1414 3276 1635 3326 verum,
1663 3261 1801 3331 quid
1833 3266 1953 3316 tam
1987 3262 2101 3316 cla-

456 3372 610 3420 rum,
639 3371 705 3408 ac
738 3351 1067 3424 providum,
1093 3349 1206 3404 nisi
1237 3353 1302 3403 ut
1331 3347 1642 3418 disciplina
1664 3349 1992 3405 Christiana
2020 3351 2104 3405 in-

456 3447 730 3512 corrupta
757 3441 1126 3506 tradatur,ut
1148 3438 1373 3491 fructus
1395 3437 1523 3504 ejus
1555 3437 1610 3489 in
1639 3454 1774 3492 area
1805 3439 2104 3493 Dominica

456 3531 664 3586 fertilis
695 3545 759 3584 ac
791 3529 1000 3582 firmus
1047 3523 1449 3580 collaudetur?
1497 3529 1616 3578 Hoc
1653 3530 1762 3593 est,
1790 3531 1856 3579 ut
1905 3526 1963 3580 in
2011 3527 2104 3581 die

449 3619 661 3691 judicii
695 3634 808 3673 non
842 3615 1144 3686 reprobus,
1167 3617 1224 3668 et
1255 3613 1376 3683 igni
1405 3613 1839 3668 comburendus
1869 3631 2104 3670 censea-

456 3713 572 3764 tur.
607 3707 724 3761 Hoc
773 3703 907 3760 boni
947 3701 1204 3758 doctoris
1251 3706 1341 3756 est
1385 3704 1559 3770 atque
1608 3699 1799 3755 idonei
1850 3703 2104 3757 ministri

458 3794 690 3851 Domini
731 3794 874 3850 Jesu
905 3790 1140 3860 Christi,
1165 3789 1380 3860 quippe
1411 3805 1545 3843 cum
1576 3789 1896 3845 enutritum
1948 3791 2104 3846 hunc

458 3885 614 3941 dicat
641 3882 830 3941 verbis
875 3880 1032 3946 ﬁdei,
1066 3883 1122 3934 et
1153 3879 1315 3933 bonas
1365 3878 1661 3940 doctrinae,
1696 3895 1874 3949 quam
1908 3881 1980 3934 ab
2011 3881 2103 3935 in-

457 3973 642 4030 fantia
671 3978 1010 4028 assecutum
1039 3967 1196 4022 hunc
1237 3966 1466 4020 asserit.
1501 3966 1608 4030 Qui
1657 3967 1813 4021 enim
1861 3969 2104 4037 integris

458 4063 734 4120 omnibus
764 4059 1138 4115 Hebraeorum
1184 4054 1350 4109 libris
1382 4055 1646 4110 imbutus
1693 4061 1837 4126 erat,
1870 4063 2105 4128 accepta

457 4154 572 4208 fide
602 4151 920 4223 perfectum
955 4145 1087 4201 fecit
1111 4145 1428 4199 doctorem.

529 4242 803 4310 Profanos
831 4241 1037 4300 autem,
1068 4242 1121 4289 et
1147 4233 1324 4288 aniles
1363 4233 1586 4302 fabulas
1615 4235 1814 4302 almae,
1846 4249 2104 4289 exercens

455 4331 810 4396 temetipsum
837 4327 906 4380 ad
932 4326 1216 4396 pietatem.
1252 4321 1560 4392 Corporalis
1598 4323 1746 4376 enim
1783 4325 2104 4378 exercitatio

457 4419 528 4474 ad
556 4417 830 4473 modicum
855 4415 1008 4469 utilis
1050 4421 1163 4473 est;
1192 4403 1378 4482 piatas
1420 4418 1604 4464 autem
1633 4409 1702 4463 ad
1730 4413 1916 4465 omnia
1946 4412 2103 4466 utilis

2280 3261 2480 3315 Fidelis
2520 3275 2698 3314 sermo
2744 3263 2794 3314 et
2837 3260 2989 3314 omni
3017 3262 3329 3331 acceptione
3375 3261 3578 3331 dignus.
3639 3254 3786 3310 Adhoc

2210 3352 2360 3404 enim.
2393 3349 2730 3414 laboramus,
2753 3353 2805 3403 et
2831 3351 3241 3419 persecutiones
3270 3352 3541 3421 patimur,
3571 3347 3686 3418 quia
3705 3355 3786 3412 spe-

2212 3454 2397 3492 ramus
2429 3439 2489 3491 in
2519 3438 2689 3491 Deum
2716 3439 2925 3499 vivum,
2952 3439 3051 3506 qui
3081 3446 3160 3493 est
3187 3439 3465 3494 salutaris
3490 3437 3704 3492 omnium
3725 3429 3787 3482 ho-

2210 3529 2447 3595 minum,
2481 3527 2725 3579 maxime
2755 3526 3022 3595 ﬁdelium.
3061 3526 3310 3597 Dignum
3341 3532 3430 3583 est
3463 3526 3636 3598 plane,
3661 3527 3705 3576 et
3726 3531 3787 3572 ac-

2213 3620 2376 3685 cepto
2410 3615 2712 3668 ferendum
2749 3630 2850 3684 pro
2883 3630 3152 3685 spe,quze
3175 3617 3350 3672 estin
3377 3621 3504 3678 Deo,
3525 3611 3629 3685 pati
3651 3619 3788 3682 perse

2211 3705 2497 3766 cutiones,
2520 3701 2659 3771 quia
2689 3700 2748 3755 in
2783 3702 3054 3772 praesenti
3087 3703 3204 3756 vita
3249 3720 3384 3776 spes
3415 3703 3618 3759 caduca
3640 3701 3727 3762 est,
3749 3693 3788 3746 in

2212 3789 2602 3863 promissione
2651 3795 2848 3845 autem
2881 3790 3003 3856 Dei,
3037 3791 3207 3845 firma
3257 3797 3432 3864 atque
3463 3789 3682 3846 stabilis.
3701 3785 3789 3855 Ipso

2212 3883 2300 3936 est
2329 3879 2485 3934 enim
2517 3877 2678 3933 salus
2710 3878 2997 3940 omnium.
3018 3879 3156 3950 quia
3176 3895 3248 3934 ex
3277 3881 3423 3952 ipso,
3447 3885 3502 3934 et
3531 3894 3621 3950 per
3646 3876 3787 3946 ipsum

2209 3971 2430 4033 vivunt,
2451 3973 2738 4038 quantum
2771 3967 2840 4021 ad
2868 3972 3208 4037 praesentem
3231 3970 3410 4024 vitam
3440 3969 3681 4040 pertinet,
3699 3974 3788 4017 om-

2212 4075 2345 4120 nes;
2378 4062 2668 4127 quantum
2698 4072 2832 4110 vero
2854 4057 2926 4110 ad
2957 4057 3314 4128 promissam
3344 4057 3602 4122 salutem,
3621 4048 3786 4107 ﬁdeles.

2211 4144 2703 4218 Cognoscentihus
2763 4144 2918 4199 enim
2980 4161 3063 4212 se,
3107 4149 3243 4216 post
3294 4148 3444 4202 hanc
3498 4145 3673 4208 vitam,
3700 4150 3787 4209 qua

2214 4238 2398 4290 morte
2419 4234 2642 4299 ﬁnitur,
2656 4231 2832 4287 aliam
2856 4233 3127 4289 daturam
3154 4237 3443 4306 promisit,
3468 4250 3586 4306 que
3613 4231 3790 4284 immor-

2211 4324 2433 4378 talitate
2461 4322 2696 4394 vigebit.
2731 4321 2863 4376 Ideo
2895 4337 3030 4394 ergo
3063 4323 3165 4390 ait,
3197 4328 3447 4380 maxime
3472 4323 3704 4395 ﬁdelium.

2282 4413 2530 4483 l’raecipe
2559 4411 2698 4477 haec,
2727 4418 2776 4465 et
2822 4409 2966 4466 doce.
3001 4413 3166 4466 Nemo
3187 4412 3676 4482 juventulemtuam
3698 4415 3789 4457 con-

455 4512 555 4572 est,
587 4505 1010 4577 promissionem
1053 4501 1257 4555 habens
1285 4501 1413 4552 vitae
1441 4499 1732 4568 praesentis
1779 4502 1830 4552 et
1875 4501 2101 4568 futurae.
2135 4524 2182 4586 Β
2214 4503 2436 4566 temnat,
2466 4499 2559 4554 sed
2584 4503 2766 4569 forma
2794 4503 2905 4554 esto
2945 4499 3212 4570 ﬁdelium,
3250 4504 3310 4556 in
3340 4502 3513 4566 verba,
3543 4500 3597 4554 in
3622 4505 3789 4552 conver-

457 4595 704 4651 Prol‘ana
726 4593 920 4661 verba,
945 4591 1189 4646 adversa
1218 4585 1657 4657 intelliguntur;
1692 4586 1876 4642 aniles
1907 4594 2104 4643 autem

455 4683 690 4749 fabulae,
721 4681 1104 4736 deliramenta
1145 4681 1282 4732 sunt
1312 4676 1600 4746 quasdam.
1644 4675 1774 4729 Hac
1823 4692 2102 4746 quorum-

457 4772 594 4826 dam
617 4769 1109 4842 perstrepentium
1125 4765 1363 4820 vocibus
1380 4763 1571 4818 solent
1591 4763 1648 4817 in
1673 4765 2101 4821 contentionem

459 4859 692 4926 deduci,
709 4863 774 4913 ut
791 4857 960 4928 quasi
985 4858 1266 4911 tractatus
1288 4853 1572 4908 habeatur
1594 4852 1673 4906 rei
1698 4852 1914 4919 inanis,
1933 4855 2102 4922 cujus

457 4950 701 5005 effectus
733 4947 932 5002 nullus
963 4949 1071 5014 est,
1100 4943 1212 4998 nisi
1242 4942 1533 4996 vanitatis.
1557 4943 1641 4995 Ab
1674 4940 1765 4995 his
1792 4957 1947 5013 ergo,
1976 4959 2102 5013 qua:

459 5036 749 5094 contraria
767 5041 924 5102 sunt,
969 5032 1384 5088 declinandum
1409 5035 1635 5084 monet:
1655 5028 1834 5083 simili
1855 5031 2026 5085 modo
2047 5035 2105 5086 et

458 5127 530 5184 ab
561 5125 700 5192 illis,
723 5141 851 5196 quae
894 5122 1072 5178 anilia
1114 5125 1271 5188 sunt,
1295 5119 1552 5174 vanitate
1581 5118 1835 5190 quadam
1869 5135 2101 5190 compo-

459 5216 590 5272 sita.
617 5215 768 5270 Sunt
797 5213 953 5268 enim
986 5211 1190 5283 aliqui,
1211 5210 1308 5283 qui
1340 5207 1528 5265 calore
1559 5207 1741 5263 animi
1773 5207 2014 5263 mittunt
2041 5225 2103 5264 se

531 5357 712 5428 (1305)
759 5358 826 5410 Hi
881 5359 1031 5411 ultra
1081 5354 1360 5411 saeculum
1413 5352 1683 5428 quintum
1740 5367 1861 5428 non
1904 5368 2102 5428 perve-

461 5422 616 5492 nere,
662 5422 808 5482 teste
866 5427 1190 5501 Phylastrio
1249 5433 1305 5501 et
1361 5422 1731 5501 Augustino,_
1763 5422 1863 5501 qui
1907 5422 2102 5494 hujus

459 5505 629 5570 sectis
679 5492 1062 5570 superstitum
1115 5492 1476 5570 mentionem
1518 5493 1758 5570 faciunt.
1790 5492 1919 5570 H_aec
1968 5492 2101 5570 cum

458 5569 589 5637 aliis
619 5562 1071 5645 quamplurimis
1103 5570 1352 5644 probant
1393 5565 1501 5623 has
1535 5567 1784 5638 quatuor
1815 5562 2103 5637 Epistola-

2213 4592 2448 4656 satione,
2476 4589 2533 4641 in
2566 4588 2814 4655 caritate,
2847 4589 2906 4641 in
2936 4587 3058 4657 ﬁde,
3092 4591 3148 4642 in
3180 4593 3444 4646 castitate.
3479 4583 3787 4644 Timotheus,

2213 4682 2499 4748 quantum
2531 4676 2602 4730 ad
2633 4680 2862 4730 aetatem
2914 4676 3180 4746 pertinet,
3205 4679 3444 4748 juvenis
3485 4680 3623 4740 erat;
3653 4682 3787 4742 quan-

2212 4772 2338 4820 tum
2371 4765 2444 4820 ad
2477 4779 2668 4818 mores
2698 4769 2755 4818 et
2784 4765 3307 4836 conversationem,
3338 4766 3527 4822 senior
3553 4767 3603 4819 et
3625 4755 3785 4833 gravis.

2212 4857 2390 4919 Quem
2424 4854 2550 4908 ideo
2581 4851 2663 4906 sic
2694 4857 2912 4916 monet,
2937 4859 3000 4907 ut
3044 4855 3344 4924 profectus
3375 4858 3499 4927 ejus
3529 4869 3618 4923 per
3642 4841 3788 4904 omnii

2211 4942 2540 5014 exemplum
2595 4946 2749 4995 esset
2796 4942 3081 4997 bonorum
3131 4961 3396 5014 operum,
3448 4948 3509 4998 ut
3553 4942 3604 4994 in
3647 4930 3786 4991 adole-

2215 5045 2408 5087 scente
2440 5029 2726 5084 mirabilis
2761 5030 3052 5085 videretur
3099 5037 3156 5086 et
3203 5033 3399 5104 gravis
3430 5026 3719 5100 disciplina,
3744 5018 3787 5071 ut

2212 5125 2375 5175 actus
2399 5121 2526 5190 ejus
2548 5122 2890 5172 excusarent
2911 5124 3156 5186 (etatem,
3182 5125 3238 5175 et
3260 5138 3376 5175 non
3403 5117 3562 5191 quasi
3584 5106 3784 5186 juvenis.

2212 5210 2312 5265 sed
2344 5209 2512 5280 quasi
2535 5207 2730 5263 senior
2750 5206 3081 5274 haberetur,
3097 5214 3155 5264 et
3177 5210 3578 5265 erubescerent
3596 5199 3787 5270 majorea

2213 5369 2340 5405 rum
2393 5351 2464 5404 ad
2514 5347 3085 5419 Thessalonicenscs,
3132 5357 3187 5406 ct
3234 5352 3305 5406 ad
3359 5347 3786 5419 Timotheumigl'

2215 5422 2529 5493 positiones
2559 5420 2644 5493 vel
2677 5421 2748 5474 ab
2782 5409 3212 5493 Ambrosiastro
3256 5424 3606 5493 desumptas,
3632 5409 3787 5493 velit}:

2213 5475 2698 5568 terpolationibus
2721 5492 2962 5548 refertas
2983 5475 3212 5552 exaliis
3233 5475 3664 5568 antiquioribus.
3681 5475 3787 5537 Vide

2215 5563 2636 5640 praefationem.
