4014 6172
175 341 279 400 677

562 336 989 402 EXPOSITIO
1035 341 1112 400 IN
1156 339 1584 402 EPISTOLAS
1633 338 1886 401 PAULI.
1920 374 1996 386 —
2038 342 2114 403 IN
2164 346 2415 410 EPIST.
2468 347 2492 406 Ι
2542 348 2645 405 AD
2691 349 3189 417 TIMOTHEUM.

3474 357 3594 418 678

177 477 326 539 natu,
359 467 486 561 nisi
506 483 569 524 se
613 468 1046 561 exhibuisseut,
1092 472 1263 542 juxta
1314 472 1561 527 formam
1612 470 1810 541 hujus,
1842 477 1895 540 Α
1926 474 2036 529 nisi
2075 476 2223 533 forte
2262 481 2582 535 doctorum
2631 478 2878 549 desidia,
2924 488 3027 538 aut
3078 487 3264 556 magis
3294 490 3596 561 superbia,

175 558 607 617 conversatione
650 562 708 611 et
740 559 1007 614 moribus
1047 576 1280 630 graves;
1308 562 1599 631 junvenes
1628 566 1821 616 autem

175 664 418 705 coaevum
452 662 630 701 suum
664 646 949 700 haberent
981 648 1355 719 magistrum.
1385 648 1662 704 Mirabilis
1694 650 1826 704 ado-

174 740 390 803 lescens
423 734 839 790 sanctissimus
870 735 1238 803 Timotheus,
1265 738 1434 807 cujus
1456 738 1719 810 exemplo
1741 739 1824 793 in-

176 824 541 897 disciplinata
595 824 917 879 coercenda
962 824 1245 894 juventus
1294 831 1405 893 est,
1438 833 1494 883 et
1524 827 1821 883 seniorum

174 912 536 972 irreverentia
567 912 885 985 punienda.

237 1010 377 1060 Dum
414 1018 583 1068 vemo,
618 1000 844 1057 attende
889 1002 1196 1069 lectionem,
1253 1005 1720 1073 exhortationem,
1754 1024 1820 1061 ac

170 1094 487 1150 doctrinam.
543 1092 669 1147 Noli
719 1091 1006 1162 negligere
1051 1094 1315 1161 gratiam,
1366 1110 1496 1165 quae
1525 1103 1601 1150 est
1647 1098 1706 1150 in
1752 1104 1821 1160 le,

173 1197 286 1256 qua:
323 1180 452 1236 data
499 1185 577 1235 est
608 1180 716 1235 tibi
754 1196 853 1251 per
891 1179 1249 1251 prophetiam
1297 1198 1421 1236 eum
1471 1185 1825 1254 impositione

174 1287 430 1327 manuum
458 1270 809 1341 presbyterii.
843 1267 1140 1323 lntentum
1164 1269 1320 1324 hunc
1344 1270 1471 1325 vult
1490 1288 1619 1326 esse
1644 1277 1702 1327 et
1724 1272 1822 1326 de-

174 1357 940 1425 ditumexercitiolectionis,
965 1363 1033 1411 ut
1056 1359 1215 1412 omni
1235 1375 1378 1413 cura
1401 1359 1828 1432 diligentiaque

175 1450 275 1505 hoc
302 1447 581 1518 enitatur,
629 1452 694 1501 ut
722 1447 1060 1502 exhortetur
1107 1452 1163 1501 et
1213 1446 1438 1502 doceat.
1486 1448 1827 1504 Exhortatio

177 1538 276 1602 est,
309 1550 443 1589 cum
476 1533 605 1588 miti
638 1534 810 1590 verbo
839 1533 1067 1605 aliquos
1094 1550 1481 1605 provocamus
1505 1536 1577 1590 ad
1604 1536 1825 1591 bonum

179 1624 560 1695 opus.Docere
584 1640 740 1690 vero,
766 1624 1000 1694 quando
1023 1640 1091 1678 ea
1112 1639 1239 1695 qua:
1263 1623 1448 1679 latent
1477 1624 1828 1681 intimamus

180 1712 464 1767 mentibus
497 1710 885 1766 audientium.
916 1712 974 1766 Si
1008 1712 1164 1766 enim
1199 1716 1390 1766 rector
1408 1712 1613 1784 populi
1642 1714 1713 1767 ab
1738 1713 1829 1768 his

180 1799 776 1873 dissimulat,negligit
794 1801 1043 1872 gratiam
1062 1801 1258 1856 datam
1291 1800 1522 1856 sibi.Ad
1539 1801 1653 1856 hoc
1671 1802 1827 1856 enim

179 1895 403 1945 creatur
432 1890 549 1944 dux
579 1888 794 1961 populo
826 1894 890 1944 ut
920 1889 1095 1961 hujus
1125 1890 1336 1945 salutis
1366 1889 1831 1945 sollicitudinem

179 1983 352 2051 gerat,
385 1978 727 2046 admodum,
760 1979 1040 2048 docendo,
1084 1983 1160 2045 ut
1193 1978 1453 2033 fructum
1489 1980 1707 2034 habeat
1738 1997 1831 2034 or-

180 2068 389 2123 dinatio
408 2085 422 2135 ;
438 2084 613 2139 quem
638 2067 711 2122 ad
733 2067 842 2122 hoc
860 2067 1060 2138 utique
1080 2067 1233 2123 Deus
1256 2068 1593 2135 constituit,
1618 2074 1684 2122 ut
1706 2085 1835 2140 pro-

183 2158 329 2212 ﬁciat
360 2156 540 2211 saluti
573 2156 761 2229 plebis
782 2172 919 2211 suae.
941 2156 1048 2221 Qui
1079 2172 1215 2229 ergo
1245 2156 1305 2211 in
1337 2155 1445 2211 hac
1482 2157 1834 2212 auctoritate

181 2244 734 2317 positusindiligens
764 2245 960 2311 fuerit,
982 2245 1083 2300 Dei
1107 2250 1481 2316 contemptor
1493 2246 1833 2313 habebitur,

184 2335 464 2390 minimus
497 2336 552 2391 in
587 2350 766 2406 regno
796 2335 895 2390 Dei
919 2334 1400 2406 vocatus(Matth.
1426 2353 1481 2403 v,
1508 2336 1835 2407 19.)Neque

183 2425 329 2479 enim
368 2423 580 2496 poterit
608 2425 816 2490 facere,
851 2425 952 2495 qui
986 2440 1089 2479 nec
1114 2425 1320 2479 docere
1356 2423 1659 2496 dignatur.
1694 2425 1832 2481 Gra-

179 2513 313 2568 tiam
350 2518 549 2569 tamen
582 2512 1001 2580 dari,ordinari
1024 2512 1316 2585 signiﬁcat
1337 2530 1439 2585 per
1462 2514 1835 2587 prophetiam

180 2606 231 2656 et
260 2619 550 2658 manuum
582 2602 1042 2674 impositionem.
1095 2602 1403 2674 Prophetia
1433 2608 1539 2673 est,
1586 2621 1705 2675 qua
1734 2605 1835 2660 eli-

176 2691 329 2760 gitur
368 2690 536 2762 quasi
569 2691 769 2745 doctor
799 2691 1034 2745 futurus
1056 2690 1324 2757 idoneus,
1359 2708 1572 2747 manus
1596 2693 1837 2765 imposi-

175 2780 365 2835 tiones
397 2796 551 2845 vero,
581 2779 759 2833 verba
790 2784 934 2834 sunt
983 2779 1251 2850 mystica,
1284 2781 1499 2850 quibus
1527 2782 1837 2838 confirma-

171 2872 263 2921 tur
294 2868 376 2922 ad
406 2867 516 2922 hoc
564 2883 711 2938 opus
768 2866 1008 2937 electus,
1060 2868 1353 2939 accipiens
1401 2870 1832 2938 auctoritatem,

171 2960 314 3011 teste
347 2956 718 3012 conscientia
750 2972 878 3023 sua,
912 2960 977 3010 ut
1007 2957 1220 3011 audeat
1243 2958 1367 3013 vice
1398 2958 1634 3013 Domini
1657 2960 1833 3014 sacri-

171 3045 379 3100 ﬁcium
412 3045 528 3100 Deo
560 3045 784 3100 offerre.

236 3136 380 3192 Haec
406 3133 686 3201 meditore,
727 3134 787 3189 in
816 3133 898 3188 his
937 3137 1066 3201 esto,
1100 3138 1158 3189 ut
1197 3138 1469 3206 profectus
1500 3140 1628 3190 tuus
1656 3139 1834 3192 mani-

1932 564 2071 618 dum
2109 567 2218 622 soli
2244 568 2451 623 volunt
2483 567 2710 638 aliquid
2743 570 2944 626 videri.
2977 574 3249 630 Juniores
3280 582 3447 646 quasi
3481 581 3598 635 fra-

1931 656 2050 707 tres
2082 662 2281 712 censet
2309 657 2724 713 admonendos
2747 676 2880 714 cum
2916 662 3119 717 affectu
3154 666 3506 737 dilectionis,
3535 676 3602 725 ut

1932 741 2198 799 videntes
2211 746 2432 800 amoris
2455 762 2640 800 causa
2660 763 2720 802 se
2740 753 3359 818 commoneri,facilius
3392 776 3453 813 se
3472 776 3599 815 cor-

1934 832 2168 902 rigant;
2205 835 2422 905 quippe
2449 850 2591 888 cum
2626 835 2854 892 videant
2899 857 3010 894 non
3056 843 3389 915 discrepare
3419 863 3602 919 opera

1933 920 2064 990 ejus
2098 938 2131 975 a
2160 924 2602 993 praedicatione.
2637 931 2802 981 Anus
2835 945 2966 983 vero
2991 932 3155 1001 quasi
3193 942 3428 1000 matres,
3463 953 3599 992 cum

1935 1008 2065 1062 miti
2091 1026 2362 1065 sermone
2385 1012 2587 1065 doceri
2612 1028 2671 1066 se
2692 1014 3030 1081 vident,non
3056 1037 3257 1091 aspere
3282 1024 3596 1095 accipiant,

1935 1098 2077 1168 quia
2118 1098 2435 1155 honoriﬁce
2480 1101 2819 1171 proﬁciunt.
2855 1110 3141 1177 Asperum
3180 1116 3266 1165 est
3313 1114 3467 1168 enim
3504 1132 3600 1170 se-

1935 1186 2139 1252 nibus,
2173 1204 2303 1243 cum
2328 1190 2781 1260 corripiuntura
2806 1194 3163 1265 junioribus,
3191 1202 3346 1270 quod
3379 1206 3600 1276 tempe-

1936 1281 2205 1331 ramento
2239 1278 2496 1348 quodam
2530 1278 2696 1333 leniri
2730 1281 2870 1348 vult,
2907 1288 2970 1337 ut
3003 1288 3294 1355 profectus
3325 1292 3401 1346 sit
3421 1298 3479 1348 et
3508 1294 3598 1348 di-

1935 1365 2115 1435 centi,
2150 1371 2206 1420 et
2226 1368 2509 1422 audienti.
2534 1369 3037 1442 Adolescentulas,
3065 1381 3128 1430 ut
3148 1394 3376 1436 sorores
3400 1384 3466 1436 ad
3480 1400 3599 1439 mo-

1939 1458 2039 1508 net
2070 1455 2419 1525 edocendas,
2448 1463 2514 1511 ut
2546 1465 2817 1531 prompte
2841 1463 3068 1531 possint
3091 1466 3251 1521 bonae
3286 1487 3594 1528 conversa-

1937 1542 2122 1597 tionis
2140 1546 2436 1615 suscipere
2458 1545 2858 1617 disciplinam.
2884 1554 3124 1614 Quando
3143 1557 3298 1612 enim
3323 1576 3434 1613 non
3459 1578 3593 1617 cum

1940 1631 2191 1701 imperio
2223 1633 2511 1689 insinuari
2548 1636 2662 1690 sibi
2694 1637 2867 1708 videt,
2903 1657 3030 1711 qua:
3063 1644 3133 1698 ad
3169 1646 3380 1702 bonam
3414 1652 3596 1720 perti-

1941 1726 2087 1773 nent
2115 1721 2315 1786 vitam,
2344 1726 2658 1794 consentit,
2692 1725 2974 1783 humilem
3007 1748 3068 1785 se
3095 1736 3359 1803 praebens
3389 1740 3597 1794 admo-

1863 1844 1909 1908 B
1942 1808 2129 1863 uenti.
2164 1809 2470 1866 Blanditiis
2493 1813 2651 1867 enim
2675 1815 2863 1871 solent
2892 1819 3162 1886 obtineri,
3190 1840 3315 1894 quae
3346 1831 3596 1883 auctori-

1943 1901 2067 1951 tate
2100 1914 2212 1952 non
2247 1906 2517 1969 possunt.
2551 1901 2699 1957 Nam
2753 1905 3031 1962 animalia
3063 1914 3297 1981 quando
3331 1918 3599 1973 membra

1943 2002 2057 2039 sua
2087 1986 2366 2054 zelantur,
2411 1989 2713 2046 blanditiis
2744 1998 2937 2049 tamen
2970 1997 3202 2054 cedunt.

2023 2075 2237 2131 Viduas
2267 2076 2493 2144 honora,
2528 2094 2655 2149 quae
2686 2083 2801 2136 vire
2832 2084 3005 2140 vidua:
3032 2092 3179 2142 sunt.
3234 2091 3348 2147 Has
3389 2094 3594 2152 viduas

1943 2268 2080 2306 cum
2116 2258 2355 2323 possent
2387 2256 2627 2325 nubere,
2690 2266 2750 2313 ut
2781 2262 3050 2319 meliores
3082 2274 3279 2322 essent
3310 2277 3367 2325 et
3408 2274 3599 2345 digna:

1945 2345 2081 2407 Deo,
2113 2343 2401 2397 secundas
2435 2345 2679 2415 nuptias
2722 2361 3092 2425 respuerunt,
3127 2358 3377 2416 scientes
3420 2343 3600 2418 semel

1941 2430 2206 2485 benedici
2229 2432 2595 2503 conjugium,
2628 2436 2850 2492 amula
2874 2444 3227 2500 sanctisimze
3246 2450 3489 2525 Annze,q
3508 2470 3592 2508 ua:

1936 2519 2186 2589 jejuniis
2215 2524 2271 2573 et
2300 2521 2804 2582 obsecrationibus
2833 2530 2941 2583 Deo
2965 2535 3254 2591 serviebat
3274 2546 3445 2595 noctu
3472 2519 3598 2597 die-

1945 2624 2081 2703 que,
2114 2608 2289 2663 unius
2319 2609 2425 2703 viri
2448 2618 2687 2703 experta
2706 2618 3079 2676 concubitum
3098 2625 3253 2691 (Luc.
3282 2645 3342 2696 11,
3362 2630 3453 2699 36,
3474 2631 3596 2703 37):

2018 2696 2077 2750 Si
2104 2714 2213 2768 qua
2243 2701 2419 2752 autem
2450 2702 2611 2755 viduo
2639 2704 2806 2775 ﬁlios,
2836 2708 2917 2761 vel
2952 2717 3168 2780 nepotes
3200 2716 3273 2768 ha
3286 2719 3390 2780 bet.
3421 2696 3599 2775 discat

1936 2788 2186 2857 primum
2217 2786 2435 2842 domum
2463 2805 2623 2845 suam
2646 2795 2738 2863 pie
2766 2799 3022 2866 tractare,
3070 2817 3118 2855 et
3152 2810 3401 2862 mutuam
3430 2813 3602 2864 vicem

1940 2877 2251 2966 gratiarum
2278 2875 2499 2966 reddere
2526 2883 2869 2948 parentibus.
2895 2890 3011 2941 Hoc
3039 2895 3188 2946 enim
3217 2908 3492 2966 acceptum
3515 2905 3599 2953 est

1941 2978 2143 3017 coram.
2176 2964 2302 3016 Deo.
2356 2964 2608 3021 Viduam
2643 2970 2806 3038 prius
2838 2972 2895 3025 in
2946 2974 3053 3029 hac
3100 2980 3217 3034 vita
3249 2988 3304 3037 et
3335 2964 3596 3041 conver-

1942 3052 2754 3145 satione—dicitprobandam,
2791 3065 2855 3114 ut
2884 3065 3023 3118 tunc
3043 3066 3283 3124 demum
3313 3072 3490 3145 digna
3522 3075 3601 3130 sit

1939 3140 2119 3195 vidua
2150 3139 2415 3195 Ecclesiae
2440 3146 2787 3216 nuncupari,
2813 3164 2939 3219 qua
2964 3168 3078 3207 non
3108 3139 3596 3233 quaestusbausa,

166 3226 335 3292 [estus
378 3225 449 3277 sit
478 3222 750 3278 omnibus.
801 3223 1030 3278 Attende
1077 3224 1198 3288 tibi,
1248 3232 1300 3279 et
1346 3224 1653 3285 doctrinae;
1685 3227 1829 3281 insta
1860 3214 1902 3280 C
1943 3244 2122 3300 quam
2155 3228 2532 3295 defensionis,
2580 3214 2981 3292 ecclesiasticae
3026 3214 3598 3306 succumbat

170 3313 307 3368 illis.
341 3312 464 3367 Hoc
501 3313 649 3367 enim
693 3311 965 3383 faciendo,
994 3321 1045 3366 te
1073 3313 1254 3383 ipsum
1284 3314 1501 3367 salvum
1544 3316 1734 3384 facies,
1784 3318 1833 3370 et

173 3416 260 3454 eos
289 3403 397 3473 qui
426 3405 479 3456 te
507 3401 769 3456 audiunt.
797 3400 868 3455 Ut
889 3400 1077 3455 forma
1106 3401 1181 3455 sit
1203 3402 1476 3456 omnibus
1508 3420 1621 3458 non
1642 3404 1832 3458 solum

172 3489 230 3543 in
262 3490 446 3545 bonis
479 3489 998 3561 operibus,verum
1031 3489 1203 3544 etiam
1235 3489 1290 3543 in
1325 3490 1594 3545 doctrinae
1626 3493 1833 3547 exerci—

171 3577 250 3632 tio
282 3579 590 3632 admonet.
626 3580 919 3649 Apparere
950 3577 1105 3632 enim
1129 3578 1335 3634 debere
1360 3579 1651 3650 signiﬁcat
1673 3598 1829 3636 exer-

170 3666 288 3722 citii
324 3665 658 3739 profectum
691 3684 808 3722 non
837 3666 897 3720 in
931 3666 1196 3722 doctrina
1227 3668 1527 3735 duntaxat,
1558 3671 1657 3725 sed
1688 3676 1744 3726 et
1772 3672 1831 3727 in

172 3757 376 3826 gestis.
416 3760 580 3811 Bona
609 3754 765 3810 enim
792 3755 966 3810 arbor
994 3754 1180 3811 honos
1204 3756 1339 3811 facit
1361 3757 1584 3813 fructus
1606 3760 1829 3830 (Matth.

168 3862 268 3906 v11,
305 3846 402 3916 17)
432 3862 446 3898 :
484 3843 755 3899 similiter
782 3848 838 3898 et
868 3844 1023 3898 bona
1043 3844 1308 3901 doctrina
1339 3845 1492 3901 mala
1521 3863 1694 3918 opera
1724 3849 1832 3903 ha-

170 3934 305 3988 bere
358 3950 484 3989 non
526 3937 734 4004 potest.
776 3934 843 3989 Ut
875 3949 1008 3986 cum
1054 3933 1176 3988 visa
1210 3934 1424 3989 fuerint
1456 3935 1603 3989 bona
1633 3953 1829 4008 Opera,

170 4022 353 4078 divini
390 4022 721 4093 magisterii
750 4022 974 4076 fructus
996 4021 1556 4093 esseintelligantur,
1589 4028 1644 4078 et
1674 4025 1833 4079 audi-

170 4116 332 4168 tores
360 4111 599 4184 possint
621 4110 1093 4181 proﬁcere.Tunc
1109 4125 1244 4165 vera
1264 4111 1418 4165 enim
1442 4117 1498 4166 et
1520 4115 1835 4169 metuenda

170 4218 299 4257 esse
332 4198 707 4270 intelligunt,
742 4215 869 4269 quae
903 4198 1200 4265 dicuntur,
1244 4199 1477 4270 quando
1508 4202 1578 4256 ab
1610 4218 1674 4255 eo
1706 4200 1833 4274 ipso

170 4291 274 4360 qui
308 4290 512 4357 docet,
547 4304 761 4359 magna
798 4288 1167 4342 veneratione
1200 4288 1491 4343 observari
1524 4290 1833 4358 videntur;

170 4380 328 4450 quod
354 4376 573 4433 rectori
598 4376 784 4449 plebis
806 4376 1035 4431 duobus
1050 4376 1276 4447 prolicit
1298 4378 1572 4444 modis,et
1593 4395 1831 4435 suorum

167 4468 330 4523 enim
365 4469 666 4523 bonorum
720 4481 984 4537 operum,
1017 4470 1074 4519 et
1104 4466 1473 4521 audientium
1507 4469 1830 4523 mercedem

169 4555 469 4627 accipiet;
502 4554 814 4625 quomodo,
850 4554 898 4609 si
932 4552 1235 4625 negligens
1267 4554 1463 4622 fuerit,
1486 4559 1605 4610 tam
1639 4573 1740 4628 pro
1773 4574 1833 4612 se
1865 4579 1912 4643 D

166 4660 351 4715 quam
389 4660 497 4716 pro
530 4644 615 4698 eis
648 4642 983 4698 redditurus
1015 4646 1105 4697 est
1136 4643 1463 4699 rationem?

237 4733 401 4803 (CAP.
438 4732 532 4803 V.)
562 4732 845 4787 Seniorem
874 4748 942 4786 ne
973 4732 1362 4803 increpaveris,
1394 4732 1487 4787 sed
1516 4733 1831 4803 exlzortare,

165 4827 227 4875 ut
252 4829 534 4895 patrem;
574 4822 849 4892 juniores,
901 4830 961 4876 ut
986 4824 1224 4892 fratres;
1276 4839 1433 4890 anus,
1484 4832 1544 4877 ut
1590 4828 1831 4885 matres;

167 4910 635 4979 adolescentulos,
669 4914 729 4964 ut
770 4926 979 4964 sorores
1008 4912 1063 4963 in
1096 4912 1248 4964 omni
1274 4914 1545 4966 castitate.
1597 4911 1834 4983 Propter

167 4999 696 5056 honoriﬁcentiam
714 5000 921 5067 aetatis,
940 5001 1219 5069 majorem
1244 5004 1382 5053 natu
1406 5016 1539 5054 cum
1564 5016 1834 5056 mansue-

165 5089 388 5144 tudine
415 5090 486 5143 ad
506 5089 727 5143 bonum
751 5105 896 5160 opus
919 5089 1372 5160 provocandum,
1398 5092 1461 5142 ut
1485 5088 1714 5143 facilius
1741 5107 1834 5144 su-

164 5178 398 5251 scipiat
424 5177 905 5233 admonitionem.
922 5177 1113 5232 Potest
1133 5176 1285 5231 enim
1305 5176 1487 5231 vereri
1514 5179 1834 5232 commoni-

162 5271 288 5334 tus,
323 5283 406 5321 ne
441 5272 642 5337 postea
690 5266 1053 5337 corripiatur,
1090 5266 1242 5337 quod
1274 5270 1446 5336 turpe
1476 5270 1564 5320 est
1594 5267 1828 5321 seniori.

163 5354 319 5411 Nam
358 5356 524 5425 apud
556 5371 759 5411 omnes
781 5355 981 5425 utique
1010 5358 1212 5426 gentes
1242 5353 1599 5408 honorabilis
1630 5360 1719 5409 est
1748 5371 1833 5410 se-

163 5449 415 5499 nectus.
452 5443 611 5500 Unde
636 5448 693 5500 et
740 5448 1064 5516 Synagoga,
1113 5448 1169 5498 et
1210 5446 1412 5513 postea
1454 5442 1711 5498 Ecclesia
1740 5460 1830 5499 se-

160 5533 375 5590 niores
410 5531 637 5601 habuit,
670 5550 920 5605 quorum
946 5532 1070 5587 sine
1099 5529 1343 5587 consilio
1375 5530 1521 5584 nihil
1552 5533 1833 5605 agebatur

158 5622 221 5681 in
252 5621 718 5695 Ecclesia.Quod
738 5640 852 5699 qua
865 5621 1217 5697 negligentia
1237 5620 1826 5697 obsoleverit,nescio,

1943 3317 2135 3389 plinas.
2168 3316 2375 3372 Praeire
2404 3319 2558 3373 enim
2590 3321 2806 3379 debent
2827 3328 3127 3400 merita,ut
3150 3339 3451 3395 accedenti
3494 3343 3601 3396 de-

1944 3406 2100 3461 bitus
2132 3404 2320 3459 honor
2341 3406 2518 3461 tribui
2539 3409 2825 3467 videatur.
2851 3419 2984 3481 Qum
3016 3421 3171 3476 enim
3195 3426 3431 3485 affectos
3455 3448 3601 3489 suos

1943 3493 2035 3565 pie
2065 3494 2353 3592 tractavit,
2378 3496 2686 3592 etdo_mum
2717 3500 2865 3558 bene
2885 3506 3249 3581 gubernavit,
3285 3517 3379 3571 Dei
3404 3518 3596 3592 legem

1943 3582 2213 3647 servavit,
2249 3583 2427 3655 digna
2458 3586 2657 3642 etl‘ecta
2688 3596 3161 3653 renumeratione
3193 3582 3483 3666 Ecclesiae:

2013 3672 2151 3765 Nam
2195 3688 2329 3765 quae
2358 3690 2481 3729 vere
2516 3675 2682 3765 vidua
2711 3684 2809 3745 est,
2864 3685 2919 3736 et
2974 3687 3237 3758 desolata,
3290 3702 3473 3765 sperat
3534 3699 3595 3755 in

1940 3758 2068 3827 Deo,
2100 3762 2149 3811 et
2180 3759 2353 3814 instat
2382 3762 2718 3819 orationibus
2740 3772 2903 3823 noctu
2918 3771 3130 3843 dieque.
3155 3758 3406 3838 Viduam
3441 3785 3594 3844 ﬁlios

1942 4040 2110 4079 suam
2126 4022 2492 4095 gubernavit,
2527 4044 2763 4085 necesse
2786 4041 2875 4088 est
2895 4037 3057 4092 reddi
3081 4039 3163 4093 illi
3197 4045 3382 4101 vicem
3406 4066 3439 4103 a
3463 4052 3591 4107 suis

1941 4113 2095 4167 sicut
2123 4114 2179 4164 et
2208 4110 2311 4167 illa
2342 4115 2973 4190 reddiditpropinquis.
2998 4127 3054 4179 Si
3088 4134 3305 4200 autem,
3342 4141 3407 4190 ut
3431 4155 3591 4194 asso-

1944 4201 2043 4294 let,
2076 4200 2350 4294 impietas
2382 4204 2557 4258 fuerit
2604 4215 2860 4279 operata,
2897 4218 2959 4266 ut
2989 4232 3137 4272 anus
3171 4220 3529 4294 despiciatur
3559 4246 3593 4284 a

1944 4290 2245 4359 suis,quos
2277 4293 2372 4363 pia
2400 4295 3013 4371 tractaverit,dignum
3036 4321 3164 4362 esse
3197 4290 3346 4367 hanc
3370 4315 3588 4388 suscipi

1944 4380 2015 4433 ab
2049 4377 2477 4451 Ecclesia,quia
2500 4382 2557 4435 in
2585 4387 2809 4442 Domini
2835 4389 2959 4463 lege
2981 4393 3230 4453 ﬁdeliter
3250 4377 3593 4461 conversata

1943 4473 2049 4522 est.
2084 4466 2491 4563 Vidua—igitur
2521 4473 2822 4563 ‘desolata,
2869 4486 2970 4534 aut
3000 4500 3034 4536 a
3081 4487 3203 4541 suis
3236 4496 3589 4563 contempta,

1944 4556 2224 4646 speratiin
2258 4557 2395 4615 Deo.
2428 4559 2645 4616 Videns
2676 4566 2833 4620 enim
2864 4584 2932 4622 ex
2964 4572 3124 4627 nulla
3151 4582 3311 4646 parte
3329 4595 3391 4634 se
3411 4556 3589 4637 habe;

1945 4660 2004 4699 re
2038 4645 2405 4718 suffragium,
2441 4655 2559 4703 toto
2601 4653 2795 4709 animo
2828 4657 3031 4712 devota
3082 4645 3173 4718 est
3207 4667 3338 4735 Deo,
3373 4669 3443 4723 de
3475 4686 3591 4741 quo

1944 4734 2065 4789 solo
2097 4735 2378 4791 auxilium
2410 4738 2534 4791 vitae
2569 4740 2893 4815 salutisque
2926 4756 3212 4819 expectat.

2012 4825 2149 4879 Nam
2176 4839 2300 4893 qua:
2334 4828 2392 4879 in
2438 4826 2671 4897 deliciis,
2721 4841 2798 4885 est
2830 4835 3016 4891 vivens
3068 4853 3283 4900 mortua
3339 4851 3436 4902 est.
3494 4849 3591 4903 Vi-

1943 4914 2142 4977 duam,
2176 4920 2412 4985 propter
2443 4917 2597 4985 quod
2632 4919 2806 4975 vidua
2836 4923 3072 4994 dicitur,
3106 4932 3281 4990 talem
3329 4952 3455 4991 esse
3487 4937 3590 4990 de-

1942 5002 2076 5056 bere
2110 5001 2418 5071 significat,
2457 5021 2486 5056 u
2525 5006 2593 5058 ad
2622 5006 2936 5067 Dominum
2970 5025 3422 5086 promerendum
3456 5039 3592 5077 ora-

1942 5090 2197 5145 tionibus
2227 5096 2406 5163 vacet,
2431 5092 2545 5147 Deo
2568 5097 2825 5153 serviens
2860 5110 3032 5159 noctu
3055 5108 3283 5180 dieque,
3310 5116 3369 5164 ut
3392 5116 3589 5164 osten-

1943 5179 2042 5232 dat
2071 5178 2285 5233 idcirco
2306 5196 2365 5234 se
2390 5182 2625 5252 nuptias
2656 5190 2944 5245 secundas
2960 5178 3481 5267 contempsisse,ut
3506 5199 3591 5252 in-

1943 5272 2122 5323 staret
2148 5268 2488 5340 disciplinaz.
2520 5270 2577 5325 Si
2598 5274 2753 5329 enim
2778 5280 2885 5332 sub
2909 5283 3141 5338 nomine
3163 5285 3345 5337 viduae
3367 5286 3588 5343 deliciis

1938 5362 2120 5423 vacet,
2155 5362 2254 5411 aut
2274 5357 2538 5425 luxuriae,
2561 5362 2757 5419 vivens
2782 5373 3010 5423 mortua
3027 5370 3297 5428 habenda
3317 5379 3426 5441 est,
3451 5377 3590 5447 quia

1940 5444 2279 5537 impositura;
2309 5464 2492 5519 genus
2515 5456 2602 5507 est
2631 5452 2787 5508 aliud
2821 5471 3010 5527 agere,
3035 5463 3093 5513 et
3123 5459 3281 5515 aliud
3308 5444 3583 5537 profiteri,

1941 5551 2057 5589 non
2089 5536 2368 5607 obsequia
2399 5543 2457 5593 et
2485 5538 2846 5597 devotionem
2893 5544 3014 5613 Dei,
3058 5550 3156 5603 sed
3191 5550 3469 5609 honorem
3500 5536 3583 5609 vi?

1939 5626 2066 5681 duae
2089 5624 2343 5684 volentes
2371 5627 2584 5684 habere
2618 5646 2780 5688 :cum
2806 5634 3063 5697 nominis
3084 5637 3272 5716 ipsius
3303 5643 3586 5719 professio
