4014 6172
354 325 474 384 679

1369 306 1707 370 ATTONIS
1752 303 2335 367 VERCELLENSIS
2379 299 2733 362 EPISCOPI

3642 291 3771 357 680

354 457 465 513 hoc
495 451 718 520 indicit,
749 448 886 521 quia
914 449 1110 517 spreto
1138 443 1263 499 viro
1291 442 1474 499 Deum
1506 439 1700 513 elegit,
1742 437 1834 494 cui
1867 454 1992 493 sero
2023 437 2077 504 Α
2109 453 2213 491 nec
2246 436 2316 490 ad
2351 433 2577 489 veniam
2611 432 2779 487 debet
2808 428 3117 502 pertinere,
3148 426 3286 500 quia
3314 426 3645 502 primordio
3679 427 3771 482 in-

352 545 471 601 viat
498 548 617 599 tota
647 543 841 595 mente
872 539 1109 608 propter
1153 532 1329 587 vitam
1362 528 1736 602 promissam.
1776 529 1853 581 Et
1880 527 1999 583 haec

350 633 611 706 praecipe,
624 633 683 685 ut
700 622 1200 698 irreprehensibiles
1218 620 1610 676 sint.Tantum
1630 614 1995 687 diligentiam

354 727 594 779 actuum
622 734 688 774 ac
738 730 969 772 morum
1000 711 1241 767 viduam
1278 707 1401 763 vult
1429 706 1665 773 habere,
1693 710 1758 759 ut
1789 718 1984 775 repre-

354 808 527 866 hendi
558 824 673 863 non
701 806 906 878 possit.
928 804 1138 856 Amota
1157 798 1314 854 enim
1337 814 1371 852 a
1392 812 1493 867 spe
1515 794 1825 849 mundanae
1857 807 1994 847 con-

350 895 720 963 versationis,
753 898 812 950 et
839 890 1098 963 corporis
1127 886 1367 943 curandi
1392 884 1605 947 officio,
1640 886 1872 954 propter
1888 880 1995 935 hoc

352 1004 416 1044 se
446 987 515 1044 ad
549 985 733 1042 Deum
774 979 1042 1047 contulit,
1102 983 1165 1032 ut
1212 971 1572 1048 probabilem
1605 974 1738 1042 agat
1792 969 1991 1025 vitam.

354 1074 613 1133 Sublatis
642 1072 798 1129 enim
830 1066 1255 1133 occasionibus,
1281 1080 1408 1136 quae
1426 1062 1620 1118 aditus
1651 1058 1838 1115 solent
1859 1073 1992 1128 ape-

353 1166 469 1222 riro
505 1161 777 1237 peccatis,
810 1162 1000 1232 potest
1054 1158 1205 1212 bona
1262 1149 1625 1209 conversatio
1681 1145 1994 1203 incolumis

352 1266 714 1326 permanere.

424 1341 485 1397 Si
506 1341 627 1412 quis
654 1341 838 1394 autem
855 1349 1080 1390 suorum
1107 1338 1157 1386 et
1180 1330 1431 1386 maxime
1456 1324 1871 1381 domesticorum
1899 1338 1995 1377 cu-

352 1448 477 1487 ram
502 1411 612 1484 non
643 1426 822 1494 habet,
844 1425 1017 1495 ﬁdem
1044 1420 1282 1489 negavit,
1307 1422 1359 1474 et
1387 1424 1461 1471 est
1490 1414 1703 1484 inﬁdeli
1730 1411 1992 1468 deterior.

352 1519 513 1575 Hanc
544 1516 935 1583 viduam,qua3
959 1507 1259 1581 negligens
1278 1506 1386 1559 fuit
1406 1503 1560 1559 circa
1579 1518 1718 1556 suos
1736 1500 1994 1565 affectos,

354 1612 421 1662 ut
449 1606 724 1662 educaret
760 1618 859 1657 eos
880 1601 939 1656 in
971 1596 1342 1668 disciplinam
1364 1597 1421 1649 et
1436 1591 1860 1662 correptioncm
1886 1589 1995 1643 Do-

354 1688 1003 1762 mini,inhonorandam
1027 1683 1389 1760 (1306)dicit,
1424 1680 1562 1752 quia
1583 1680 1735 1735 sicut
1765 1675 1993 1750 perfidi,

2108 525 2296 580 ﬁdelis
2328 524 2604 578 inventus
2634 524 2744 577 est.

2179 613 2358 668 Simul
2401 620 2584 668 autem
2635 610 2842 681 (1308),
2892 612 2945 663 et
2991 607 3199 677 otiosae,
3247 606 3466 662 discunt
3513 607 3767 662 circum-

2107 706 2189 757 ire
2234 702 2435 768 domos,
2496 716 2604 755 non
2661 699 2838 754 solum
2883 700 3071 752 autem
3124 696 3325 763 otiosa,
3379 695 3475 751 sed
3529 699 3584 750 ei
3643 711 3769 751 ver-

2108 792 2247 846 bosze
2270 799 2321 846 et
2347 791 2603 855 curiosae,
2657 789 2933 858 loquentes
2986 801 3107 857 quae
3158 800 3271 841 non
3331 791 3560 855 oportet.
3627 786 3771 849 Quae

2105 881 2240 935 dam
2272 878 2527 950 virgines
2558 882 2615 932 et
2651 876 2858 942 viduze,
2912 873 3356 929 commendante
3386 873 3769 945 professione

2105 968 2449 1041 (gloriosum
2481 971 2570 1022 est
2599 965 2754 1020 enim
2786 964 2965 1034 hujus
2997 962 3077 1018 rei
3107 961 3775 1034 vocabulum)acceptao

2105 1057 2254 1112 biles
2279 1060 2419 1112 sunt
2447 1054 2722 1110 domibus
2751 1052 3031 1118 divitum;
3063 1068 3189 1123 quae
3233 1052 3291 1106 id
3322 1056 3535 1124 agunt,
3568 1056 3643 1106 ut
3666 1067 3771 1123 pa-

2105 1150 2272 1201 reant
2301 1142 2693 1200 voluntatibus
2720 1158 2907 1207 erum,
2938 1139 3312 1197 ambulantes
3336 1145 3394 1196 et
3422 1146 3773 1212 querentes

2106 1252 2233 1307 quae
2266 1233 2560 1305 perferant
2577 1231 2650 1286 ad
2680 1230 3056 1303 illos,quibus
3076 1227 3455 1300 delectentur,
3482 1236 3546 1284 ut
3563 1228 3774 1284 otiosa

2106 1322 2451 1379 muneribus
2473 1320 2827 1389 afﬁciantur,
2858 1323 2914 1374 et
2944 1318 3097 1374 malo
3128 1334 3289 1375 more
3323 1317 3460 1389 plus
3494 1321 3778 1389 quaerant

2106 1411 2323 1468 fabulis
2354 1427 2530 1482 quam
2563 1426 2716 1482 quae.
2748 1411 3064 1479 operantur
3121 1406 3420 1475 manibus,
3482 1410 3553 1463 ut
3605 1404 3773 1462 elata:

2106 1500 2426 1572 procedant
2444 1504 2502 1554 et
2522 1514 2649 1554 com
2658 1496 2885 1570 positae,
2908 1500 3111 1551 contra
3130 1495 3571 1568 professionem
3596 1510 3776 1549 suam

2107 1594 2364 1663 agentes.
2425 1588 2561 1651 Quae
2592 1603 2684 1642 res
2743 1585 2933 1642 solent
2987 1583 3344 1643 illis.etiam
3397 1582 3459 1638 in
3509 1584 3628 1639 hac
3655 1582 3775 1638 vita

2107 1695 2235 1735 esse
2284 1677 2607 1734 contrariae.
2669 1673 2978 1731 Revelatur
3026 1672 3184 1729 enim
3244 1671 3304 1729 id
3335 1672 3498 1745 quod
3530 1686 3776 1744 semper

350 1782 463 1858 legi
496 1758 590 1873 Dei
621 1797 735 1873 non
776 1758 1065 1873 obediviti
1106 1774 1178 1829 Ut
1210 1773 1382 1873 pejpr.
1425 1769 1711 1825 habeatur
1758 1781 1997 1822 necesse
2030 1809 2078 1873 Β
2110 1767 2405 1823 occultum
2438 1767 2667 1837 putant.
2697 1762 2845 1826 Quid
2891 1766 2982 1819 est
3010 1758 3188 1833 enim,
3221 1766 3285 1817 ut
3341 1778 3413 1817 ea
3440 1759 3771 1833 loquantur

353 1849 462 1942 est,
494 1871 592 1945 qui
635 1870 747 1926 sub
776 1867 902 1938 lege
927 1870 983 1923 et
1028 1863 1236 1918 timore
1286 1859 1386 1915 Dei
1418 1875 1598 1931 agens
1630 1859 2001 1945 contemptor
2032 1849 2078 1873 ”
2110 1872 2242 1929 quae
2273 1871 2388 1911 non
2419 1852 2682 1926 oportet!
2719 1850 3068 1924 Nuptiarum
3098 1849 3254 1906 enim
3288 1854 3428 1907 sunt
3455 1849 3769 1922 proxima,

352 1967 461 2030 est,
495 1944 671 2033 quam
690 1956 789 2029 qui
821 1972 935 2011 non
958 1953 1262 2023 subjectus
1282 1953 1372 2005 est
1392 1946 1529 2019 legi.
1553 1946 1659 2000 llic
1680 1944 1835 1999 enim
1869 1959 1998 1999 nes-

352 2051 468 2119 cit;
504 2048 600 2104 ille
629 2050 823 2103 autem
853 2039 1194 2100 contemnit.

428 2138 599 2197 Vidua
654 2135 901 2206 eligatur
958 2145 1231 2187 annorum
1279 2142 1391 2181 non
1444 2126 1631 2179 minus
1686 2122 1998 2189 sexaginta,

348 2231 522 2286 unius
570 2226 679 2282 viri
723 2239 866 2280 uxor
911 2219 1117 2294 (1307),
1150 2220 1211 2273 in
1267 2215 1521 2286 operibus
1554 2213 1703 2269 benis
1754 2212 1997 2265 testimo-

349 2321 512 2374 nium
540 2315 763 2378 habens,
795 2313 847 2367 si
896 2309 1043 2379 ﬁlios
1098 2305 1387 2371 enutrivit,
1418 2305 1469 2358 si
1518 2302 1749 2373 hospitio
1778 2299 1998 2369 recepit,

348 2409 402 2463 si
446 2412 761 2461 sanctorum
783 2399 943 2473 pedes
992 2398 1146 2463 lavit,
1212 2394 1263 2449 si
1307 2407 1625 2463 pressuram
1668 2388 2002 2461 patientibus

264 2561 269 2569 ι
352 2492 813 2558 subministravit,
844 2490 894 2544 si
922 2502 1082 2553 omne
1110 2499 1241 2555 opus
1275 2481 1473 2537 bonum
1500 2479 1784 2534 subsecuta
1813 2480 1909 2531 est.
1939 2474 2000 2530 Si

352 2580 733 2658 praerogativa
762 2574 1186 2650 praeteritorum
1217 2586 1457 2642 operum
1501 2568 1675 2623 vidua
1703 2580 1999 2621 commen-

354 2652 907 2741 datur,weligendam
938 2665 1089 2720 hanc
1119 2662 1303 2716 docet-
1332 2656 1563 2717 Domini
1607 2655 1761 2711 enim
1785 2652 2000 2725 judici—

356 2764 443 2818 cio
497 2757 809 2816 ascribitur
856 2769 1068 2810 nomen
1145 2750 1273 2820 ejus
1332 2744 1743 2802 ecclesiasticis
1794 2759 2001 2797 monu-

358 2848 594 2918 mentis,
627 2861 801 2918 quam
847 2843 1087 2914 dignam
1116 2844 1283 2895 vetus
1317 2835 1434 2892 vita
1463 2832 1738 2890 declarat.
1774 2831 2004 2886 Imbuta

357 2940 514 3009 enim
544 2934 756 2992 divinis
795 2928 1094 3002 obsequiis
1143 2932 1199 2983 et
1228 2927 1288 2981 in
1336 2924 1512 2980 vitam
1557 2928 1833 2988 atterens,
1864 2936 2001 2974 sus-

358 3006 627 3100 cipienda
656 3028 745 3080 est
773 3023 832 3078 in
864 3020 998 3077 sinu
1033 3014 1295 3073 Ecclesia:
1326 3013 1427 3086 qui
1459 3011 1598 3068 olim
1648 3027 1711 3065 se
1740 3006 1892 3065 vovit
1921 3007 1999 3062 le-

358 3114 583 3190 gitimis
613 3109 886 3169 servitiis.

425 3204 681 3261 Iuniores
727 3204 921 3256 autem
968 3194 1160 3251 viduas
1197 3191 1395 3247 devita.
1452 3188 1585 3244 Cum
1617 3188 1766 3243 enim
1794 3187 1854 3241 in
1904 3184 2000 3241 de-
2032 3169 2074 3238 C

357 3295 503 3350 liciis
549 3292 781 3364 egerint,
840 3290 902 3344 in
960 3285 1169 3342 Christo
1227 3281 1429 3337 nubere
1475 3278 1684 3334 volunt.
1729 3274 2003 3331 Prohibet

356 3363 819 3439 adulescentulas
868 3375 1079 3433 viduas
1110 3372 1170 3427 in
1210 3370 1319 3427 hac
1367 3367 1588 3440 suscipi
1618 3363 2000 3438 professione.

358 3471 617 3527 Lubricaa
657 3469 813 3524 enim
862 3464 1013 3520 aitati
1049 3461 1191 3516 fides
1224 3457 1391 3515 facile
1432 3454 1631 3511 haberi
1662 3470 1777 3509 non
1808 3452 2000 3522 debet,

357 3558 572 3631 quippe
603 3572 736 3611 cum
770 3551 1158 3625 quarumdam
1198 3543 1463 3617 exempla
1494 3543 1841 3615 praecedant,
1874 3556 2001 3610 quae

358 3627 960 3719 post—professionem
1005 3637 1157 3702 vitae,
1202 3632 1545 3690 deliciarum
1596 3627 2000 3694 oblectatione,

360 3751 594 3803 nomen,
626 3749 742 3788 non
792 3745 969 3802 opera
996 3723 1299 3782 viduitatis
1339 3721 1575 3787 habent,
1608 3722 1670 3784 et,
1716 3732 2002 3773 conversa

360 3822 580 3897 nuptiis
612 3819 1026 3877 sollicitantur.
1060 3812 1169 3881 Qui
1197 3811 1354 3869 enim
1386 3814 1552 3882 putat
1594 3824 1656 3863 se
1685 3807 1745 3862 in
1775 3805 2004 3862 Christo

358 3913 581 3970 deliciis
600 3912 782 3968 vitam
814 3923 1005 3980 agere,
1060 3903 1302 3960 minime
1342 3900 1622 3955 innocens
1653 3898 1999 3969 perseverat.

357 4002 608 4059 Luxuria
637 3999 794 4057 enim
818 3995 1000 4053 trahit
1030 3992 1198 4049 illum
1229 3991 1301 4047 ad
1335 4005 1445 4045 sua
1466 3987 1751 4050 membra,
1777 3988 1840 4040 ut
1870 3983 2005 4039 sub-

348 4092 590 4165 jiciatur
620 4091 872 4163 peccato.
903 4083 1132 4142 Deliciae
1161 4081 1318 4138 enim
1359 4080 1546 4151 janua
1592 4080 1731 4132 sunt
1761 4073 2001 4146 peccati.

356 4163 483 4239 Non
516 4179 674 4236 enim
702 4193 815 4249 quo
846 4175 1048 4231 tendat
1086 4172 1413 4244 ignoratur,
1445 4169 1546 4237 qui
1576 4163 1815 4219 ﬂuidam
1848 4166 2007 4217 amat

355 4270 534 4325 vitam
546 4311 559 4325 .

432 4358 711 4413 [labentes
741 4352 1177 4419 damnationem,
1211 4348 1345 4419 quia
1379 4347 1619 4416 primam
1648 4341 1822 4412 ﬁdem
1871 4339 2006 4394 irri-

358 4450 470 4502 tam
497 4451 765 4517 [ecerunt.
832 4440 980 4508 Quid
1018 4440 1253 4494 maneat
1288 4434 1458 4500 tales,
1491 4431 1764 4498 ostendit,
1824 4445 1895 4484 ne
1931 4428 2007 4482 fa-

2110 1946 2430 2001 multorum
2462 1945 2817 1999 secretorum
2849 1939 3181 2012 partieipes,
3221 1938 3614 2006 adulatrices,
3647 1954 3769 1994 ser-

2113 2050 2315 2089 vorum
2350 2030 2630 2105 querulis.

2185 2123 2314 2179 Volo
2344 2123 2533 2192 itaque
2553 2120 2809 2191 juniores
2836 2118 3056 2189 nubere,
3087 2117 3229 2187 ﬁlios
3274 2133 3608 2189 procreare,
3656 2133 3747 2172 ma

2110 2216 2171 2267 tr.
2185 2211 2470 2283 'sfamilias
2489 2226 2618 2266 esse.
2633 2208 2751 2264 Hoc
2773 2211 2863 2263 est
2881 2206 3039 2262 enim
3060 2221 3256 2278 regere
3276 2206 3525 2262 domum
3550 2206 3771 2277 (1309),

2108 2302 2334 2358 Nattam
2361 2302 2720 2367 occasionem
2731 2296 2868 2352 dare
2894 2295 3209 2352 adversario
3236 2295 3528 2351 maledicti
3553 2297 3769 2367 gratia.

2107 2392 2230 2447 Jam
2258 2392 2406 2444 enim
2432 2386 2678 2459 quaedam
2706 2386 3095 2441 deerraverunt
3117 2393 3240 2459 post
3268 2385 3537 2441 Satanam
3559 2403 3580 2440 :
3615 2386 3771 2450 Quo-

2110 2481 2290 2550 niam,
2324 2495 2451 2550 quzn
2478 2492 2658 2548 supra
2685 2474 2833 2530 dixit
2879 2474 2952 2531 de
2981 2473 3345 2546 hujuamodi,
3378 2473 3682 2529 contraria
3713 2478 3774 2529 et

2110 2569 2315 2625 illicita
2329 2572 2487 2633 sunt,
2523 2565 2842 2638 perducent
2860 2580 2957 2619 eas
2981 2564 3053 2620 ad
3085 2567 3353 2621 mortem.
3380 2562 3611 2619 Idcirco
3634 2579 3773 2618 con-

2111 2658 2310 2715 silium
2336 2658 2437 2712 dat
2458 2661 2513 2710 ct
2534 2653 2795 2726 praecipit
2815 2669 2883 2708 ea
2895 2652 3019 2707 fieri
3041 2668 3169 2723 quae
3191 2651 3348 2707 licita
3367 2656 3531 2708 sunt.
3555 2651 3773 2707 Melius

2109 2751 2198 2803 est
2228 2744 2384 2802 enim
2415 2745 2627 2800 domus
2657 2759 2775 2797 sua:
2816 2757 3016 2797 curam
3056 2756 3254 2812 gerere
3275 2756 3454 2811 quam
3479 2739 3540 2795 in
3574 2737 3778 2795 aliena

2110 2837 2283 2892 domo
2304 2832 2551 2891 adulari.
2585 2833 2651 2887 Et
2676 2830 2927 2886 multum
2955 2828 3188 2902 expedit
3206 2829 3425 2885 nubere
3445 2844 3630 2900 quam
3650 2830 3773 2885 sub

2110 2928 2263 2981 bona
2305 2930 2362 2979 et
2391 2922 2486 2995 pia
2526 2919 2885 2994 professione
2940 2917 3214 2974 nobiliter
3270 2917 3568 2974 incedere.
3626 2918 3774 2974 Plus

2111 3016 2306 3068 autem
2337 3014 2426 3066 est
2473 3023 2608 3064 cum
2659 3006 2881 3079 pudore
2923 3004 3199 3061 manibus
3229 3003 3448 3060 victum
3499 3022 3775 3076 quaerere

2112 3117 2288 3173 quam
2349 3096 2738 3153 inverecunde
2767 3111 2901 3150 cum
2932 3093 3048 3150 otio
3098 3092 3288 3149 aliena
3344 3094 3627 3150 utensilia
3678 3112 3777 3151 ex-

2112 3193 2395 3262 spectare.
2427 3186 2519 3243 Sic
2541 3185 2695 3242 enim
2719 3182 2939 3241 invenit
2958 3184 3321 3239 occasionem
3340 3183 3593 3240 Satanas
3615 3200 3775 3255 quo-

2113 3280 2284 3334 modo
2323 3277 2625 3333 subvertat
2656 3275 2884 3330 animas
2914 3272 3302 3344 inconsultas,
3332 3288 3473 3329 cum
3503 3273 3601 3344 pia
3629 3290 3771 3345 pro—

2111 3368 2343 3424 ﬁtentes
2374 3365 2592 3434 injuste
2616 3367 2944 3419 versantur.
2977 3360 3137 3417 Nihil
3170 3361 3328 3417 enim
3378 3366 3502 3419 tam
3534 3361 3771 3433 pericu-

2109 3455 2302 3510 losum
2362 3459 2450 3509 est
2505 3468 2678 3523 quam
2726 3451 2776 3507 si
2829 3449 3178 3523 professioni
3211 3452 3379 3522 gesta
3409 3456 3771 3523 repugnent.

2112 3549 2391 3615 Apertum
2423 3541 2579 3597 enim
2630 3544 2855 3596 motum
2888 3555 3005 3595 non
3051 3537 3278 3617 zelatur
3317 3539 3598 3607 Satanas,
3629 3538 3775 3612 quia

2111 3632 2325 3706 gaudet
2354 3630 2415 3685 in
2464 3628 2562 3684 illo
2589 3646 2601 3696 ;
2633 3628 2815 3683 istum
2845 3643 2999 3693 vero,
3050 3642 3226 3699 quem
3257 3625 3411 3683 videt
3452 3626 3681 3692 fallere,
3711 3627 3771 3682 id

2112 3726 2245 3793 aget
2274 3724 2338 3774 ut
2387 3716 2721 3773 manifestat
2760 3715 2929 3771 illum
2959 3730 3138 3770 suum
3194 3713 3383 3770 filium
3436 3731 3594 3784 esse,
3647 3732 3769 3771 non

2112 3810 2242 3877 Dei;
2277 3808 2432 3880 quod
2466 3806 2683 3862 factum
2711 3820 2827 3860 non
2859 3803 3131 3876 displicet
3161 3808 3295 3859 Deo.

2183 3900 2243 3955 Si
2281 3899 2401 3971 quis
2449 3896 2653 3967 ﬁdelis,
2712 3893 2802 3950 vel
2828 3897 2879 3950 si
2924 3910 3033 3967 qua
3082 3893 3265 3963 ﬁdelis
3323 3891 3491 3948 habet
3545 3892 3767 3961 viduas,

2112 3989 2446 4060 sufﬁcienter
2472 3984 2849 4041 subministret
2892 3983 3028 4048 illis,
3060 3985 3121 4037 ut
3148 3999 3259 4037 non
3289 3988 3558 4051 gravetur
3586 3984 3767 4039 Eccle-

2112 4080 2218 4146 sia,
2250 4081 2309 4132 ut
2338 4076 2481 4131 veris
2510 4073 2694 4129 viduis
2723 4071 2983 4143 sufﬁciat.
3007 4071 3157 4135 Quid
3190 4071 3409 4126 mirum
3441 4070 3495 4127 si
3529 4077 3765 4145 aposto-

2114 4165 2230 4222 lica
2254 4168 2510 4237 potestas
2540 4163 2741 4217 futura
2761 4160 2951 4232 potuit
2970 4158 3281 4233 praevidere
3299 4159 3326 4213 ?
3354 4163 3512 4216 Nam
3528 4166 3771 4234 apparet

2115 4255 2272 4326 quod
2303 4253 2468 4319 dixit,
2500 4251 2641 4323 quia
2671 4248 2933 4304 fidelium
2961 4249 3148 4304 viduae
3173 4264 3328 4304 nunc
3343 4247 3614 4304 multum
3643 4266 3769 4323 gra-

2114 4347 2255 4398 vant
2284 4340 2625 4411 Ecclesiam,
2657 4341 2714 4394 et
2742 4353 2966 4405 eorum,
3004 4337 3107 4408 qui
3138 4335 3464 4408 locupletes
3495 4337 3772 4393 videntur

2117 4430 2342 4498 mundi,
2377 4435 2434 4485 et
2460 4445 2562 4501 per
2619 4426 2935 4483 senectutis
2982 4440 3219 4480 causam
3265 4423 3637 4482 desistentes
3677 4442 3769 4482 eas

359 4535 469 4592 cile
497 4512 801 4600 'audeant,
844 4528 999 4602 quod
1050 4525 1296 4599 implere
1343 4520 1578 4578 dillicile
1633 4524 1741 4589 est,
1802 4521 1902 4574 aut
1958 4516 2006 4571 si
2040 4536 2083 4602 D
2117 4520 2190 4574 ab
2221 4534 2393 4591 opere
2417 4514 2678 4582 lanificii,
2712 4513 3019 4570 retrahunt
3044 4512 3128 4568 eis
3159 4516 3217 4567 et
3254 4513 3691 4569 vestimentum
3720 4518 3772 4568 et

362 4625 595 4685 animus
625 4627 713 4679 est
759 4620 897 4675 huic
944 4614 1232 4673 devotioni
1279 4612 1515 4668 deditus
1563 4609 1717 4682 apud
1760 4624 1819 4662 se
1851 4606 2003 4661 inte-

362 4715 473 4769 rim
505 4717 719 4782 teneat,
749 4708 891 4782 quia
917 4705 1120 4763 didicit
1149 4700 1532 4760 temerarium
1562 4714 1691 4753 esse
1723 4693 2002 4768 profiteri,

362 4803 516 4876 quod
549 4800 741 4856 adhuc
784 4794 1027 4869 juvenili
1057 4792 1213 4849 zetati
1236 4788 1392 4847 credi
1442 4804 1554 4843 non
1588 4786 1776 4841 debet.
1828 4787 2004 4837 Dam-

364 4870 587 4947 nationi
644 4886 798 4943 enim
860 4886 925 4939 ﬁt
953 4882 1259 4950 obnoxius,
1311 4878 1412 4950 qui
1469 4876 1540 4929 ab
1573 4873 1679 4930 hoc
1729 4870 2003 4937 declinat,

363 4979 520 5053 quod
550 4982 704 5033 recte
732 4975 966 5030 fecerat.
1001 4972 1293 5036 Quantum
1353 4966 1507 5022 enim
1559 4959 1849 5018 laudabile
1897 4963 2004 5029 est,

363 5052 414 5126 si
443 5066 686 5140 impleat
725 5063 881 5137 quod
936 5059 1089 5116 ultra
1144 5058 1294 5113 vires
1347 5058 1477 5126 ejus
1526 5053 1803 5121 creditur,
1847 5052 2008 5104 tanto

364 5158 553 5232 magis
586 5152 921 5229 puniendus
948 5149 1081 5217 erit,
1116 5148 1165 5204 si
1197 5146 1306 5201 hoc
1329 5144 1544 5200 audeat
1566 5141 1678 5197 sibi
1710 5141 2009 5211 imponere

364 5226 817 5321 praesumptione
845 5238 1218 5303 temeritatis,
1254 5233 1411 5307 quod
1458 5233 1606 5321 ferre
1636 5247 1750 5286 non
1803 5226 2010 5301 possit,

441 5389 640 5462 (1306).
672 5387 929 5441 Verbum
952 5384 1105 5462 dicit,
1132 5379 1286 5462 quod
1312 5377 1371 5457 in
1395 5375 1592 5462 codipp
1623 5372 2011 5462 desideratur,

2114 4609 2354 4670 victum,
2401 4622 2514 4661 non
2569 4609 2758 4659 totum
2802 4609 2998 4658 tamen
3047 4618 3116 4657 ex
3144 4604 3327 4673 parte,
3379 4605 3448 4656 ut
3497 4600 3617 4658 illa:
3650 4603 3771 4675 ipsa

2114 4696 2314 4768 inopia
2343 4695 2416 4749 ad
2445 4692 2765 4749 Ecclesium
2805 4694 3221 4747 convertantur
3250 4693 3318 4744 ut
3352 4689 3586 4746 vivant.
3623 4690 3770 4754 Quos

2114 4784 2419 4859 oportebat
2437 4800 2551 4839 non
2566 4780 2756 4837 solum
2781 4778 2903 4836 suis
2917 4778 3315 4850 indigentibus
3334 4778 3768 4850 largiri,verum

2114 4875 2289 4931 etiam
2323 4871 2466 4927 alias
2497 4871 2698 4942 inepes
2722 4884 2955 4940 pascere
2977 4872 3360 4938 etcontegere
3391 4891 3405 4934 ;
3436 4869 3605 4939 quod
3632 4866 3770 4923 mulo

2115 4969 2241 5019 tum
2272 4963 2455 5017 obest.
2488 4962 2633 5016 Cum
2664 4958 2819 5014 enim
2852 4956 2944 5012 his
2976 4957 3165 5024 datur,
3190 4954 3416 5011 caeteris
3447 4962 3555 5011 aut
3577 4958 3766 5012 minus

2118 5057 2218 5108 aut
2266 5068 2381 5107 non
2438 5050 2629 5117 datur,
2662 5047 2879 5119 quibus
2938 5045 3128 5118 magis
3189 5043 3453 5100 dandum
3499 5052 3615 5114 est,
3649 5061 3766 5118 qua:

2118 5141 2308 5214 dignae
2339 5143 2478 5195 sunt
2500 5136 2766 5193 Ecclesiae
2796 5135 3133 5206 sumptibus
3163 5132 3513 5189 ministrari.
3548 5135 3649 5191 Sic
3675 5150 3767 5191 au-

2120 5235 2238 5286 tem
2270 5232 2566 5302 gravatur,
2627 5241 2761 5281 cum
2792 5224 3021 5297 cogitur
3071 5223 3281 5279 vestire
3341 5222 3585 5294 multos,
3646 5239 3763 5296 qua

2193 5365 2393 5434 (1308).
2430 5362 2493 5415 In
2528 5360 2654 5416 cod.
2688 5360 2999 5423 Simulata,
3024 5357 3121 5413 ubi
3155 5373 3263 5412 nos
3291 5356 3571 5429 legimus,
3603 5353 3762 5412 simul

369 5441 704 5518 addendum
735 5473 947 5513 sensus
978 5461 1036 5510 et
1064 5441 1481 5508 Ambrosiastri
1528 5446 1795 5500 Maurina
1837 5441 2014 5497 editio
2124 5442 2330 5518 autem.

406 5546 631 5682 uagis).
655 5598 1018 5662 Subauditur
1049 5600 1112 5655 ut
1136 5595 1197 5651 in
1227 5591 1397 5666 Vulg.
1428 5603 1552 5665 qua
1578 5588 1766 5662 fuerit.

2159 5505 2376 5590 .(13309)
2407 5504 2617 5590 Verba,
2651 5500 2749 5590 tio}:
2766 5510 2844 5560 est
2869 5503 3018 5559 enim
3046 5516 3230 5575 regere
3254 5499 3501 5569 domum,
3528 5497 3759 5557 Ambro-

2126 5575 2337 5637 siaster
2360 5575 2481 5633 non
2503 5575 2697 5633 habet.
