4044 6180
216 315 326 373 681

619 312 1037 373 EXPOSITIO
1084 312 1159 372 ΙΝ
1205 313 1634 375 EPISTOLAS
1681 315 1934 375 PAULI.
1964 350 2040 360 ——
2081 317 2156 377 IN
2204 319 2450 379 EPIST.
2497 320 2520 379 l
2568 320 2670 379 AD
2714 319 3214 379 TIMOTHEUM.

3500 323 3618 381 682

217 444 463 522 deberet,
483 442 695 499 vestire
737 459 974 516 paucos,
1020 447 1076 498 et
1129 443 1313 515 plebs,
1360 460 1486 514 quae
1532 444 1780 500 libenter
1809 449 1865 500 et
1896 450 1947 513 Α
1979 448 2215 502 dinatur
2245 449 2397 503 vitiis
2427 454 2483 505 et
2510 450 2736 505 delictis
2786 450 2933 519 ejus.
2986 450 3045 505 Si
3095 467 3231 522 ergo
3263 452 3501 506 omnino
3533 452 3618 508 la-

217 518 557 604 frequenter
587 531 771 604 possit
802 531 1132 586 ministrare
1165 533 1387 603 paucis,
1418 533 1645 605 cogitur
1674 532 1868 603 plures

217 620 535 686 dimittere,
570 623 636 674 ut
677 623 778 675 aut
826 625 1153 675 murmuret
1198 626 1298 675 aut
1325 621 1551 676 tardius
1582 627 1865 676 occurrat.

1979 540 2160 591 tentia
2192 543 2326 591 sunt
2360 539 2588 608 delicta,
2623 540 2907 593 immunis
2939 541 3048 593 erit
3080 547 3283 608 rector,
3318 541 3455 610 quia
3486 560 3620 595 con-

1979 628 2222 682 scientia
2262 629 2388 698 ejus
2447 627 2627 683 libera
2671 633 2778 683 est.
2830 629 3092 699 SUSpicio
3139 628 3293 683 enim
3325 630 3622 700 trepidum

215 708 364 765 Nam
391 725 526 763 cum
550 708 848 780 praecipiat
871 709 1046 764 unius
1066 708 1173 763 viri
1199 726 1433 765 uxorem
1452 709 1586 781 eligi
1609 710 1908 775 viduam,'
1980 716 2135 769 facit.
2170 718 2367 771 l’eccat
2397 716 2576 781 enim,
2608 717 2657 771 si
2707 734 2823 771 non
2873 719 3097 789 probat,
3151 725 3208 773 et
3255 719 3337 773 sic
3370 718 3621 774 ordinat.

218 814 380 853 nunc
412 796 791 851 inveniuntur
819 796 972 851 inter
998 813 1096 852 eas
1129 814 1244 852 non
1275 798 1499 852 tanium
1534 799 1739 866 duum,
1772 802 1873 853 aut

220 887 403 941 trium
437 886 785 940 maritorum
836 902 1065 953 uxores,
1100 886 1200 941 sed
1250 890 1305 940 et
1354 904 1481 958 quae
1528 887 1759 958 turpius
1790 887 1870 940 vi-

215 976 431 1031 xerint.
447 975 607 1040 Quod
627 972 944 1044 aliquando
958 991 1059 1046 per
1072 974 1487 1047 negligentiam
1504 979 1589 1037 lit.
1606 976 1871 1048 aliquan-

216 1067 298 1120 do
331 1068 616 1136 potestate
643 1062 1000 1118 insinuante.

297 1154 405 1222 Qui
450 1152 583 1207 bene
625 1154 874 1223 praesunt
923 1151 1250 1223 presbyteri,
1291 1152 1499 1223 duplici
1548 1158 1748 1208 honore
1776 1154 1875 1207 ha-

222 1245 467 1300 beantur
517 1241 696 1312 digni,
730 1242 970 1296 maxime
1026 1242 1122 1311 qui
1185 1241 1445 1296 laborant
1508 1244 1569 1296 in
1620 1242 1777 1297 verbo
1824 1246 1876 1296 et

222 1333 500 1389 doctrina.
544 1329 689 1386 Boni
720 1330 1156 1401 dispensatores
1186 1345 1252 1385 ac
1282 1328 1503 1399 ﬁdeles,
1537 1346 1650 1385 non
1683 1329 1875 1385 solum

220 1420 448 1477 honore
477 1418 717 1475 sublimi
744 1418 901 1488 digni
954 1419 1168 1475 debent
1209 1419 1487 1490 judicari,
1539 1419 1640 1474 sed
1673 1424 1730 1475 et
1760 1424 1877 1475 ter-

221 1519 390 1572 reno,
425 1512 490 1563 ut
523 1522 638 1563 non
688 1507 1110 1563 contristentur
1154 1507 1477 1579 indigentia
1505 1511 1878 1577 sumptuum,

222 1597 329 1653 sed
363 1596 552 1669 magis
590 1596 887 1668 gaudeant
916 1597 1030 1651 tide
1075 1615 1183 1651 sua
1236 1601 1293 1651 et
1334 1596 1614 1652 doctrina.
1651 1598 1880 1651 Instan—

226 1685 343 1741 tior
370 1684 528 1741 enim
560 1685 645 1753 ﬁt,
678 1684 727 1740 si
781 1699 897 1739 non
947 1684 1294 1739 bumilietur
1340 1685 1557 1757 inopia,
1590 1690 1647 1741 et
1676 1684 1882 1740 crescit

222 1774 291 1828 in
323 1771 425 1829 illo
457 1772 798 1839 auctoritas,
839 1789 972 1827 cum
1004 1772 1162 1828 videt
1206 1791 1269 1828 se
1300 1773 1473 1829 etiam
1514 1773 1576 1828 in
1607 1773 1878 1845 praasenti

222 1860 452 1916 laboris
482 1860 573 1915 sui
608 1859 863 1915 fructum
886 1860 1204 1931 percipere,
1236 1876 1351 1916 non
1384 1865 1450 1915 ut
1472 1860 1751 1926 abundet,
1774 1861 1876 1915 sed

226 1955 298 2004 ut
326 1965 442 2005 non
473 1948 725 2004 deﬁciat.

306 2039 451 2093 Dicit
477 2039 626 2093 enim
652 2035 978 2107 Scriptura:
1032 2052 1143 2092 non
1189 2037 1517 2108 infremabis
1564 2039 1748 2093 bovem
1776 2040 1878 2091 tri-

222 2134 509 2182 tetrantem
561 2126 738 2197 (Deut.
797 2126 1020 2191 xxv,4:
1083 2126 1257 2181 lCor.
1310 2144 1387 2192 1x,
1418 2127 1514 2198 9);
1558 2129 1771 2197 Dignus
1800 2131 1882 2181 est

226 2216 519 2286 operarius
574 2214 820 2270 mercede
876 2230 976 2269 sua
1032 2214 1249 2285 (Matth.
1294 2232 1349 2285 x,
1400 2216 1505 2283 10;
1554 2217 1684 2271 Luc.
1714 2233 1771 2285 x,
1800 2216 1877 2283 7).

226 2305 419 2359 Tanta
437 2318 659 2359 merces
677 2303 848 2358 debet
867 2318 997 2359 esse
1016 2303 1471 2375 evaugelizantis
1492 2319 1736 2375 regnum
1762 2304 1879 2373 Dei,

230 2409 352 2465 qua
385 2407 573 2464 neque
602 2391 983 2447 contristetur
1013 2407 1199 2462 neque
1227 2392 1557 2448 extollatur.

306 2482 603 2538 Adversum
629 2481 1015 2553 presbyterum
1061 2482 1464 2537 accusationem
1490 2499 1559 2538 ne
1595 2483 1879 2553 receperis.

231 2570 521 2637 Quoniam
549 2570 728 2641 hujus
758 2569 978 2625 ordinis
1003 2568 1277 2625 sublimis
1300 2569 1486 2625 honor
1515 2576 1642 2638 eet;
1674 2570 1881 2640 hujus—

232 2660 393 2715 modi
424 2658 581 2714 enim
612 2658 813 2713 vicarii
843 2657 1058 2713 Christi
1100 2663 1238 2713 sunt
1269 2675 1283 2713 :
1317 2658 1532 2714 idcirco
1566 2676 1679 2715 non
1718 2658 1884 2714 facile

230 2748 308 2803 de
357 2747 465 2803 hac
508 2763 756 2819 persona
801 2747 1096 2802 accusatio
1141 2747 1313 2803 debet
1343 2747 1593 2803 admitti.
1629 2747 1882 2803 Incredi-

230 2835 352 2893 bile
382 2835 537 2892 enim
570 2836 741 2891 debet
768 2836 951 2891 videri
982 2836 1184 2903 istum,
1218 2837 1321 2907 qui
1362 2836 1464 2893 Dei
1494 2837 1741 2893 antistes
1771 2841 1880 2908 est,

230 2924 534 2981 scenicum
564 2941 692 2981 esse
722 2924 1136 2995 turpissimum
1162 2925 1369 2995 (1310).

304 3014 690 3085 Detinquentes
726 3018 908 3069 autem
935 3028 1123 3069 coram
1167 3014 1424 3069 omnibus
1466 3030 1658 3083 argue,
1686 3022 1747 3069 ut
1775 3029 1884 3072 cae-

230 3104 340 3158 teri
367 3113 572 3158 metum
604 3102 857 3157 habeant.
885 3102 1185 3165 Quomodo
1208 3117 1324 3156 non
1351 3100 1516 3157 facile
1535 3102 1693 3157 credi
1714 3102 1887 3159 debet

1983 803 2186 858 Melior
2216 804 2371 859 enim
2404 806 2629 859 caeteris
2662 806 2835 860 debet
2866 806 3098 877 probari
3128 807 3226 877 qui
3260 806 3624 863 ordinandus

1983 898 2090 947 est.
2125 893 2248 948 Non
2293 894 2446 948 enim
2504 894 2723 948 sufﬁcit
2780 895 2825 948 si
2883 897 3008 949 sine
3066 895 3308 950 crimine
3359 897 3456 962 sit,
3492 898 3629 967 quia

1986 980 2195 1036 merita
2222 982 2347 1051 ejus
2380 983 2593 1036 debent
2624 984 2824 1052 praeire
2856 984 3139 1039 bonorum
3173 1001 3414 1057 operum
3448 991 3513 1039 ut
3538 986 3627 1039 di-

1984 1085 2137 1140 gnus
2168 1069 2452 1124 habeatur
2482 1070 2551 1124 ad
2586 1070 3030 1126 ordinationem.
3056 1073 3182 1127 Hzec
3205 1072 3513 1144 episcopus
3535 1090 3630 1128 cu-

1984 1158 2269 1227 stodiens,
2301 1164 2530 1213 castum
2583 1176 2645 1214 se
2693 1159 2987 1214 exhibebit
3029 1161 3314 1232 religioni,
3346 1163 3517 1233 cujus
3550 1162 3630 1217 rei

1986 1246 2045 1300 in
2078 1246 2277 1302 futuro
2317 1247 2623 1318 praemium
2652 1253 3060 1319 consequatur.

2056 1376 2190 1428 Jam
2236 1372 2356 1426 noti
2412 1371 2597 1426 bibere
2648 1388 2867 1442 aquam,
2926 1373 3018 1427 sed
3063 1378 3189 1428 vino
3246 1375 3453 1430 modico
3482 1379 3635 1429 utere

1985 1464 2204 1531 prapter
2226 1462 2587 1527 stomachum,
2614 1466 2665 1515 et
2688 1462 2902 1516 crebras
2926 1468 3053 1516 tuas
3074 1461 3445 1532 inﬁrmitates.
3469 1464 3634 1517 Nunc

1989 1548 2241 1621 speciale
2270 1549 2581 1603 consilium
2627 1550 2748 1615 dat,
2800 1555 2863 1603 ut
2909 1550 3170 1621 seipsum
3220 1551 3438 1606 salubri
3473 1557 3637 1621 regat

1992 1637 2275 1693 doctrina.
2301 1638 2621 1692 Prudenter
2641 1638 2794 1692 enim
2820 1639 2971 1694 Deus
2994 1639 3102 1694 sibi
3129 1639 3329 1694 serviri
3353 1639 3494 1706 vult,
3520 1656 3635 1695 non

1991 1731 2057 1780 ut
2076 1726 2376 1781 nimietate
2396 1743 2505 1781 sua
2524 1725 2746 1781 debiles
2769 1728 2930 1791 liant,
2954 1732 3010 1781 et
3047 1733 3248 1798 postea
3274 1728 3636 1783 medicorum

1913 1821 1961 1885 Β
1992 1813 2271 1886 suffragia
2299 1813 2618 1885 requirant.
2653 1815 3124 1885 Temperandum
3168 1822 3258 1870 est
3286 1816 3464 1887 enim,
3499 1816 3638 1871 utsi

1992 1903 2113 1958 ﬁeri
2146 1906 2357 1975 potest,
2390 1907 2643 1974 emptum
2677 1902 3025 1974 obsequium
3048 1903 3338 1975 gradatim
3366 1903 3641 1975 proveha-

1991 1999 2105 2062 tur,
2125 2007 2303 2062 quam
2326 2008 2425 2062 per
2442 1990 2994 2047 inconsiderantiam
3014 1994 3334 2047 minuatur.
3354 1994 3641 2062 Intempe-

1991 2060 2182 2134 rantia
2205 2080 2361 2134 enim
2386 2080 2574 2150 ipsam
2597 2080 2856 2135 animam
2881 2080 3203 2151 inquietam
3235 2080 3389 2145 facit,
3418 2085 3483 2134 ut
3503 2095 3636 2133 cum

1993 2169 2064 2222 de
2084 2167 2425 2223 inﬁrmitate
2445 2168 2696 2225 sollicita
2715 2174 2824 2234 est,
2850 2185 2964 2224 non
2995 2173 3225 2224 tantum
3250 2168 3446 2223 dedita
3467 2169 3545 2223 sit
3562 2166 3643 2221 di-

1992 2257 2143 2311 vinis
2172 2256 2443 2311 servitiis.
2479 2257 2774 2312 Damnum
2809 2274 2945 2329 ergo
2978 2258 3146 2313 alfert
3169 2256 3633 2329 improvidentia.

1993 2344 2209 2399 Anima
2241 2344 2393 2400 enim
2427 2345 2485 2399 in
2510 2345 2936 2417 tranquillitate
2967 2346 3173 2418 posita,
3205 2350 3391 2400 totum
3424 2361 3523 2403 cor
3543 2361 3636 2398 ex-

1994 2432 2148 2488 tollit
2177 2433 2249 2488 ad
2281 2433 2487 2499 Deum,
2523 2434 2747 2506 integro
2778 2433 3019 2490 consilio
3051 2435 3365 2490 obsecrans
3388 2451 3512 2505 quae
3541 2448 3638 2503 pe~

1994 2522 2171 2578 tenda
2202 2528 2359 2577 sunt.

2067 2637 2445 2708 Quorumdam
2473 2639 2757 2693 hominum
2784 2648 3013 2709 peccatu
3043 2640 3338 2710 manifesta
3355 2640 3481 2692 sunt
3499 2652 3643 2709 pra:-

1992 2727 2240 2782 cedentia
2270 2728 2331 2781 in
2354 2726 2654 2796 judicium,
2685 2726 2942 2797 quosdam
2976 2744 3098 2783 vero
3140 2736 3191 2782 et
3217 2727 3642 2798 subsequuntur.

1993 2818 2130 2870 Pari
2174 2816 2334 2871 modo
2380 2825 2429 2871 et
2487 2832 2651 2886 opera
2698 2817 2838 2871 bona
2893 2818 3190 2887 mani/asta
3243 2818 3409 2877 sunt;
3440 2823 3491 2871 et
3520 2827 3647 2885 qua?

1994 2905 2158 2959 aliter
2183 2919 2246 2959 se
2273 2902 2489 2972 habent,
2523 2903 2779 2957 abscondi
2808 2920 2919 2958 non
2944 2911 3183 2975 possunt.
3213 2903 3447 2958 Nullam
3478 2922 3651 2959 excu-

1996 2992 2279 3047 sationem
2305 2990 2431 3045 vult
2452 2990 2697 3061 intelligi
2722 2992 2839 3046 fore
2853 3007 3075 3053 eorum,
3095 2992 3194 3063 qui
3215 2990 3307 3046 his
3325 2992 3640 3056 adhaerent,

1996 3096 2246 3151 quorum
2278 3080 2512 3150 peccata
2550 3079 2848 3151 propalam
2898 3085 3055 3145 sunt,
3107 3084 3171 3134 ut
3220 3097 3355 3134 cum
3387 3080 3642 3136 evitandi

230 3192 306 3247 de
336 3192 668 3263 presbytere
707 3191 949 3257 crimen,
1001 3189 1049 3245 si
1099 3190 1377 3261 probetur
1422 3195 1641 3258 tamen,
1676 3196 1776 3246 aut
1806 3192 1886 3246 sit
1914 3187 1958 3252 C
1994 3170 2137 3263 fini,
2164 3169 2352 3263 (“esis
2378 3168 2584 3223 honori
2608 3168 2744 3223 δῖοί·
2766 3168 2887 3263 Ηοίξ
2904 3168 3354 3263 θιεειξξίεηίίίοθι
3381 3169 3640 3263 υξ-Ῐιίξωρ

231 3280 648 3344 manifestum,
697 3279 838 3351 quia
884 3279 1267 3335 irreverenter
1318 3283 1581 3335 versatus
1622 3285 1730 3345 est,
1780 3295 1886 3350 pu-

231 3368 387 3423 blice
442 3367 705 3440 praecipit
754 3368 1145 3439 urguendum,
1203 3373 1267 3421 ut
1296 3367 1485 3423 caeteri
1533 3372 1883 3424 terreantur.

233 3457 403 3522 Quod
436 3472 553 3511 non
609 3454 803 3510 solum
857 3455 1141 3510 ordinatis
1199 3456 1445 3526 prolicit,
1490 3456 1592 3512 sed
1622 3462 1680 3512 et
1707 3454 1882 3529 plebi.

231 3544 483 3612 Quando
504 3542 661 3599 enim
682 3543 879 3598 vident
895 3543 1257 3615 dignitosum
1275 3545 1460 3601 virum
1479 3545 1691 3601 erroris
1708 3561 1887 3600 causa

232 3632 473 3705 corripi,
507 3648 743 3687 necesse
773 3635 862 3687 est
890 3637 955 3687 ut
983 3631 1093 3688 sibi
1124 3639 1381 3689 caveant.

306 3722 490 3777 Testor
518 3737 703 3776 coram
750 3721 875 3786 Deo,
933 3725 988 3777 et
1048 3720 1260 3778 Christo
1305 3724 1451 3790 Iesu,
1483 3728 1532 3779 et
1571 3724 1754 3779 electis
1783 3740 1883 3779 an-

228 3812 395 3880 gelis,
428 3818 490 3865 ut
540 3809 658 3867 haec
710 3810 981 3867 custodias
1037 3812 1159 3867 sine
1209 3813 1567 3883 praejudicio,
1624 3812 1772 3867 nihil
1796 3815 1883 3883 fa-

227 3901 380 3956 ciens
406 3902 468 3955 in
496 3902 714 3967 partem
743 3900 919 3956 aliam
945 3900 1249 3956 declinans.
1298 3901 1486 3956 Manus
1514 3903 1627 3956 cito
1674 3902 1889 3957 nemini

234 3990 588 4062 imposueris,
637 4004 811 4060 neque
854 3992 1345 4045 communicaveris
1385 3992 1616 4060 peccatis
1664 3991 1882 4045 alienis.

236 4078 601 4148 Temetipsum
628 4084 840 4132 castum
880 4076 1109 4132 custodi.
1158 4077 1648 4132 Contestationem
1682 4078 1886 4150 depro-

237 4164 351 4220 mit
379 4165 534 4237 apud
569 4166 746 4220 Deum
777 4164 1030 4231 Patrem,
1062 4170 1119 4220 et
1156 4166 1450 4221 Christum
1497 4165 1707 4221 Filium
1736 4167 1887 4237 ejus,

235 4259 293 4309 et
321 4253 535 4311 electos
566 4252 826 4325 angelos,
860 4270 1009 4325 quos
1028 4253 1314 4309 Dominus
1344 4253 1403 4309 in
1428 4255 1738 4328 Evangelia
1760 4272 1890 4311 san-

236 4347 363 4399 ctos
394 4341 671 4415 appellat.
722 4342 792 4396 Hi
836 4359 971 4415 ergo
1022 4341 1187 4398 electi
1235 4348 1392 4409 sunt,
1438 4344 1578 4415 quia
1624 4348 1764 4399 sunt
1790 4342 1887 4399 alii

237 4430 495 4502 reprobi,
525 4432 628 4503 qui
657 4435 798 4487 sunt
830 4448 945 4487 non
985 4431 1087 4487 Dei
1117 4430 1328 4505 angeli,
1374 4433 1475 4487 sed
1525 4432 1763 4501 diaboli,
1796 4448 1888 4487 as-

239 4520 565 4575 sentientes
593 4521 900 4592 apostasia
929 4522 1075 4591 ejus.
1126 4521 1246 4576 Sub
1292 4520 1601 4576 testatione
1632 4538 1769 4593 ergo
1799 4538 1887 4588 ea,

242 4626 374 4681 quae
406 4609 479 4664 ad
528 4610 955 4665 ordinationem
998 4608 1263 4665 Ecclesiae
1313 4610 1554 4665 mandat
1583 4611 1890 4680 custodiri,

241 4698 509 4771 praecipit
538 4698 685 4755 nihil
743 4699 867 4756 ﬁeri
918 4699 1044 4755 sine
1095 4699 1456 4771 pranjudicio,
1490 4716 1562 4755 ne
1593 4699 1758 4755 facile
1789 4700 1891 4756 ali-

239 4788 380 4860 quis
411 4788 658 4861 accipiat
684 4787 1137 4844 ecclesiasticam
1171 4788 1538 4859 dignitatem,
1581 4790 1692 4843 nisi
1730 4790 1893 4861 prius

238 4879 315 4933 de
345 4877 463 4932 vita
494 4878 623 4948 ejus
661 4881 718 4932 et
764 4877 1026 4932 moribus
1068 4876 1242 4931 fuerit
1288 4876 1676 4948 disputatum,
1710 4883 1776 4933 ut
1804 4878 1891 4932 di-

239 4982 399 5039 gnus
430 4965 789 5038 approbatus
820 4964 1107 5035 minister,
1141 4972 1242 5019 aut
1270 4966 1541 5020 sacerdos
1573 4967 1892 5022 constitua-

239 5058 365 5125 tur,
402 5058 468 5108 ut
521 5071 637 5109 non
697 5058 919 5126 postea,
981 5053 1031 5109 si
1084 5053 1561 5124 reprehensibilis
1608 5056 1894 5123 videatur,

238 5144 524 5217 paeniteat
576 5144 720 5198 forte
760 5141 1084 5214 principem
1116 5141 1312 5213 populi
1346 5158 1460 5197 non
1494 5144 1567 5197 ad
1600 5142 1893 5215 liquidum

240 5231 663 5306 praejudicasse
695 5231 835 5304 quid
868 5235 1209 5298 mereretur,
1234 5247 1408 5303 quem
1434 5231 1899 5304 improbabiliter

241 5320 575 5388 ordinavit;
609 5336 715 5376 nec
746 5319 936 5387 illum,
985 5320 1153 5392 cujus
1215 5325 1450 5392 peccata
1496 5321 1565 5375 ad
1612 5322 1897 5393 suspicio-

241 5425 385 5468 nem
436 5409 675 5464 veniunt
724 5410 1138 5477 ordinandum,
1194 5426 1265 5464 ne
1314 5409 1779 5465 commaculetur
1807 5428 1897 5467 or-

1994 3258 2096 3314 Dei
2129 3258 2199 3312 ab
2232 3257 2324 3313 his
2351 3263 2707 3328 secernatur,
2739 3258 2989 3313 maxime
3015 3258 3383 3328 dispensator
3403 3257 3637 3312 Christi.

1997 3346 2097 3419 qui
2129 3346 2305 3401 etiam
2338 3346 2687 3418 corripiendi
2714 3363 2813 3401 eos
2845 3346 3019 3401 habet
3049 3346 3449 3401 auctoritatem
3475 3364 3489 3414 ;
3517 3346 3639 3418 qui,

1996 3437 2044 3493 si
2078 3453 2139 3491 se
2170 3436 2481 3490 emendare
2532 3435 2900 3506 promittunt,
2950 3435 3240 3490 retinendi
3289 3441 3446 3490 sunt.
3480 3435 3641 3491 Alios

1997 3541 2128 3581 vero
2160 3525 2438 3596 subsequi
2491 3523 2643 3579 mala
2692 3541 2869 3596 opera
2916 3523 3149 3580 illorum
3196 3526 3472 3595 ostendit,
3506 3526 3644 3596 quia

1996 3631 2127 3669 cum
2161 3614 2421 3671 viventes
2453 3614 2817 3668 mstimantur
2848 3614 3004 3680 boni,
3030 3615 3241 3669 mortui
3268 3616 3641 3685 detegantur,

1996 3708 2060 3757 ut
2076 3704 2175 3775 qui
2196 3703 2358 3774 prius
2376 3702 2763 3757 ostendebant
2783 3720 2845 3759 se
2868 3703 3126 3770 idoneos,
3152 3704 3526 3774 postmodum
3550 3703 3644 3757 de-

1995 3792 2294 3847 clarentur
2311 3791 2679 3862 impostores.
2705 3791 3011 3863 Superiora
3030 3792 3273 3857 ratione,
3294 3791 3444 3847 sicut
3465 3791 3640 3855 mala,

1995 3882 2077 3937 ita
2097 3886 2153 3935 et
2180 3881 2330 3935 facta
2353 3881 2504 3935 bona
2527 3880 2837 3934 manifesta
2870 3884 3029 3933 sunt.
3071 3878 3231 3934 Bona
3269 3881 3424 3934 enim
3448 3880 3566 3934 vita
3586 3886 3642 3934 et

1997 3974 2164 4023 actus
2197 3968 2441 4023 modesti
2476 3968 2753 4023 abscondi
2786 3984 2901 4021 non
2940 3973 3190 4038 possunt
3228 3967 3489 4021 adhibita
3520 3967 3637 4037 pie-

1995 4062 2114 4112 tate
2147 4056 2367 4111 faciunt
2399 4057 2704 4125 perfectos.
2741 4055 2850 4109 Sed
2883 4055 3034 4109 sicut
3063 4055 3330 4125 quaedam
3366 4055 3521 4109 mala
3551 4072 3639 4109 oc-

1998 4144 2158 4200 culta
2188 4144 2256 4199 ad
2286 4161 2539 4215 praesens
2563 4148 2721 4211 sunt,
2746 4143 2828 4197 ita
2850 4147 2906 4196 et
2926 4143 3099 4197 bona.
3122 4143 3303 4197 Nemo
3339 4143 3493 4198 enim
3516 4160 3637 4198 om-

1998 4234 2096 4288 nia
2125 4232 2182 4287 in
2219 4231 2555 4287 hominibus
2588 4236 2778 4302 potest
2807 4231 2994 4298 scire;
3029 4232 3129 4285 sed
3162 4247 3229 4285 ex
3258 4230 3373 4301 bis,
3405 4249 3532 4303 quae
3560 4233 3641 4286 vi-

1998 4323 2095 4377 det
2123 4327 2182 4377 et
2212 4321 2396 4384 audit,
2430 4320 2637 4392 probat
2667 4324 2723 4375 et
2757 4320 3004 4391 judicat.
3040 4321 3349 4393 Pcrpendit
3378 4321 3536 4377 enim
3568 4336 3641 4376 an

2000 4428 2067 4466 ea
2089 4428 2217 4482 quae
2241 4409 2519 4464 dicuntur
2542 4411 2889 4465 conveniant
2910 4411 2960 4466 ei
2982 4411 3052 4465 dc
3073 4427 3187 4482 quo
3209 4410 3503 4476 dicuntur,
3528 4411 3647 4467 sive

2000 4500 2175 4570 bona,
2201 4499 2322 4554 sive
2350 4498 2519 4553 mala.
2548 4501 2680 4564 Quae
2707 4504 2897 4553 autem
2946 4500 3174 4555 occulta
3211 4500 3428 4555 fuerint
3458 4500 3645 4555 homi-

2001 4590 2199 4655 nibus,
2223 4588 2280 4642 in
2304 4587 2397 4643 die
2431 4587 2639 4658 judicii
2682 4587 2873 4657 palam
2900 4587 3061 4642 ﬁent.
3110 4588 3345 4659 Propter
3375 4589 3481 4643 hoc
3512 4606 3648 4661 ergo

2004 4678 2159 4732 dicta
2181 4682 2339 4741 sunt,
2365 4682 2425 4729 ut
2441 4675 3319 4747 scianthujusmodigraviorem
3338 4694 3397 4731 se
3411 4693 3648 4732 causam

2006 4763 2217 4818 habere
2243 4780 2358 4834 prae
2381 4763 2612 4817 cateris.
2642 4763 2809 4832 Pejor
2841 4768 2929 4817 est
2965 4763 3120 4817 enim
3147 4764 3243 4834 qui
3287 4781 3368 4833 se,
3396 4780 3528 4818 cum
3574 4766 3650 4820 sit

2003 4851 2216 4917 malus,
2250 4852 2468 4906 bonum
2522 4851 2809 4916 ostendat,
2855 4866 3031 4921 quam
3078 4849 3173 4906 ille
3206 4852 3303 4922 qui
3337 4857 3532 4924 aperte
3562 4860 3649 4907 est

2002 4939 2214 4995 malus.

2075 5056 2230 5128 (CAP.
2264 5055 2385 5126 Vl.)
2442 5058 2712 5125 Quotquot
2769 5056 2951 5128 (1311)
3005 5061 3136 5111 sunt
3192 5060 3290 5111 sub
3320 5059 3453 5128 jugo
3482 5057 3645 5122 servi,

2007 5145 2252 5200 dominos
2300 5160 2425 5199 suos
2481 5145 2635 5198 omni
2690 5145 2891 5199 honore
2936 5146 3133 5215 dignos
3186 5147 3549 5211 arbitrentur,
3582 5160 3651 5197 ne

2005 5250 2201 5290 nomen
2233 5234 2452 5289 Domini
2481 5237 2533 5287 et
2583 5232 2830 5288 doctrina
2880 5234 3307 5305 blasphemetur.
3342 5234 3650 5287 Servorum

2008 5322 2306 5393 obsequiis
2337 5321 2609 5376 dominos
2650 5321 2765 5376 Deo
2818 5322 3040 5394 gratias
3091 5321 3213 5376 vult
3246 5323 3474 5375 referre.
3509 5322 3653 5376 Cum

2010 5412 2166 5467 enim
2202 5428 2301 5481 per
2331 5410 2431 5465 Dei
2465 5410 2836 5482 disciplinam
2894 5411 3089 5465 ﬁdelia
3141 5409 3259 5467 illis
3288 5409 3660 5467 exhibuerint

316 5517 505 5589 (l310)
556 5522 617 5572 ln
673 5516 1083 5589 Ambrosiastri
1131 5534 1288 5589 oper.
1349 5516 1620 5588 impress.
1672 5525 1904 5589 postea
2009 5521 2153 5575 sicut
2180 5517 2438 5573 credibile
2464 5521 2542 5572 est
2571 5518 2863 5583 scenicum,
2896 5522 3004 5571 etc.

240 5591 447 5659 verba,
473 5587 572 5647 Dei
598 5590 827 5645 antistes
855 5596 952 5655 est,
1009 5587 1244 5660 legitur,
1275 5587 1576 5646 criminose
1604 5587 1901 5662 versatam,

532 5716 797 5779 Parnm.
841 5715 1148 5779 CXXXIV.

2087 5590 2268 5666 (1311)
2298 5592 2470 5661 Vulg.
2512 5590 2839 5661 quicunque.

3300 5721 3377 5783 22
