4020 6178
401 332 519 390 683

1418 333 1753 393 A'l‘TONlS
1806 308 2382 394 VEHCELLENSVIS
2433 336 2780 397 EPISCOPI

3683 340 3791 400 68-!

399 465 652 531 servitia,
708 465 852 519 forte
904 464 1079 518 etiam
1138 462 1250 535 ipsi
1309 463 1444 518 huic
1499 482 1561 519 se
1608 464 1924 535 subjiciunt
1954 466 2039 520 di-
2072 469 2123 532 Α
2156 466 2345 537 qualis
2369 469 2538 523 venit.
2566 470 2726 535 Quod
2751 470 2924 524 etiam
2960 470 3197 543 scripsit
3220 470 3350 537 Job,
3372 470 3506 526 etin
3534 488 3645 527 sua
3664 489 3794 544 pas-

397 554 676 611 scinlinze.

467 571 676 625 ipunaa.

467 644 573 711 Qui
602 658 723 698 vero
765 641 948 712 ﬁdeles
995 642 1201 697 habent
1243 642 1508 713 dominos,
1539 658 1647 697 non
1669 645 2040 712 contemnant,

389 735 522 806 quia
543 734 746 803 fratres
775 739 937 800 sunt;
961 734 1050 788 sed
1069 733 1250 801 magis
1274 733 1538 798 serviant,
1562 734 1693 803 quia
1711 731 1896 801 ﬁdeles
1917 732 2043 785 sunt

390 831 441 877 et
468 822 658 877 dilecti
684 824 783 894 qui
812 822 1131 893 beneﬁcium
1162 822 1453 892 recipiunt.
1488 820 1547 875 Si
1573 820 1831 891 profanis
1858 820 2044 875 domi-

389 911 482 966 nis
515 910 886 966 serviendum
916 914 1039 966 tota
1090 909 1487 966 sollicitudine
1518 909 1790 980 imperat,
1821 913 2041 980 quanto

388 999 579 1071 magis
613 998 884 1055 ﬁdelibus
909 999 938 1054 ‘l
965 999 1129 1055 Tunc
1163 998 1318 1054 enim
1352 998 1559 1070 probat
1607 1013 1668 1053 se
1714 996 1911 1052 timori
1944 998 2041 1054 Dei

392 1089 742 1160 subjectum,
767 1088 815 1143 si
845 1087 1001 1144 ﬁdeli
1026 1093 1082 1143 et
1104 1084 1413 1158 temporali
1439 1086 1676 1141 domino
1698 1089 1818 1141 toto
1843 1086 2039 1141 animo

389 1178 563 1233 fuerit
592 1177 930 1233 obsecutus.
976 1177 1090 1232 Nec
1144 1175 1633 1231 contemnendum
1681 1179 1865 1245 putet,
1900 1175 2040 1245 quia

390 1267 567 1322 frater
613 1265 826 1322 dicitur
877 1282 1056 1320 causa
1103 1263 1436 1320 communis
1482 1263 1615 1317 ﬁdei
1667 1264 1806 1334 quia
1848 1264 2039 1336 magis

391 1356 794 1428 corripiendus
815 1354 924 1410 erit
947 1354 1046 1425 qui
1071 1351 1300 1408 ﬁdelem
1326 1352 2037 1421 Dominum§contemnen-

389 1447 530 1502 dum
563 1441 869 1517 putaverit.

461 1536 588 1590 Haec
619 1532 769 1601 doce,
815 1539 866 1586 et
912 1530 1221 1586 exhortare.
1281 1530 1612 1585 Doctrinam
1670 1529 2035 1586 Dominicam

390 1620 753 1678 manifestari
800 1618 945 1686 vult,
990 1623 1055 1674 ut
1103 1620 1519 1675 obtrectatores
1566 1619 1863 1685 studeant,
1896 1620 2035 1691 quia

388 1728 503 1767 non
534 1714 625 1766 est
654 1709 808 1781 quod
841 1707 1301 1780 reprehendatur
1344 1708 1403 1762 in
1454 1724 1541 1775 ea,
1594 1708 2034 1764 considerantes

387 1799 604 1871 pariter
633 1814 760 1869 qua:
792 1797 851 1851 in
883 1796 1065 1852 sacris
1097 1812 1299 1852 eorum
1331 1795 1450 1851 sint
1481 1795 1708 1851 occulta
1740 1796 1954 1868 turpia,
1978 1802 2033 1852 et

387 1888 736 1944 erubescant
766 1901 870 1958 per
899 1886 1053 1957 quod
1085 1883 1511 1940 inexcusabiles
1541 1890 1734 1940 erunt.

459 1976 524 2032 Si
541 1978 663 2048 quis
681 1976 861 2031 aliter
878 1974 1027 2029 docet
1047 1991 1158 2029 non
1188 1976 1484 2045 acquiescit
1520 1976 1672 2029 sanis
1694 1976 2037 2030 sermonibus

388 2065 615 2122 Domini
642 2065 818 2120 nostri
860 2065 984 2118 Iesu
1028 2063 1256 2130 Christi,
1312 2067 1365 2118 et
1405 2062 1553 2130 huic,
1585 2078 1711 2134 quae
1738 2063 2038 2120 secundum

388 2156 649 2227 pietatem
673 2158 770 2223 est,
792 2153 1073 2217 doctrinm,
1103 2154 1350 2224 superbit
1370 2161 1574 2223 autem,
1598 2156 1650 2207 et
1669 2154 1819 2208 nihil
1838 2156 2036 2218 sciens,

388 2243 489 2299 sed
506 2243 776 2311 languens
798 2243 956 2297 circa
976 2244 1307 2313 quaestiones
1326 2250 1377 2297 et
1394 2258 1610 2312 pugnas
1628 2243 1937 2309 verborum,
1968 2258 2038 2298 ex

392 2331 588 2403 quibus
615 2332 679 2401 ﬁt
718 2331 957 2401 invidia,
998 2332 1395 2399 contentiones,
1439 2330 1817 2402 blasphemiae,
1846 2333 2038 2403 suspi-

388 2420 574 2477 ciones
621 2419 811 2487 malae,
850 2419 1219 2489 conﬂictiones
1273 2419 1576 2486 hominum,
1637 2421 1734 2491 qui
1786 2421 2039 2492 corrupti

387 2514 522 2566 sunt
547 2515 731 2565 mente
764 2516 815 2563 et
849 2510 1079 2564 veritate
1111 2512 1432 2575 caruerunt,
1473 2510 1854 2565 existimantes
1891 2524 2038 2582 qua:-

388 2606 534 2655 stum
562 2614 675 2654 esse
710 2598 974 2668 pietatem
1018 2600 1067 2651 et
1112 2600 1219 2652 Dei
1254 2598 1567 2653 culturam:
1599 2598 1809 2653 discede
1837 2598 1903 2653 ab
1936 2598 2036 2652 hu-

380 2687 655 2759 jusmodi.
690 2685 1099 2757 Discrepantes
1129 2702 1164 2741 a
1210 2684 1524 2757 disciplina
1554 2685 1840 2742 catholica
1870 2703 2036 2758 sper-

389 2774 613 2830 nendos
661 2773 938 2846 praecipit,
962 2774 1213 2829 maxime
1230 2774 1329 2845 qui
1352 2774 1596 2830 convicti
1614 2776 1931 2848 etcorrepti
1948 2793 2039 2832 ac-

390 2864 691 2937 quiescere
731 2860 940 2918 nolunt
982 2862 1418 2934 perturbatione
1451 2862 1664 2919 mentis
1694 2881 1901 2935 pravae,
1935 2865 2035 2937 qui

388 2951 866 3008 contentionibus
879 2950 1311 3007 delectanturet
1322 2951 1870 3023 pascuntur.Elatus
1881 2954 2037 3009 enim

386 3042 541 3099 vinci
571 3057 633 3097 se
664 3057 780 3097 non
812 3041 1066 3112 patitur:
1102 3041 1318 3113 quippe
1348 3058 1480 3097 cum
1515 3042 1585 3097 ad
1611 3041 1864 3098 favorem
1887 3059 2038 3114 quaa-

390 3132 640 3189 rendum
656 3130 716 3186 in
731 3130 1068 3186 conﬂictum
1080 3135 1455 3202 prorumpat;
1472 3132 1625 3203 quod
1643 3149 1677 3186 a
1689 3133 2033 3203 mansuetis,

389 3225 448 3277 et
475 3219 645 3276 bonis
674 3218 815 3276 viris
844 3219 1149 3275 vitandum
1190 3224 1298 3276 est.
1348 3220 1653 3276 Contentio
1692 3221 1851 3277 enim
1883 3239 2033 3277 nun-
2065 3209 2108 3275 C

393 3325 572 3381 quam
593 3312 683 3365 est
701 3308 829 3364 sine
847 3306 970 3376 lite,
998 3312 1056 3363 et
1077 3324 1285 3380 parum
1309 3312 1480 3377 esset,
1520 3309 1568 3363 si
1614 3308 1687 3364 lis
1711 3308 1837 3365 sola
1859 3311 2036 3366 orire-

390 3401 510 3469 tur,
537 3398 637 3454 sed
663 3396 1040 3470 blasphemia:
1062 3401 1119 3452 et
1139 3396 1456 3452 inimicitiae
1478 3415 1491 3464 ;
1517 3398 1672 3469 quod
1690 3415 1723 3453 a
1742 3399 1833 3454 Dei
1852 3399 2037 3455 servis

394 3487 652 3545 alienum
676 3492 785 3543 est.
811 3486 897 3541 Ab
918 3485 1011 3541 his
1033 3491 1227 3542 autem
1265 3487 1385 3557 qui,
1425 3486 1680 3559 corrupti
1721 3492 1912 3543 mente
1940 3504 2036 3543 ve-

396 3577 565 3633 ritate
587 3574 796 3648 privati
824 3579 981 3642 sunt,
1015 3573 1158 3630 utile
1179 3573 1501 3644 judicatur.
1534 3574 1635 3631 Dei
1667 3576 1823 3631 enim
1847 3576 2035 3632 cultu-

391 3682 518 3722 ram
541 3670 598 3722 et
618 3665 892 3738 pietatem
917 3668 1205 3736 questum
1232 3663 1588 3731 existimant,
1612 3681 1729 3720 non
1751 3665 1822 3720 de
1841 3667 2036 3723 futuro

388 3754 611 3827 aliquid
633 3758 955 3827 sperantes,
980 3753 1081 3809 sed
1109 3754 1402 3823 quomodo
1420 3752 1479 3807 in
1499 3753 1766 3824 praesenti
1790 3771 1852 3809 se
1875 3758 2032 3811 tran-

386 3844 581 3917 sigant
612 3843 982 3916 providentes
1022 3841 1174 3897 sicut
1224 3844 1281 3897 et
1329 3841 1636 3896 mundanae
1668 3846 1856 3909 sectas,
1887 3860 2035 3915 quas

383 3937 613 3990 constat
641 3936 881 4005 propter
912 3930 1218 4004 prmsentia
1257 3930 1417 3984 lucra
1460 3929 1744 3987 inventas.
1776 3932 1903 3987 Non
1934 3949 2032 3989 ne-

379 4023 483 4079 scii
516 4023 806 4095 quosdam
834 4021 942 4076 hoc
973 4019 1224 4076 libenter
1251 4019 1473 4087 audire,
1508 4021 1662 4092 quod
1697 4021 1754 4074 in
1779 4020 1886 4076 hac
1916 4023 2033 4078 vita

378 4112 710 4169 ﬂorendum
742 4110 855 4178 sit;
889 4110 1017 4165 ideo
1048 4108 1452 4165 desistendum
1484 4109 1557 4163 ab
1588 4108 1951 4180 hujusmodi.

446 4202 540 4256 Est
566 4205 756 4256 autem
785 4203 1018 4270 quastus
1047 4213 1297 4268 magnus,
1328 4198 1506 4269 pietas
1526 4214 1647 4253 cum
1666 4199 2025 4269 sufficientia.

372 4287 616 4360 Magnas
641 4288 895 4353 divitias,
919 4291 975 4342 et
1004 4285 1455 4358 acquisitinnem
1480 4286 1537 4341 in
1562 4303 1627 4342 eo
1649 4288 1793 4343 dicit
1811 4288 1861 4343 si
1892 4288 2026 4361 quis

372 4374 565 4432 ﬁdelis
596 4392 703 4433 suo
737 4379 1049 4431 contentus
1080 4375 1177 4430 sit.
1203 4374 1338 4430 Pius
1360 4375 1516 4430 enim
1544 4375 1601 4430 in
1629 4377 1946 4448 semetipso
1969 4381 2028 4433 et

371 4465 594 4522 caeteris
625 4470 736 4534 est,
771 4464 869 4537 qui
904 4464 1366 4521 misericordiam
1402 4464 1502 4519 Dei
1534 4465 1930 4536 acquisiturus
1951 4467 2023 4521 ad

369 4554 627 4612 futuram
652 4554 853 4625 vitam,
880 4555 951 4609 ad
976 4570 1232 4626 praesens
1255 4555 1521 4609 sufﬁcere
1543 4554 1654 4609 sibi
1678 4558 1847 4625 putat
1866 4555 2022 4626 quod
2054 4577 2099 4641 D

369 4643 565 4712 habet,
594 4662 709 4700 non
736 4643 1015 4700 dubitans
1046 4660 1115 4699 ex
1137 4659 1203 4698 eo
1228 4643 1353 4715 ipso
1394 4642 1614 4715 largiri.
1639 4643 1843 4698 Omnis
1865 4643 2019 4699 enim

370 4748 580 4788 avarus
612 4732 832 4805 impius
868 4737 975 4800 est,
1010 4736 1067 4787 et
1096 4731 1205 4787 sibi
1237 4737 1293 4788 et
1317 4731 1536 4787 caeteris
1568 4746 1803 4787 nocens.

438 4820 592 4876 Nihil
622 4823 773 4877 enim
828 4822 1127 4876 intulimus
1182 4822 1243 4875 in
1291 4820 1435 4875 hunc
1488 4819 1776 4876 mundum.
1816 4826 2021 4877 Verum

364 4910 498 4982 quia
526 4925 627 4966 nec
650 4912 876 4981 auferre
922 4926 1212 4982 possumus
1257 4909 1571 4982 quidquam.
1624 4910 1887 4965 Habentes
1916 4927 2017 4966 au-

365 5003 475 5057 tem
502 4999 856 5069 alimentum,
878 5000 962 5054 his
982 5000 1224 5054 contenti
1241 5014 1454 5053 sumus.
1482 4998 1720 5053 Frustra
1742 4999 2017 5056 mortales

363 5088 634 5146 homines
656 5089 833 5161 copiis
857 5086 998 5143 illud
1008 5104 1101 5145 ere
1122 5085 1509 5159 etlocupletes
1523 5086 1646 5142 ﬁeri
1659 5086 1802 5143 velle
1819 5093 2018 5161 aperta

363 5194 500 5234 voce
522 5177 800 5248 declarat,
842 5193 975 5233 cum
1011 5177 1200 5233 sciant
1222 5175 1368 5232 nihil
1392 5191 1453 5231 se
1477 5176 1777 5248 proprium
1802 5176 2016 5234 habere

364 5265 424 5322 in
454 5268 695 5323 mnndo.
728 5266 833 5324 Cui
861 5267 943 5323 rei
975 5265 1206 5339 proﬁcit
1252 5265 1513 5320 humana
1551 5264 1864 5336 cupiditas,
1900 5267 2013 5324 nisi

365 5354 504 5425 quia
531 5354 661 5427 ipsa
692 5357 806 5413 sibi
839 5356 1082 5412 inimica
1131 5354 1374 5412 existit?
1422 5352 1580 5409 Nihil
1627 5354 1785 5410 enim
1814 5354 2015 5412 intulit

364 5444 625 5514 mundo;
657 5444 803 5501 nihil
835 5444 1066 5502 auferre
1095 5442 1328 5516 poterit.
1352 5441 1459 5508 Qui
1483 5441 1595 5497 sibi
1619 5442 1829 5499 incutit
1850 5444 2011 5501 solli-

359 5528 681 5589 citudinem
733 5537 792 5589 et
848 5533 1056 5606 quaerit
1106 5547 1478 5606 congregare,
1524 5530 1662 5588 talis
1692 5531 1829 5590 hinc
1859 5535 2013 5592 exiet

2154 556 2315 611 sione
2351 557 2584 624 fatetur,
2616 558 2842 614 dicens:
2891 558 3073 614 Nudus
3129 562 3273 615 evivi
3309 559 3373 615 de
3417 564 3571 616 utero
3600 563 3798 617 matris

2152 661 2304 713 mese,
2338 646 2520 701 nudus
2547 650 2754 719 oportet
2784 655 2845 703 ut
2869 664 2990 703 eam
3020 650 3078 703 in
3112 653 3337 704 terram.
3368 650 3451 705 Sit
3479 665 3677 706 nomen
3706 651 3800 706 Do-

2152 735 2297 789 mini
2325 734 2662 791 benedictum
2692 735 2808 808 (Job
2838 753 2878 804 1,
2908 737 3019 809 21).
3052 736 3214 800 Quod
3258 737 3305 793 si
3334 738 3490 794 avari
3523 755 3641 795 non
3670 738 3802 794 reti-

2154 828 2357 878 nerent
2387 824 2445 879 in
2482 825 2798 896 perniciem
2842 842 3035 894 suam,
3088 826 3260 897 pauci
3306 828 3625 883 conderent
3651 829 3799 900 quod

2152 909 2422 983 pluribus
2453 918 2647 985 posset
2680 914 2949 970 sufﬁcere
2979 931 3114 970 cum
3137 932 3337 972 eorum
3359 915 3628 988 ipsorum
3651 934 3802 973 emo-

2149 998 2436 1057 lumento.

2222 1112 2363 1164 Nam
2392 1110 2490 1179 qui
2519 1110 2711 1165 volunt
2734 1110 2927 1167 divites
2975 1110 3120 1180 ﬁeri,
3154 1112 3419 1169 incidunt
3449 1115 3510 1168 in
3540 1116 3801 1171 tentatio-

2148 1213 2294 1263 nem,
2315 1201 2366 1251 et
2385 1198 2658 1268 laqueum.
2682 1203 2734 1255 et
2751 1200 3031 1256 desideria
3051 1201 3248 1268 multa,
3270 1206 3323 1258 et
3344 1203 3597 1270 inutilia,
3619 1207 3672 1259 et
3710 1219 3801 1259 no-

2147 1287 2267 1340 civa
2289 1302 2406 1355 qua
2426 1286 2749 1355 demergunt
2770 1287 3024 1344 homines
3053 1288 3112 1343 in
3145 1288 3386 1345 exilium
3413 1298 3464 1345 et
3482 1291 3796 1345 interitum.

2146 1374 2328 1429 Radix
2346 1377 2498 1430 enim
2511 1378 2749 1432 samium
2769 1379 3041 1433 malorum
3055 1387 3134 1434 est
3148 1378 3412 1449 avaritia,
3431 1388 3483 1435 et
3494 1396 3663 1452 quam
3674 1382 3797 1451 qui-

2084 1509 2099 1531 ,
2145 1462 2272 1517 dam
2289 1466 2595 1535 appetentes
2614 1476 2938 1523 erraverunt
2957 1484 2993 1522 a
3011 1468 3141 1538 ﬁde,
3182 1470 3232 1524 et
3253 1470 3609 1525 inseruerunt
3624 1485 3682 1525 se
3702 1471 3796 1526 do-

2146 1551 2356 1607 loribus
2373 1554 2581 1609 multis.
2608 1554 2765 1612 Nihil
2788 1558 2907 1610 tam
2927 1572 3224 1628 asperum,
3248 1562 3488 1630 tamque
3505 1557 3790 1630 pernicio-

2145 1656 2279 1696 sum
2300 1646 2389 1697 est
2412 1658 2590 1713 quam
2612 1643 2663 1698 si
2684 1642 3114 1701 ecclesiasticus
3134 1646 3386 1703 maxime
3404 1646 3505 1719 qui
3524 1647 3798 1704 sublimis

2144 1729 2254 1785 loci
2275 1735 2384 1795 est,
2409 1729 2624 1787 divitiis
2645 1731 2825 1803 hujus
2838 1733 3035 1789 seaculi
3049 1735 3300 1804 studeat,
3317 1735 3458 1808 quia
3471 1752 3588 1792 non
3604 1736 3795 1792 solum

2067 1840 2114 1903 Β
2144 1818 2257 1873 sibi
2281 1819 2414 1891 ipsi,
2450 1820 2549 1875 sed
2572 1825 2629 1875 et
2651 1821 2873 1878 caeteris
2894 1823 3079 1879 obest.
3102 1824 3463 1880 Contrarium
3485 1826 3647 1882 enim
3675 1826 3797 1882 for-

2146 1924 2303 1962 mam
2327 1908 2427 1963 dat
2451 1908 2791 1967 hominibus
2815 1928 2828 1978 ;
2858 1928 3091 1968 necesse
3115 1918 3206 1969 est
3235 1914 3394 1969 enim
3415 1913 3641 1971 multos
3660 1915 3797 1971 imi-

2144 2001 2362 2052 tatores
2387 1999 2514 2068 ejus
2554 1998 2797 2055 existere
2832 2001 2904 2055 ad
2927 2001 3336 2072 perditionem.
3375 2004 3607 2068 Quanto
3639 2005 3796 2060 enim

2146 2085 2620 2143 honoriﬁcentior
2657 2088 2860 2144 ordine
2880 2094 2988 2157 est,
3013 2095 3172 2147 tanto
3195 2092 3383 2163 magis
3410 2093 3627 2149 suadet
3658 2093 3790 2148 imi-

2146 2175 2390 2230 tandum
2423 2193 2505 2241 se,
2540 2177 2791 2233 maxime
2822 2178 2881 2233 in
2914 2178 3020 2235 hac
3050 2196 3132 2251 re,
3156 2180 3364 2251 quaain
3386 2180 3502 2237 ista
3520 2181 3644 2237 vita
3666 2199 3791 2254 pro-

2145 2263 2306 2320 clivis
2328 2270 2435 2320 est.
2458 2266 2713 2321 Avaritia
2731 2266 2886 2322 enim
2910 2267 3110 2323 omnia
3128 2268 3284 2325 mala
3305 2274 3499 2341 potest
3517 2270 3793 2327 admitte-

2146 2369 2225 2407 re.
2260 2353 2394 2408 Ideo
2422 2354 2585 2409 radix
2614 2354 2878 2410 omnium
2910 2355 3199 2412 malorum
3228 2362 3338 2423 est,
3371 2358 3532 2430 quia,
3557 2364 3628 2415 ut
3642 2360 3792 2416 desi-

2146 2440 2306 2497 deria
2335 2459 2442 2498 sua
2470 2443 2715 2515 expleat,
2747 2445 2903 2516 quod
2936 2445 3303 2518 impossibile
3330 2452 3438 2514 est,
3480 2452 3538 2503 et
3563 2448 3790 2505 maleﬁ-

2145 2530 2255 2596 cia,
2286 2534 2343 2586 et
2372 2531 2709 2599 homicidia,
2731 2536 2789 2589 et
2809 2532 3256 2601 obscenitatem,
3277 2539 3334 2591 et
3353 2535 3646 2609 quidquid
3669 2554 3793 2594 sce-

2143 2617 2281 2675 leris
2329 2625 2419 2676 est
2449 2626 2760 2693 perpetrat,
2821 2639 2926 2678 nec
2972 2623 3045 2678 ad
3095 2641 3351 2696 praesens
3387 2641 3618 2694 secura,
3659 2628 3793 2699 quia

2145 2726 2376 2781 semper
2406 2709 2618 2782 cupida
2644 2715 2701 2767 et
2729 2710 2788 2767 in
2819 2712 3015 2768 futuro
3046 2712 3346 2770 damnata.

2219 2828 2290 2881 Tu
2315 2830 2520 2894 autem,
2550 2826 2711 2883 homo
2747 2829 2871 2895 Dei,
2903 2828 3021 2885 haec
3047 2830 3198 2899 fuge.
3230 2830 3590 2888 Abscindere
3609 2848 3674 2888 se
3694 2832 3793 2889 ho-

2148 2915 2366 2971 minem
2400 2915 2497 2971 Dei
2543 2917 2615 2971 ab
2664 2915 2772 2972 bac
2812 2915 3081 2973 hortatur
3108 2922 3167 2973 et
3197 2919 3483 2991 praecipit,
3518 2925 3585 2976 ut
3614 2925 3677 2977 et
3706 2921 3795 2977 hic

2146 3021 2389 3061 securus
2427 3004 2504 3061 sit
2533 3009 2590 3059 et
2624 3004 2686 3060 in
2713 3004 2913 3061 futuro
2937 3007 3193 3078 praemiis
3215 3013 3629 3065 remuneretur
3650 3011 3794 3066 divi-

2147 3094 2258 3149 nis.
2292 3094 2417 3149 Non
2447 3094 2603 3150 enim
2637 3094 2930 3150 immerito
2978 3098 3349 3153 coronandus
3391 3102 3483 3153 est
3510 3098 3617 3171 qui
3647 3099 3793 3156 hanc

2146 3183 2371 3257 spernit
2401 3200 2527 3256 quae
2560 3183 2762 3240 multis
2793 3185 3020 3241 suadet.

2217 3291 2450 3363 Sequere
2468 3300 2660 3347 autem
2678 3291 2981 3364 justitiam,
3009 3296 3286 3365 pietatem,
3334 3294 3519 3365 ﬁdem,
3550 3296 3793 3353 chentu-

2145 3385 2271 3452 tem,
2297 3381 2661 3452 patientiam,
2695 3380 3158 3453 tranquillitatem
3186 3383 3383 3438 animi.
3413 3382 3573 3439 Certa
3596 3386 3793 3441 bonum

2144 3473 2422 3526 certamen
2444 3469 2594 3540 ﬁdei,
2626 3469 2971 3542 adprehende
3007 3472 3181 3527 vitam
3226 3475 3491 3529 setemam
3518 3474 3604 3530 ad
3632 3492 3793 3547 quam

2146 3567 2361 3615 vocatus
2390 3575 2465 3627 es,
2496 3566 2547 3614 et
2569 3560 2841 3629 confessus
2872 3575 2926 3615 es
2954 3560 3154 3616 bonam
3182 3560 3583 3634 confessionem
3611 3580 3793 3620 coram

2144 3649 2334 3703 multis
2388 3649 2636 3704 testibus.
2683 3647 2968 3712 Quoniam
3020 3648 3261 3707 avaritia
3311 3667 3403 3707 res
3443 3650 3655 3725 iniqua
3683 3658 3793 3720 est,

2145 3736 2441 3792 hominem
2466 3735 2564 3791 Dei
2588 3740 2653 3793 ut
2672 3736 2744 3793 ab
2782 3737 2889 3794 hac
2929 3737 3260 3806 dissentiat,
3293 3740 3593 3811 justitiam
3625 3741 3796 3814 sequi

2136 3826 2328 3896 jubet,
2361 3830 2536 3897 atque
2579 3825 2853 3897 pietatem
2887 3833 2945 3882 et
2989 3826 3105 3884 alia
3147 3845 3275 3901 qua:
3325 3835 3636 3887 memorat.
3668 3831 3793 3887 Non

2143 3914 2298 3970 enim
2332 3915 2544 3986 poterit
2576 3915 2727 3971 hanc
2764 3916 2999 3982 evitare,
3038 3916 3150 3973 nisi
3194 3916 3287 3973 his
3327 3917 3642 3976 adhaeserit
3669 3936 3795 3993 quas

2143 4002 2395 4059 avaritias
2420 4004 2663 4059 adversa
2684 4008 2841 4059 sunt.
2868 4003 2972 4068 Qui
3006 4005 3165 4060 enim
3188 4004 3311 4061 ﬁeri
3337 4009 3550 4079 potest,
3580 4012 3647 4063 ut
3670 4025 3798 4063 ava-

2141 4108 2243 4147 rus
2275 4090 2462 4147 ﬁdelis
2494 4090 2590 4161 sit,
2625 4092 2723 4164 qui
2755 4092 3029 4165 operibus
3061 4098 3254 4166 negat,
3286 4095 3444 4166 quod
3475 4096 3671 4151 verbis
3705 4097 3794 4152 fa-

2139 4180 2244 4236 teri
2267 4180 2708 4237 videtur‘tUnde
2729 4185 2925 4237 autem
2948 4187 3177 4238 amator
3197 4182 3604 4256 fraternitatis,
3620 4187 3789 4256 cujus

2140 4284 2350 4325 manus
2372 4273 2514 4324 sunt
2533 4269 2745 4324 aridae?
2765 4269 3065 4333 Quomodo
3085 4287 3219 4326 vero
3246 4270 3496 4345 patiens,
3516 4274 3619 4345 qui
3643 4291 3790 4331 sem-

2138 4374 2239 4428 per
2258 4359 2329 4413 ad
2355 4357 2545 4413 aliena
2566 4374 2628 4414 se
2648 4360 2836 4414 tendit
2856 4359 2883 4413 ?
2902 4361 3019 4415 Aut
3042 4365 3332 4431 quatenus
3362 4361 3623 4433 quietem
3663 4362 3787 4418 ani-

2136 4438 2215 4492 mi
2240 4439 2428 4509 possit
2448 4438 2678 4504 habere,
2702 4441 2802 4509 qui
2826 4439 2919 4495 die
2942 4445 3233 4512 noctuque
3255 4440 3530 4497 aviditate
3550 4442 3787 4514 cupidi-

2133 4527 2270 4583 tatis
2291 4528 2623 4583 incenditur
2640 4528 2669 4583 ?
2691 4528 2801 4584 Sed
2826 4527 2966 4600 quia
2987 4528 3060 4584 ab
3082 4528 3320 4585 homine
3344 4529 3446 4586 Dei
3476 4530 3784 4588 Timotheo

2131 4615 2411 4687 iniquitas
2433 4616 2551 4671 haec
2573 4616 2762 4672 aliena
2783 4620 2929 4686 erat,
2952 4617 3172 4673 bonum
3207 4622 3501 4675 certamen
3527 4619 3664 4675 ﬁdei
3683 4637 3785 4694 ag-

2130 4705 2290 4775 gredi
2325 4704 2579 4774 jubetur.
2615 4704 2773 4761 Fidei
2806 4705 2961 4761 enim
2985 4708 3231 4763 victoria
3261 4713 3373 4776 est,
3415 4725 3552 4764 cum
3584 4709 3787 4765 omnia

2131 4794 2285 4861 vitia,
2318 4798 2374 4849 et
2421 4794 2671 4849 crimina
2721 4795 3133 4867 subjugantur,
3186 4802 3253 4852 ut
3282 4797 3353 4852 ad
3394 4800 3628 4855 eterna:
3655 4798 3783 4855 vita:

2129 4883 2369 4956 praemia
2397 4882 2685 4954 veniatur,
2719 4885 2891 4955 cujus
2938 4885 3236 4941 confessio
3282 4885 3435 4942 inter
3464 4887 3598 4959 ipsa
3628 4887 3787 4944 rudi-

2128 4976 2325 5027 menta
2375 4972 2510 5028 ﬁdei
2559 4976 2701 5028 teste
2749 4972 3149 5046 interrogante
3199 4974 3406 5047 (1312),
3451 4980 3512 5031 et
3540 4992 3783 5051 respon-

2127 5062 2299 5117 dente
2328 5061 2730 5117 monumentis
2762 5061 3171 5118 ecclesiasticis
3212 5063 3565 5120 continetur.

2197 5179 2464 5249 Prsecipio
2492 5177 2597 5233 tibi
2625 5178 2686 5233 in
2714 5182 3004 5249 conspectu
3033 5179 3157 5247 Dei,
3178 5180 3277 5251 qui
3298 5180 3548 5251 viviﬁcat
3568 5182 3783 5247 omnia,

2123 5274 2176 5321 et
2216 5266 2430 5323 Christo
2457 5268 2605 5338 Jesu,
2638 5268 2736 5338 qui
2789 5271 3015 5322 testatus
3072 5272 3154 5325 est
3207 5270 3309 5325 sub
3357 5271 3560 5326 Pontio
3590 5270 3783 5326 Pilato

2123 5357 2320 5413 bonum
2355 5359 2763 5428 confessionem,
2815 5360 2877 5412 ut
2922 5372 3103 5414 serves
3146 5359 3474 5415 mandatum
3506 5361 3783 5414 immacu-

2120 5446 2316 5513 latum,
2348 5443 2824 5517 irreprehensibile
2870 5460 3039 5517 usque
3089 5447 3151 5501 in
3198 5445 3495 5505 adventum
3542 5446 3784 5504 Domini

2119 5534 2299 5590 nostri
2326 5534 2360 5590 J
2372 5548 2472 5589 esu
2534 5531 2757 5598 Christi,
2816 5548 2977 5604 quem
3026 5536 3143 5591 suis
3174 5536 3514 5615 temporibus
3572 5534 3794 5596 ostende

427 5635 614 5723 (1312)
640 5638 688 5695 Α
715 5638 941 5699 caeteris
973 5639 1159 5715 codic,
1181 5637 1584 5716 supplevimus
1604 5625 1998 5719 verbumhoc,
2040 5644 2440 5716 interrogante,
2473 5640 2629 5716 quod
2660 5639 2721 5698 in
2751 5640 2880 5699 cod.
2914 5645 3114 5702 nostro
3146 5642 3539 5706 desideratur.
