4020 6178
371 295 481 356 691

375 515 475 587 qui
506 514 731 586 primus
762 520 872 581 est,
904 520 962 570 et
994 516 1079 570 sic
1104 517 1328 572 caeteris
1354 517 1731 573 distribuere.

454 641 475 670 ι
510 622 732 677 Memor
760 626 884 677 esto
913 622 1208 677 Christum
1237 623 1439 678 Jesum
1459 624 1783 681 surrexisse
1814 642 1847 680 a
1870 641 2020 680 mor-

374 710 493 765 tuis
522 727 590 765 ex
612 712 833 765 semine
853 712 1382 776 David,secundum
1400 714 1776 786 Evangelium
1798 731 2018 782 meum,

376 800 437 854 in
472 799 796 871 quolaboro
818 816 1003 871 usque
1021 801 1092 855 ad
1111 800 1538 872 vincula,quasi
1564 804 1741 869 latro;
1769 803 1867 858 sed
1893 820 2017 857 ver-

379 889 522 945 bum
558 889 653 942 Dei
684 905 795 944 non
830 889 1285 962 estalligatum.»
1323 891 1607 955 Quoniam
1640 891 1805 947 multi
1840 891 2020 946 futuri

382 984 548 1033 erant
576 976 679 1031 filii
710 976 1054 1049 diaboli,qui
1086 978 1183 1033 Dei
1214 978 1422 1034 Filium
1446 978 1813 1035 incarnatum
1847 997 2018 1052 nega-

381 1071 530 1135 rent,
563 1066 777 1121 idcirco
810 1067 916 1121 hoc
949 1068 1539 1138 memorat,quoniam
1572 1066 1854 1124 fallaciter
1911 1070 2020 1124 sub

381 1154 615 1211 nomine
647 1155 1045 1225 apostolorum
1076 1156 1184 1211 hoc
1216 1173 1545 1211 asseverare
1578 1156 2019 1213 nituntur.Sub-

376 1244 909 1314 jecit,«secundum
924 1245 1297 1315 Evangelium
1316 1262 1569 1311 meum,»
1594 1251 1657 1300 ut
1688 1247 2026 1303 excluderet

372 1333 549 1395 malm
577 1333 791 1388 mentis
823 1331 969 1387 falsa
1000 1332 1307 1403 colloquia.
1347 1335 1457 1390 Nec
1490 1335 1646 1389 enim
1678 1335 1810 1406 plus
1842 1337 2023 1391 haere-

380 1422 513 1476 ticis
545 1421 902 1476 credendum
924 1425 1013 1475 est
1042 1421 1111 1476 de
1130 1421 1408 1491 apostolis
1439 1440 1614 1494 quam
1649 1424 1899 1496 hisipsis
1930 1427 2023 1481 de-

383 1508 789 1582 praedicatione
819 1526 927 1563 sua
945 1510 1315 1564 testantibus.
1336 1513 1521 1576 Quam
1553 1512 2022 1582 praedicationem

384 1614 519 1653 cum
551 1597 747 1653 labore
776 1614 839 1651 se
869 1614 1036 1669 agere
1050 1599 1637 1669 queritur.Pressuris
1658 1602 1813 1657 enim
1834 1604 2023 1659 tribu-

386 1686 620 1741 labatur
648 1690 704 1740 et
731 1686 1080 1757 carceribus,
1113 1704 1177 1742 eo
1210 1690 1363 1759 quod
1418 1695 1537 1744 tam
1569 1690 1802 1747 Judaeos
1846 1710 2024 1763 quam

1394 297 1736 358 ATTONIS
1780 294 2363 359 VERCELLENSIS
2408 300 2757 364 EPISCOPI

373 425 586 482 vivant.
620 426 751 481 Ideo
776 425 1090 497 Apostolus
1120 426 1284 499 prius
1314 426 1470 483 hunc
1491 445 1722 486 sumere
1752 427 2021 500 praecepit
2047 430 2103 495 Α

3659 312 3764 372 692

2206 453 2232 480 «
2266 431 2397 487 Haec
2428 434 2678 489 admone
2709 438 3045 492 contestans
3092 454 3290 494 coram
3340 438 3607 498 Domino.
3652 442 3768 499 Non

2128 520 2318 575 verbis
2350 539 2610 595 pugnare
2645 549 2658 589 ;
2692 525 2763 578 ad
2788 524 2932 579 nihil
2956 526 3112 582 enim
3128 527 3512 595 utileest,nisi
3532 532 3604 586 ad
3633 533 3765 588 sub—

2128 609 2451 665 versionem
2485 610 2907 667 audientium.»
2923 615 3336 672 Contentiones
3358 618 3627 675 vitandas
3653 638 3769 677 mo-

2131 703 2246 753 net.
2280 699 2570 769 Praacepta
2601 703 2796 755 autem
2829 701 3021 757 danda
3050 704 3160 759 sub
3194 704 3294 760 Dei
3323 706 3555 774 timore,
3579 713 3633 763 et
3661 714 3769 765 ter-

2129 803 2277 857 rore,
2311 787 2449 858 quia
2494 789 2785 844 contentio
2817 793 3010 862 potest
3037 792 3231 849 adhuc
3262 795 3461 851 minus
3498 798 3768 853 stabilitis

2130 891 2405 947 generare
2436 877 2799 949 scrupulum.
2833 880 3032 935 Solent
3076 882 3232 937 enim
3294 884 3351 938 in
3403 888 3770 943 contentione

2130 964 2267 1019 talia
2297 964 2531 1036 opponi,
2566 966 2799 1021 elimato
2859 968 3277 1026 malevolentiae
3330 973 3501 1043 ferro,
3555 982 3621 1031 ut
3652 994 3769 1032 mo-

2131 1059 2301 1109 veant
2331 1054 2558 1110 animos
2588 1056 2969 1128 insipientum
3002 1059 3272 1117 fratrum.

2208 1166 2235 1193 ‹‹
2263 1143 2518 1199 Sollicite
2542 1163 2681 1200 cura
2709 1147 3110 1219 temetipsum,
3144 1156 3208 1204 ut
3224 1153 3586 1223 probabilem
3614 1157 3770 1212 exhi-

2133 1233 2271 1288 beas
2303 1238 2413 1287 Deo
2435 1234 2784 1307 operarium,
2815 1253 2928 1290 non
2974 1237 3437 1313 impudoratum,
3479 1250 3637 1300 recte
3668 1252 3775 1302 tra-

2134 1325 2386 1376 ctantem
2422 1323 2659 1377 verbum
2684 1325 2966 1380 veritatis.
3003 1349 3029 1375 ››
3060 1327 3342 1389 Quoniam
3376 1337 3513 1387 sunt
3573 1334 3774 1408 aliqui,

2133 1410 2233 1481 qui
2265 1410 2691 1466 contentionem
2718 1412 2913 1467 dicant
2934 1415 3549 1490 prodesse,Apostolus
3584 1429 3776 1480 autem

2133 1498 2326 1553 sciens
2356 1499 2545 1570 magis
2576 1500 2806 1571 obesse,
2836 1500 2944 1556 hoc
2979 1505 3222 1560 mandat
3253 1511 3319 1561 ut
3368 1513 3777 1585 unusquisque

2134 1587 2243 1642 hoc
2274 1590 2529 1657 curet,ut
2560 1594 2754 1659 spreta
2783 1589 3158 1648 altercatione
3180 1597 3565 1669 semetipsum
3580 1602 3779 1672 proba-

2134 1675 2309 1731 bilem
2343 1675 3015 1750 faciat,etimpudoratos
3050 1682 3352 1753 appellans
3381 1703 3480 1743 eos
3510 1689 3614 1760 qui
3645 1708 3779 1746 con-

387 1774 630 1846 gentiles
660 1774 1154 1841 oﬂ‘enderet,sicut
1184 1776 1300 1832 illis
1329 1777 2028 1849 videbatur,incredibilia
2057 1800 2105 1865 B
2131 1765 2493 1865 telltionibu‘s
2523 1766 3069 1865 ῙξξίυῐξξυξαΝθθθεῗβ
3089 1776 3179 1826 δεῖ
3208 1773 3363 1865 enim
3398 1782 3462 1831 υῒ
3486 1782 3777 1836 contenth

386 1863 965 1934 praedicandolratos
987 1865 1142 1919 enim
1171 1864 1426 1921 habebat
1444 1867 1676 1923 Judaeos
1703 1874 1938 1941 propter
1955 1870 2030 1926 le-

385 1967 517 2024 gem
546 1969 722 2022 quam
758 1968 980 2008 cessare
1002 1954 1527 2011 docebat.Gentiles
1542 1961 1735 2011 autem
1763 1958 2031 2015 inimicos

385 2041 657 2107 faciebat,
690 2041 828 2113 quia
864 2058 1046 2097 unum
1070 2043 1253 2098 Deum
1295 2045 1648 2114 pradicabat
1674 2047 1731 2101 in
1779 2047 2030 2104 Christo.

391 2130 551 2185 Unde
581 2130 747 2200 quasi
778 2130 1068 2186 latronem
1099 2132 1257 2187 hunc
1300 2136 1651 2201 tractabant,
1702 2136 2031 2209 alligantes,

389 2218 805 2282 claudentes,si
839 2225 1034 2287 posset
1064 2223 1603 2288 tacere,nescientes
1626 2225 1764 2294 quia
1792 2227 2033 2281 verbum

388 2305 489 2361 Dei
521 2305 757 2377 alligare
787 2323 901 2362 non
921 2310 1472 2381 poterant.Denique
1494 2329 1643 2384 saepe
1665 2313 1901 2370 clausus
1921 2332 2036 2369 non

391 2394 767 2467 dispendium
799 2397 952 2463 fecit,
1007 2398 1103 2452 sed
1151 2397 1404 2453 lucrum.
1438 2400 1637 2472 Neque
1666 2403 1821 2456 enim
1853 2403 2037 2458 defuit

350 2464 355 2470 ’
391 2464 853 2555 cui-praedicaret
883 2485 940 2539 in
972 2501 1222 2553 carcere,
1276 2492 1340 2541 ut
1387 2506 1535 2560 quos
1580 2489 1760 2546 libere
1791 2491 2035 2548 invitare

388 2573 459 2627 ad
490 2572 665 2627 ﬁdem
698 2590 813 2628 non
847 2579 1062 2645 posset,
1094 2575 1153 2629 in
1204 2576 1451 2631 vinculis
1501 2578 1730 2649 positus
1777 2588 2036 2651 pasceret

391 2660 486 2715 Dei
516 2660 710 2716 verbo.

462 2786 489 2817 α
520 2766 653 2820 Ideo
687 2766 884 2821 omnia
913 2768 1127 2823 suffero
1160 2774 1395 2840 propter
1422 2771 1655 2840 electos,
1707 2778 1771 2829 ut
1830 2778 1886 2830 et
1917 2776 2030 2848 ipsi

384 2854 634 2909 salutem
668 2859 1257 2927 consequantur,quaa
1279 2863 1368 2913 est
1396 2858 1455 2913 in
1472 2859 1703 2916 Christo
1725 2862 2024 2929 Jesu,cum

379 2942 565 3015 gloria
594 2942 833 2999 caelesti.
869 2964 890 2993 ι
928 2944 1003 2999 Ut
1032 2946 1439 3016 praedicatione
1489 2966 1599 3004 sua
1644 2950 1895 3007 salvaret
1924 2953 2027 3009 ho-

380 3032 568 3087 mines
600 3032 1041 3102 praadestinatos
1071 3035 1142 3088 ad
1174 3035 1376 3105 vitam,
1409 3036 1600 3093 exitiis
1632 3044 1756 3094 erat
1804 3041 2027 3112 subjec-

378 3123 476 3175 tus
503 3119 693 3175 sciens
723 3120 1046 3191 profectum
1079 3138 1140 3177 se
1170 3122 1513 3180 habiturum
1570 3128 1810 3198 quaesita
1865 3129 2021 3185 salu-

376 3207 453 3262 tis
484 3207 738 3264 illorum.

451 3337 481 3367 «
513 3314 573 3370 Si
606 3315 763 3370 enim
796 3317 1144 3371 commortui
1177 3334 1406 3384 sumus,
1439 3324 1497 3375 et
1526 3321 1902 3379 convivemus
1933 3349 1945 3391 ;
1976 3325 2025 3379 si

379 3401 827 3470 sustinemus,et
841 3405 1350 3476 conregnabimus.
1363 3428 1389 3455 ››
1406 3407 1499 3462 Sic
1522 3425 1689 3479 posse
1704 3411 1773 3464 ad
1792 3411 2025 3467 immor-

377 3491 684 3557 talitatem,
718 3496 773 3546 et
806 3491 1051 3563 gloriam
1084 3493 1296 3548 Christi
1327 3488 1624 3564 pervenire
1656 3499 2023 3569 significat,si

378 3580 437 3633 in
461 3579 646 3634 forma
668 3579 1043 3651 baptismatis
1071 3582 2024 3654 manserimus,ubiomniadelicta

377 3667 804 3734 moriuntur,ut
832 3667 1086 3723 innovati
1107 3670 1305 3725 omnia
1322 3671 1462 3726 vitia
1491 3676 1685 3728 vetera
1699 3679 1754 3729 et
1777 3677 2023 3733 crimina

377 3754 695 3826 fugiamus,
732 3758 797 3809 ut
828 3755 1040 3810 actoris
1070 3757 1251 3812 secuti
1285 3759 1546 3829 vestigia,
1580 3763 1834 3831 peccatis
1866 3781 2020 3820 mor-

374 3843 460 3896 tui
491 3843 879 3898 videamur.Si
912 3860 1045 3899 vero
1061 3845 1325 3902 additum
1352 3848 1529 3903 fuerit
1559 3850 1630 3904 ad
1663 3868 1924 3919 causam,
1958 3860 2022 3909 ut

375 3937 431 3987 et
460 3931 870 3988 tribulationes
902 3949 966 3987 ac
997 3950 1303 4003 pressuras
1335 3953 1450 3991 non
1474 3954 1623 4009 aegre
1654 3956 1757 4010 pro
1785 3943 2020 3999 nomine

373 4019 604 4076 Domini
636 4021 951 4092 patiamur,
979 4023 1337 4079 sustinentes
1371 4025 1491 4080 haec
1523 4025 1699 4081 simul
1747 4046 1878 4085 cum
1919 4031 2017 4088 illo

373 4109 1037 4182 regnabimus.Dignum
1062 4116 1150 4167 est
1171 4113 1327 4167 enim
1350 4118 1414 4168 ut
1436 4115 1534 4185 qui
1565 4132 1668 4187 pro
1698 4116 1795 4173 illo
1815 4136 2020 4191 oppro-

371 4198 499 4252 bria
528 4197 748 4269 patitur
778 4204 879 4253 aut
908 4199 1102 4267 exitia,
1135 4200 1193 4255 in
1224 4217 1400 4274 regno
1432 4208 1560 4273 ejus
1601 4204 1891 4275 gloriosus
1914 4226 2015 4281 ap-

373 4290 591 4357 pareat.

448 4415 468 4440 ι
505 4392 565 4447 Si
598 4408 905 4464 negamus,
938 4396 996 4448 et
1020 4392 1115 4449 ille
1144 4395 1381 4467 negabit
1410 4414 1537 4452 nos.
1572 4421 1600 4448 »
1631 4400 1847 4456 Verum
1878 4408 1968 4459 est
1999 4422 2012 4459 :

370 4480 509 4550 quia
539 4481 587 4536 si
620 4481 863 4536 minime
892 4482 1142 4537 confessi
1176 4482 1343 4538 illum
1376 4484 1661 4543 fuerimus
1692 4506 1887 4546 coram
1916 4491 2013 4548 ho-

370 4568 795 4637 minibus,tunc
825 4570 978 4626 dicet
1007 4576 1064 4627 et
1096 4572 1216 4644 ipse
1248 4573 1416 4629 nobis
1449 4575 1506 4630 in
1540 4575 1639 4631 illa
1669 4580 2014 4637 necessitate

369 4657 549 4712 futuri
568 4658 801 4730 judicii,
835 4661 1030 4716 nescio
1058 4678 1178 4717 vos.
1199 4661 1326 4716 Haec
1356 4666 1445 4718 est
1476 4665 1797 4735 punitionis
1828 4668 2009 4741 signi-

368 4744 579 4800 ﬁcatio.

440 4872 468 4901 ‹‹
504 4850 561 4907 Si
587 4868 700 4907 non
730 4854 1045 4924 credimus,
1079 4856 1175 4912 ille
1205 4857 1393 4913 fidelis
1445 4866 1764 4934 permanet,
1800 4879 2010 4935 negare

366 4940 749 5013 semetipsum
786 4960 899 4997 non
934 4949 1186 5015 potest.»
1217 4946 1398 5003 Nemo
1430 4954 1622 5020 potest
1647 4951 1887 5008 Domino
1910 4971 2009 5009 au-

364 5032 512 5086 ferre
545 5032 697 5103 quod
732 5031 929 5087 habet.
981 5033 1121 5098 Quis
1179 5035 1332 5090 enim
1366 5036 1465 5092 illo
1520 5040 1727 5103 fortior
1768 5047 1874 5108 est,
1910 5059 2009 5113 per

363 5138 535 5191 quem
569 5121 767 5177 omnia
795 5121 1113 5177 extiterunt
1139 5123 1166 5177 ?
1189 5124 1302 5178 Nec
1332 5126 1467 5180 addi
1508 5132 1697 5199 potest
1730 5131 2002 5201 perfecto,

363 5210 497 5279 quia
530 5227 644 5265 non
679 5209 761 5265 illi
796 5209 1017 5282 aliquid
1052 5216 1307 5282 praestat,
1344 5214 1443 5284 qui
1484 5217 1667 5271 credit
1712 5217 1771 5273 in
1813 5218 2003 5287 illum,

362 5301 652 5365 quomodo
685 5299 829 5354 nihil
866 5301 1074 5366 aufert,
1108 5300 1207 5371 qui
1242 5318 1354 5356 non
1388 5305 1571 5358 credit
1600 5304 1672 5359 ei.
1707 5307 1998 5379 Quidquid

363 5398 497 5452 ergo
528 5389 720 5453 agitur
750 5389 825 5442 ud
857 5390 1180 5460 profectum
1214 5394 1481 5445 nostrum
1535 5394 1805 5463 pertinet,
1840 5414 1910 5452 ne
1943 5398 1997 5451 in

363 5471 687 5542 ignorantia
718 5478 1205 5533 maneamus.Ncc
1236 5479 1390 5534 enim
1446 5497 1479 5534 a
1513 5481 1679 5537 nobis
1712 5483 1998 5559 firmatur,

360 5576 492 5615 cum
526 5560 651 5631 ipse
679 5580 747 5619 cx
776 5582 857 5633 se,
891 5572 948 5622 et
977 5568 1130 5638 apud
1163 5584 1224 5623 se
1256 5568 1461 5625 firmus
1493 5569 1589 5625 sit.

2139 1856 2479 1923 extorqueat
2507 1853 2880 1926 aliquid,imo
2904 1858 3089 1915 multa
3119 1877 3246 1933 quae
3280 1863 3555 1922 dicantur
3584 1874 3781 1927 contra

2141 1941 2581 2011 conscientiam,
2614 1947 2679 1998 ut
2708 1944 2866 2001 intus
2896 1946 2953 2001 in
2984 1948 3180 2005 animo
3204 1953 3577 2022 pcrdat,foris
3607 1960 3784 2015 victor

2142 2028 2435 2084 abscedat.
2470 2030 2650 2087 Nemo
2682 2032 2839 2088 enim
2891 2036 3109 2106 patitur
3162 2055 3224 2093 se
3270 2040 3442 2111 vinci,
3472 2043 3609 2101 licet
3640 2048 3785 2103 sciat

2142 2133 2275 2171 vera
2305 2134 2435 2188 quae
2465 2120 2649 2175 audit.
2683 2120 2857 2177 Recte
2888 2127 3082 2179 autem
3114 2130 3326 2183 tractat
3354 2134 3410 2185 et
3460 2132 3620 2188 bona
3649 2151 3780 2191 con-

2146 2205 2389 2261 scientia
2419 2208 2520 2278 qui
2542 2208 2869 2265 volantibus
2895 2210 3156 2284 loquitur
3171 2220 3229 2270 et
3255 2218 3782 2287 pacificis.Collatio

2146 2308 2280 2365 ergo
2310 2295 2460 2349 inter
2494 2296 2587 2350 [)ei
2621 2314 2814 2354 servos
2842 2316 2970 2356 esse
3001 2303 3190 2374 debet,
3226 2322 3340 2361 non
3372 2307 3697 2368 altercatio.

2221 2405 2242 2431 ι
2280 2383 2556 2440 Profanas
2586 2390 2781 2441 autem
2803 2404 3008 2444 vocum
3032 2392 3318 2449 novitates
3350 2396 3570 2467 devita;
3606 2401 3784 2473 pluri-

2145 2488 2307 2526 mum
2339 2472 2494 2527 enim
2529 2475 2834 2545 proficient
2862 2478 2936 2533 ad
2968 2478 3333 2538 inanitatem.
3393 2485 3599 2544 Sermo
3631 2493 3782 2547 enim

2143 2576 2343 2616 eorum
2374 2562 2531 2616 velut
2560 2580 2766 2619 cancer
2797 2566 2998 2638 serpit,
3034 2591 3055 2616 ι»
3092 2569 3211 2625 Hoc
3237 2572 3391 2628 idem
3423 2577 3618 2634 adhuc
3649 2598 3779 2651 pro-

2142 2649 2427 2719 sequitur,
2462 2655 2526 2705 ut
2555 2652 2956 2711 contentiones
2987 2656 3259 2716 vitentur.
3311 2662 3423 2719 Nec
3453 2666 3613 2722 enim
3645 2649 3777 2725 con-

2139 2736 2297 2806 gruit
2327 2738 2502 2795 unius
2531 2740 2666 2796 ﬁdei
2700 2741 2853 2797 viros
2877 2742 3089 2801 habere
3120 2751 3575 2822 contentionem,
3596 2758 3697 2812 sed
3725 2758 3781 2814 in

2139 2828 2389 2880 tractatu
2423 2827 2723 2897 patiantur
2754 2847 2817 2885 se
2846 2830 3091 2890 invicem
3123 2840 3181 2892 et
3213 2842 3585 2898 consentiant
3615 2845 3780 2903 bonis

2136 2912 2387 2969 dictis.Si
2420 2916 2557 2987 quid
2587 2922 2781 2974 autem
2810 2919 3193 2992 improbabile
3220 2926 3621 2993 videtur,cum
3644 2952 3780 3007 pace

2136 3000 2899 3063 dissimuletur.Adversarii
2930 3010 3087 3067 enim
3118 3018 3175 3067 et
3205 3014 3562 3076 dissidentes
3592 3000 3779 3079 solent

2135 3106 2197 3145 se
2227 3089 2472 3147 invicem
2505 3109 2911 3164 provocare,ex
2941 3100 3156 3170 quibus
3178 3119 3332 3160 unus
3345 3107 3675 3167 catholicus
3697 3117 3780 3167 est

2053 3164 2097 3232 C
2134 3183 2192 3234 et
2222 3178 2368 3234 alter
2397 3182 2808 3252 profanus.Hic
2837 3164 2976 3258 ergo
3004 3189 3446 3260 catholicus,cui
3474 3164 3779 3269 Apostolus

2138 3269 2377 3323 mandat
2408 3274 2472 3324 ut
2500 3277 2739 3341 spernat
2768 3277 2826 3328 et
2856 3274 3105 3332 declinet
3133 3295 3167 3334 a
3214 3280 3429 3339 fabulis
3477 3286 3777 3359 inanibus,

2135 3356 2366 3426 quietus
2393 3359 2561 3414 debet
2585 3375 2732 3432 esse,
2768 3367 2833 3417 ut
2861 3380 3091 3436 semper
3120 3368 3191 3423 de
3222 3373 3585 3431 conscientia
3606 3356 3778 3435 verba

2134 3445 2495 3513 emittat,nec
2517 3448 2773 3518 patiatur
2792 3467 2853 3505 se
2873 3468 3068 3509 eoram
3095 3454 3277 3528 impia
3305 3460 3479 3516 verba
3492 3463 3778 3537 depromi,

2133 3532 2285 3587 Dant
2313 3535 2467 3589 enim
2501 3536 2826 3606 quibudam
2857 3542 3220 3599 occasionem
3252 3551 3317 3601 ut
3346 3548 3405 3603 in
3447 3532 3620 3621 pejus
3652 3571 3779 3626 pro-

2133 3620 2351 3676 ﬁciant.
2383 3627 2507 3678 Non
2539 3625 2696 3679 enim
2745 3628 2959 3685 desunt
2993 3631 3093 3702 qui
3148 3620 3465 3693 audientes,
3509 3620 3777 3711 profana,

2132 3710 2463 3781 concipiant
2492 3714 2808 3784 cogitatum
2843 3718 3085 3787 malum,
3132 3721 3380 3794 ideoque
3435 3710 3605 3784 obest
3650 3747 3781 3786 con-

2132 3798 2334 3853 tentio.

2202 3908 2229 3935 «
2264 3888 2344 3942 Ex
2394 3889 2610 3960 quibus
2667 3896 2755 3948 est
2812 3893 3157 3966 Hymenaeus
3212 3903 3268 3954 et
3317 3900 3619 3974 Phyletus,
3673 3907 3776 3978 qui

2128 3975 2539 4033 deerraverunt
2569 3996 2602 4034 a
2654 3981 2910 4049 veritate,
2970 3984 3228 4042 dicentes
3281 3975 3769 4051 resurrectionem

2119 4062 2244 4132 jam
2271 4064 2483 4120 factam
2505 4073 2717 4138 esse,et
2737 4070 2907 4126 fidem
2937 4076 3328 4143 quorumdam
3361 4082 3774 4139 subvertant.»

2125 4150 2289 4207 Nunc
2307 4153 2846 4227 ipsorum,quorum
2871 4177 3050 4217 causa
3079 4163 3346 4222 vitandas
3373 4172 3775 4228 contentiones

2128 4248 2341 4297 monet.
2364 4244 2620 4314 prodidit
2640 4248 2877 4304 nomina
2899 4266 3048 4321 quos
3079 4257 3136 4306 et
3165 4254 3440 4325 profanos
3471 4263 3529 4313 et
3556 4259 3771 4332 impios

2126 4330 2471 4403 designavit,
2504 4339 2765 4390 errantes
2796 4355 2829 4392 a
2857 4339 3241 4398 veritate.Hoc
3271 4344 3427 4400 enim
3456 4330 3771 4420 negabant,

2124 4420 2279 4490 quod
2314 4421 2571 4491 palmare
2600 4428 2688 4479 est
2717 4426 3202 4500 Christianorum,
3238 4437 3303 4487 ut
3331 4434 3573 4491 credant
3624 4456 3687 4494 se
3714 4439 3771 4493 in

2126 4506 2387 4564 futurum
2421 4527 2454 4564 a
2483 4512 2729 4568 mortuis
2761 4530 3081 4588 resurgere.
3135 4519 3205 4574 Hi
3254 4526 3471 4589 autem,
3518 4525 3677 4581 sicut
3705 4544 3772 4582 ex

2123 4597 2238 4653 alia
2265 4598 2564 4669 Scriptura
2593 4602 2893 4668 docemur,
2925 4605 2983 4659 in
3042 4606 3180 4662 filiis
3222 4610 3348 4665 fieri
3396 4616 3773 4671 resurrectio-

2124 4702 2254 4740 nem
2288 4686 2580 4753 dicebant,
2612 4690 2830 4760 quibus
2862 4708 2981 4747 non
3037 4694 3237 4752 deerat
3291 4699 3393 4769 qui
3452 4716 3765 4760 assensum

2120 4778 2421 4844 praestaret
2454 4792 2787 4847 perversum
2821 4785 3025 4837 contra
3054 4784 3252 4854 fidem,
3312 4803 3492 4858 quam
3554 4791 3615 4847 in
3648 4794 3766 4864 pri-

2122 4863 2345 4917 mordio
2379 4864 2566 4919 fuerat
2591 4874 2959 4925 consecutus.

2191 4975 2219 5001 «
2253 4952 2514 5008 Firmum
2545 4959 2743 5011 tamen
2778 4958 3228 5018 fundamentum
3262 4964 3358 5019 Dei
3390 4967 3772 5033 stat,habens

2118 5040 2226 5096 hoc
2256 5043 2608 5099 sinaculum.
2644 5044 2922 5116 Cognovit
2952 5049 3108 5103 enim
3154 5052 3437 5110 Dominus
3495 5058 3597 5127 qui
3633 5065 3776 5115 sunt

2115 5129 2263 5199 ejus,
2298 5137 2354 5186 et
2385 5131 2645 5188 discedat
2678 5135 2750 5189 ab
2785 5135 3094 5207 iniquitate
3126 5140 3318 5197 omnis
3350 5142 3451 5213 qui
3495 5148 3771 5203 nominat

2116 5234 2326 5274 nomen
2362 5219 2613 5275 Domini.
2642 5244 2669 5271 ››
2706 5223 3177 5281 Fundamentum
3211 5227 3314 5283 Dei
3345 5230 3490 5286 fides
3520 5239 3770 5307 est,qua:

2114 5308 2371 5362 continet
2398 5325 2523 5379 qua:
2557 5311 2825 5381 promisit
2846 5312 3022 5380 Deus,
3055 5331 3184 5385 quae
3218 5316 3363 5374 fides
3402 5335 3519 5375 non
3552 5326 3769 5394 poterit

2114 5395 2347 5467 infringi
2403 5398 2757 5468 perfidorum
2806 5407 2864 5455 et
2921 5401 3319 5460 haereticorum
3382 5414 3761 5467 commentis.

2110 5484 2385 5547 Quamvis
2413 5488 2569 5542 enim
2594 5488 2650 5542 hi
2676 5492 3097 5561 negentl’utura
3117 5509 3242 5563 quae
3273 5496 3759 5570 credimus,Deus

2109 5577 2303 5630 tamen
2334 5574 2496 5631 dabit
2529 5594 2655 5648 quae
2684 5578 3002 5650 {credimus
3061 5581 3335 5640 daturum
3384 5584 3579 5655 illum,
3610 5593 3757 5649 teste
