4062 6186
249 339 376 400 693

826 335 1243 400 EXPOSI'I‘IO
1286 337 1365 399 IN
1410 332 1836 396 EPISTOLAS
1883 333 2244 395 PAULL—
2276 336 2355 397 IN
2400 335 2652 397 EPIST.
2699 336 2753 397 II
2799 338 2904 397 AD
2950 338 3124 399 TlM.

3582 344 3701 405 694

254 470 655 544 promissione
686 471 839 542 ejus.
868 472 1248 545 Signaculum
1281 472 1476 543 itaque
1505 468 1912 543 promissionis
1941 474 1996 533 Α
2026 466 2287 539 clesiam,
2324 469 2383 524 in
2442 488 2561 542 qua
2616 487 2851 543 omnes,
2880 473 2994 528 sub
3055 474 3238 531 unius
3296 476 3528 535 Domini
3560 485 3702 538 sunt

254 562 353 618 Dei
390 562 536 617 fides
568 565 777 616 nostra
808 568 916 629 est,
964 579 1090 634 qua:
1125 563 1322 618 ﬁrmat
1375 562 1468 616 Dei
1501 560 1696 616 verba.
1731 560 1791 614 In
1825 558 1917 613 die

245 651 461 725 judicii
496 655 812 722 cognoscet
861 656 1012 706 Deus
1064 651 1163 722 qui
1212 652 1432 706 habent
1482 650 1717 721 signum
1768 648 1914 716 ejus,

250 741 680 798 dissentientes
711 757 743 794 a
779 742 1163 812 perﬁdorum,
1193 746 1248 796 et
1268 739 1671 795 haereticorum
1702 737 1918 808 iniqui-

251 837 395 897 tate,
431 847 560 901 quae
617 830 716 884 Dei
770 831 1225 899 promissionem
1285 830 1584 884 inﬁrmare
1638 845 1698 883 se
1731 830 1915 899 putat.

249 920 410 976 Nihil
442 919 603 975 enim
636 924 760 973 tam
784 918 1079 991 iniquum,
1118 936 1294 990 quam
1322 919 1421 975 Dei
1447 917 1578 973 ﬁdei
1609 916 1916 972 contraire.

250 1011 343 1065 Sic
376 1012 434 1064 et
490 1008 744 1075 Dathan,
804 1013 862 1062 et
922 1008 1141 1063 Abiron
1193 1014 1249 1062 et
1307 1008 1489 1063 Chore
1524 1008 1745 1061 dictum
1771 1010 1921 1060 esta

250 1099 473 1171 Moyse,
542 1113 678 1151 cum
702 1099 907 1151 contra
921 1096 1017 1151 Dei
1041 1102 1394 1168 praeceptum
1411 1098 1615 1151 offerre
1637 1094 1923 1149 sacrificia

250 1190 708 1260 praesumerent.
746 1185 1035 1256 Cognovit
1094 1186 1292 1255 itaque
1340 1184 1625 1239 Dominus
1657 1183 1755 1254 qui
1784 1186 1924 1237 sunt
1972 1204 1987 1214 ·

249 1277 405 1347 ejus.
435 1276 559 1338 Quo
582 1275 738 1328 dicto
763 1273 1179 1344 ostendit,quae
1208 1274 1493 1345 pernicies
1516 1276 1778 1327 maneret
1800 1288 1919 1335 eos,

248 1366 353 1437 qui
390 1365 488 1420 Dei
522 1364 697 1419 verba
729 1363 1107 1417 inverterent.

324 1478 353 1503 ‹‹
394 1455 455 1508 In
491 1470 706 1522 magna
755 1455 960 1506 autem
1004 1452 1177 1506 domo
1230 1468 1343 1506 non
1393 1450 1581 1505 solum
1617 1455 1756 1503 sunt
1787 1466 1926 1504 vasa

248 1559 431 1601 aurea
463 1546 520 1597 et
548 1544 848 1613 argentea,
885 1541 991 1594 sed
1023 1545 1079 1594 et
1105 1540 1300 1611 lignea
1339 1544 1392 1595 et
1426 1538 1645 1607 fictilia,
1680 1544 1737 1592 et
1768 1555 1925 1609 quaa-

250 1635 390 1689 dam
416 1632 473 1685 in
499 1630 1097 1699 honorem,quaedam
1118 1634 1311 1684 autem
1341 1630 1398 1683 in
1424 1626 1859 1683 contumeliam.
1899 1662 1917 1682 ..

251 1725 373 1780 Hoc
393 1721 544 1776 dicto
567 1716 927 1792 significavit
952 1718 1013 1773 in
1037 1717 1293 1773 Ecclesia
1315 1718 1573 1772 diversos
1595 1732 1722 1771 esse
1745 1714 1929 1769 homi-

256 1829 364 1868 nes
389 1829 401 1878 ;
424 1809 712 1881 quosdam
734 1807 931 1861 bonos
956 1811 1015 1861 et
1038 1823 1306 1861 summos
1328 1806 1505 1867 viros,
1524 1821 1672 1874 quos
1697 1803 1756 1858 in
1780 1820 1922 1857 auro
1960 1837 2006 1901 B

252 1898 507 1970 intelligi
537 1896 702 1963 vult;
735 1896 1037 1967 quosdam
1061 1896 1245 1950 bonos
1279 1898 1531 1955 tantum,
1558 1909 1704 1963 quos
1744 1891 1801 1945 in
1835 1908 1925 1946 ar-

252 1993 430 2065 gento
460 1986 769 2059 designat;
805 1982 959 2038 alios
1017 2000 1151 2038 vero
1202 2000 1321 2038 non
1369 1984 1574 2051 bonos,
1610 1998 1757 2052 quos
1788 1997 1929 2035 vasa

257 2080 450 2153 lignea
464 2081 519 2131 et
535 2071 1042 2144 ﬁctiliaappellat;
1065 2073 1220 2143 quod
1237 2071 1385 2126 nulli
1402 2070 1749 2142 ambiguum
1764 2074 1926 2140 puto.

255 2170 394 2227 Nam
429 2167 486 2222 in
521 2162 970 2221 Corinthiorum
998 2160 1106 2214 hoc
1130 2160 1393 2215 Ecclesia
1416 2161 1628 2230 probat
1656 2159 1928 2230 frequens

251 2275 435 2317 sermo
459 2250 846 2328 objurgantis
865 2248 1149 2320 Apostoli.
1179 2250 1347 2304 Nunc
1368 2255 1571 2305 autem
1592 2248 1650 2302 in
1674 2247 1930 2303 Ecclesia

247 2356 439 2406 nostra
469 2345 676 2418 palam
713 2343 804 2395 est
829 2356 841 2405 ;
864 2343 921 2393 et
946 2338 1003 2392 in
1028 2337 1246 2409 templo
1268 2336 1687 2409 Jerosolymis,
1720 2336 1778 2390 in
1812 2352 1927 2407 quo

247 2444 413 2511 typus
445 2438 577 2491 erat
609 2428 903 2496 Ecclesiae,
961 2426 1287 2482 manifestis
1321 2426 1687 2483 lectionibus
1718 2443 1928 2497 appro-

246 2528 434 2582 batur.
467 2525 654 2577 Erant
687 2516 844 2572 enim
876 2515 958 2569 illi
986 2516 1305 2581 Sadducaei,
1332 2531 1402 2570 ex
1439 2532 1703 2588 quorum
1738 2516 1929 2569 radice

256 2619 413 2672 erant
440 2614 801 2685 Hymenaeus
855 2610 911 2660 et
958 2604 1252 2675 Phyletus.
1305 2605 1389 2659 De
1446 2622 1707 2678 quorum
1758 2622 1932 2674 prava

259 2703 568 2767 sententia,
605 2714 743 2752 cum
778 2692 1089 2766 Apostolus
1120 2696 1274 2749 esset
1300 2693 1575 2765 locutus,
1600 2694 1797 2749 statim
1824 2693 1933 2748 hoc

268 2790 537 2861 subjecit,
570 2792 638 2843 ut
669 2801 786 2840 non
838 2787 990 2838 esset
1039 2782 1301 2838 mirabile
1343 2784 1408 2839 in
1459 2784 1725 2840 Ecclesia
1752 2783 1934 2837 videri

272 2880 540 2937 homines
569 2873 1009 2932 dissentientes.
1058 2872 1205 2926 Nam
1244 2872 1305 2925 in
1356 2873 1801 2928 Corinthiorum
1831 2873 1934 2927 Ec-

273 2969 506 3033 eclesia,
531 2968 601 3021 de
623 2981 743 3036 qua
761 2962 901 3032 dixi,
921 2960 1158 3032 quidam
1185 2966 1373 3028 erant,
1396 2964 1500 3033 qui
1522 2961 1937 3017 dissentientes

276 3055 761 3114 resurrectionem
782 3050 1357 3123 negabant.lnsanus
1375 3050 1938 3106 tamenNovatianus

277 3153 347 3204 ut
379 3144 559 3202 errori
589 3159 696 3199 suo
730 3139 1088 3207 blandiatur,
1140 3138 1310 3194 aliter
1338 3139 1449 3194 hoc
1489 3138 1937 3210 intelligendum

275 3235 482 3301 tradit,
516 3238 579 3291 ut
612 3233 827 3287 domus
876 3244 1093 3300 magna
1135 3231 1295 3282 totus
1325 3229 1587 3283 mundus
1619 3227 1939 3299 significari

279 3325 577 3391 credatur,
611 3320 751 3392 quia
780 3319 960 3374 habet
998 3316 1307 3371 hominum
1353 3316 1772 3384 diversitatem,
1805 3334 1937 3373 cum

278 3416 509 3470 constet
538 3409 888 3483 Apostolum
920 3404 1185 3477 exemplo
1209 3422 1382 3460 usum
1414 3406 1627 3461 domus
1659 3405 1853 3463 divitis
1884 3412 1941 3462 et

280 3502 600 3574 opulentis,
633 3516 760 3570 quae
794 3495 1067 3568 quamvis
1117 3496 1349 3566 copiosa
1384 3495 1480 3562 sit,
1511 3496 1696 3567 (1322)
1727 3496 1941 3552 habeat

282 3599 484 3647 tamen
510 3592 566 3643 et
584 3587 825 3643 vitiosos
852 3590 909 3640 et
933 3601 1108 3656 prava
1130 3583 1467 3650 sentientes,
1494 3585 1646 3638 sicut
1668 3586 1939 3658 superius

286 3677 627 3737 memoravi.
660 3677 816 3740 Quos
848 3673 1203 3729 contumelia
1255 3673 1465 3744 dignos
1514 3675 1787 3741 ostendit,
1825 3692 1937 3730 non

287 3776 491 3826 tamen
524 3766 837 3839 perituros,
887 3763 987 3817 sed
1022 3761 1359 3833 purgandos
1403 3778 1506 3831 per
1552 3762 1768 3834 ignem,
1803 3763 1940 3835 quia

286 3857 495 3914 domui
526 3873 593 3912 ex
624 3854 820 3925 aliqua
851 3857 1014 3924 parte
1047 3849 1371 3904 necessaria
1394 3854 1551 3903 sunt.
1586 3852 1939 3908 Novatianus

285 3952 487 4005 autem
518 3944 706 4000 elatus
738 3940 1029 4013 superbia,
1065 3943 1129 3992 ut
1158 3937 1426 3993 Ecclesia;
1463 3955 1581 3992 suae
1612 3941 1936 4010 veritatem,

284 4042 344 4093 et
365 4037 737 4092 sanctitatem
770 4028 1102 4102 generalem
1127 4027 1480 4095 defenderet,
1504 4027 1613 4082 hoc
1648 4030 1819 4084 modo
1850 4029 1937 4084 in-

282 4124 671 4197 telligendum
710 4117 982 4189 decrevit,
1033 4116 1199 4189 quasi
1249 4115 1503 4171 Ecclesia
1535 4133 1713 4188 penes
1747 4118 1937 4190 ipsum

282 4216 384 4282 sit,
420 4217 478 4268 et
508 4215 749 4268 cunctos
781 4209 996 4264 habeat
1017 4206 1357 4277 purificatos
1382 4210 1619 4276 propter
1647 4206 1781 4263 illas
1803 4225 1940 4263 cau-

284 4321 407 4369 sas,
441 4299 656 4372 quibus
686 4315 791 4353 nos
823 4298 1163 4351 innocentes
1193 4298 1446 4350 accusat.
1473 4295 1583 4350 Sed
1616 4296 1755 4367 quid
1791 4314 1938 4368 opus

286 4396 419 4451 erat
442 4391 551 4446 hoc
580 4390 704 4445 loco
736 4389 806 4443 de
841 4385 1062 4441 mundo
1094 4384 1318 4455 aliquid
1349 4384 1675 4455 dicere,aut
1705 4392 1769 4441 ut
1797 4388 1937 4458 quid

287 4482 615 4538 afﬁrmaret
646 4477 934 4532 mundum
968 4475 1205 4530 domum
1259 4490 1535 4545 magnam
1566 4474 1940 4547 signiﬁcare?

2028 575 2290 615 nomine.

2102 674 2129 702 ‹‹
2165 653 2223 708 Si
2255 653 2391 723 quis
2423 666 2562 721 ergo
2589 652 2923 722 purgaverit
2951 656 3343 727 semetipsum
3373 658 3444 712 ab
3475 658 3702 729 his,erit

2027 760 2129 798 vas
2163 743 2223 797 in
2255 743 2482 796 honore
2515 740 3123 809 sanctiﬁcatum,utile
3155 744 3504 812 Domino,ad
3530 763 3701 803 omne

2029 850 2179 903 opus
2211 834 2435 887 bonum
2464 834 2878 899 praeparatum.
2905 830 3072 886 Nunc
3098 831 3214 888 alia
3238 832 3476 889 haeresis
3500 835 3704 892 fraude

2031 939 2139 977 sua
2155 919 2547 981 convincitur,
2563 934 2690 988 quae
2711 920 2920 973 asserit
2936 919 3168 976 animas
3187 923 3473 993 quasdam
3492 928 3704 979 natura

2032 1027 2162 1065 esse
2194 1010 2405 1072 malas,
2441 1024 2574 1077 quae
2607 1007 2677 1061 ad
2707 1007 2925 1062 bonum
2959 1010 3087 1080 cogi
3122 1027 3237 1064 non
3270 1012 3530 1080 possint:
3566 1030 3701 1069 cum

2032 1100 2128 1154 hic
2146 1100 2303 1153 dicat
2326 1113 2505 1168 posse
2533 1096 2719 1150 malos
2742 1097 3046 1153 immutari
3070 1100 3130 1153 in
3150 1100 3333 1155 bonos
3354 1106 3410 1156 et
3434 1102 3700 1158 sordidos

2035 1188 2354 1260 puriﬁcari.
2413 1187 2691 1241 Poterant
2738 1187 2893 1241 enim
2936 1188 3306 1260 Hymenaeus,
3342 1195 3396 1245 et
3430 1190 3701 1263 Phyletus

2034 1280 2322 1334 mundare
2354 1293 2605 1333 sensum
2638 1277 2891 1347 suum,si
2921 1277 3338 1347 voluissent,ut
3369 1280 3571 1337 fierent
3598 1299 3702 1339 vas

2034 1368 2499 1431 sanctificatum,
2534 1371 2922 1437 praeparatum
2956 1367 3013 1420 in
3047 1366 3349 1423 honorem.

2110 1480 2137 1506 ‹‹
2161 1455 2464 1511 Juvenilia
2487 1459 2684 1509 autem
2709 1455 3000 1510 desideria
3017 1456 3171 1527 fuge.
3196 1479 3223 1506 »
3243 1458 3533 1514 Juvenilia
3554 1461 3706 1515 desi-

2036 1546 2200 1601 deria
2222 1546 2472 1600 adversa
2495 1548 2654 1598 sunt.
2674 1548 2817 1598 Sunt
2841 1544 2995 1600 enim
3019 1545 3348 1617 voluptates
3371 1550 3701 1617 mundanae,

2037 1652 2161 1705 quae
2190 1634 2474 1689 omnibus
2500 1632 2792 1689 illecebris
2813 1634 3156 1705 mancipataa
3183 1639 3344 1704 sunt,
3372 1653 3437 1692 ac
3466 1654 3565 1709 per
3593 1639 3708 1695 hoc

2037 1724 2139 1780 Dei
2175 1739 2339 1778 servo
2371 1723 2669 1795 fugiendae
2702 1727 2859 1777 sunt.

2113 1834 2140 1862 ‹‹
2174 1813 2408 1867 Sectare
2440 1829 2578 1867 vero
2602 1812 2921 1883 justitiam,
2956 1813 3153 1879 fidem,
3193 1813 3561 1885 charitatem,
3597 1834 3709 1889 pa-

2041 1918 2166 1956 cem
2201 1918 2334 1956 cum
2368 1901 2465 1957 bis
2497 1901 2597 1970 qui
2650 1900 2927 1955 invocant
2957 1902 3136 1956 Deum
3171 1903 3243 1956 de
3275 1904 3441 1959 corde
3471 1921 3639 1975 puro.
3677 1928 3707 1956 ››

2039 1995 2173 2044 Haec
2203 1991 2488 2045 sectanda
2506 1990 3097 2061 jubet,quaejuvenili
3122 1992 3278 2046 (stati
3308 1992 3472 2047 devia
3498 1994 3708 2049 viden-

2039 2084 2139 2133 tur
2167 2082 2224 2133 et
2256 2093 2485 2148 aspera.
2522 2078 2629 2143 Qui
2675 2078 2830 2133 enim
2876 2080 3171 2147 justitiam
3222 2079 3414 2152 elegit,
3470 2082 3520 2136 ei
3553 2082 3706 2137 nihil

2040 2168 2179 2222 facit
2208 2167 2575 2221 contrarium
2604 2196 2617 2234 ,
2651 2172 2707 2222 et
2726 2168 2824 2237 qui
2860 2168 3029 2223 fidem
3055 2162 3248 2240 diligit
3277 2176 3509 2225 servant
3533 2187 3704 2226 man-

2040 2257 2196 2311 data.
2258 2256 2363 2320 Qui
2415 2261 2617 2311 autem
2680 2257 3024 2312 charitatem
3081 2258 3369 2328 sequitur,
3421 2259 3703 2316 omnibus

2039 2344 2287 2399 humilis
2317 2348 2424 2399 est.
2462 2345 2631 2400 Pacis
2674 2362 2806 2401 vero
2853 2349 3049 2402 custos
3079 2345 3310 2402 nullum
3360 2346 3597 2402 lacessit
3627 2350 3703 2404 ad

2031 2433 2319 2505 jurgium.

2114 2545 2141 2571 ‹‹
2175 2521 2399 2576 Stultas
2432 2527 2657 2589 autem,
2684 2531 2739 2579 et
2762 2524 3086 2579 ineruditas
3109 2524 3461 2594 quaestiones
3492 2524 3708 2593 devita,

2044 2611 2236 2667 sciens
2267 2610 2403 2680 quia
2433 2616 2721 2681 generant
2751 2612 2903 2667 lites.
2942 2634 2967 2661 ››
3003 2615 3315 2668 Insensataa
3350 2612 3709 2684 quaestiones

2046 2699 2259 2773 partim
2276 2699 2846 2772 infidelium,partim
2862 2701 3267 2757 haereticorum
3288 2700 3710 2767 sunt,aliorum

2045 2806 2113 2845 ex
2132 2788 2868 2861 parteindeﬁdelium,quee
2890 2791 3187 2845 modestos
3204 2790 3475 2847 homines
3494 2798 3716 2862 cogunt

2048 2878 2119 2933 ad
2146 2877 2303 2931 litem
2317 2878 2738 2933 .Immutantur
2754 2880 2911 2934 enim
2926 2879 3108 2934 nimia
3124 2880 3585 2935 contradictione
3608 2880 3717 2934 im-

2048 2965 2281 3037 pietatis
2312 2970 2600 3034 eorum,et
2624 2968 2752 3021 irati
2780 2968 2987 3022 dicunt
3018 2967 3242 3037 aliquid
3264 2973 3469 3024 contra
3497 2983 3713 3038 propo-

2050 3056 2231 3112 situm
2263 3070 2461 3109 suum.
2494 3054 2641 3110 Nam
2676 3055 2865 3111 solent
2895 3055 3135 3126 quidam
3166 3056 3571 3113 hareticorum
3605 3071 3708 3127 pa-

2052 3143 2318 3201 tientiam
2352 3143 2570 3215 ﬁngere
2617 3145 2885 3216 quamvis
2935 3162 2968 3200 a
3016 3143 3299 3200 catholico
3330 3161 3445 3200 non
3480 3143 3708 3214 possint

1970 3207 2012 3273 C
2053 3234 2255 3290 audire
2287 3232 2508 3302 aliquid
2541 3249 2838 3304 asperum,
2870 3238 2936 3288 ut
2966 3235 3381 3304 commendent
3402 3248 3579 3305 prava
3598 3250 3707 3290 sua

2051 3320 2347 3393 colloquia
2374 3339 2386 3388 ;
2418 3320 2547 3376 ideo
2578 3321 3080 3378 dissimulandum
3112 3324 3184 3377 ab
3215 3322 3312 3379 his
3342 3327 3452 3379 est.

2128 3434 2153 3462 ‹‹
2177 3416 2415 3467 Servum
2443 3415 2638 3466 autem
2667 3412 2899 3467 Domini
2931 3427 3046 3466 non
3080 3415 3303 3482 oportet
3329 3410 3578 3484 litigare,
3600 3413 3703 3468 sed

2051 3502 2253 3556 mitem
2285 3516 2413 3555 esse
2438 3501 2509 3555 ad
2532 3518 2759 3568 omnes,
2782 3500 3116 3567 docibilem,
3141 3501 3480 3571 patientem,
3501 3501 3701 3556 mode-

2050 3598 2209 3647 stum
2241 3608 2254 3657 ;
2287 3591 2670 3661 corrigentem
2731 3606 2850 3656 eos,
2901 3591 2999 3660 qui
3058 3589 3287 3645 diversa
3312 3589 3595 3657 sentiunt,
3629 3608 3701 3647 ne

2051 3681 2285 3754 quando
2316 3680 2413 3734 det
2440 3678 2556 3735 illis
2587 3680 2739 3734 Deus
2780 3681 2967 3748 (1323)
3001 3678 3403 3749 poenitentiam
3433 3681 3502 3735 ad
3534 3680 3698 3751 agni-

2048 3771 2264 3824 tionem
2317 3766 2595 3833 veritatis,
2645 3772 2703 3822 et
2753 3767 3100 3838 resipiscant
3146 3786 3180 3822 a
3226 3768 3440 3824 diaboli
3470 3768 3698 3840 laqueis

2052 3860 2201 3930 capti
2237 3857 2308 3911 ab
2341 3872 2405 3911 eo
2431 3857 2501 3910 ad
2536 3856 2723 3926 ipsius
2754 3855 3132 3910 voluntatem.
3163 3878 3183 3903 ιι
3213 3857 3341 3911 Haec
3361 3856 3525 3912 nulla
3554 3857 3702 3912 indi-

2051 3951 2189 4019 gent
2206 3943 2711 4015 interpretatione:
2738 3948 2879 3998 sunt
2894 3944 3048 3997 enim
3074 3944 3701 4015 manifesta,quantum

2050 4040 2245 4090 tamen
2278 4033 2464 4101 prosit
2491 4032 2795 4099 modestia,
2838 4030 3174 4086 declaravit.
3210 4031 3268 4086 Si
3313 4033 3471 4087 enim
3502 4040 3610 4088 hoc
3641 4032 3701 4088 in

2051 4123 2404 4195 quibusdam
2436 4120 2721 4175 haereticis
2754 4118 3031 4191 placitum
3066 4119 3321 4191 est,quia
3348 4119 3603 4175 humiles
3625 4120 3703 4175 vi-

2049 4214 2280 4278 dentur,
2314 4214 2531 4282 quanto
2566 4208 2751 4279 magis
2776 4207 3088 4278 laudabile,
3107 4212 3162 4263 et
3193 4208 3559 4264 fructuosum
3587 4208 3699 4265 erit

2051 4302 2109 4356 in
2142 4298 2501 4369 catholico,si
2534 4298 2710 4353 fuerit
2740 4297 2920 4364 mitis,
2950 4296 3008 4350 in
3042 4312 3158 4367 quo
3189 4300 3245 4352 et
3269 4312 3479 4353 sensus
3511 4296 3693 4364 utilis,

2048 4395 2105 4446 et
2135 4390 2358 4462 gravita
2386 4388 2672 4443 imitanda
2702 4385 3097 4458 perspicitur?

2121 4480 2275 4551 (CAP.
2302 4479 2423 4551 III.)
2444 4478 2597 4532 «Hoc
2611 4482 2804 4531 autem
2819 4474 2985 4542 scito,
3001 4474 3209 4545 quiain
3223 4475 3558 4531 novissimis
3580 4476 3674 4532 die

286 4571 441 4626 Nam
459 4568 600 4624 dicit
618 4566 903 4622 Dominus
921 4563 1198 4636 apostolis
1222 4580 1235 4618 :
1257 4585 1284 4613 »
1309 4564 1432 4618 Non
1450 4564 1592 4619 estis
1609 4565 1679 4620 de
1702 4567 1943 4626 mundo.
1972 4576 2020 4641 Π
2054 4573 2166 4627 bus
2199 4569 2506 4625 instabunt
2543 4572 2806 4638 tempora
2828 4563 3151 4635 periculosa
3184 4580 3196 4619 :
3230 4569 3403 4621 erunt
3422 4564 3693 4621 homines

292 4660 414 4733 Ego
446 4662 641 4713 autem
664 4655 810 4727 elegi
830 4671 932 4709 vos
963 4655 1141 4725 (Joan.
1174 4669 1264 4720 xv,
1290 4652 1398 4724 19).
1436 4676 1457 4704 ι
1486 4654 1785 4717 Quomodo
1807 4672 1943 4728 ergo

291 4749 455 4803 intra
482 4745 770 4801 mundum
801 4741 1187 4799 concludendi
1231 4746 1388 4810 sunt,
1422 4742 1522 4813 qui
1557 4748 1844 4815 negantur
1872 4745 1944 4800 de

294 4835 521 4893 mundo
550 4836 723 4890 esse?
775 4833 846 4887 Et
887 4832 1016 4887 ideo
1062 4830 1418 4901 Apostolus:
1476 4852 1503 4879 «
1551 4832 1699 4894 Quid
1732 4831 1940 4903 inquit,

296 4924 445 4981 mihi
479 4924 549 4980 de
564 4922 678 4991 his,
703 4920 802 4993 qui
826 4922 965 4977 foris
986 4924 1144 4985 sunt,
1161 4918 1428 4990 judicare
1445 4918 1471 4972 ?
1493 4919 1541 4989 (I
1561 4919 1681 4975 Cor.
1700 4939 1752 4992 v,
1779 4923 1888 4991 12.)
1914 4944 1941 4971 ››

288 5014 443 5069 Nam
474 5012 534 5068 in
565 5029 683 5067 una
702 5012 874 5066 domo
896 5026 1099 5065 omnes
1123 5008 1233 5063 sub
1261 5024 1377 5063 uno
1400 5012 1539 5063 sunt
1560 5010 1944 5066 nomine.Uno

288 5104 452 5159 enim
481 5101 711 5157 Domini
745 5100 836 5156 sui
860 5098 1093 5154 nomine
1116 5102 1430 5153 censentur
1458 5098 1942 5155 omnes.Mundus

290 5196 495 5249 autem
528 5190 764 5261 diversae
794 5186 1175 5261 professionis
1206 5186 1463 5240 continet
1484 5185 1857 5253 homines,ita
1881 5192 1943 5243 ut

292 5283 562 5352 dispares
585 5260 973 5352 profiteantur
1021 5292 1083 5331 se
1130 5275 1344 5330 habere
1396 5274 1533 5330 deos
1566 5278 1621 5329 et
1651 5276 1939 5331 dominos.

290 5372 423 5428 Non
455 5385 590 5441 ergo
622 5369 861 5424 domum
895 5381 1167 5438 magnam
1193 5364 1478 5419 mundum
1515 5363 1677 5433 dixit,
1711 5366 1810 5419 sed
1844 5367 1943 5419 Ec-

383 5495 559 5564 :43'2‘2)
578 5494 641 5548 In
663 5494 788 5549 cod.
838 5489 1141 5563 impressis
1181 5489 1339 5564 post!
1357 5488 1596 5564 verbum
1619 5492 1709 5559 sit,
1733 5489 1944 5564 legitur

289 5560 495 5623 habeat
523 5560 703 5621 tamen
751 5581 881 5619 vasa
925 5560 1122 5633 lignea
1176 5570 1227 5633 et
1275 5560 1492 5633 ﬁctilia.
1544 5562 1656 5633 [Ioc
1700 5562 1863 5616 modo
1892 5564 1941 5615 ct

289 5638 556 5706 Ecclesia,
614 5654 889 5708 quaquam
934 5631 1126 5690 sancta
1183 5632 1421 5699 dicatur,
1462 5631 1620 5687 habet
1647 5636 1853 5701 tamen,
1885 5637 1942 5687 et

2054 4659 2145 4716 sui
2174 4663 2402 4714 tantum
2436 4652 3538 4725 amatores,avari,insolentes,superbi,
3570 4653 3694 4710 bla-

2054 4744 2651 4820 sphemi,parentibus
2673 4759 2787 4798 non
2808 4743 3217 4812 obsequentes,
3240 4740 3472 4812 ingrati,
3506 4741 3694 4814 impii,

2053 4838 2179 4894 sine
2197 4835 2463 4903 fide,sine
2474 4832 2801 4901 dilectione,
2817 4829 3696 4897 criminatores,incontinentes,

2052 4926 2330 4995 immites,
2354 4925 2639 4978 bonorum
2665 4920 2906 4988 inimici,
2930 4918 3275 4992 proditores,
3302 4919 3573 4990 protervi,
3605 4922 3698 4972 tu-

2053 5014 2219 5079 midi,
2251 5013 2613 5083 voluptatum
2636 5014 2924 5064 amatores
2948 5007 3137 5081 magis
3157 5024 3335 5079 quam
3354 5006 3473 5071 Dei,
3490 5006 3701 5060 haben-

2052 5105 2140 5157 tes
2171 5103 2415 5156 formam
2451 5098 2703 5171 pietatis,
2736 5097 3009 5151 virtutem
3065 5097 3193 5166 ejus
3224 5095 3597 5165 abnegantes.
3632 5093 3699 5147 Et

2052 5190 2160 5245 hos
2192 5189 2401 5245 devita.
2441 5212 2459 5237 υ
2496 5186 2802 5258 Prophetia
2830 5190 2917 5241 est
2947 5184 3067 5239 haec
3112 5183 3297 5238 sancti
3322 5179 3601 5252 Apostoli,
3635 5179 3694 5235 in

2053 5296 2165 5350 qua
2180 5278 2672 5350 prawiditquanta
2684 5275 2836 5331 mala
2852 5276 3048 5328 futura
3061 5276 3255 5326 essent
3271 5268 3693 5335 haereticorum,

2052 5372 2250 5423 essent
2279 5372 2335 5421 et
2361 5367 2718 5422 Judmorum.
2755 5370 2818 5419 In
2866 5362 2955 5417 his
2986 5360 3140 5416 enim
3174 5359 3371 5414 omnia
3400 5357 3537 5423 ista,
3570 5375 3695 5429 quas

2051 5489 2295 5560 reliqua,
2328 5507 2453 5561 quae
2486 5496 2832 5561 sequuntur.

2123 5552 2303 5633 (1323')
2326 5552 2713 5617 Paenitentiam
2736 5558 2950 5633 habent
2969 5569 3172 5609 omnes
3194 5552 3494 5627 lectiones,
3510 5555 3611 5611 sed
3633 5552 3693 5609 in

2051 5627 2247 5689 nostro
2277 5627 2403 5690 cod.
2435 5634 2759 5705 patientiam
2788 5627 3016 5697 legitur.
