4062 6186
252 363 376 426 697

830 366 1248 431 EXPOSI'I‘IO
1293 367 1369 428 IN
1418 356 1845 424 EPISTO'AS
1889 356 2150 421 PAULI.
2186 393 2265 404 —-
2298 358 2376 418 IN
2424 358 2674 422 EPIST.
2723 358 2775 420 II
2822 360 2922 419 AD
2969 360 3143 423 TIM.

3584 370 3702 431 698

252 501 607 570 opportune,
672 496 1009 570 importune
1042 501 1248 574 (1327),
1294 516 1490 573 argue,
1542 497 1793 562 hortare,
1827 494 1917 549 in-
1948 493 2001 558 Α
2031 494 2319 559 coronari,
2345 494 2486 565 quia
2517 495 2672 549 Deus
2695 495 2899 565 justus
2924 495 3115 566 judex
3142 496 3306 553 dabit
3335 502 3701 572 amplissima

250 604 452 659 crepa,
488 588 547 641 in
580 588 745 642 omni
798 590 1286 663 magnanimitate
1317 595 1373 646 et
1405 588 1687 644 doctrina.
1718 610 1745 637 »
1776 586 1917 640 Tam

250 675 507 732 sollicite
527 677 773 732 mandat
795 678 1068 736 inviolate
1094 680 1527 751 prmdicandum
1556 677 1651 732 Dei
1675 677 1916 743 donum,

251 772 321 821 ut
352 784 490 822 cum
524 769 844 823 testatione
877 769 975 825 Dei
1026 770 1235 837 Patris,
1269 774 1323 825 et
1353 768 1561 823 Christi
1613 764 1738 821 Filii
1768 765 1915 834 ejus,

250 856 369 910 hoc
402 860 641 912 moneat
672 860 1023 925 curandum,
1048 859 1504 929 instandumque
1535 857 1592 909 in
1625 872 1710 925 eo,
1736 858 1798 908 ut
1824 869 1916 907 as-

248 944 431 999 sidua
492 946 928 1018 praedicatione,
974 952 1031 1001 et
1078 949 1281 1003 crebra
1330 944 1732 1017 objurgatione
1781 959 1914 995 cum

248 1036 700 1105 opportunitate
729 1042 1003 1108 provocet
1036 1038 1106 1092 ad
1141 1037 1439 1092 meliorem
1472 1036 1815 1107 profectum.
1851 1031 1915 1084 Et

248 1128 316 1176 ut
355 1122 588 1178 facilius
642 1124 912 1195 arguenti
969 1125 1315 1191 assentiant,
1349 1126 1473 1179 sine
1524 1120 1912 1177 amaritudine

243 1210 359 1265 hoc
392 1212 688 1281 agendum
726 1213 1018 1271 hortatur.

320 1322 350 1349 ‹‹
384 1301 503 1354 Erit
533 1302 694 1355 enim
734 1306 995 1373 tempus,
1030 1321 1165 1358 cum
1199 1320 1401 1358 sanam
1437 1300 1759 1356 doctrinam
1794 1316 1907 1353 non

237 1390 646 1457 sustinebunt,
678 1391 778 1445 sed
812 1408 846 1445 a
877 1409 991 1447 sua
1022 1393 1311 1448 desideria
1342 1392 1764 1446 coacervabunt
1796 1389 1908 1443 sibi

236 1478 579 1549 magistros,
606 1481 946 1550 prurientes
970 1482 1247 1535 auribus:
1274 1486 1329 1536 et
1352 1499 1384 1534 a
1404 1480 1643 1534 veritate
1665 1479 1903 1549 quidam

233 1567 509 1622 auditum
533 1572 809 1629 avertent.
829 1570 904 1623 ad
935 1570 1170 1625 fabulas
1196 1588 1329 1625 vero
1354 1573 1819 1625 convertentur.»
1842 1569 1908 1622 Et

232 1656 360 1710 haec
390 1656 566 1710 simili
604 1658 773 1712 modo
808 1658 1149 1728 prophetia,
1176 1664 1263 1714 est
1286 1656 1473 1713 sancti
1495 1656 1777 1727 Apostoli,
1805 1656 1906 1728 qui

231 1743 517 1817 prascius
539 1745 899 1810 futurorum,
919 1746 1265 1800 instandum
1290 1747 1349 1801 in
1372 1744 1636 1800 doctrina
1658 1744 1905 1799 sollicite

233 1834 532 1907 praecepit,
558 1838 620 1888 ut
651 1833 873 1888 firmati
908 1834 969 1887 in
1003 1835 1138 1905 ﬁde,
1172 1841 1229 1890 et
1262 1836 1432 1889 bonis
1460 1833 1736 1903 operibus
1771 1851 1901 1888 cru—

233 1923 337 1978 diti
365 1921 424 1976 in
449 1922 758 1995 disciplina
777 1938 931 1977 sana
954 1924 1181 1978 robusti
1208 1928 1505 1989 maneant,
1523 1928 1587 1976 ut
1608 1927 1904 1993 postremo

232 2018 665 2082 tempore,cum
691 2011 938 2083 quidam
964 2027 997 2065 a
1014 2014 1253 2067 veritate
1276 2013 1346 2067 ad
1370 2028 1624 2068 errorem
1649 2012 1905 2067 converti

234 2100 530 2173 coeperint,
566 2100 908 2155 immobiles
942 2109 1337 2171 perseverent.
1364 2100 1538 2156 Tales
1576 2100 1730 2155 enim
1765 2102 1905 2157 dicit

230 2190 587 2261 futuros,qui
619 2206 725 2262 pro
757 2188 1065 2243 desideriis
1098 2190 1223 2245 suis
1246 2192 1444 2245 doceri
1472 2205 1535 2244 se
1557 2190 1749 2256 velint,
1777 2195 1841 2244 ut
1872 2208 1905 2245 a

228 2280 525 2352 magistris
549 2277 1060 2347 constantibus,et
1082 2280 1391 2335 veracibus
1417 2280 1491 2335 ad
1526 2279 1630 2335 hos
1664 2296 1900 2336 conver-

223 2374 434 2436 tantur,
457 2370 558 2439 qui
587 2367 715 2421 haec
748 2365 877 2421 illos
900 2367 1163 2430 doceant,
1196 2386 1324 2439 quae
1348 2370 1608 2425 libenter
1634 2369 1899 2437 audiant,

219 2459 353 2529 quia
382 2457 608 2511 veritas
640 2454 763 2509 illis
794 2471 999 2526 aspera
1019 2456 1266 2524 videtur,
1294 2464 1361 2513 ut
1385 2459 1601 2515 relicta
1634 2476 1775 2513 sana
1805 2461 1903 2513 do-

223 2547 403 2601 ctrina
433 2543 659 2600 fabulis
692 2549 912 2599 vacent.
949 2544 1165 2600 Nolunt
1202 2547 1357 2603 enim
1416 2549 1593 2620 argui
1645 2547 1903 2619 maligna

227 2650 399 2706 opera
426 2652 536 2688 sua
568 2649 583 2687 :
621 2649 805 2703 quare
848 2632 992 2688 tales
1022 2633 1226 2689 volunt
1258 2639 1616 2709 magistros,
1651 2636 1750 2707 qui
1778 2654 1898 2690 ser-

229 2725 386 2779 viant
414 2723 687 2777 moribus
719 2738 942 2777 eorum.
976 2724 1250 2777 Pruriunt
1270 2727 1439 2781 enim
1467 2742 1643 2781 aures
1674 2741 1899 2792 eorum,

237 2818 305 2865 ut
333 2811 569 2865 audiant
615 2809 844 2864 fabulas
884 2811 1203 2866 vanitatum
1248 2815 1620 2887 compositas
1652 2815 1761 2868 sub
1796 2830 1900 2867 no-

242 2899 400 2954 mine
427 2899 949 2970 doctrinae,quibus
973 2900 1350 2957 delectentur.
1369 2905 1540 2969 Quod
1570 2902 1746 2957 nullis
1780 2907 1899 2957 tam

244 2989 545 3061 proprium
577 2993 686 3057 est,
708 3005 885 3059 quam
917 2988 1389 3062 Manichzeis,qui
1424 2994 1621 3047 nescio
1644 3010 1770 3063 quae
1798 2992 1901 3047 ha-

241 3078 386 3132 bent
414 3077 641 3132 diversa
671 3083 1005 3134 commenta
1047 3079 1264 3134 inflatis
1297 3082 1641 3137 nominibus
1673 3098 1899 3136 nuncu-

237 3172 400 3238 pata,
425 3182 557 3220 cum
583 3166 701 3221 sint
733 3183 824 3221 res
852 3167 1085 3233 frivolis,
1109 3174 1165 3223 et
1186 3170 1457 3240 quaadam
1491 3171 1894 3226 deliramenta.

2031 585 2273 653 praemia
2314 583 2698 655 diligentibus
2731 602 2811 649 se,
2844 589 2901 639 et
2949 588 3434 658 exspectantibus
3487 591 3697 649 Filium

2030 673 2159 742 ejus
2191 675 2259 727 de
2291 674 2477 728 coelis.

2103 786 2129 811 «
2163 764 2465 819 Sollicitus
2497 768 2619 817 esto
2640 766 2834 821 venire
2858 767 2927 820 ad
2955 782 3052 821 me
3079 785 3256 839 quam
3292 768 3569 839 primum.
3596 774 3695 826 De-

2030 867 2157 906 mas
2190 852 2346 907 enim
2384 868 2479 907 me
2510 852 2839 924 dereliquit,
2876 855 3130 927 diligens
3163 858 3269 911 hoc
3303 858 3604 928 saeculum,
3637 866 3693 915 et

2027 940 2171 995 abiit
2190 941 2700 1010 Thessalonicam,
2723 944 2999 1000 Crescens
3021 945 3079 1000 in
3111 946 3603 1016 Galatiam,Titus
3631 948 3691 1004 in

2029 1030 2401 1085 Dalmatiam.
2432 1032 2619 1085 Lucas
2642 1038 2729 1085 est
2754 1050 2981 1088 mecum
3011 1035 3195 1089 solus.
3224 1036 3483 1090 Marcum
3516 1055 3689 1092 assu-

2027 1136 2139 1183 me,
2166 1125 2221 1175 et
2251 1121 2449 1175 adhuc
2485 1124 2717 1175 tecum:
2748 1126 2837 1176 est
2868 1123 3026 1177 enim
3053 1123 3194 1178 mihi
3230 1124 3388 1179 utilis
3421 1125 3478 1178 in
3515 1127 3690 1181 mini-

2024 1209 2223 1263 sterio.
2274 1210 2606 1280 Tychicum
2667 1216 2863 1265 autem
2923 1211 3060 1267 misi
3121 1214 3438 1284 Ephesum.
3485 1238 3511 1262 »
3543 1216 3688 1271 Cum

2022 1302 2249 1352 constet
2283 1314 2528 1353 omnem
2563 1299 3007 1355 instructionem
3036 1302 3190 1371 juris
3223 1303 3597 1359 ecclesiastici
3628 1304 3689 1359 in

2021 1386 2270 1455 epistola
2300 1388 2615 1452 contineri,
2652 1393 2887 1459 propter
2927 1390 3171 1443 multam
3206 1395 3399 1445 tamen
3434 1392 3688 1450 charita-

2020 1478 2139 1527 tem
2178 1475 2554 1544 praesentiam
2601 1478 2727 1546 ejus
2777 1478 3090 1533 desiderat:
3128 1480 3319 1533 Marco
3369 1486 3561 1536 autem
3597 1482 3687 1537 id-

2020 1562 2172 1616 circo
2203 1562 2618 1618 testimonium
2660 1566 2944 1635 perhibet,
2982 1567 3122 1637 quia
3173 1584 3397 1623 memor
3425 1575 3512 1625 est
3544 1589 3685 1642 pra:-

2017 1651 2325 1705 teritorum
2354 1654 2490 1722 ejus
2520 1652 2809 1707 laborum.

2092 1762 2118 1788 ‹‹
2154 1740 2466 1807 Penulam,
2505 1758 2683 1812 quam
2718 1742 2925 1813 reliqui
2957 1745 3183 1799 Troade
3216 1747 3369 1817 apud
3405 1747 3686 1819 Carpum,

2016 1828 2257 1883 veniens
2280 1830 2447 1894 affer,
2464 1831 3007 1897 etlibros,maxime
3026 1839 3221 1888 autem
3246 1838 3683 1893 membranas.»

2014 1918 2331 1987 Apostolus
2354 1926 2571 1974 natura
2592 1921 2831 1976 Judzeus
2858 1923 2986 1988 fuit,
3013 1928 3067 1977 et
3100 1940 3205 1978 nec
3228 1924 3548 1996 quidquam
3582 1926 3684 1981 ha-

2014 2006 2144 2060 buit
2174 2006 2455 2063 alienum.
2482 2009 2647 2065 Unde
2678 2027 2813 2081 ergo
2847 2011 2929 2065 illi
2962 2012 3218 2083 penula?
3247 2014 3354 2068 Sed
3388 2015 3520 2084 quia
3552 2022 3679 2071 erat

2014 2111 2047 2148 a
2077 2096 2275 2162 Tarso,
2312 2113 2463 2168 quos
2512 2103 2745 2154 constat
2780 2101 2832 2154 in
2885 2102 3221 2156 societatem
3276 2102 3675 2157 Romanorum

2014 2191 2297 2255 receptos,
2320 2190 2383 2239 ut
2415 2187 2486 2241 de
2517 2193 2725 2243 caetero
2757 2188 2907 2245 cives
2934 2190 3367 2261 appellarentur
3396 2191 3672 2261 Romani,

2012 2273 2229 2327 idcirco
2261 2280 2525 2343 necesse;
2548 2282 2639 2331 est
2681 2294 2778 2331 eos
2810 2282 2866 2333 et
2905 2280 3126 2334 curiam
3178 2279 3411 2345 habere,
3443 2279 3499 2333 in
3551 2298 3672 2351 qua

2014 2379 2175 2417 more
2208 2363 2612 2421 Romanorum
2643 2366 2899 2437 penulati
2933 2368 3297 2423 conveniant.
3325 2369 3671 2441 Quicunque

2012 2450 2164 2505 enim
2200 2451 2297 2505 illo
2325 2455 2593 2524 tempore
2617 2472 2749 2510 cum
2786 2457 3130 2513 muneribus
3154 2458 3381 2511 obviam
3413 2458 3674 2514 exissent

2014 2540 2313 2607 Romanis,
2356 2542 2735 2599 immunitate
2780 2550 3055 2617 perpetua
3105 2547 3502 2611 donati,cives
3554 2548 3667 2602 Ro-

2013 2630 2195 2695 mani,
2218 2635 2273 2683 et
2302 2630 2513 2686 fratres
2534 2650 2737 2688 eorum
2762 2636 3271 2706 nuncupabantur,
3297 2640 3441 2690 teste
3463 2636 3665 2691 eodem

2010 2718 2306 2790 Apostolo.
2343 2719 2540 2775 Potest
2589 2739 2725 2793 ergo
2758 2724 2900 2790 fieri,
2932 2728 2995 2777 ut
3043 2724 3090 2777 si
3143 2741 3257 2778 non
3304 2742 3494 2792 suam,
3529 2724 3668 2795 quia

2012 2812 2197 2861 totum
2234 2824 2295 2861 se
2328 2808 2439 2879 legi
2472 2811 2735 2878 dederat,
2761 2814 2943 2883 patris
2975 2813 3066 2867 sui
3098 2812 3339 2869 haberet
3364 2812 3661 2885 penulam.

2089 2918 2114 2948 α
2145 2896 2467 2951 Alexander
2496 2901 2743 2955 aerarius
2782 2902 2967 2955 multa
3012 2902 3163 2955 mala
3210 2903 3352 2957 mihi
3386 2903 3660 2957 ostendit.

2014 2987 2236 3041 Reddat
2276 2987 2457 3055 (1328)
2490 2986 2573 3041 illi
2624 2990 2905 3043 Dominus
2938 2990 3261 3044 secundum
3295 3007 3471 3063 Opera
3503 3006 3612 3043 sua
3646 3007 3659 3045 :

2013 3093 2187 3148 quem
2219 3081 2273 3130 ct
2304 3084 2365 3129 tu
2400 3076 2807 3133 devita.Va1de
2830 3078 2984 3133 enim
3010 3078 3223 3132 restitit
3242 3080 3433 3134 verbis
3454 3078 3657 3134 meis.»

2010 3163 2334 3219 Alexander
2367 3166 2495 3232 iste,
2532 3170 2587 3218 et
2622 3166 2833 3221 Demas
2873 3167 3245 3237 supradictus
3278 3167 3511 3237 collegae
3543 3166 3661 3223 fue-

322 3276 348 3306 α
371 3255 457 3308 Tu
492 3271 618 3309 vero
652 3256 885 3311 sobrius
916 3231 1143 3323 esto,_in
1167 3231 1443 3313 omnibus
1476 3260 1722 3331 patiens,
1749 3277 1895 3330 opus
1930 3231 1972 3297 (ἶ
2012 3260 2165 3308 runt.
2204 3253 2268 3307 Hi
2304 3231 2631 3324 priuscum
2683 3231 2963 3325 Apostolo
2989 3260 3153 3309 erant
3194 3256 3539 3311 simulantes
3574 3256 3657 3311 illi

236 3346 330 3398 fac
353 3343 741 3414 evangelista},
768 3345 1160 3400 ministerium
1194 3353 1359 3401 tuum
1384 3348 1569 3419 exple.
1598 3350 1716 3420 Ego
1737 3350 1894 3404 enim

226 3434 358 3503 jam
392 3432 637 3501 delibor,
661 3438 718 3488 et
749 3439 981 3504 tempus
1004 3434 1314 3490 solutionis
1348 3453 1490 3491 meae
1518 3438 1750 3492 instat.»
1779 3439 1894 3493 Ad-

234 3525 438 3575 monet
470 3525 526 3575 et
560 3522 843 3591 hortatur,
870 3527 932 3577 ut
954 3523 1173 3595 vigilet,
1198 3524 1256 3578 in
1286 3524 1599 3596 disciplina
1622 3526 1895 3583 ecclesia-

232 3609 385 3664 stica
413 3608 655 3665 viriliter
684 3616 841 3682 agat,
863 3611 1194 3682 Scripturas
1225 3613 1514 3684 explanat,
1542 3621 1605 3670 ut
1639 3618 1893 3687 pruden-

233 3702 345 3768 tes,
372 3702 429 3752 et
454 3698 665 3753 eruditi
687 3699 894 3755 inanes
924 3700 1151 3756 fabulas
1174 3701 1372 3757 vitent.
1400 3703 1712 3774 Apostolus
1734 3706 1890 3761 enim

231 3787 429 3841 sciens
462 3788 793 3857 passionem
841 3805 1009 3844 suam
1057 3789 1382 3855 imminere,
1416 3793 1749 3863 exemplum
1786 3796 1893 3865 piae

232 3875 715 3943 conversationis,
739 3882 796 3932 et
847 3894 1002 3931 sanie
1035 3879 1313 3933 doctrinae
1346 3879 1405 3932 in
1437 3886 1641 3936 sancto
1692 3882 1887 3937 Timo-

233 3964 370 4019 theo
414 3964 537 4018 vult
584 3965 933 4036 relinquere,
968 3972 1033 4020 ut
1080 3984 1183 4038 per
1228 3970 1531 4023 traducem
1587 3988 1887 4042 nunquam

233 4054 511 4108 deessent
540 4054 804 4110 doctores
836 4054 1049 4109 idonei.
1085 4057 1301 4111 Tamen
1353 4056 1686 4128 passionem
1719 4077 1886 4115 suam

231 4140 651 4197 delibationem
676 4142 950 4213 appellat,
968 4144 1079 4199 Deo
1104 4145 1259 4200 enim
1283 4144 1644 4213 immolatur,
1662 4148 1760 4218 qui
1787 4166 1890 4219 pro

222 4229 467 4300 justitia
492 4231 620 4299 ejus
652 4231 891 4302 patitur.

302 4342 329 4367 ‹‹
359 4318 662 4375 Certamen
686 4326 906 4375 bonum
931 4322 1164 4389 certavi,
1190 4339 1429 4378 cursum
1454 4329 1878 4401 consummavi,

229 4407 410 4461 fidem
434 4408 654 4463 servavi
684 4426 695 4462 :
723 4410 875 4479 quod
904 4408 1194 4480 reliquum
1221 4418 1327 4481 est,
1353 4415 1610 4485 reposita
1632 4423 1721 4472 est
1744 4408 1892 4476 mihi

226 4512 452 4550 corona
475 4495 740 4567 justitiee,
766 4514 939 4568 quam
976 4497 1178 4554 reddet
1211 4500 1352 4556 mihi
1388 4506 1670 4561 Dominus
1702 4508 1756 4561 in
1792 4510 1889 4565 illa

2007 3342 2357 3408 amicitiam;
2405 3347 2461 3397 et
2504 3342 2642 3413 quia
2673 3343 2907 3398 fallaces
2941 3348 3201 3413 tempore
3236 3345 3654 3414 probabantur,

2006 3432 2178 3487 ambo
2210 3431 2279 3485 ab
2326 3446 2391 3484 eu
2440 3437 2826 3488 recesserunt.
2862 3432 2962 3486 Hic
3010 3436 3205 3485 autem
3258 3433 3518 3504 aerarius,
3551 3434 3649 3503 qui

2007 3519 2282 3576 audacior
2334 3525 2457 3574 erat
2506 3519 2561 3573 in
2596 3520 2789 3587 malis,
2832 3522 3121 3590 sic(1329)
3155 3521 3227 3574 ab
3277 3538 3343 3575 eo
3388 3522 3647 3588 recessit,

2005 3614 2070 3664 ut
2126 3615 2181 3664 et
2238 3609 2627 3664 contradictor
2680 3610 2987 3665 verborum
3046 3611 3173 3679 ejus
3225 3612 3514 3667 existeret.
3541 3612 3650 3676 Qui

2003 3715 2138 3771 ergo
2164 3698 2438 3769 Apostolo
2470 3715 2650 3753 ausus
2682 3704 2803 3754 erat
2845 3699 3258 3765 contradicere,
3294 3716 3408 3754 non
3440 3699 3645 3754 imme-

2003 3790 2112 3843 rito
2144 3788 2479 3843 evitandum
2530 3788 2685 3842 hunc
2720 3790 3014 3853 admonet,
3048 3787 3149 3843 Dei
3190 3788 3415 3859 judicio
3466 3788 3645 3844 istum

2002 3879 2325 3933 dimittens.

2082 3986 2101 4014 ι
2139 3967 2198 4019 In
2241 3966 2428 4035 prima
2471 3980 2600 4018 mea
2647 3964 2981 4019 defensione
3013 3981 3182 4019 nemo
3233 3964 3375 4017 mihi
3421 3965 3641 4031 adfuit;

2002 4055 2101 4110 sed
2133 4070 2337 4109 omnes
2368 4069 2459 4107 me
2481 4051 2935 4121 dcreliquerunt.
2970 4052 3091 4106 Non
3116 4051 3232 4105 illis
3265 4054 3640 4123 imputetur.»

1999 4148 2364 4211 Pressuram,
2385 4147 2439 4195 et
2460 4139 2862 4194 tribulationes
2887 4139 2996 4193 sibi
3021 4138 3229 4205 illatas,
3245 4140 3642 4196 defensionem

2001 4249 2169 4289 suam
2204 4235 2524 4301 nuncupat.
2554 4228 2751 4284 Passio
2774 4228 2929 4283 enim
2953 4228 3299 4283 Christianis
3320 4230 3438 4284 vita
3459 4234 3565 4299 est,
3588 4234 3645 4283 et

2002 4320 2325 4393 persecuito
2348 4318 2627 4374 defensio.
2651 4319 2931 4373 Pressura
2960 4317 3113 4372 enim
3148 4318 3309 4372 illata
3344 4335 3443 4389 pro
3466 4318 3643 4389 justi-

2000 4412 2079 4466 tia
2112 4410 2381 4465 defendet
2414 4408 2575 4461 illum
2626 4408 2683 4461 in
2734 4407 2828 4461 die
2852 4405 3081 4475 judicii,
3114 4423 3242 4460 reos
3280 4406 3641 4461 constituens

1994 4480 2267 4570 perﬁdos.
2291 4498 2445 4553 Inter
2462 4497 2589 4569 ipsa
2606 4514 2740 4568 ergo
2760 4496 2925 4550 initia
2948 4494 3119 4549 illatae
3140 4511 3421 4566 pressurae
3441 4496 3639 4552 dereli-

227 4584 764 4655 diejustusjudex.
792 4586 916 4643 Non
939 4586 1129 4643 solum
1153 4594 1347 4646 autem
1372 4591 1537 4657 mihi,
1567 4597 1665 4651 sed
1690 4601 1746 4651 et
1766 4598 1880 4667 his,
1915 4597 1959 4660 D
1992 4594 2147 4643 ctum
2175 4604 2235 4642 se
2251 4584 2881 4659 conqueritur;etquia
2897 4583 3170 4638 scithanc
3187 4600 3315 4638 esse
3332 4589 3639 4639 consuetu—

227 4673 335 4744 qui
372 4672 627 4744 diligunt
656 4675 969 4729 adventum
1002 4676 1148 4747 ejus.
1177 4700 1204 4727 »
1237 4680 1466 4752 Omnia,
1502 4699 1631 4754 quae
1662 4686 1795 4756 sibi,
1828 4694 1885 4743 et

228 4761 463 4817 caeteris
493 4762 677 4834 utilia,
707 4770 763 4818 et
809 4781 1086 4836 prospera
1129 4775 1344 4839 essent,
1377 4787 1639 4829 servasse
1670 4794 1730 4831 se
1763 4795 1881 4833 me-

228 4856 447 4905 morat.
493 4851 614 4906 Non
665 4851 855 4907 solum
888 4854 1044 4908 enim
1076 4857 1288 4923 verbis,
1314 4864 1402 4913 set
1430 4866 1486 4915 et
1517 4862 1575 4917 in
1607 4866 1881 4935 operibus

226 4942 484 4995 formam
515 4957 577 4995 se
608 4942 853 5012 praebuit
899 4943 1295 5011 audientibus,
1321 4954 1385 5002 ut
1415 4955 1471 5003 et
1520 4956 1737 5009 auctori
1774 4973 1878 5011 suo

225 5028 475 5083 veritate
502 5030 930 5101 praedicationis
962 5032 1149 5087 fidelis
1182 5035 1556 5107 dispensator
1586 5042 1877 5111 existeret,

223 5120 284 5171 et
314 5120 521 5172 contra
551 5119 753 5172 mundi
776 5120 1092 5193 principes,
1118 5127 1173 5177 et
1198 5130 1513 5194 potestates
1537 5132 1693 5184 omni
1728 5133 1880 5187 solli-

222 5205 581 5274 citudine,et
602 5207 808 5279 peritia
828 5208 1193 5281 colluctatus,
1215 5216 1568 5287 exemplum,
1586 5222 1877 5290 quomodo

224 5295 623 5365 vincerentur,
656 5296 1039 5367 relinqueret;
1074 5305 1130 5353 et
1178 5305 1243 5356 ut
1290 5302 1563 5360 inviolata
1590 5308 1875 5379 doctrina,

228 5389 286 5439 et
318 5384 524 5454 agonia
555 5384 881 5457 legitimum
922 5392 1215 5444 certamen
1248 5391 1454 5463 dignos
1499 5394 1632 5450 illos
1667 5398 1879 5455 faceret

303 5508 773 5590 (‘1327)_Verbum
818 5514 1147 5590 importune,
1180 5518 1332 5584 quod
1362 5517 1418 5572 in
1449 5521 1575 5574 cod.
1599 5523 1780 5590 deest,
1810 5542 1876 5580 ex

229 5578 772 5667 Vul‘g‘xnet'caiateris
802 5578 1185 5667 restituimus.

300 5654 316 5721 (
330 5652 493 5723 1328)
525 5652 684 5725 Vulg.
718 5653 920 5708 reddet.

1994 4678 2215 4742 dinem,
2242 4693 2355 4731 non
2382 4674 2498 4730 illis
2533 4674 2652 4729 vult
2674 4672 2973 4743 imputari,
3005 4672 3143 4743 quia
3171 4678 3227 4727 et
3258 4673 3571 4728 Dominum
3605 4690 3639 4728 a

1992 4766 2213 4821 Judreis
2241 4764 2671 4837 apprehensum
2695 4760 2965 4834 discipuli
2992 4760 3354 4832 reliquerunt
3382 4778 3394 4816 :
3419 4763 3635 4833 quippe

1993 4872 2125 4909 cum
2159 4854 2446 4924 scriptum
2480 4852 2556 4905 sit
2588 4851 2645 4904 in
2678 4851 2996 4922 propheta:
3028 4873 3055 4899 ‹‹
3082 4851 3407 4905 Percutiam
3442 4856 3632 4921 pasto-

1992 4959 2146 5007 rem;
2182 4949 2239 4997 et
2270 4942 2679 5011 dispergentur
2708 4956 2840 4995 oves
2872 4939 3065 5011 gregis
3096 4940 3278 5011 (Zach.
3303 4957 3425 5009 xm,
3459 4941 3535 5011 7).
3568 4962 3594 4987 ››

2063 5054 2090 5079 ‹‹
2121 5032 2401 5086 Dominus
2434 5034 2627 5084 autem
2657 5028 2844 5083 astitit
2877 5029 3039 5096 mihi,
3064 5034 3119 5083 et
3141 5029 3481 5084 confortavit
3514 5043 3629 5093 me,

1991 5124 2053 5173 ut
2084 5137 2184 5191 per
2217 5136 2307 5173 me
2352 5118 2682 5190 praedicatio
2726 5118 3087 5188 impleretur,
3121 5124 3177 5172 et
3208 5117 3473 5171 audirent
3505 5132 3627 5169 om-

1989 5225 2093 5264 nes
2124 5214 2397 5281 gentes.»
2426 5207 2664 5278 Propter
2695 5209 2848 5278 quod
2881 5207 3109 5261 Domini
3151 5205 3361 5261 Christi
3394 5203 3628 5260 auxiliis

1989 5300 2283 5352 munitum
2309 5313 2369 5352 se
2395 5296 2555 5367 dicit,
2571 5301 2628 5351 et
2657 5303 2891 5351 auctum
2924 5296 3152 5359 virtute,
3182 5299 3242 5347 ut
3272 5291 3629 5364 praedicatio-

1989 5403 2123 5442 nem
2156 5385 2423 5458 impleret
2455 5386 2512 5439 in
2537 5386 2810 5441 omnibus
2832 5385 3133 5455 gentibus;
3167 5381 3379 5437 idcirco
3403 5382 3624 5456 ignosci

2056 5531 2239 5599 (1329)
2271 5530 2478 5594 Verba,
2511 5531 2664 5584 hic...
2697 5531 2793 5589 sic,
2827 5528 3051 5595 adjecta
3094 5526 3249 5581 t‘uere
3279 5543 3346 5581 ex
3378 5527 3622 5600 impres-

1986 5599 2067 5656 sis
2098 5602 2225 5657 cod.
