4020 6178
380 332 498 395 699

1395 342 1729 404 ATTONIS
1773 337 2353 405 VERCELLENSIS
2400 335 2749 399 EPISCOPI

3663 329 3792 390 700

385 467 532 539 petit
559 467 663 535 eis,
696 485 729 524 a
760 468 975 541 quibus
1004 470 1317 529 derelictus
1356 479 1447 530 est
1476 475 1535 530 in
1570 475 1935 541 necessitate,
1969 477 2034 528 ut
2063 473 2119 540 Α
2148 472 2409 527 domum.
2461 471 2702 526 Erastus
2744 464 3027 523 remansit
3072 462 3359 520 Corinthi.
3403 460 3793 535 Tr0phimum

387 556 533 611 bene
573 562 847 629 acceptus
878 576 911 614 a
939 559 1076 629 Deo,
1108 560 1425 617 vindictam
1475 580 1589 619 non
1639 568 1880 635 quaerat.
1916 563 2031 617 Hac

386 646 540 701 enim
575 663 755 702 causa
781 648 1034 720 amplius
1065 651 1333 719 adjutum
1367 670 1427 709 se
1457 654 1641 707 credit
1673 670 1705 707 a
1733 654 1870 721 Deo,
1895 651 2033 723 quia

388 734 699 791 derelictus
728 742 817 791 est
848 738 919 792 ab
959 738 1318 795 hominibus.

461 846 489 873 «
524 825 592 879 Et
620 824 903 882 liberatus
935 844 1064 882 sum
1117 830 1188 884 de
1237 846 1334 885 ore
1385 830 1588 886 leonis.
1625 830 1911 886 Liberavit
1941 847 2033 885 me

390 913 673 969 Dominus
704 916 776 969 ab
808 917 965 971 omni
1006 933 1177 988 opere
1222 918 1394 989 malo,
1429 924 1485 975 et
1514 920 1741 975 salvum
1773 920 1945 975 faciet
1974 919 2033 973 in

392 1018 569 1075 regno
601 1020 707 1058 suo
739 1004 974 1060 caelesti.
1008 1006 1110 1061 Cui
1145 1006 1324 1079 gloria
1356 1009 1411 1062 in
1444 1014 1743 1064 internum.
1773 1016 1978 1064 Amen.
2006 1030 2033 1057 »

393 1092 673 1147 Similiter
730 1094 872 1148 dicit
926 1100 983 1149 et
1030 1099 1234 1151 Petrus
1284 1097 1652 1168 coapostolus
1699 1098 1846 1167 ejus,
1900 1097 2037 1167 quia

392 1181 759 1237 adversarius
791 1188 988 1238 noster
1021 1184 1288 1240 diabolus
1318 1186 1546 1253 circuit,
1579 1186 1851 1254 fremens,
1886 1186 2038 1241 sicut

391 1269 501 1336 leo,
534 1287 799 1341 quaerens
831 1288 1005 1343 quem
1051 1274 1282 1328 devoret
1313 1276 1363 1345 (I
1391 1276 1537 1330 Petr.
1569 1292 1624 1345 v,
1658 1276 1730 1346 8).
1760 1276 1866 1330 Sed
1900 1274 2038 1345 quia

392 1358 451 1413 in
479 1359 756 1430 Apostolo
788 1361 1152 1417 occasionem
1186 1379 1300 1417 non
1333 1364 1684 1429 inveniebat,
1721 1381 1838 1434 qua
1867 1362 2035 1418 illum

395 1447 708 1518 deciperet,
740 1465 841 1517 per
872 1446 1022 1503 ﬁlios
1054 1466 1194 1504 suos
1233 1467 1566 1521 pressuram
1610 1452 1693 1506 illi
1729 1452 2034 1518 excitabat,

394 1541 451 1593 et
482 1553 703 1607 pcenas,
731 1543 796 1590 ut
826 1538 875 1591 si
910 1554 1024 1591 non
1075 1539 1242 1608 quasi
1276 1546 1562 1611 peccator,
1596 1540 1682 1597 vel
1732 1542 1901 1613 quasi
1944 1542 2036 1610 ju-

396 1630 545 1688 stus,
582 1625 652 1679 de
683 1625 791 1680 hac
822 1630 1015 1681 tamen
1047 1626 1346 1683 tolleretur
1374 1630 1512 1696 vita,
1546 1645 1617 1684 ne
1653 1628 1868 1684 multos
1900 1630 2040 1684 hor-

393 1716 617 1767 taretur
646 1714 716 1768 ad
768 1714 963 1770 fidem.
997 1715 1157 1778 Quod
1207 1733 1341 1772 cum
1391 1734 1569 1789 prope
1618 1718 1904 1788 impleret,
1940 1718 2038 1772 Dei

397 1801 760 1905 providentia
787 1801 1066 1905 liberatus
1094 1806 1430 1877 Apostolus,
1462 1806 1709 1862 insultat
1746 1806 1851 1872 illi,
1882 1807 2041 1861 inﬁr—
2071 1840 2117 1905 Β

397 1907 559 1946 mum
608 1890 773 1946 illum
822 1892 1164 1961 testificans,
1200 1896 1334 1966 quia
1363 1896 1435 1951 de
1466 1913 1564 1951 ore
1620 1896 1748 1967 ejus
1805 1900 2040 1967 ereptus

396 1983 514 2046 est;
548 1979 685 2051 quia
713 1980 869 2051 quod
912 1982 1128 2052 cupivit
1155 1982 1417 2055 implere,
1452 2001 1566 2039 non
1618 1985 1824 2057 potuit.
1858 1984 2040 2055 Igitur

395 2068 496 2124 Dei
553 2067 785 2124 auxiliis
845 2071 1016 2126 morti
1065 2087 1127 2127 se
1178 2077 1441 2143 ereptum
1499 2072 1847 2145 gratulatur,
1881 2077 1938 2128 et
1968 2074 2039 2128 de

394 2157 754 2228 providentia
782 2159 1013 2214 Domini
1044 2166 1164 2215 tam
1207 2178 1448 2217 securus
1477 2167 1584 2228 est,
1621 2166 1686 2217 ut
1732 2167 1791 2216 et
1842 2163 1913 2217 de
1946 2162 2040 2216 fu—

395 2245 547 2300 turis
578 2246 998 2303 tentationibus
1032 2248 1261 2304 liberari
1285 2266 1347 2305 se
1372 2250 1589 2317 credat,
1614 2255 1673 2305 et
1702 2268 1816 2306 non
1852 2250 2041 2305 solum

400 2331 633 2389 liberari
663 2335 732 2389 ad
767 2352 1045 2406 praesens,
1077 2354 1277 2392 verum
1325 2338 1500 2393 etiam
1532 2337 1758 2395 salvum
1791 2356 1852 2393 se
1883 2340 2044 2393 futu-

402 2438 532 2476 rum
563 2422 623 2477 in
655 2424 747 2478 die
786 2424 1018 2495 judicii,
1058 2432 1116 2481 et
1169 2431 1549 2497 regnaturum
1608 2444 1739 2483 cum
1804 2427 2044 2483 Domino

405 2511 633 2568 Christo
665 2513 722 2566 in
755 2517 969 2569 aeterna
998 2514 1228 2570 saecula.

485 2620 506 2649 α
541 2601 743 2656 Saluta
789 2602 1130 2668 Priscillam,
1175 2609 1231 2659 et
1270 2604 1566 2676 Aquilam,
1599 2611 1655 2661 et
1701 2603 2048 2676 Onesiphori

479 2760 661 2833 (1330)
689 2766 759 2818 In
786 2764 968 2834 prima
997 2763 1211 2836 legitur
1239 2764 1296 2820 in
1328 2766 1457 2820 cod.

2143 566 2335 616 autem
2371 558 2578 631 reliqui
2609 558 2908 625 infirmum
2942 554 3144 610 Mileti.
3173 552 3470 609 Sollicitus
3501 556 3627 607 esto
3661 556 3793 606 ante

2142 650 2397 707 hiemem
2429 647 2641 703 venire.
2677 670 2699 695 υ
2723 645 2955 717 Aquila,
2978 649 3036 717 et
3067 641 3332 698 Priscilla
3360 641 3421 696 hi
3454 646 3615 705 sunt,
3639 641 3795 712 apud

2143 750 2292 811 quos
2321 738 2651 809 hospitatus
2682 735 3030 808 operabatur
3072 731 3365 787 manibus.
3394 730 3795 802 Onesiphorus

2144 832 2339 883 autem
2371 827 2465 881 hic
2494 830 2603 892 est,
2635 825 2726 880 cui
2756 825 2927 879 testis
2952 826 3041 878 est
3067 822 3127 877 in
3158 822 3344 890 (1330)
3376 820 3636 876 secunda
3664 819 3795 892 Epi-

2146 916 2313 972 stola.
2342 915 2488 979 Quid
2538 919 2627 969 est
2675 919 2894 976 tamen,
2928 917 2993 967 ut
3043 914 3327 983 prasente
3355 909 3659 981 Apostolo,
3694 908 3794 980 qui

2146 1010 2406 1061 mortuos
2436 1004 2743 1069 excitabat,
2778 1001 3133 1073 Trophimus
3184 999 3633 1054 inﬁrmaretur?
3682 997 3793 1051 Sed

2145 1094 2317 1166 signa
2345 1097 2581 1165 propter
2610 1091 2943 1148 incredulos
2974 1090 3122 1145 facta
3149 1091 3308 1144 sunt.
3338 1089 3405 1143 Et
3435 1087 3577 1159 quia
3608 1104 3677 1143 ex
3711 1086 3797 1139 di-

2146 1184 2329 1238 versis
2370 1182 2565 1237 causis
2610 1181 2886 1236 meritum
2918 1178 3238 1234 collocatur
3285 1178 3438 1249 apud
3490 1180 3703 1240 Deum,
3740 1178 3799 1228 ut

2146 1276 2264 1328 sive
2297 1271 2395 1345 qui
2427 1272 2486 1325 in
2518 1269 2917 1335 tribulatione,
2942 1267 3060 1323 sive
3090 1266 3189 1338 qui
3220 1266 3279 1320 in
3312 1264 3661 1337 aegritudine
3685 1263 3800 1318 Deo

2147 1362 2366 1435 gratias
2394 1361 2533 1431 agit,
2558 1377 2662 1415 nec
2694 1359 2765 1414 ab
2799 1359 3042 1413 adversa
3071 1361 3233 1427 parte
3267 1354 3617 1425 suffragium
3650 1370 3804 1424 qua.

2149 1452 2245 1517 rit,
2271 1455 2333 1505 ut
2364 1449 2627 1521 proficiat
2650 1447 2875 1503 meritis
2905 1447 3058 1518 apud
3088 1446 3292 1500 Deum.
3319 1444 3555 1514 Propter
3578 1442 3803 1496 imbres

2149 1545 2367 1607 autem,
2400 1544 2457 1594 et
2499 1537 2715 1610 frigora
2762 1535 3145 1602 commonuit,
3179 1538 3245 1588 ut
3285 1538 3569 1588 autumno
3618 1532 3691 1585 ad
3745 1548 3803 1586 se

2147 1628 2386 1684 veniret.

2222 1717 2509 1774 «Salutat
2563 1721 2619 1771 te
2679 1713 2958 1781 Eubolus,
2992 1717 3051 1769 et
3110 1712 3362 1781 Pudens,
3393 1714 3450 1767 et
3502 1711 3712 1776 Linus,
3747 1712 3803 1763 et

2147 1807 2406 1873 Claudia,
2432 1810 2487 1861 et
2516 1820 2720 1861 omnes
2750 1805 2977 1859 fratres.
3007 1825 3027 1851 ιο
3065 1807 3217 1857 More
3247 1803 3523 1857 consueto
3553 1798 3800 1871 impleta

2150 1902 2240 1952 est
2270 1895 2528 1968 Epistola
2559 1892 2913 1950 salutatione
2942 1893 3212 1947 fratrum.

2219 2008 2247 2035 ‹‹
2275 1984 2554 2041 Dominus
2575 1984 2605 2038 J
2612 1999 2747 2039 esus
2769 1982 3036 2038 Christus
3059 1996 3193 2035 cum
3215 1978 3425 2051 spiritu
3447 1983 3571 2033 tuo.
3597 1977 3792 2032 νειὶθδ

2149 2074 2280 2128 Haec
2310 2069 2659 2142 subscriptio
2707 2068 2968 2141 Apostoli
3007 2073 3138 2125 est:
3176 2067 3333 2138 quod
3380 2067 3621 2138 signum
3673 2080 3800 2119 esse

2151 2162 2290 2217 dicit
2318 2160 2378 2214 in
2410 2159 2570 2215 omni
2620 2157 2897 2229 Epistola.
2922 2159 2991 2213 Et
3019 2157 3160 2228 quia
3200 2155 3380 2211 Filius
3411 2155 3510 2209 Dei
3542 2155 3702 2210 idem
3736 2154 3802 2207 fi-

2151 2251 2266 2306 lius
2298 2248 2554 2305 hominis
2602 2254 2712 2315 est,
2746 2252 2804 2303 et
2842 2248 3016 2303 Jesus
3065 2246 3295 2310 dicitur,
3327 2248 3384 2299 et
3413 2243 3707 2307 Christus,
3741 2246 3802 2297 nt

2155 2344 2212 2394 et
2241 2339 2414 2393 homo
2462 2336 2844 2409 significetur,
2872 2340 2929 2392 et
2972 2335 3146 2402 Deus,
3181 2334 3413 2389 duobus
3461 2331 3805 2388 nominibus

2159 2430 2555 2499 nuncupatur.
2590 2426 2846 2496 Utroque
2892 2428 3089 2480 tamen
3132 2423 3369 2479 nomine
3415 2421 3679 2494 dignitas
3708 2421 3805 2476 de-

2159 2518 2445 2589 signatur,
2475 2532 2592 2586 qua
2622 2515 2845 2569 ratione
2876 2517 3014 2569 sunt
3039 2513 3228 2585 posita
3258 2511 3517 2567 nomina.

2372 2606 2530 2659 Finis
2559 2604 2819 2675 Epistolas
2846 2602 3091 2659 secunda
3117 2601 3191 2657 ad
3227 2601 3589 2656 Timotheum.

1606 3108 2131 3171 CAPITULATIO
2174 3108 2277 3168 AD
2321 3108 2597 3168 TITUM.

480 3451 530 3506 1.
563 3452 757 3507 Titum
803 3454 1042 3509 instruit
1071 3456 1273 3527 quales
1308 3457 1517 3512 debeat
1559 3455 1861 3527 episcopos
1894 3454 2047 3511 ordi-
2082 3456 2124 3522 C
2163 3454 2465 3509 vivamus:
2493 3456 2550 3508 et
2573 3457 2639 3507 ut
2666 3468 2799 3508 cum
2832 3450 2990 3507 omni
3022 3451 3269 3523 imperio
3299 3454 3532 3523 arguat,
3555 3454 3806 3521 potesta-

411 3556 550 3594 nare
584 3556 596 3594 :
632 3545 689 3595 et
720 3545 784 3595 ut
811 3542 1116 3599 Cretenses
1145 3543 1406 3615 increpet
1434 3545 1599 3599 dure.

477 3628 532 3681 2.
567 3626 712 3690 Quia
734 3629 931 3685 omnia
954 3631 1173 3686 munda
1194 3632 1431 3687 mundis
1461 3650 1474 3687 :
1499 3637 1555 3687 et
1584 3636 1649 3686 ut
1670 3648 1859 3697 senes,
1882 3649 2051 3700 anus,

401 3716 671 3786 juvenes,
704 3717 1153 3775 adolescentulus
1182 3720 1507 3776 castitatem
1542 3725 1794 3791 servent,
1822 3724 1878 3775 et
1904 3721 2051 3776 servi

409 3803 666 3860 dominis
698 3806 1119 3877 obtemperent.

2164 3543 2322 3599 tibus
2353 3542 2621 3598 subditos
2653 3556 2781 3596 esse
2809 3557 2871 3596 se
2899 3545 2957 3596 et
2982 3541 3299 3596 modestos.

2235 3632 2286 3685 4.
2312 3630 2459 3693 Quia
2484 3646 2718 3685 eramus
2750 3633 2808 3685 et
2839 3646 2944 3685 nos
2966 3628 3281 3700 aliquando
3303 3627 3677 3700 insipientes.
3702 3626 3804 3681 Sed

2165 3717 2514 3791 benignitas,
2536 3722 2594 3772 et
2624 3717 2961 3774 humanitas
2989 3717 3107 3787 Dei,
3134 3734 3247 3772 non
3275 3734 3343 3772 ex
3364 3716 3644 3788 operibns
3676 3732 3805 3770 nos-

2163 3806 2493 3874 tris,salvos
2516 3823 2622 3862 nos
2645 3806 2780 3861 fecit
2803 3823 2815 3861 :
2841 3812 2899 3861 et
2926 3810 2988 3861 ut
3010 3805 3221 3861 stultas
3245 3805 3685 3878 quaestiones,“
3706 3804 3808 3859 haz—

479 3893 531 3948 3.
567 3893 711 3958 Quia
740 3896 1013 3967 apparuit
1042 3897 1230 3969 gratia
1272 3898 1369 3954 Dei
1400 3898 1675 3954 erudiens
1706 3914 1835 3966 nos,
1868 3901 1933 3953 ut
1962 3897 2056 3969 pie
2165 3897 2412 3952 reticum
2443 3895 2743 3951 hominem
2768 3899 2901 3966 post
2927 3911 3106 3949 unam
3137 3893 3555 3950 correctionem
3578 3893 3804 3949 devitet.

1602 4078 1876 4139 AHGUM
1887 4076 2160 4139 BNTUM
2204 4076 2306 4135 AD
2349 4076 2619 4136 TITUM.

481 4234 678 4289 Titum
710 4235 1157 4292 commonefacit
1186 4242 1244 4291 et
1273 4236 1512 4292 instruit
1542 4236 1611 4292 de
1640 4234 2056 4291 constitutione
2167 4234 2251 4289 cis
2282 4234 2663 4306 vitandis,qui
2696 4233 2755 4288 in
2779 4232 3085 4305 scripturis
3112 4232 3371 4289 Judaicis
3399 4232 3655 4288 credunt
3671 4231 3809 4287 scri-

410 4322 755 4394 presbyteri,
786 4327 843 4378 et
872 4324 943 4379 de
970 4324 1222 4396 spiritali
1253 4324 1711 4395 conversatione,
1742 4327 1799 4379 et
1829 4322 2054 4379 haereti-

2167 4324 2312 4379 hens
2341 4323 2393 4378 ei
2425 4323 2497 4379 ab
2530 4323 2673 4378 urbe
2705 4324 2908 4378 Roma.

1181 4638 1643 4735 INCIPIT
1710 4636 2322 4731 EPISTULA
2388 4637 2554 4730 AD
2624 4637 3033 4731 TITUM.

480 4985 639 5058 (CAP.
674 4986 744 5058 Ι.)
770 5008 798 5038 ‹‹
845 4986 1060 5043 Paulus
1107 5004 1310 5043 servus
1361 4986 1483 5043 Dei.
1510 5008 1539 5037 »
1572 4986 1720 5054 Quid
1771 4990 1859 5043 est
1905 4988 2061 5060 quod
2090 4990 2137 5056 D
2169 4988 2310 5044 dum
2342 4991 2660 5061 utrumque
2690 5006 2724 5044 a
2747 4986 2977 5044 Christo
3008 4987 3231 5044 dictum
3262 4992 3370 5059 est,
3396 4990 3693 5060 quomodo
3728 4989 3811 5045 in-

410 5074 674 5132 Salvator
731 5079 929 5132 noster
984 5093 1049 5132 ac
1106 5076 1392 5132 Dominus
1449 5076 1731 5148 apostolis
1788 5076 2057 5133 dixerit:

410 5189 437 5216 «
466 5166 598 5221 Jam
633 5182 748 5221 non
780 5166 969 5221 dicam
1004 5182 1105 5222 vos
1134 5181 1353 5231 servos,
1376 5165 1476 5220 sed
1509 5166 1730 5221 amicos
1762 5165 1937 5237 (Joan.
1962 5183 2054 5233 xv,

410 5256 499 5325 15)
527 5272 539 5310 :
563 5274 588 5307 π
616 5259 674 5311 ct
701 5255 967 5327 ejusdem
1000 5255 1268 5328 magistri
1299 5254 1646 5325 discipulus,
1671 5254 1789 5311 imo
1818 5257 2057 5326 Aposto-

409 5341 526 5409 lus,
557 5344 615 5398 in
648 5361 761 5416 quo
792 5344 1058 5400 Christus
1090 5344 1457 5416 loquebatur,
1489 5344 1812 5399 nominavit
1841 5360 1902 5399 se
1931 5361 2052 5399 ser-

409 5431 591 5485 vum?
638 5433 749 5487 Sed
780 5438 837 5488 et
868 5434 1021 5489 idem
1054 5433 1336 5489 Dominus
1367 5431 1480 5487 alio
1523 5431 1647 5487 loco
1694 5432 1765 5487 ad
1814 5434 2051 5489 eosdem

410 5520 706 5589 apostolos
754 5522 898 5577 dixit
928 5539 941 5578 :
968 5544 995 5573 «
1030 5522 1209 5578 Dicite
1253 5538 1267 5578 :
1313 5521 1470 5577 Servi
1522 5520 1760 5576 inutiles
1808 5538 2048 5590 sumus;

412 5607 566 5688 quod
597 5607 908 5669 debuimus
938 5612 1144 5684 facere,
1170 5610 1415 5668 fecimus
1437 5611 1588 5679 (Luc.
1615 5626 1753 5681 xvn,
1788 5610 1894 5682 10).
1925 5633 1946 5661 ι
1983 5612 2053 5667 Et

2171 5076 2353 5151 telligi
2385 5078 2610 5146 debeat,
2634 5078 2876 5134 solerter
2904 5076 3251 5133 intuendum
3281 5077 3480 5133 est.Ex
3502 5077 3599 5135 his
3620 5078 3811 5135 Domi-

2168 5167 2227 5222 ni
2256 5167 2447 5223 verbis
2495 5171 2656 5239 patet
2686 5167 2801 5223 duo
2844 5183 2971 5223 esse
3018 5182 3232 5239 genera
3280 5167 3444 5222 bona
3494 5167 3809 5233 servitutis,

2168 5273 2351 5311 unum
2383 5256 2634 5321 timoris,
2669 5254 2827 5311 aliud
2861 5254 3221 5324 dilectionis;
3256 5272 3443 5311 unum
3475 5257 3809 5313 timentium

2164 5342 2649 5409 servorum,aliud
2671 5343 3123 5416 diligentium,et
3146 5343 3504 5416 placentium
3530 5344 3807 5400 ﬁliorum.

2163 5432 2353 5488 Timet
2381 5432 2537 5487 enim
2567 5432 2798 5500 ancilla,
2833 5449 2904 5488 ne
2936 5431 3287 5504 ﬂagellatur;
3319 5432 3488 5488 timet
3518 5438 3804 5499 matrona,

2162 5538 2235 5577 ne
2263 5521 2517 5577 offendat
2546 5522 2809 5577 animum
2834 5520 2943 5576 viri
2987 5521 3099 5578 sui.
3130 5522 3241 5577 Sed
3274 5521 3575 5577 servitutis
3606 5522 3799 5587 timor,

2161 5609 2260 5683 qui
2282 5610 2458 5667 habet
2476 5626 2728 5683 poenam,
2746 5610 2899 5667 foras
2921 5610 3101 5667 mittit
3120 5610 3434 5684 perfectam
3455 5609 3800 5668 charitatem
