4062 6186
166 341 265 406 701

758 336 1179 408 EXPOSITIO
1225 345 1303 408 IN
1350 344 1777 411 EPISTOLAS
1820 340 2092 445 PAULI.
2123 378 2204 393 -—-
2234 344 2309 405 IN
2358 340 2607 403 EPIST.
2656 341 2759 403 AD
2803 342 2961 403 TIT.

3469 348 3585 411 702

172 480 213 552 (ι
235 479 381 535 Ιοαη.
427 490 504 543 ιν,
549 473 656 544 18).
710 475 1011 532 Perfectus
1042 483 1241 537 autem
1271 482 1564 537 servitutis
1597 481 1800 539 timor.
1830 477 1884 543 Α
1916 476 2027 533 tim
2051 484 2109 536 et
2125 483 2468 535 caaterarum
2494 476 2806 546 artium,et
2825 479 3148 543 earum,de
3171 481 3387 551 quibus
3407 499 3586 556 supra

173 584 274 624 non
296 564 479 621 solum
511 580 623 618 non
654 560 831 617 habet
860 580 1118 635 poenam,
1145 572 1246 625 sed
1280 572 1351 625 ad
1384 571 1576 642 ipsum
1606 582 1805 641 perve-

174 658 317 715 nitur
339 670 440 726 per
459 651 737 721 lmtitiam,
755 651 1077 711 Psalmista
1096 657 1385 714 hortando
1407 663 1674 725 testante,
1697 652 1805 728 qui

174 747 247 803 ait
276 761 288 800 :
332 766 358 793 ‹‹
396 744 639 797 Lmtetur
669 756 765 796 cor
796 757 1021 811 meum,
1056 750 1121 801 ut
1152 746 1357 803 timeat
1387 764 1595 804 nomen
1628 752 1804 801 tuum

175 832 329 907 (Psal.
363 847 561 897 Lxxxv,
602 830 726 899 11);
761 850 789 877 υ
839 834 898 885 et
945 832 1161 889 iterum
1197 854 1209 891 :
1263 860 1289 886 ‹‹
1326 838 1527 893 Timor
1575 832 1807 891 Domini

174 927 395 981 sanctus
426 922 720 992 permanet
765 918 824 973 in
876 922 1159 978 saeculum
1207 926 1404 981 saeculi
1436 927 1605 997 (Psal.
1638 940 1807 990 xvm,

177 1014 273 1083 10).
302 1030 326 1061 ι»
360 1014 525 1064 Hunc
556 1023 806 1079 namque
838 1009 1114 1067 timorem
1148 1012 1368 1069 habent
1397 1020 1453 1069 et
1483 1015 1669 1070 sancti
1705 1028 1810 1067 an-

174 1101 293 1176 geli,
325 1116 495 1172 quem
529 1097 776 1170 prol‘ecto
809 1097 1140 1155 habuerant
1188 1106 1244 1157 et
1292 1104 1479 1158 sancti
1531 1100 1803 1174 apostoli,

174 1208 262 1264 per
279 1190 586 1246 adventum
618 1186 841 1242 scilicet
863 1188 1118 1260 Spiritus
1141 1192 1352 1257 sancti,
1381 1210 1481 1263 per
1502 1209 1681 1263 quem
1706 1191 1812 1245 de-

177 1279 383 1338 scendit
412 1277 663 1333 charitas
706 1276 765 1330 in
809 1278 1085 1334 cordibus
1120 1280 1358 1335 nostris.
1394 1280 1617 1336 Idcirco
1665 1284 1727 1336 et
1782 1296 1816 1335 a

177 1360 402 1426 Domino
433 1384 545 1422 non
579 1365 716 1421 dicti
748 1358 887 1421 sunt
918 1368 1085 1434 servi,
1112 1370 1213 1423 sed
1246 1369 1440 1433 amici,
1471 1370 1577 1440 qui
1610 1374 1814 1424 tamen

180 1465 228 1515 et
254 1476 283 1513 a
309 1456 657 1529 semetipsis,
682 1459 735 1511 et
766 1473 797 1510 a
818 1456 1064 1512 Domino
1089 1457 1225 1512 dicti
1251 1463 1390 1512 sunt
1414 1458 1571 1513 servi
1600 1475 1611 1511 :
1648 1457 1821 1512 nimi-

179 1566 295 1604 rum
326 1564 433 1601 non
464 1563 534 1601 ex
568 1546 794 1610 timore,
830 1547 930 1600 sed
965 1563 1161 1601 amore
1194 1552 1304 1602 Deo
1338 1546 1640 1618 placendi.

244 1663 267 1687 «ι
296 1635 604 1708 Apostolus
627 1638 823 1690 autem
845 1634 983 1691 Jesu
1006 1635 1237 1691 Christi.
1263 1658 1291 1685 »
1324 1636 1627 1693 Discrevit
1647 1639 1822 1693 servi—

181 1732 344 1783 tutem
375 1726 443 1780 ab
474 1724 805 1798 apostolatu
837 1742 850 1792 ;
885 1725 1025 1797 quia
1052 1742 1167 1779 non
1199 1726 1413 1793 omnis,
1445 1725 1555 1796 qui
1591 1744 1816 1798 servus,

1914 569 2278 624 mentionem
2310 566 2580 634 fecimus,
2608 568 2777 637 juxta
2804 568 3119 623 veritatem
3152 574 3241 625 est
3272 571 3474 643 (1333).

1990 678 2020 705 ‹‹
2058 662 2119 712 In
2153 674 2317 730 spem
2349 656 2482 711 vita:
2515 660 2759 711 aeternae.
2790 679 2818 705 »
2855 657 2983 711 Haec
3015 656 3201 729 igitur
3230 660 3462 725 veritas,
3489 676 3585 714 cu-

1918 743 2014 813 ius
2038 747 2258 819 agnitio
2282 746 2459 818 juxta
2485 744 2762 816 pietatem
2796 752 2901 811 est,
2927 745 2987 800 in
3023 764 3189 819 spem
3214 747 3338 802 vitm
3360 753 3581 803 aeternae

1918 836 2117 904 posita
2146 841 2269 902 est;
2305 834 2447 906 quia
2478 834 2678 889 statim
2711 835 2782 905 ei,
2817 834 2918 906 qui
2952 852 3015 890 sc
3045 837 3403 908 cognoverit,
3438 853 3584 909 prae-

1919 922 2111 979 mium
2142 924 2353 979 tribuit
2384 923 2870 979 immortalitatis.
2903 924 3146 997 Absque
3189 927 3402 997 pietate
3448 942 3582 982 vero

1920 1013 2137 1067 notitia
2165 1013 2429 1068 veritatis
2451 1012 2701 1068 delectat
2728 1015 2797 1068 ad
2831 1030 3111 1084 praesens,
3137 1016 3239 1070 sed
3268 1015 3327 1070 in
3358 1015 3583 1071 aeterni-

1920 1103 2043 1154 tate
2086 1103 2393 1172 praemium
2435 1118 2551 1157 non
2599 1102 2793 1158 habet.

1996 1213 2024 1239 «
2061 1190 2245 1254 Quam
2271 1192 2547 1261 promisit
2568 1192 2669 1263 qui
2695 1210 2808 1248 non
2832 1193 3135 1260 mentitur,
3154 1195 3308 1251 Deus
3331 1196 3535 1265 (1334).
3560 1217 3587 1245 ››

1922 1279 1983 1333 Si
2038 1297 2155 1335 non
2207 1282 2513 1347 mentitur,
2548 1282 2844 1355 agnoscite
2890 1284 3219 1352 veritatem,
3270 1291 3327 1339 et
3374 1285 3588 1341 veritas

1925 1368 2202 1424 liberabit
2221 1388 2323 1427 vos
2350 1389 2361 1437 ;
2393 1372 2533 1443 quia
2553 1372 2765 1428 veritas
2789 1373 3059 1428 Christus
3080 1378 3189 1440 est,
3214 1378 3271 1429 et
3291 1391 3405 1429 non
3430 1374 3589 1431 aliud

1928 1457 2184 1525 exhibet,
2220 1476 2396 1529 quam
2430 1462 2719 1531 promisit,
2752 1466 2809 1515 et
2850 1463 3034 1532 justis
3076 1461 3315 1529 scilicet,
3343 1468 3400 1517 et
3427 1463 3591 1535 inju-

1932 1547 2348 1618 stis,quamvis
2365 1551 2579 1605 durum
2604 1551 2710 1605 hoc
2735 1550 3080 1606 hominibus
3100 1550 3589 1624 videatur(1335).

1930 1635 2035 1691 Vel
2068 1636 2151 1692 sic
2176 1638 2578 1710 accipiendum
2605 1656 2619 1694 :
2652 1640 2812 1705 Quod
2845 1640 3116 1719 promisit
3139 1640 3405 1707 Abrahae,
3434 1644 3591 1713 quod

1933 1724 2415 1782 benedicerentur
2444 1728 2502 1782 in
2536 1728 2663 1798 ipso
2694 1744 2899 1783 omnes
2930 1732 3159 1797 gentes,
3193 1728 3311 1784 haec
3341 1729 3400 1784 in
3432 1730 3593 1785 Chri-

185 1815 361 1873 statim
413 1819 469 1871 et
518 1812 845 1886 apostolus,
878 1815 979 1869 sed
1028 1815 1360 1886 quicunque
1399 1816 1715 1886 apostolus
1762 1822 1899 1909 etB
1933 1816 2024 1867 sto
2063 1813 2326 1885 implevit
2376 1832 2479 1887 per
2532 1816 3005 1909 praedicationem
3036 1816 3287 1887 apostoli
3318 1819 3503 1887 Pauli,
3534 1824 3592 1876 et

186 1922 382 1961 servus.
415 1904 527 1959 Sed
560 1902 779 1959 Paulus
812 1903 941 1959 ideo
973 1902 1289 1976 apostolus,
1324 1904 1462 1975 quia
1494 1904 1697 1977 ipsum
1730 1908 1821 1963 Je-

187 2010 299 2049 sum
344 1993 643 2049 Christum
693 1992 917 2047 missus
966 1992 1153 2047 fuerat
1199 1993 1534 2063 praedicare.
1589 1996 1657 2050 Et
1706 1996 1817 2051 hoc

187 2082 487 2148 sciendum,
523 2082 666 2153 quia
715 2081 765 2137 si
811 2082 1001 2148 Pater,
1032 2085 1091 2136 et
1136 2079 1313 2135 Filius
1347 2098 1530 2136 unum
1564 2090 1725 2155 sunt,
1758 2090 1817 2140 et

186 2172 269 2242 qui
300 2170 605 2227 crediderit
634 2169 694 2225 in
729 2170 964 2239 Filium,
997 2169 1180 2225 credit
1210 2172 1267 2224 et
1294 2170 1354 2224 in
1386 2174 1640 2228 Patrem.
1670 2173 1817 2236 Quia

186 2259 372 2327 omnis,
394 2260 492 2332 qui
528 2276 645 2315 non
669 2260 857 2315 credit
887 2259 946 2313 in
975 2258 1209 2329 Filium,
1234 2275 1337 2315 nec
1362 2262 1587 2316 Patrem
1618 2261 1813 2317 habet.

182 2349 408 2405 Servitus
428 2348 629 2420 itaque
650 2348 1058 2404 indifferenter
1084 2347 1331 2420 apostoli
1358 2348 1541 2420 Pauli,
1567 2350 1719 2405 sicut
1743 2352 1814 2406 ad

183 2441 407 2507 Patrem,
439 2438 523 2493 ita
562 2438 635 2493 ad
669 2436 886 2493 Filium
922 2438 1229 2494 referenda
1259 2442 1365 2495 est.

244 2549 269 2575 ‹‹
296 2527 617 2582 Secundum
641 2527 819 2583 fidem
841 2525 1166 2583 electorum
1185 2529 1311 2595 Dei;
1333 2551 1361 2577 »
1386 2528 1442 2583 id
1467 2532 1572 2597 est,
1589 2545 1815 2598 eorum,

182 2615 265 2687 qui
286 2633 390 2671 non
412 2619 649 2671 tantum
672 2615 862 2671 vocati
887 2622 1050 2686 sunt,
1072 2617 1172 2672 sed
1196 2621 1253 2672 et
1273 2617 1461 2673 electi.
1487 2616 1816 2675 Electorum

181 2720 384 2775 quoque
412 2705 683 2775 ipsorum
709 2720 928 2776 magna
951 2706 1266 2761 diversitas
1286 2712 1393 2771 est,
1417 2724 1521 2778 pro
1541 2707 1818 2763 varietate

179 2796 475 2865 temporum
496 2834 509 2858 ,
536 2809 848 2861 sensuum,
874 2797 1059 2866 atque
1089 2811 1446 2850 sermonum.
1472 2795 1586 2850 Nec
1617 2795 1817 2853 statim

178 2881 262 2953 qui
289 2880 508 2938 electus
537 2881 635 2937 Dei
683 2885 798 2951 est,
828 2881 917 2936 vel
956 2884 1138 2953 juxta
1184 2882 1524 2939 electionem
1558 2885 1819 2955 possidet

176 2970 351 3038 ﬁdem,
379 2970 462 3028 vel
515 2971 684 3041 juxta
734 2970 909 3025 fidem
962 2969 1147 3026 habet
1193 2970 1497 3026 scientiam
1535 2972 1814 3029 veritatis.

170 3059 265 3115 Sed
291 3061 466 3132 (1331)
508 3059 838 3116 secundum
870 3074 1005 3114 eam
1041 3059 1243 3126 fidem,
1266 3076 1443 3130 quam
1474 3059 1586 3132 ipsi
1617 3061 1814 3117 infun-

174 3148 262 3213 dit,
292 3149 511 3205 etfacit
542 3149 874 3212 credentes,
907 3163 1066 3218 quos
1117 3151 1176 3203 et
1216 3147 1275 3202 in
1315 3148 1679 3220 praescientia
1706 3166 1815 3206 sua

172 3203 342 3310 elegit,
552 3203 737 3293 dicit:
772 3258 802 3286 «
835 3203 963 3291 I‘Ioh
999 3203 1107 3293 vos
1137 3252 1231 3292 me
1261 3203 1539 3310 elegistis,
1573 3203 1675 3293 sed
1704 3203 1814 3311 ego
1844 3203 1887 3272 Ο

173 3324 298 3399 elegi
327 3345 423 3385 vos
453 3328 642 3399 (Joan.
674 3342 768 3395 xv,
804 3325 914 3396 16).
954 3347 977 3373 ι

233 3439 258 3464 ιι
287 3420 347 3471 Et
361 3417 721 3489 agnitionem
739 3413 1029 3481 veritatis,
1047 3430 1173 3485 quae
1192 3415 1511 3470 secundum
1536 3414 1809 3486 pietatem

172 3507 263 3558 est.
286 3526 311 3553 ››
341 3506 522 3577 (1332)
558 3504 856 3571 Quaeritur
885 3518 1071 3573 quare
1101 3504 1172 3559 ad
1206 3503 1263 3558 id
1296 3504 1447 3575 quod
1482 3503 1564 3559 ait
1599 3522 1611 3559 :
1646 3526 1673 3553 ‹‹
1713 3504 1811 3560 Se-

170 3594 399 3650 cundum
424 3596 606 3651 fidem
635 3593 953 3650 electorum
980 3592 1103 3661 Dei,
1128 3596 1185 3648 et
1214 3594 1571 3665 agnitionem
1594 3594 1807 3650 verita-

168 3681 251 3751 tis,
282 3705 308 3731 »
353 3683 628 3739 Junxerit
660 3698 673 3736 :
729 3704 757 3731 ‹‹
791 3681 927 3744 Quae
960 3683 1287 3736 secundum
1322 3682 1595 3753 pietatem
1628 3686 1738 3737 est.
1776 3706 1806 3733 ››

171 3773 347 3825 utrum
372 3788 507 3827 nam
539 3770 622 3827 sit
642 3769 842 3840 aliqua
861 3767 1096 3835 veritas,
1123 3786 1251 3841 quea
1275 3787 1388 3825 non
1410 3770 1468 3825 in
1496 3771 1707 3842 pietate
1729 3771 1808 3828 sit

168 3858 354 3929 posita,
386 3864 443 3915 et
488 3875 651 3915 nunc
700 3858 771 3912 ad
824 3856 1262 3914 distinctionem
1316 3858 1472 3913 illius
1521 3858 1807 3915 inferatur

171 3946 367 4017 agnitio
395 3948 685 4013 veritatis,
732 3969 761 3996 «
795 3962 924 4017 quze
965 3947 1291 4002 secundum
1326 3947 1597 4018 pietatem
1629 3951 1736 4002 est.
1772 3970 1803 3999 ››

170 4033 254 4090 Est
282 4036 446 4106 plane
466 4036 709 4105 veritas,
734 4052 862 4108 quas
895 4051 1011 4090 non
1042 4034 1220 4091 habet
1249 4036 1543 4109 pietatem.
1574 4034 1632 4089 Si
1666 4037 1804 4105 quis

169 4126 598 4192 grammaticam
647 4128 833 4179 artem
886 4123 1129 4190 noverit,
1169 4124 1253 4179 vel
1310 4123 1695 4191 dialecticam,
1738 4130 1806 4182 ut

168 4211 428 4269 rationem
463 4219 625 4270 recte
654 4211 939 4285 loquendi
983 4212 1214 4280 habeat,
1247 4218 1303 4269 et
1348 4213 1501 4268 inter
1550 4210 1698 4266 falsa
1747 4219 1805 4270 et

168 4313 285 4355 vera
310 4302 621 4373 dijudicet.
656 4300 986 4357 Geometria
1024 4317 1275 4373 quoque,
1310 4305 1364 4358 et
1410 4300 1799 4368 arithmetica,

168 4391 213 4440 et
240 4390 462 4446 musica
484 4390 709 4446 habent
732 4388 791 4444 in
823 4405 932 4443 sua
953 4388 1196 4444 scientia
1213 4389 1535 4454 veritatem,
1559 4389 1661 4443 sed
1684 4406 1801 4447 non

165 4480 239 4529 est
268 4477 363 4533 illa
393 4479 645 4534 scientia
675 4476 931 4549 pietatis.
963 4475 1214 4531 Scientia
1246 4476 1476 4548 pietatis
1505 4481 1597 4533 est
1626 4494 1799 4535 nosse

166 4560 353 4636 legem,
404 4566 741 4640 intelligere
790 4564 1131 4638 prophetas,
1179 4565 1488 4637 Evangelio
1545 4565 1801 4635 credere,
1832 4568 1880 4632 D

165 4654 441 4721 apostolos
474 4672 598 4711 non
632 4656 923 4727 ignorare.
961 4653 1027 4708 Et
1055 4669 1086 4708 e
1116 4654 1405 4709 contrario
1437 4654 1607 4710 multi
1637 4662 1797 4722 sunt,

166 4742 251 4810 qui
271 4741 489 4801 habent
512 4744 753 4817 pietatis
773 4759 969 4799 veram
991 4741 1402 4814 cognitionem,
1427 4744 1529 4799 sed
1551 4760 1666 4800 non
1690 4749 1804 4801 sta-

220 4955 395 5031 (1331)
429 4959 584 5016 Huic
616 4955 916 5014 sententiae
942 4955 1143 5031 eodem
1177 4956 1480 5028 scriptoris
1509 4961 1800 5014 caractere

162 5042 212 5097 in
234 5062 422 5120 marg.
446 5050 801 5120 adnotatum
832 5044 1336 5120 legitu_r_a1_z._Quid
1372 5044 1458 5120 hae
1488 5044 1800 5120 litterzesi-

162 5115 439 5188 gniﬁcent,
475 5119 695 5175 viderit
747 5115 943 5173 lector.
975 5117 1279 5172 Videbitur
1326 5115 1499 5188 paulo
1554 5116 1796 5173 inferius

157 5188 315 5243 etiam
348 5186 463 5245 divi
498 5191 742 5245 Hieron.
777 5188 1097 5244 sententias
1126 5186 1412 5242 admotari.

218 5260 393 5332 (1332)
425 5262 514 5318 lbi
547 5262 610 5316 in
635 5260 926 5332 margine,
939 5264 1217 5332 utusupra
1237 5259 1579 5332 adnotatum
1597 5258 1794 5332 inspi-

161 5326 295 5385 citur
323 5326 433 5389 hoc
464 5332 669 5389 modo.
704 5326 816 5396 IhT,
850 5330 975 5386 scil.
1009 5326 1419 5401 Hieronymus,
1452 5329 1570 5401 sive
1596 5326 1795 5384 Hiero-

163 5402 486 5474 nymiaster,
521 5404 697 5474 cujus
738 5406 827 5458 est
873 5402 995 5456 hec
1025 5400 1333 5465 sententia,
1367 5417 1466 5455 seu
1519 5400 1797 5471 interpre-

164 5472 307 5527 tatio.

224 5543 402 5618 (1333)
438 5548 711 5603 Fortasse
743 5559 1046 5618 perperam
1078 5544 1302 5614 adjecta
1342 5543 1461 5598 haec
1507 5547 1799 5615 postrema

165 5616 340 5687 verba,
372 5616 501 5689 qua:
543 5616 791 5675 sensum
823 5616 1158 5673 obscurant.

1931 1904 2271 1959 casterorum
2310 1906 2439 1974 ejus
2482 1904 2974 1977 coapostolorum.

2005 2012 2033 2039 «
2066 1996 2214 2045 Ante
2263 1996 2527 2065 tempora
2579 1993 2901 2049 saecularia.
2955 1994 3342 2050 Manifestavit
3389 2003 3587 2053 autem

1922 2080 2297 2150 temporibus
2315 2082 2439 2136 suis
2460 2083 2703 2137 verbum
2728 2098 2905 2137 suum
2928 2100 2987 2137 1n
3010 2082 3439 2154 pradicatiooe,
3458 2104 3585 2159 quas

1929 2168 2151 2223 credita
2205 2174 2292 2224 est
2332 2170 2473 2224 mihi
2508 2171 2713 2242 (1336).
2748 2193 2777 2221 ››
2834 2172 2975 2227 Ecce
3004 2172 3151 2228 dixit
3179 2175 3334 2244 quod
3371 2176 3588 2231 fuerint

1928 2260 2194 2328 tempora
2224 2263 2457 2325 aeterna,
2493 2276 2622 2331 quae
2656 2265 2855 2316 tamen
2886 2277 3003 2315 non
3044 2261 3282 2325 fuerunt
3324 2264 3442 2321 Deo
3492 2282 3584 2321 co-

1928 2351 2162 2401 mterna.
2180 2346 2483 2418 Siquidem
2509 2348 2603 2403 ille
2621 2354 2754 2404 ante
2772 2354 3040 2422 tempora
3061 2351 3381 2418 saecularia,
3396 2354 3453 2409 id
3475 2358 3584 2425 est,

1926 2437 2140 2488 aeterna
2161 2452 2276 2489 non
2301 2435 2493 2490 solum
2517 2441 2659 2502 erat,
2680 2454 2883 2491 verum
2908 2439 3085 2494 etiam
3110 2442 3381 2512 promisit
3404 2444 3584 2499 vitam

1926 2526 2227 2590 mternam,
2262 2540 2441 2594 quam
2490 2524 2888 2580 manifestavit
2933 2529 3300 2599 temporibus
3346 2532 3491 2599 suis,
3526 2531 3583 2586 id

1926 2614 2034 2680 est,
2069 2612 2364 2682 congruis.
2400 2612 2545 2677 Quid
2579 2612 2738 2667 aliud
2770 2614 3030 2671 Verbum
3063 2634 3240 2672 suum
3263 2619 3291 2673 ?
3323 2622 3451 2691 Ipse
3495 2623 3587 2676 est

1927 2699 2082 2753 enim
2114 2699 2232 2755 vita
2260 2705 2493 2756 aeterna.
2529 2702 2832 2765 Quomodo
2874 2709 3073 2760 autem
3121 2707 3415 2779 promisit,
3449 2726 3585 2764 cum

1928 2784 2267 2845 hominibus
2300 2790 2502 2861 utique
2542 2791 2898 2861 promiserit,
2934 2793 3033 2863 qui
3085 2796 3349 2852 nondum
3393 2801 3580 2864 erant,

1927 2880 2061 2930 ante
2090 2880 2356 2948 tempora
2384 2883 2620 2949 aeterna,
2652 2879 2766 2936 nisi
2800 2882 2938 2952 quia
2968 2883 3027 2936 in
3072 2884 3204 2954 ejus
3233 2886 3581 2951 aeternitate,

1927 2966 2102 3033 atque
2152 2965 2209 3018 in
2255 2966 2382 3037 ipso
2413 2966 2602 3022 Verbo
2639 2969 2769 3039 ejus
2801 2969 2990 3024 eidem
3024 2976 3330 3043 ooaaterno,
3357 2975 3482 3044 jam
3518 2975 3578 3028 in

1926 3052 2436 3121 predestinatione
2459 3056 2637 3111 fixum
2660 3061 2803 3125 erat,
2829 3058 2986 3129 quod
3009 3075 3116 3115 suo
3137 3063 3402 3133 tempore
3425 3063 3579 3117 futu-

1927 3155 2056 3194 rum
2091 3142 2264 3196 erat?

2002 3250 2030 3278 «
2062 3230 2397 3286 Secundum
2428 3237 2782 3305 praeceptum
2813 3234 3125 3292 Salvatoris
3165 3238 3351 3294 nostri
3389 3239 3510 3295 Dei.
3548 3260 3577 3290 ››

1918 3318 2042 3373 Non
2074 3318 2169 3373 hic
2200 3318 2352 3375 alius
2382 3320 2735 3393 intelligitur
2765 3322 3030 3380 Salvator
3060 3331 3236 3395 Deus,
3270 3344 3449 3400 quam
3481 3328 3575 3383 Fi-

1919 3405 2053 3461 lius.
2076 3408 2202 3478 Ipse
2222 3407 2377 3462 enim
2406 3426 2581 3474 unus,
2606 3410 2880 3482 idemque
2903 3430 3035 3469 cum
3061 3415 3251 3484 Patre,
3271 3421 3329 3473 et
3348 3416 3570 3490 Spiritu

1918 3500 2140 3564 sancto,
2174 3512 2347 3561 unus,
2382 3502 2439 3551 et
2466 3514 2636 3554 verus
2665 3499 2929 3556 Salvator
2971 3508 3029 3557 et
3062 3505 3213 3560 Deus
3244 3511 3351 3561 est.

1989 3606 2016 3633 ‹‹
2050 3583 2177 3639 Tito
2207 3584 2419 3641 dilecto
2469 3587 2609 3643 filio.
2646 3610 2675 3637 ››
2720 3589 2918 3645 Titum
2953 3592 3142 3647 filium
3175 3611 3349 3650 suum
3381 3600 3565 3662 vocat,

1917 3674 2137 3731 scilicet
2165 3674 2452 3741 doctrina,
2483 3677 2770 3749 exemplo,
2801 3681 3153 3753 eruditione,
3182 3687 3357 3755 atque
3387 3684 3565 3740 disci-

1915 3763 2094 3835 plina,
2132 3779 2243 3816 non
2276 3767 2470 3819 tamen
2504 3771 2733 3835 natura,
2768 3790 2797 3819 «
2830 3770 3157 3826 secundum
3190 3789 3563 3829 communem

1918 3853 2112 3906 fidem.
2152 3874 2177 3899 ›)

1986 3940 2170 4010 (1337)
2202 3938 2542 3996 Utramnam
2577 3942 2867 4013 omnium,
2898 3945 2999 4014 qui
3049 3947 3110 4000 in
3158 3946 3389 4003 Christo
3439 3963 3563 4003 cre-

1915 4029 2152 4094 debant,
2186 4044 2559 4083 communem
2590 4030 2801 4085 dixerit
2834 4032 3029 4097 fidem,
3056 4050 3130 4088 an
3162 4051 3556 4107 communem,

1913 4135 2081 4175 suam
2112 4122 2344 4172 tantum
2376 4122 2432 4173 et
2452 4117 2565 4173 Titi
2587 4118 2615 4171 ‘I
2644 4118 2805 4181 Quod
2828 4118 3065 4190 quidem
3099 4121 3309 4177 melius
3331 4123 3561 4178 videtur

1913 4205 2158 4279 apostoli
2173 4205 2357 4275 Pauli,
2372 4207 2555 4262 etTiti
2575 4208 2750 4262 ﬁdem
2770 4207 2950 4263 fuisse
2969 4226 3362 4280 communem,
3378 4227 3555 4283 quam

1912 4294 2176 4354 omnium
2200 4296 2557 4352 credentium
2584 4314 2596 4363 ;
2631 4296 2691 4351 in
2724 4297 2941 4368 quibus
2970 4313 3075 4368 pro
3100 4298 3374 4355 varietate
3396 4316 3557 4355 men-

1910 4387 2059 4442 tium
2093 4386 2235 4441 ﬁdes
2268 4402 2498 4458 quoque
2520 4386 2851 4442 communis
2876 4402 3004 4442 esse
3036 4404 3150 4442 non
3183 4393 3425 4459 poterat,
3454 4389 3556 4445 sed

1910 4474 2159 4531 diversa.

1981 4586 2009 4614 ‹‹
2041 4564 2237 4619 Gratia
2267 4568 2323 4620 et
2352 4582 2461 4637 pax
2492 4582 2526 4620 a
2561 4566 2671 4621 Deo
2702 4569 2890 4632 Patre,
2924 4569 2981 4620 et
3007 4566 3145 4621 Jesu
3178 4565 3403 4622 Christo
3432 4565 3553 4620 Sal-

1910 4657 2103 4709 vatore
2136 4657 2332 4709 nostro
2364 4654 2564 4726 (1338).
2592 4675 2619 4702 »
2651 4653 2909 4708 Gratiam
2941 4654 3042 4709 Dei
3074 4656 3466 4725 commendat,
3491 4659 3557 4710 ut

1913 4746 1970 4797 et
2015 4741 2073 4795 in
2122 4742 2347 4797 caeteris
2394 4741 2680 4813 epistolis,
2712 4759 2816 4814 per
2852 4758 3031 4814 quam
3062 4743 3232 4800 nobis
3261 4744 3557 4801 donantur

1980 4955 2165 5037 (1334)
2311 4956 2371 5011 in
2402 4972 2587 5028 marg.
2621 4956 2702 5011 ita
2732 4957 3074 5014 adnotatum
3107 4962 3217 5031 est,
3248 4959 3360 5029 AN,
3389 4958 3551 5016 scili-

1909 5032 1998 5082 cet
2025 5031 2414 5098 Augustinus.

1979 5108 2159 5181 (1335)
2191 5107 2387 5181 Brevis
2434 5106 2555 5181 haec
2601 5107 2900 5181 expositio,
2935 5126 3061 5181 quae
3111 5111 3437 5181 Augustino
3487 5110 3548 5167 in

1910 5179 2193 5250 marginis
2242 5179 2613 5235 adnotatione
2660 5179 2967 5249 tribuitur,
3013 5183 3083 5236 de
3103 5179 3275 5236 verbo
3307 5182 3422 5236 fere
3471 5184 3543 5237 ad

1907 5251 2148 5323 verbum
2179 5250 2237 5323 in
2260 5251 2475 5323 Pelagii
2496 5251 2626 5307 divo
2647 5252 2996 5323 Hieronymo
3022 5252 3237 5307 tributo
3259 5268 3550 5309 commen-

1908 5322 2055 5377 tario
2083 5321 2317 5393 legitur.

1978 5401 2158 5475 (1336)
2192 5401 2297 5457 Hie
2345 5401 2403 5455 in
2452 5417 2636 5473 marg.
2672 5402 3007 5457 adnotatum
3040 5406 3127 5457 est
3163 5402 3246 5456 ita
3273 5408 3363 5475 ag,
3394 5402 3545 5463 idem

1908 5472 2313 5544 scil.4August.

2004 5542 2275 5609 1337)VIh,
2315 5544 2537 5599 scilicet
2568 5544 2798 5599 Hieron.

2004 5545 2137 5596 1337
2192 5546 2275 5609 Ih,
2315 5545 2537 5599 scilicet
2568 5545 2798 5599 Hieron.

1978 5545 2162 5686 E1338)
2190 5618 2287 5687 Ag,
2319 5614 2541 5672 scilicet
2568 5616 2815 5685 August.
