4062 6186
460 374 580 436 ’703

1460 375 1794 438 ATTONIS
1838 342 2425 439 vsncELLENsls
2471 376 2822 439 EPISCOPI

3756 340 3867 431 761

461 511 717 580 peccata,
747 512 813 562 ut
843 505 1454 577 reconciliemurDeo;
1490 525 1601 581 pax
1631 512 1844 578 autem,
1871 525 1986 580 qua
2019 525 2105 564 re-
2134 509 2188 575 Α
2220 526 2397 565 suum
2427 511 2566 578 (Act.
2599 527 2692 576 xx,
2722 509 2835 583 28).
2872 530 2898 559 ››
2946 508 3017 564 Et
3043 486 3150 563 'hic
3181 502 3522 580 diligentius
3555 502 3863 559 observan-

460 596 842 652 conciliamur
880 597 1015 652 Deo.

530 707 555 733 ‹‹
595 678 777 756 Hujus
829 685 910 741 rei
960 686 1146 757 gratia
1178 687 1383 759 reliqui
1433 692 1489 743 te
1530 690 1724 755 Cretae,
1761 692 1825 743 ut
1854 706 1940 758 ea,
1974 706 2101 760 qua:

456 773 691 841 desunt,
708 775 983 847 corrigas.
1005 800 1023 822 ιι
1050 775 1511 847 ReliquitTitum
1533 777 1883 849 discipulum
1901 778 2100 839 Cretaz,

454 865 519 918 ut
550 863 883 918 rudimenta
908 865 1200 919 nascentis
1225 864 1492 920 Ecclesia:
1517 868 1929 922 contirmaret:
1963 872 2020 922 et
2052 868 2101 921 si

455 950 595 1022 quid
629 952 933 1006 videbatur
963 952 1185 1020 deesse,
1220 953 1550 1025 corrigeret,
1586 953 1707 1024 ipse
1752 970 1996 1025 pergens
2029 957 2099 1010 ad

459 1038 606 1095 alias
632 1040 909 1109 actiones,
936 1047 999 1095 ut
1030 1058 1265 1097 rursum
1300 1043 1354 1096 in
1389 1042 1475 1097 eis
1497 1041 1708 1097 Christi
1734 1045 1953 1113 jaceret
1978 1046 2103 1100 fun-

460 1130 824 1185 damentum.
850 1131 1010 1196 Quod
1038 1135 1232 1185 autem
1262 1131 1376 1185 ait:
1420 1156 1443 1183 α
1475 1131 1546 1187 Ut
1575 1148 1660 1202 ea,
1685 1149 1812 1202 quae
1842 1135 2099 1202 deerant,

459 1218 797 1290 cerrigeres,
832 1242 858 1268 ››
911 1220 1171 1274 ostendit
1202 1236 1303 1274 nec
1334 1221 1472 1274 dum
1507 1238 1603 1275 eos
1637 1223 1707 1275 ad
1739 1221 1969 1293 plenam
2002 1241 2097 1278 vc-

457 1307 615 1362 nisse
646 1308 949 1363 scientiam
980 1308 1239 1363 veritatis
1266 1327 1278 1376 ;
1316 1313 1372 1363 et
1407 1308 1539 1364 licet
1568 1312 1639 1365 ab
1673 1311 1944 1381 Apostolo
1976 1330 2100 1366 cor-

456 1397 594 1451 recti
629 1396 861 1464 fuerint,
897 1400 1092 1451 tamen
1124 1396 1315 1451 adhuc
1345 1397 1605 1470 indigere
1636 1401 2008 1454 correctione.

529 1508 555 1533 ‹‹
592 1486 660 1539 Et
690 1486 1013 1540 constituas
1046 1502 1147 1557 per
1168 1486 1426 1541 civitates
1456 1488 1841 1560 presbyteros,
1868 1489 2016 1543 sicut
2047 1492 2103 1543 et

456 1590 561 1646 ego
611 1572 717 1629 tibi
766 1574 1027 1646 disposui
1062 1575 1265 1646 (1339).
1304 1600 1329 1624 ››
1384 1577 1697 1649 Diligenter
1724 1578 1983 1650 Apostoli
2016 1582 2102 1633 at-

456 1664 768 1717 tendamus
798 1663 991 1731 verba,
1015 1663 1263 1720 dicentis
1288 1681 1299 1719 ε
1333 1664 1403 1721 Ut
1431 1666 1755 1721 constituas
1787 1684 1888 1738 per
1907 1667 2104 1722 civita-

459 1755 547 1806 tes
570 1753 957 1824 presbyteros,
982 1753 1133 1808 sicut
1154 1756 1207 1807 et
1228 1771 1333 1825 ego
1354 1753 1459 1809 tibi
1486 1754 1745 1826 disposui
1774 1773 1787 1811 :
1818 1755 1942 1828 qui,
1965 1774 2103 1827 qua-

456 1840 535 1939 lis
580 1841 882 1913 presbyter
930 1842 1136 1896 debeat
1183 1843 1463 1909 ordinari,
1499 1845 1557 1898 in
1606 1846 2102 1916 consequentibus
2133 1874 2180 1940 B

456 1929 775 1998 disserens,
798 1930 907 1986 hoc
928 1936 1016 1986 est
1040 1948 1052 1987 :
1097 1953 1120 1982 α
1141 1932 1196 1986 Si
1223 1933 1354 2005 quis
1381 1937 1468 1988 est
1488 1933 1614 1989 sine
1636 1934 1898 2004 crimine,
1922 1935 2100 1990 unius

451 2017 649 2074 uxoris
702 2019 805 2087 vir,
839 2042 866 2069 ››
918 2024 1051 2090 etc.,
1086 2016 1285 2092 postea
1315 2022 1514 2078 intulit
1547 2040 1559 2078 :
1612 2046 1639 2073 ‹‹
1673 2023 1912 2094 Oportet
1942 2025 2098 2079 enim

450 2109 790 2180 episcopum
821 2109 947 2165 sine
979 2110 1222 2165 crimine
1251 2128 1401 2178 esse,
1426 2113 1830 2184 tanquam;Dei
1862 2114 2095 2186 dispen-

451 2203 726 2253 satorem.
757 2222 777 2247 ι
815 2198 971 2253 Idem
1005 2204 1094 2254 est
1126 2216 1260 2272 ergo
1291 2201 1592 2274 presbyter
1617 2203 1717 2274 qui
1750 2202 2093 2275 episcOpus;

453 2291 512 2340 et
542 2291 858 2357 antequam
890 2287 1104 2344 diaboli
1136 2289 1440 2361 instinctu,
1474 2290 1669 2346 studia
1710 2291 1771 2345 in
1821 2291 2096 2364 religione

454 2375 677 2439 tierent,
710 2379 766 2430 et
794 2375 1084 2430 diceretur
1113 2377 1170 2431 in
1204 2378 1436 2450 pepulis
1470 2395 1481 2432 :
1535 2402 1561 2428 ‹‹
1596 2379 1711 2451 Ego
1744 2395 1872 2434 sum
1908 2379 2092 2447 Pauli,

451 2479 557 2536 ego
589 2463 812 2536 Apollo,
835 2480 939 2537 ego
971 2470 1164 2520 autem
1196 2467 1396 2536 Cepha:
1429 2469 1475 2539 (I
1504 2467 1628 2522 Cor.
1664 2486 1701 2536 ι,
1738 2469 1848 2540 12),
1883 2491 1910 2518 ››
1944 2485 2097 2524 com-

453 2552 617 2608 muni
639 2554 1111 2625 presbyterorum
1135 2554 1376 2612 consilio
1398 2556 1665 2612 Ecclesiae
1685 2558 2093 2630 gubernaban-

448 2644 567 2697 tur.
597 2641 905 2712 Postquam
937 2659 1068 2698 vero
1092 2644 1502 2715 unusquisque
1522 2662 1640 2713 eos,
1666 2663 1813 2716 quos
1843 2645 2095 2717 baptiza-

450 2733 629 2792 verat,
664 2729 902 2798 putabat
932 2746 1092 2799 suos,
1127 2747 1240 2785 non
1274 2732 1506 2801 Christi,
1543 2732 1602 2787 in
1645 2738 1763 2788 toto
1811 2733 1949 2788 orbe
1998 2735 2094 2789 de-

451 2820 675 2872 cretum
706 2822 813 2883 est,
847 2821 912 2872 ut
942 2836 1095 2874 unus
1134 2820 1204 2875 de
1254 2821 1609 2894 presbyteris
1639 2823 1857 2877 electus
1889 2839 2093 2894 super-

454 2909 772 2977 poneretur
802 2905 1041 2977 caeteris,
1076 2906 1144 2961 ad
1192 2924 1367 2978 quem
1420 2909 1613 2965 omnis
1662 2927 1802 2965 cura
1832 2908 2098 2965 Ecclesiae

464 2992 798 3064 pertineret,
824 2997 880 3049 et
900 2992 1284 3049 schismatum
1310 2995 1535 3051 semina
1554 2996 1912 3053 tollerentur.
1934 2997 2104 3053 Putat

464 3079 681 3153 aliquis
703 3098 816 3137 non
840 3082 1295 3155 Scripturarum,
1321 3083 1418 3139 sed
1444 3090 1704 3141 nostram
1728 3104 1855 3143 esse
1878 3092 2106 3143 senten-

463 3170 628 3241 tiam,
660 3170 998 3243 episcopum
1046 3176 1103 3227 et
1154 3173 1558 3244 presbyterum
1619 3194 1802 3231 unum
1858 3193 2006 3245 esse,
2050 3182 2106 3232 et

2212 599 2377 668 dum,
2412 599 2704 671 quomodo
2737 599 2911 653 unius
2943 597 3194 652 civitatis
3224 594 3436 668 Ephesi
3490 592 3861 666 presbyteros

2209 705 2444 757 vocans,
2479 694 2678 761 postea
2707 688 2939 743 eosdem
2973 686 3276 759 episcOpos
3308 682 3863 739 dixerit.Videamus

2212 777 2393 849 igitur
2424 777 2615 849 qualis
2656 778 2980 850 presbyter,
3008 776 3125 832 sive
3163 774 3473 847 episcopus
3496 772 3865 828 ordinandus

2213 867 2307 922 sit.

2286 955 2404 1010 «Si
2449 954 2579 1027 quis
2627 960 2715 1010 est
2762 954 2888 1009 sine
2936 953 3229 1009 crimine:
3266 974 3292 1003 »
3343 952 3453 1007 hoc
3501 951 3670 1007 enim
3725 949 3869 1004 inter

2214 1049 2514 1115 peccatum
2540 1044 2738 1113 distat,
2763 1047 2820 1099 et
2848 1044 3092 1108 crimen,
3115 1042 3268 1114 quod
3291 1057 3463 1096 omne
3490 1040 3726 1095 crimen
3754 1055 3868 1110 pec-

2212 1139 2409 1188 catum
2442 1138 2549 1197 est,
2584 1150 2697 1187 non
2728 1137 2921 1188 tamen
2955 1149 3129 1188 omne
3161 1134 3489 1203 peccatum,
3518 1128 3794 1194 crimen;
3824 1132 3872 1182 et

2213 1221 2269 1276 in
2303 1222 2412 1276 hac
2435 1221 2551 1276 vita
2576 1220 2743 1276 multi
2775 1222 2902 1276 sine
2927 1219 3190 1288 crimine,
3216 1218 3413 1274 nullus
3434 1234 3573 1273 vero
3597 1232 3734 1272 esse
3756 1216 3871 1271 sine

2213 1310 2466 1383 peccatis
2514 1310 2684 1366 valet.
2728 1309 2891 1366 Unde
2938 1317 2992 1365 et
3039 1308 3382 1380 praedicator
3432 1310 3711 1371 sanctus,
3744 1322 3869 1361 cum

2211 1400 2402 1455 virum
2434 1400 2678 1472 dignum
2712 1399 2913 1472 gratiae
2944 1396 3319 1454 sacerdotalis
3348 1395 3741 1458 describeret,
3777 1412 3871 1449 ne-

2213 1505 2511 1560 quaquam
2536 1489 2680 1544 dixit
2708 1506 2721 1544 :
2750 1488 2808 1543 Si
2839 1487 2970 1560 quis
2993 1487 3120 1542 sine
3145 1489 3399 1558 peccato,
3425 1486 3555 1554 sed,
3583 1508 3614 1534 ‹‹
3646 1486 3695 1538 si
3721 1484 3866 1555 quis,

2213 1577 2339 1634 sine
2368 1576 2611 1632 crimine
2642 1584 2749 1632 est.
2790 1602 2808 1626 ι
2844 1576 2982 1640 Quis
3014 1592 3145 1631 vero
3177 1591 3305 1630 esse
3336 1573 3463 1630 sine
3498 1578 3748 1646 peccato
3778 1590 3865 1628 va-

2214 1666 2349 1730 leat,
2373 1683 2505 1721 cum
2531 1669 2788 1721 Joannes
2818 1666 2972 1719 dicat
3002 1681 3016 1718 :
3058 1685 3083 1718 α
3106 1663 3165 1719 Si
3197 1662 3547 1730 dixerimus,
3574 1661 3723 1731 quia
3755 1677 3871 1733 pec-

2214 1761 2410 1810 catum
2439 1771 2553 1811 non
2586 1755 2894 1823 habemus,
2919 1770 3026 1809 nos
3055 1754 3216 1826 ipsos
3239 1752 3614 1822 seducimus,
3639 1755 3702 1806 et
3731 1751 3867 1805 veri-

2214 1848 2304 1899 tas
2339 1843 2397 1897 in
2430 1843 2599 1901 nobis
2632 1859 2746 1898 non
2779 1847 2867 1898 est
2896 1843 2947 1914 (l
2971 1844 3127 1899 Joan.
3164 1858 3202 1908 1,
3232 1842 3310 1908 8).
3346 1862 3371 1888 ››
3418 1841 3484 1895 In
3519 1857 3647 1912 qua
3676 1838 3866 1892 videli-

2213 1938 2303 1987 cet
2334 1937 2727 2003 peccatorum,
2758 1936 2811 1987 et
2850 1931 3164 1986 criminum
3197 1928 3586 1984 distinctione
3620 1944 3868 1999 pensan-

2209 2022 2350 2077 dum
2375 2026 2484 2090 est,
2517 2020 2655 2092 quia
2687 2019 2970 2076 nonnulla
3009 2023 3246 2090 peccata
3276 2018 3541 2073 animam
3579 2016 3869 2090 polluunt,

2209 2109 2458 2165 crimina
2501 2126 2631 2165 vero
2663 2108 3063 2182 exstinguunt.
3098 2107 3327 2164 Electus
3359 2106 3651 2162 sacerdos
3685 2104 3867 2161 Eccle-

2207 2198 2307 2253 siae
2341 2216 2455 2254 non
2501 2203 2732 2254 tantum
2777 2215 2841 2255 eo
2889 2204 3170 2270 tempore,
3205 2213 3318 2269 quo
3349 2195 3736 2251 ordinandus
3768 2199 3865 2261 est,

2207 2286 2332 2344 sine
2371 2287 2488 2343 ullo
2539 2288 2617 2344 sit
2663 2288 2927 2355 crimine,
2960 2293 3015 2343 et
3064 2286 3386 2360 przeteritas
3417 2284 3700 2341 maculas
3731 2301 3866 2339 nova

2206 2377 2641 2432 conversatione
2672 2376 2965 2442 deleverit,
3000 2379 3100 2432 sed
3135 2393 3201 2431 ex
3246 2392 3310 2431 eo
3351 2379 3630 2447 tempore
3660 2375 3861 2445 (1341),

2205 2482 2320 2536 quo
2352 2465 2411 2519 in
2444 2465 2674 2521 Christo
2705 2470 2943 2521 renatus
2976 2470 3083 2531 est,
3114 2463 3276 2519 nulla
3304 2463 3530 2536 peccati
3563 2464 3860 2518 conscien-

2203 2554 2287 2609 tia
2316 2555 2669 2609 mordeatur.
2696 2555 2995 2620 Quomodo
3021 2553 3175 2609 enim
3205 2556 3395 2626 potest
3421 2570 3650 2625 praeses
3674 2550 3857 2606 Eccle-

2205 2642 2302 2698 sia:
2334 2641 2559 2698 aulerre
2588 2641 2810 2698 malum
2843 2643 2912 2698 de
2946 2642 3134 2698 medio
3168 2642 3316 2712 ejus,
3350 2642 3450 2714 qui
3484 2640 3547 2695 in
3583 2642 3857 2696 delictum

2206 2730 2398 2788 simile
2429 2732 2761 2786 corruerit?
2811 2733 2925 2786 Aut
2968 2748 3086 2801 qua
3125 2730 3392 2786 libertate
3424 2729 3721 2802 corripiat
3750 2744 3865 2803 pec-

2208 2824 2456 2885 cantem,
2491 2836 2623 2874 cum
2668 2818 2880 2875 tacitus
2930 2819 3037 2875 sibi
3091 2822 3216 2891 ipse
3263 2819 3629 2891 respondeat
3670 2819 3863 2874 eadem

2210 2908 2598 2978 commisisse,
2632 2925 2758 2980 quae
2789 2907 3076 2980 corripit?

2284 3020 2312 3047 ‹‹
2346 2997 2533 3053 Unius
2564 2999 2760 3052 uxoris
2789 2996 2876 3051 vir
2906 2997 3106 3068 (1342).
3150 3019 3175 3045 ι)
3225 2996 3385 3063 Quod
3442 3000 3540 3051 est
3591 2996 3765 3052 cibus
3805 2997 3866 3050 ad

2214 3086 2461 3142 salutem
2490 3086 2770 3157 corporis,
2791 3086 2899 3141 hoc
2920 3091 3010 3140 est
3032 3084 3219 3141 coitus
3242 3085 3313 3140 ad
3338 3084 3599 3141 salutem
3627 3085 3869 3158 generis.

2214 3175 2285 3231 Et
2317 3179 2632 3245 utrumque
2664 3191 2776 3230 non
2810 3181 2899 3231 est
2933 3174 3059 3230 sine
3089 3173 3472 3229 delectatione
3506 3174 3763 3230 carnali.
3787 3173 3871 3229 Di-

459 3258 618 3313 aliud
651 3242 871 3324 aetatis,
887 3258 1044 3315 aliud
1067 3242 1194 3316 esse
1220 3242 1430 3317 nomen
1465 3264 1681 3334 ofﬁcii;
1715 3266 1932 3337 relegat
1957 3242 2103 3338 epo-
2135 3242 2178 3308 (ἶ
2215 3280 2382 3320 versa
2431 3242 2605 3336 opera
2634 3263 2873 3319 Patrum
2923 3280 3037 3319 non
3092 3263 3360 3330 faciebat,
3395 3262 3515 3319 nisi
3566 3263 3870 3319 diversitas

456 3347 589 3403 stoli
626 3345 696 3402 ad
731 3346 1134 3420 Philippenses
1164 3350 1355 3421 verba,
1390 3352 1637 3407 dicentis
1669 3369 1683 3410 :
1733 3377 1760 3403 ‹‹
1794 3353 2012 3409 Paulus
2043 3358 2101 3410 et

456 3432 805 3492 Timotheus
836 3438 983 3491 servi
1015 3437 1229 3493 Christi
1262 3438 1426 3505 Jesu,
1458 3442 1733 3497 omnibus
1774 3443 1992 3498 sanctis
2040 3441 2099 3495 in

459 3524 691 3581 Christo
721 3524 882 3593 Jesu,
915 3527 1015 3597 qui
1047 3530 1183 3580 sunt
1215 3526 1521 3599 Philippis,
1554 3546 1685 3584 cum
1720 3530 2009 3602 episcOpis
2047 3534 2103 3585 et

462 3611 827 3683 diaconibus,
859 3614 1047 3684 gratia
1078 3613 1239 3669 vobis
1269 3620 1326 3670 et
1354 3633 1465 3687 pax
1496 3619 1760 3691 (Philipp.
1798 3638 1834 3690 Ι,
1870 3623 1920 3690 1,
1960 3620 2037 3689 2),
2074 3640 2101 3667 ››

466 3705 572 3756 etc.
608 3701 897 3773 Philippis
927 3719 1044 3757 una
1073 3705 1161 3757 est
1190 3704 1331 3759 urbs
1362 3704 1731 3779 Macedoniae,
1763 3714 1819 3763 et
1863 3714 2014 3764 certe
2044 3709 2101 3764 in

468 3805 585 3844 una
601 3789 829 3846 civitate
845 3789 1064 3863 plures,
1078 3795 1142 3846 ut
1163 3809 1318 3847 nunc
1334 3793 1514 3867 (1340)
1535 3801 1835 3868 putantur,
1850 3797 2104 3869 episcopi

372 3872 375 3879 ’
464 3895 594 3935 esse
625 3896 737 3935 non
770 3885 1056 3951 poterant.
1092 3880 1201 3936 Sed
1236 3883 1375 3953 quia
1404 3884 1637 3939 eosdem
1671 3885 1974 3957 episcopos
2006 3886 2104 3942 illo

464 3966 525 4021 in
547 3972 662 4023 tem
674 3985 827 4041 pore,
846 3985 994 4042 quos
1011 3971 1377 4042 presbyteros
1396 3972 1789 4045 appellabant,
1807 3981 2107 4047 propterea

463 4057 861 4114 indifferenter
891 4058 960 4112 de
990 4058 1301 4131 episcopis,
1328 4060 1495 4131 quasi
1525 4062 1879 4134 presbyteris
1910 4068 1998 4118 est
2029 4063 2107 4119 lo-

464 4146 658 4203 eutus.
690 4146 895 4201 Adhuc
925 4144 1099 4201 alicui
1146 4147 1252 4203 hoc
1298 4147 1564 4203 videatur
1593 4151 1959 4223 ambiguum,
1993 4152 2105 4207 nisi

466 4235 648 4291 altero
679 4233 1013 4289 testimonio
1044 4235 1475 4307 comprobatur.
1511 4238 1573 4291 In
1604 4237 1846 4293 Actibus
1876 4243 2107 4310 aposto-

469 4324 660 4378 lorum
692 4323 978 4395 scriptum
1011 4328 1119 4389 est,
1152 4325 1307 4395 quod
1350 4340 1482 4379 cum
1528 4326 1781 4382 venisset
1811 4327 2109 4397 apostolus

469 4412 686 4469 Paulus
740 4412 1024 4479 Miletum,
1078 4411 1304 4468 miserit
1351 4412 1664 4484 Ephesum,
1718 4419 1773 4471 et
1825 4417 2111 4472 vocaverit

469 4503 839 4575 presbyteros
870 4502 1134 4574 ejusdem
1163 4500 1454 4572 Ecclesiae,
1488 4503 1701 4573 quibus
1732 4510 1928 4575 postea
1962 4504 2112 4559 inter

2206 3358 2563 3424 temporum.
2597 3352 2690 3407 Sic
2731 3356 2926 3407 autem
2977 3358 3218 3408 necesse
3268 3355 3394 3406 erat
3441 3357 3512 3407 ut
3560 3352 3871 3408 carnaliter

2210 3442 2431 3497 eoirent
2456 3442 2631 3496 etiam
2665 3457 2780 3496 non
2806 3440 3072 3496 carnales
3105 3438 3416 3512 prophetas,
3441 3439 3607 3496 sicut
3641 3456 3867 3496 necesse

2211 3535 2353 3599 erat,
2390 3534 2451 3585 ut
2494 3527 2801 3585 carnaliter
2838 3532 3212 3585 vescerentur
3241 3528 3415 3584 etiam
3449 3546 3574 3585 non
3614 3528 3865 3585 carnales

2212 3617 2454 3691 apostoli
2468 3617 2755 3673 .Ecclesiaa
2769 3617 3234 3689 dispensatorem
3256 3614 3367 3673 non
3388 3616 3569 3673 licere
3589 3617 3864 3681 ordinari,

2213 3707 2327 3763 nisi
2347 3706 2520 3761 unius
2540 3703 2736 3761 uxoris
2749 3706 2936 3760 virum
2949 3704 3198 3772 ,acutius
3215 3703 3643 3761 intellexerunt
3656 3706 3757 3778 qui
3778 3722 3863 3761 nec

2213 3812 2369 3864 eum,
2395 3794 2495 3867 qui
2516 3793 2993 3860 catechumenus,
3018 3793 3105 3850 vel
3136 3810 3400 3867 paganus
3422 3793 3718 3851 habuerit
3737 3794 3862 3851 alte-

2216 3902 2362 3955 ram,
2389 3884 2779 3940 ordinandum
2806 3900 2935 3939 esse
2959 3886 3316 3939 censuerunt
3336 3883 3549 3957 (1343).
3579 3888 3663 3939 De
3696 3900 3865 3940 sacra-

2216 3978 2412 4029 mento
2430 3972 2585 4028 enim
2607 3972 2818 4044 agitur,
2838 3989 2950 4027 non
2970 3973 3040 4027 de
3057 3978 3315 4045 peccato.
3330 3971 3477 4026 Nam
3501 3971 3562 4027 in
3586 3972 3865 4046 baptismo

2217 4066 2453 4135 peccata
2474 4061 2672 4117 omnia
2691 4060 3073 4115 dimittuntur
3096 4079 3108 4116 :
3138 4065 3374 4133 propter
3396 4063 3761 4118 sacramenti
3783 4078 3867 4115 au-

2217 4157 2333 4208 tem
2359 4151 2748 4216 sanctitatem,
2769 4150 2922 4205 sicut
2943 4149 3178 4218 femina,
3194 4149 3427 4205 etiamsi
3450 4150 3869 4206 catechumena

2219 4240 2394 4295 fuerit
2417 4238 2639 4305 vitiata,
2666 4255 2779 4293 non
2809 4243 3001 4310 potest
3029 4243 3162 4310 post
3191 4238 3562 4310 baptismum
3598 4239 3753 4295 inter
3777 4236 3866 4293 Dei

2218 4328 2473 4401 virgines
2494 4326 2937 4396 consecrari,ita
2958 4326 3074 4381 non
3097 4327 3349 4382 absurde
3370 4327 3571 4382 visum
3596 4334 3708 4399 est,
3721 4344 3862 4393 eum,

2220 4417 2340 4490 qui‘
2365 4415 2678 4472 excesserit
2708 4432 2954 4471 uxorum
2988 4432 3300 4470 numerum
3331 4413 3729 4487 singularem,
3761 4432 3863 4470 non

2219 4510 2520 4578 peccatum
2554 4504 2788 4576 aliquod
2823 4503 3210 4572 commisisse,
3235 4503 3334 4558 sed
3369 4521 3647 4560 normam
3678 4520 3866 4578 quam-

467 4589 675 4647 Caetera
696 4592 773 4645 sit
796 4591 1026 4646 locutus
1053 4607 1066 4645 :
1095 4612 1121 4641 α
1148 4591 1441 4645 Attendite
1459 4590 1645 4658 vobis,
1666 4598 1722 4646 et
1743 4593 1901 4647 omni
1929 4593 2109 4666 gregi,
2140 4604 2186 4673 Β
2219 4596 2351 4650 dam
2385 4593 2735 4649 sacramenti
2767 4591 3058 4659 amisisse,
3091 4609 3202 4647 non
3235 4592 3305 4646 ad
3338 4592 3465 4647 vitae
3498 4592 3671 4650 bonae
3702 4592 3861 4650 meri-

467 4680 525 4734 in
550 4697 664 4750 quo
682 4696 781 4736 vos
797 4679 1051 4751 Spiritus
1073 4684 1316 4735 sanctus
1339 4679 1534 4751 posuit
1549 4679 1851 4753 episcopos
1874 4698 2110 4754 pascere

467 4766 781 4823 Ecclesium
806 4767 1058 4837 Domini,
1082 4784 1259 4840 quam
1292 4767 1599 4840 acquisivit
1630 4784 1734 4840 per
1752 4769 2109 4842 sanguinem

518 4965 727 5050 ’(1339)
755 4965 965 5048 Verba,
1000 4980 1125 5051 qu?
1157 4969 1488 5090 sequuntur
1515 4980 1703 5049 usque
1733 4966 1804 5021 ad
1836 4970 2058 5049 textum
2096 4984 2109 5023 :

518 5044 521 5054 '
548 5056 671 5090 ams
702 5043 781 5090 est
810 5053 931 5090 sme
948 5052 1199 5090 crzmme.
1266 5053 1337 5090 ινι
1371 5038 1601 5090 Hieron.
1626 5055 1685 5090 in
1718 5037 1865 5090 hanc
1887 5038 2109 5090 Emsto-

468 5043 521 5098 εἰ
548 5036 671 5113 quis
702 5036 781 5093 est
810 5038 931 5113 ciae
948 5036 1199 5113 crimine,
1218 5036 1337 5113 divi
1371 5036 1685 5113 Hieron_.in
1718 5037 1865 5092 hanc
1887 5038 2112 5113 Episto-

470 5108 589 5169 lam
613 5115 773 5167 sunt.
801 5108 1098 5163 Adeantur
1128 5108 1182 5161 in
1216 5108 1364 5182 hanc
1386 5109 1762 5179 quaestionem
1786 5108 2112 5182 responsio-

467 5202 572 5241 nes
595 5183 1021 5253 theologorum,
1046 5185 1101 5234 et
1122 5179 1579 5251 canonistarum,
1602 5197 1729 5251 qua:
1750 5179 1913 5236 Aere'i
1938 5180 2114 5235 haere-

468 5257 580 5313 sim
613 5256 935 5310 confutant.

539 5327 720 5410 (1340)
755 5327 813 5381 In
851 5323 978 5379 cod.
1011 5328 1062 5378 et
1109 5339 1277 5410 itane:
1311 5321 1473 5405 Quod
1504 5324 1937 5410 emepdandum
1971 5339 2110 5410 cep-

469 5393 584 5462 sui,
615 5393 737 5452 tum
774 5412 983 5452 sensus
1015 5393 1221 5465 gratia,
1256 5400 1379 5447 tum
1422 5395 1590 5464 juxta
1638 5393 1944 5449 lectionem
1995 5395 2111 5450 divi

471 5470 802 5540 Hieronymi
835 5468 892 5520 in
930 5468 1076 5520 hanc
1110 5471 1234 5536 Ep.,
1267 5470 1332 5540 et_
1356 5465 1749 5540 hunc_l_ocum,
1785 5467 1954 5540 cujus
2000 5471 2111 5534 est,

474 5541 593 5594 haec
612 5535 1083 5603 sententiu.Quod
1107 5535 1299 5592 autem
1320 5535 1663 5593 habetidem
1678 5538 1845 5593 divus
1857 5537 2112 5608 Hieron,

470 5622 536 5693 ut
558 5615 970 5693 pyncupauntur,
1002 5612 1179 5693 codex
1210 5614 1414 5693 noster
1435 5625 1583 5693 nunc
1621 5618 1890 5693 putantur
1935 5609 2110 5693 legit;

468 5683 718 5742 addatur
744 5680 927 5754 igitur
952 5681 1131 5737 codex
1156 5686 1354 5738 noster
1383 5680 1611 5737 duobus
1643 5680 1781 5753 illis,
1806 5682 1865 5737 in
1896 5680 2113 5752 quibus

2217 4688 2368 4753 tum,
2400 4682 2500 4737 sed
2531 4682 2601 4737 ad
2640 4680 3025 4737 ordinationis
3056 4680 3464 4737 ecclesiasticas
3498 4681 3859 4756 signaculum

2219 4770 2613 4827 necessarium
2627 4811 2639 4823 .

2220 4964 2472 5023 Maurini
2504 4967 2776 5021 asserunt
2805 4962 3021 5019 rectius
3051 4962 3163 5035 legi
3194 4979 3343 5019 nunc
3367 4969 3672 5036 putantur.

2291 5038 2476 5111 (1341)
2506 5036 2694 5091 Verba
2722 5051 2897 5108 quo...
2930 5045 3188 5106 tempore,
3224 5036 3283 5090 in
3330 5035 3452 5092 imo
3502 5053 3690 5111 marg.
3739 5035 3860 5092 cod.

2220 5110 2438 5180 scripta
2468 5112 2627 5163 sunt.

2291 5181 2476 5251 (131.2)
2506 5180 2607 5250 Ag.

2293 5247 2478 5323 (1343)
2508 5247 2629 5305 Non
2661 5248 2921 5323 absurda
2947 5247 3164 5321 opinio,
3197 5252 3253 5304 et
3290 5263 3404 5323 per
3447 5263 3537 5323 ea,
3570 5266 3696 5321 quis
3724 5247 3859 5323 infe-

2223 5319 2347 5378 rius
2376 5319 2672 5393 leguntur,
2706 5319 2925 5376 auctori
2960 5319 3159 5393 nostro
3189 5319 3335 5393 satis
3366 5319 3630 5393 probata,
3662 5338 3695 5376 a
3731 5321 3858 5393 divo

2223 5389 2572 5465 Hieronymo
2593 5391 2788 5447 minus
2806 5393 2952 5446 bene
2969 5391 3154 5457 audit,
3171 5389 3270 5462 qui
3290 5390 3347 5445 in
3366 5389 3528 5465 hunc
3548 5394 3726 5447 locum
3744 5392 3854 5446 ait:

2224 5466 2381 5519 Mulli
2402 5464 2827 5536 superstitiosius
2852 5465 3049 5533 magis,
3073 5478 3236 5533 quam
3263 5464 3640 5536 veriugeiiam
3664 5479 3744 5517 eo:
3761 5470 3860 5531 qui

2223 5553 2347 5591 cum
2372 5534 2599 5607 geniales
2625 5537 2858 5607 fuerint,
2884 5544 2935 5589 et
2963 5551 3138 5589 unam
3167 5548 3395 5607 uxorem
3416 5534 3723 5607 habuerim,
3746 5549 3853 5604 qua

2224 5605 2460 5673 amissa,
2480 5616 2598 5679 post
2620 5605 2951 5679 baptismum
2971 5605 3452 5679 Christi,_q_lteram
3469 5606 3733 5673 dmum,
3754 5618 3857 5675 pl-

2225 5687 2343 5736 tant
2365 5681 2424 5737 in
2452 5676 2751 5736 sacerdotio
2771 5694 2882 5735 non
2907 5678 3175 5749 legendos.
3199 5676 3341 5734 Vide
3361 5692 3491 5749 qua
3512 5680 3848 5749 sequuntur.
