4062 6186
221 336 333 397 709

850 327 1262 390 EXPOSITIO
1306 325 1384 386 IN
1428 323 1850 385 EPISTULAS
1897 324 2156 387 PAULI.
2193 356 2269 373 --
2301 328 2380 389 IN
2426 329 2676 393 EPIST.
2724 336 2829 395 AD
2873 338 3028 398 TIT.

3527 352 3652 411 710

290 490 314 516 ‹‹
347 458 767 520 Aversantium
801 474 866 515 se
919 477 953 515 a
996 460 1236 517 veritate
1267 482 1294 510 »
1329 463 1373 513 A
1421 458 1608 531 gratia
1655 456 1878 512 scilicet
1905 460 1960 525 Α
1991 458 2341 546 doctrinam.
2380 485 2408 511 »
2445 465 2559 520 Hoc
2585 467 2768 538 igitur
2806 487 2962 527 nunc
3000 474 3315 546 Apostolus
3344 481 3543 539 Titum
3579 486 3650 540 fi-

221 558 351 616 Novi
383 549 773 619 Testamenti,
812 567 945 621 quae
979 549 1037 605 in
1062 549 1370 622 Evangelio
1401 546 1651 603 revelata
1680 551 1787 613 est,
1821 554 1878 601 et

219 645 525 721 praedicata
554 639 641 695 vel
703 637 1100 710 imaginibus,
1133 639 1252 694 sive
1308 636 1478 693 dictis
1510 641 1567 692 et
1620 634 1785 691 factis
1815 635 1873 689 in

217 734 400 789 Veteri
446 731 856 786 Testamento.
909 726 1090 798 (1360)
1142 749 1171 776 «
1218 726 1426 782 Omnia
1453 726 1674 780 munda
1704 740 1874 779 mun-

215 824 320 880 dis.
358 844 386 870 ››
416 819 560 883 Quia
588 816 878 889 superius
929 815 1172 870 dixerat.
1211 838 1231 864 ι
1288 818 1434 869 Sunt
1490 815 1644 868 enim
1702 812 1874 868 multi

216 929 325 968 non
360 907 598 974 subditi,
624 903 940 976 vaniloqui
978 908 1036 958 et
1088 903 1443 976 deceptores,
1496 903 1748 958 maxime
1775 902 1874 974 qui

214 1003 278 1056 de
308 994 761 1054 circumcisione
786 997 951 1062 sunt,
988 1015 1010 1043 ι
1048 995 1105 1046 et
1136 993 1207 1047 de
1227 992 1339 1058 his,
1373 991 1474 1063 qui
1500 991 1573 1046 ab
1594 991 1678 1047 eis
1707 992 1873 1046 dece-

212 1088 290 1161 pti
324 1087 571 1150 fuerant,
591 1087 1037 1153 consequenter
1057 1080 1382 1146 addiderat,
1418 1104 1446 1130 «
1479 1079 1716 1152 increpa
1743 1079 1873 1134 illos

213 1177 436 1239 acriter,
464 1177 528 1227 ut
553 1170 678 1226 sani
716 1172 842 1226 sint
872 1171 932 1224 in
970 1169 1100 1235 fide,
1130 1187 1246 1225 non
1278 1171 1646 1225 intendentes
1675 1168 1874 1223 Judai-

214 1265 292 1320 cis
322 1260 533 1318 fabulis
563 1264 619 1314 et
651 1258 959 1313 mandatis
992 1257 1324 1326 hominum,
1361 1258 1753 1314 aversantium
1775 1274 1873 1313 ve-

215 1354 459 1419 ritatem,
496 1370 523 1398 »
556 1352 612 1402 et
642 1347 945 1417 quomodo
978 1346 1051 1400 ad
1102 1345 1341 1402 Galatas
1372 1352 1429 1402 et
1475 1347 1545 1402 ad
1576 1347 1872 1401 Romanos

215 1438 546 1514 plenissime
593 1434 959 1507 disputatur,
1015 1436 1309 1506 putabant
1356 1436 1507 1491 inter
1556 1435 1716 1491 cibos
1747 1451 1873 1491 esse

217 1526 567 1591 distantiam,
598 1539 737 1578 cum
789 1521 973 1593 aliqui
1028 1524 1261 1591 mundi,
1320 1523 1500 1595 aliqui
1538 1525 1876 1579 viderentur

216 1614 533 1679 immundi;
570 1615 880 1683 propterea
918 1626 1077 1665 nunc
1106 1610 1315 1679 infert,
1353 1635 1372 1661 α
1409 1612 1605 1667 omnia
1654 1612 1876 1668 munda

218 1704 464 1775 mundis,
489 1725 515 1751 η
570 1700 663 1757 his
692 1699 987 1763 videlicet,
1037 1701 1138 1771 qui
1177 1702 1243 1755 in
1275 1700 1506 1756 Christo
1538 1702 1786 1756 credunt
1815 1706 1875 1756 et

215 1795 400 1851 sciunt
431 1807 659 1849 omnem
694 1792 1026 1846 creaturam
1057 1789 1163 1844 Dei
1199 1790 1420 1845 bonam
1453 1805 1603 1857 esse,
1637 1794 1694 1845 et
1724 1789 1871 1845 nihil

217 1883 629 1956 abjiciendum,
660 1879 824 1952 quod
876 1894 1015 1934 cum
1056 1879 1392 1950 gratiarum
1423 1879 1647 1935 actione
1680 1879 1869 1951 perci-

254 1975 386 2030 itur.

217 1992 744 2133 pltrgoinquinatis
767 2062 964 2113 autem
981 2062 1034 2112 et
1060 2054 1410 2112 infidelibus
1431 2057 1576 2111 nihil
1598 2062 1685 2112 est
1706 2074 1872 2112 mun-

218 2155 352 2209 dum
387 2176 413 2201 »
448 2151 648 2224 (1361).
681 2146 1061 2219 Coinquinati
1122 2151 1293 2215 sunt,
1344 2150 1400 2200 et
1431 2145 1716 2217 infideles,
1769 2146 1870 2218 qui

217 2260 326 2299 non
345 2241 810 2311 creduntjugum
829 2236 997 2308 legis,
1022 2234 1352 2302 Christum,
1372 2235 1641 2291 donando
1672 2236 1868 2303 fidem,

218 2350 250 2387 a
278 2331 423 2388 collo
454 2327 823 2385 credentium
874 2323 1218 2391 abstulisse,
1269 2324 1328 2378 id
1371 2329 1461 2379 est
1491 2325 1709 2391 omnia,
1743 2341 1871 2395 quae

218 2417 668 2493 temporalaliter
716 2416 779 2470 in
831 2414 1021 2486 figura
1078 2414 1317 2467 fuerant
1364 2412 1500 2467 data
1548 2414 1752 2484 (1362),
1785 2412 1871 2467 illi

218 2510 526 2566 immunda
555 2505 865 2563 vocabant.

287 2600 401 2655 Sed
429 2596 748 2668 inquinata
770 2594 911 2648 sunt
925 2597 1128 2646 eorum
1145 2593 1204 2644 et
1226 2605 1417 2657 mens,
1435 2593 1493 2644 et
1520 2589 1875 2646 conscientia

214 2690 421 2760 (1363).
457 2687 763 2757 Propterea
791 2680 969 2737 etiam
1002 2695 1132 2751 quae
1166 2679 1390 2733 munda
1409 2684 1548 2733 sunt
1577 2696 1679 2751 per
1710 2684 1875 2734 natu-

217 2796 368 2844 ram,
400 2778 483 2833 eis
513 2772 825 2830 immunda
854 2770 1022 2832 fiunt,
1068 2784 1188 2823 non
1217 2783 1332 2839 quo
1365 2767 1739 2824 immundum
1772 2770 1875 2825 fiat

214 2867 463 2941 aliquid,
495 2865 595 2920 sed
627 2878 731 2936 pro
763 2858 1046 2932 qualitate
1075 2856 1460 2924 vescentium,
1494 2862 1552 2913 et
1585 2859 1873 2915 mundum

212 2956 459 3013 mundis
488 2958 545 3009 et
573 2949 950 3007 immundum
982 2944 1404 3002 contaminatis
1439 2945 1557 3001 ﬁat.
1596 2946 1875 3018 Alioquin

214 3044 489 3101 infideles
520 3056 785 3113 quosque
815 3042 989 3107 atque
1010 3034 1289 3107 pollutos,
1313 3034 1487 3088 etiam
1511 3035 1682 3106 panis
1706 3037 1877 3092 bene-

213 3134 515 3198 dictionis,
544 3134 600 3185 et
629 3128 778 3184 calix
834 3124 1170 3181 Dominicus
1221 3139 1337 3177 non
1378 3124 1568 3193 juvat,
1602 3125 1741 3195 quia
1772 3127 1871 3198 qui

213 3225 466 3295 indigne
512 3215 828 3275 comederit
872 3215 943 3270 de
974 3229 1123 3285 pane
1166 3210 1265 3267 illo
1296 3216 1352 3267 et
1383 3213 1451 3266 de
1503 3212 1679 3268 calice
1710 3214 1869 3271 bibe-
1903 3200 1946 3267 C

214 3312 311 3378 rit,
341 3309 639 3382 judicium
663 3305 777 3362 sibi
808 3302 1127 3358 manducat
1156 3303 1213 3355 et
1243 3300 1390 3355 bibit
1417 3301 1462 3371 (ι
1490 3304 1613 3357 Cor.
1650 3320 1726 3369 χι,
1758 3307 1871 3376 27).

211 3402 488 3457 Adventu
520 3396 675 3452 enim
702 3391 914 3449 Christi
945 3393 1194 3462 purgata
1223 3392 1363 3444 sunt
1393 3390 1611 3445 omnia.

287 3513 318 3541 α
357 3486 724 3544 Conﬁtentur
753 3498 816 3537 se
847 3496 1020 3535 nosse
1066 3478 1272 3548 Deum,
1325 3476 1493 3533 factis
1538 3484 1730 3535 autem
1773 3499 1871 3538 ne-

209 3582 385 3651 gant.
420 3600 447 3627 ‹‹
494 3573 799 3630 Neminem
848 3568 1025 3635 enim,
1082 3566 1162 3622 ita
1214 3571 1279 3621 ut
1326 3582 1407 3634 se,
1465 3567 1668 3624 dicunt
1699 3587 1872 3628 nosse

206 3667 543 3731 Christum,
587 3660 802 3734 quibus
834 3673 902 3714 ex
931 3657 1057 3729 lege
1089 3655 1417 3728 promissus
1446 3660 1553 3725 est,
1576 3658 1675 3713 sed
1700 3659 1869 3717 factis

207 3760 441 3830 negant
470 3753 784 3809 adventum
832 3747 960 3818 ejus
1010 3746 1216 3817 (1364),
1265 3746 1407 3799 dum
1456 3763 1518 3800 se
1567 3747 1692 3802 sine
1722 3748 1870 3821 legis

203 3844 437 3901 auxilio
467 3845 675 3915 putant
698 3834 1014 3909 justificari
1046 3852 1159 3890 non
1192 3850 1384 3905 posse.

284 3955 307 3982 α
348 3936 495 3987 Cum
528 3930 643 3986 sint
672 3925 1014 3989 abominati,
1036 3921 1503 3993 etincredibiles,
1525 3927 1581 3977 et
1599 3925 1670 3979 ad
1694 3943 1866 3985 omne

200 4040 365 4096 opus
403 4021 617 4076 bonum
635 4014 867 4089 reprobi
892 4035 918 4062 ››
940 4013 1147 4083 (1365).
1174 4011 1474 4075 Quomodo
1496 4012 1676 4083 igitur
1694 4013 1867 4074 labiis

202 4114 349 4184 quis
389 4110 633 4165 honorat
693 4111 897 4174 Deum,
947 4106 1006 4156 et
1035 4102 1208 4156 corde
1237 4099 1438 4172 procul
1497 4101 1731 4169 recedit,
1783 4105 1866 4162 ita

199 4208 404 4258 Deum
451 4211 718 4253 sermone
770 4194 903 4265 quis
935 4190 1271 4257 conﬁtetur,
1328 4188 1604 4261 operibus
1667 4200 1861 4265 negat.

198 4290 451 4362 Negans
481 4290 672 4340 autem
697 4281 970 4354 operibus
993 4279 1200 4346 Deum,
1233 4277 1597 4334 confessione
1628 4280 1865 4338 simula-

198 4384 282 4443 ta,
324 4379 488 4432 recte
545 4369 918 4429 exsecrabilis
976 4373 1033 4424 et
1089 4367 1368 4439 profanus
1412 4371 1531 4423 est:
1591 4374 1647 4424 et
1703 4371 1866 4429 nulla

193 4464 475 4524 veritatis
488 4462 708 4518 ratione
734 4474 1073 4532 persuasus,
1093 4456 1433 4512 inobediens
1451 4461 1507 4510 et
1528 4456 1862 4516 incredulus

196 4552 565 4628 appellatur.
601 4549 766 4605 Unde
799 4547 989 4604 evenit
1018 4550 1083 4602 ut
1121 4546 1192 4601 ad
1241 4560 1414 4600 omne
1464 4561 1612 4615 opus
1642 4546 1860 4604 bonum

197 4642 505 4717 reprobus
535 4639 610 4696 sit
638 4664 652 4707 ;
687 4654 801 4710 quo
834 4636 1058 4693 scilicet
1086 4634 1261 4689 etiam
1318 4631 1573 4703 illa,quae
1606 4635 1863 4691 naturali

193 4733 475 4788 bonitate
560 4731 869 4799 superatus
948 4726 1093 4779 forte
1162 4722 1315 4778 bona
1386 4721 1584 4793 aliqua
1642 4724 1861 4793 fecerit,

192 4838 321 4877 non
387 4818 504 4874 sint
532 4819 705 4887 bona,
742 4817 884 4871 dum
915 4812 1131 4869 mentis
1173 4810 1550 4884 perversitate
1596 4817 1735 4867 sunt
1764 4830 1858 4869 re-

192 4911 443 5069 “238;.
470 4995 559 5067 II.)
598 5018 619 5045 ι
656 4995 742 5050 Tu
774 4999 969 5050 autem
999 4991 1238 5063 loquere
1260 5005 1388 5060 quae
1418 4988 1625 5044 decent
1654 5005 1860 5046 sanam

300 5122 468 5193 1360)
498 5122 581 5176 1h.
1004 5189 1014 5199 ο
1051 5190 1061 5198 .
1317 5185 1350 5196 η

303 5194 469 5264 1361)
500 5194 584 5247 Αη
605 5209 624 5247 .·
660 5209 787 5264 quae
819 5194 1102 5262 exposxtio
1134 5186 1353 5259 Pelagii
1386 5190 1497 5242 est.

303 5195 441 5249 1361
500 5195 584 5247 Αη
605 5209 624 5247 .·
660 5209 787 5264 quae
819 5195 1102 5262 expositio
1134 5195 1219 5243 Pe.

302 5195 469 5335 1362)
500 5264 673 5320 Deest
703 5266 968 5333 fortasse,
1000 5270 1053 5317 et
1079 5275 1219 5331 quat.

270 5339 738 5483 Elggzg_l’,featus
788 5407 882 5483 hic
925 5402 1344 5483 Pelagii,nseu_
1377 5398 1863 5483 Hieronymiastri

188 5471 315 5547 est,
355 5471 459 5550 qui
484 5478 567 5534 ita
597 5478 808 5554 habet:
842 5479 908 5534 Se
936 5471 1136 5554 melius
1154 5474 1441 5554 Christum
1462 5471 1659 5554 dzcunt
1686 5488 1860 5554 nosse,

186 5562 255 5611 ut
298 5542 426 5620 ιερθ
466 5549 980 5628 promissamsed
1024 5548 1215 5628 (actis,
1242 5549 1349 5628 etp.
1379 5542 1719 5628 ‘Legendum
1752 5542 1862 5628 ita;

186 5615 682 5701 que,éeu'potius
713 5615 1161 5696 intelligendum
1183 5618 1255 5673 de
1283 5615 1524 5688 Judaeis,
1546 5615 1647 5687 qui
1675 5617 1859 5674 nemi-

1983 545 2127 602 lium
2164 551 2220 605 in
2254 552 2484 608 Christo
2508 559 2565 609 et
2596 556 2955 629 discipulum
2980 545 3155 619 suum
3179 567 3364 640 docet,
3392 576 3457 626 ut
3477 589 3547 627 ea
3564 573 3649 629 lo-

1998 642 2216 707 quatur
2248 657 2375 712 quae
2407 658 2568 697 sanes
2600 649 2950 705 conveniant
2980 652 3293 725 doctrinae;
3342 660 3482 730 quia
3506 665 3650 719 tunc

1986 723 2261 783 doctrinae
2293 729 2372 785 sit
2398 730 2647 801 sanitas,
2692 738 3105 797 cumedoctoris
3136 723 3402 802 doctrina
3430 750 3655 820 pariter

1985 817 2043 868 et
2061 815 2182 871 vita
2212 820 2617 876 consentiunt.

2056 920 2241 995 (1366)
2272 946 2301 975 ‹‹
2331 929 2535 992 Senes,
2572 934 2629 982 ut
2665 930 2842 987 sobrii
2877 934 3015 990 sint.
3049 959 3076 987 »
3113 938 3215 995 Hic
3260 958 3430 1000 senes
3455 945 3650 1004 Eccle-

1984 1008 2082 1063 sia:
2111 1011 2369 1067 seniores
2391 1014 2673 1085 appellat,
2697 1033 2843 1088 quos
2867 1038 3105 1080 necesse
3132 1031 3221 1082 est
3239 1030 3514 1089 omnibus
3541 1034 3657 1091 for-

1986 1113 2144 1153 mam
2196 1102 2479 1171 praebere,
2528 1119 2603 1158 ne
2644 1106 2982 1174 junioribus
3035 1114 3257 1171 malum
3315 1122 3645 1195 exemplum

1984 1187 2298 1256 praebeant.

2056 1298 2082 1323 ‹‹
2118 1278 2343 1345 Pudici,
2380 1282 2728 1350 prudentes,
2761 1291 2889 1341 sani
2925 1289 2983 1343 in
3012 1290 3160 1360 fide;
3204 1296 3263 1350 in
3297 1299 3647 1374 dilectione;

1982 1364 2040 1418 in
2067 1368 2353 1435 patientia
2382 1369 2597 1441 (1467).
2634 1394 2661 1421 ››
2712 1377 3070 1435 Generaliter
3098 1382 3223 1440 Tito
3275 1395 3409 1444 ante
3441 1364 3651 1463 praaci;

1985 1453 2154 1524 piens
2186 1456 2326 1526 quid
2372 1457 2505 1528 ipse
2554 1459 2710 1531 loqui
2756 1465 2994 1522 deberet
3042 1471 3113 1525 ad
3160 1481 3421 1545 cunctos,
3441 1453 3524 1536 .in
3555 1499 3644 1551 eo,

1986 1544 2142 1613 quod
2178 1544 2299 1599 ait:
2360 1567 2388 1593 ‹‹
2420 1547 2508 1601 Tu
2541 1565 2676 1605 vero
2725 1551 2961 1623 loquere
3011 1573 3142 1628 quae
3188 1544 3413 1620 decent
3441 1544 3646 1627 sanam

1984 1632 2334 1688 doctrinam.
2361 1657 2390 1682 ››
2415 1636 2588 1691 Nunc
2612 1655 2714 1709 per
2734 1642 2999 1713 singulas
3022 1649 3411 1723 species.quid
3439 1675 3649 1714 unam-

1984 1737 2283 1793 quamque
2312 1727 2546 1781 aetatem
2568 1728 2769 1784 deceat
2795 1747 2806 1797 ;
2832 1735 3099 1804 exponit;
3126 1740 3381 1809 primum
3404 1748 3648 1804 senibus

1985 1809 2121 1865 viris
2146 1813 2589 1883 convenientia;
2617 1817 2826 1874 deinde
2848 1837 2997 1878 anus
3028 1827 3166 1895 quid
3190 1829 3389 1887 deceat
3414 1859 3427 1900 ;
3450 1838 3643 1907 tertio,

1982 1915 2109 1969 quae
2133 1898 2611 1959 adolescentibus
2631 1910 2768 1977 apta
2791 1908 2929 1978 sint,
2949 1916 3068 1967 tam
3094 1917 3355 1975 maribus
3378 1898 3647 1980 videlicet

1983 2004 2161 2059 quam
2194 1989 2428 2045 feminis
2455 2009 2468 2059 ;
2504 1993 2646 2048 licet
2677 1995 2735 2049 in
2769 2005 3049 2071 praecepto
3071 2004 3383 2065 mulierum
3415 1998 3644 2069 vetula;-

1982 2091 2112 2129 rum
2148 2075 2217 2129 de
2248 2076 2729 2137 adolescentibus
2752 2084 2984 2143 feminis
3007 2093 3283 2150 mandata
3304 2098 3643 2169 subjecerit,

1982 2169 2047 2219 ut
2079 2181 2195 2218 non
2225 2169 2342 2220 tam
2376 2167 2503 2238 ipse
2536 2171 2773 2226 doceret
2788 2175 3273 2255 adolescentulus,
3293 2167 3472 2256 quam
3501 2167 3642 2262 quid

1983 2271 2015 2307 a
2047 2253 2255 2309 vetulis
2277 2256 2631 2313 docerentur
2659 2270 2987 2333 exponeret.
3032 2253 3403 2331 Extrema—de
3434 2253 3640 2347 servis,

1982 2346 2039 2397 et
2070 2359 2172 2413 per
2200 2344 2463 2415 singulas
2501 2351 2727 2417 aetates,
2761 2357 2817 2407 et
2863 2356 3225 2415 conditiones
3257 2362 3340 2417 sic
3370 2344 3644 2426 decenter

1982 2436 2267 2503 prmcepta
2296 2435 2710 2506 constituit,ut
2732 2458 2924 2499 sermo
2955 2446 3114 2516 ejus;
3135 2449 3258 2506 vitae
3290 2469 3642 2532 morumque

1983 2519 2059 2575 sit
2090 2520 2308 2586 regula.

2055 2650 2081 2676 ‹‹
2116 2630 2276 2683 Anus
2308 2629 2586 2687 similiter
2617 2634 2677 2690 in
2711 2637 2913 2695 habitu
2946 2649 3147 2701 sancto
3178 2648 3359 2725 (1368)
3393 2678 3419 2705 «
3456 2657 3518 2713 Id
3550 2664 3642 2715 est

1985 2732 2111 2786 qum
2144 2716 2513 2789 eligebantur
2544 2723 2616 2777 ad
2677 2726 2924 2784 aliarum
2958 2716 3312 2808 exemplum.
3343 2716 3460 2800 ’Est
3507 2764 3643 2821 ergo

1984 2805 2221 2861 habitus
2270 2823 2384 2861 non
2418 2815 2684 2881 sanctus,
2719 2816 2790 2871 de
2846 2835 2961 2889 quo
3020 2805 3158 2879 alibi
3218 2828 3398 2887 dicit:
3452 2857 3479 2884 «
3512 2805 3639 2894 Nan

1986 2894 2045 2948 in
2104 2895 2273 2949 tortis
2332 2895 2617 2967 crinibus,
2680 2907 2781 2959 aut
2839 2914 2994 2963 veste
3056 2915 3312 2982 pretiosa
3365 2924 3437 2989 (II
3498 2926 3632 2984 Tim.

1987 2999 2046 3048 ιι,
2077 2983 2153 3051 9).
2190 3005 2218 3032 »

2058 3094 2084 3119 ‹‹
2120 3071 2243 3126 Non
2278 3072 2727 3150 criminatrices,
2764 3104 2793 3130 »
2826 3082 2880 3138 id
2914 3090 3003 3141 est
3032 3104 3102 3143 ne
3146 3092 3236 3147 vel
3284 3100 3519 3169 cognita
3548 3105 3636 3160 vel

1988 3160 2282 3232 incognita
2317 3160 2567 3220 aliorum
2600 3175 2857 3238 peccata,
2892 3176 3063 3245 quasi
3093 3160 3387 3253 convicia:
3406 3190 3541 3248 aliis
3574 3194 3631 3249 in

1986 3248 2127 3305 facie
2157 3251 2473 3321 proferant.

2058 3359 2086 3388 ‹‹
2116 3338 2241 3394 Non
2273 3339 2405 3394 vino
2466 3341 2650 3399 multo
2709 3348 3043 3408 servientes.
3108 3380 3128 3408 ι
3176 3361 3286 3415 Sed
3334 3367 3629 3426 modicum

1983 3428 2054 3483 ad
2087 3427 2464 3485 sobrietatem
2526 3437 2762 3505 propter
2807 3438 3057 3499 salutem
3105 3452 3364 3521 corporis
3423 3456 3628 3515 biben-

1979 3520 2088 3572 tes.

2053 3628 2079 3655 «
2113 3604 2267 3663 Bene
2300 3607 2591 3666 docentes.
2648 3613 2859 3672 Docere
2914 3618 3043 3676 illas
3073 3628 3375 3701 permisit;
3410 3636 3510 3690 sed
3543 3637 3630 3693 fe-

1980 3694 2194 3762 minas,
2228 3701 2284 3751 et
2316 3696 2424 3753 hoc
2454 3714 2570 3755 non
2601 3700 2659 3756 in
2692 3705 2968 3779 Ecclesia,
2994 3713 3092 3767 sed
3122 3694 3396 3786 privatim
3429 3722 3488 3779 in
3519 3743 3626 3782 suo

1976 3799 2117 3840 sexu
2126 3826 2140 3839 .

2048 3895 2075 3922 «
2107 3873 2599 3947 Adolescentulas,
2633 3884 2697 3935 ut
2725 3882 2879 3939 viros
2910 3902 3048 3943 suos
3080 3900 3296 3951 ament.
3337 3922 3366 3949 ››
3409 3901 3480 3956 Ut
3510 3920 3625 3960 non

1977 3960 2218 4029 alienos,
2254 3963 2374 4029 sive
2405 3965 2544 4036 quia
2573 3966 2782 4040 aliqua;
2833 3976 3199 4035 continentes
3248 3993 3415 4042 erant
3446 4007 3537 4059 ne,
3573 3994 3624 4048 si

1976 4066 2092 4104 non
2124 4050 2429 4123 diligerent
2458 4053 2609 4110 viros
2659 4074 2818 4126 suos,
2869 4063 3110 4120 verbum
3160 4069 3284 4139 Dei,
3316 4050 3620 4148 tamquam

1975 4137 2286 4195 dissidium
2320 4142 2663 4212 praedicans,
2695 4146 3049 4220 culparetur.

2048 4264 2077 4293 «
2107 4245 2451 4315 Prudentes,
2484 4252 2695 4323 castas,
2745 4255 2991 4327 sobrias,
3027 4259 3238 4319 domus
3286 4282 3486 4326 curam
3519 4271 3623 4328 ha-

1973 4332 2198 4401 bentes,
2229 4356 2257 4385 ι)
2292 4353 2364 4391 ne
2392 4337 2545 4393 viros
2577 4356 2716 4397 suos
2751 4343 2810 4398 in
2838 4343 3031 4417 aliquo
3064 4354 3466 4415 constristent.

2046 4461 2074 4488 «
2108 4440 2416 4515 Beniguas,
2450 4446 2719 4505 subditas
2748 4452 2889 4509 viris
2921 4455 3067 4526 suis,
3101 4464 3167 4514 ut
3197 4479 3312 4518 non
3344 4465 3621 4539 blasphe-

1972 4534 2166 4585 metur
2184 4532 2429 4588 verbum
2453 4534 2575 4604 Dei,
2611 4559 2640 4586 »
2672 4555 2763 4607 ne,
2792 4541 2880 4596 vel
2914 4543 3026 4614 ipsi
3048 4532 3548 4627 blasphemarent,
3569 4558 3621 4613 si

1973 4619 2333 4692 negligentes
2364 4629 2583 4696 essent,
2604 4627 2692 4682 vel
2714 4628 2810 4682 alii
2831 4630 3090 4690 videntes
3113 4619 3209 4693 eas
3234 4642 3460 4712 pejores
3491 4619 3623 4702 effe-

1974 4712 2118 4777 ctas,
2150 4726 2330 4781 quam
2363 4712 2596 4770 fuerant
2641 4719 3003 4790 ante’ﬁdem,
3050 4724 3427 4789 detraherent
3455 4734 3621 4790 Chri-

1974 4796 2175 4852 stianaa
2206 4799 2474 4872 religioni
2495 4804 2703 4877 (1369).

2044 4903 2106 4957 In
2139 4920 2204 4959 eo
2235 4921 2390 4977 vero,
2426 4909 2579 4978 quod
2612 4912 2885 4983 superius
2916 4915 3025 4972 ait:
3062 4942 3091 4970 «
3112 4921 3274 4980 Anus
3297 4926 3620 4984 similiter»

1970 4991 2174 5064 (1370),
2209 4993 2318 5049 hoc
2349 5000 2438 5050 est
2468 4998 2549 5053 ita
2576 5003 2641 5054 ut
2670 4999 2775 5055 viri
2806 5018 2974 5060 senes
2998 5007 3058 5063 in
3076 5013 3354 5072 omnibus
3384 5016 3618 5090 sobria,

1972 5133 2391 5261 neEpBéeguIehac
2417 5120 2549 5194 ipsi,
2585 5128 2923 5184 asserebant
2953 5148 3125 5190 nosse
3156 5136 3471 5195 Christum.

2045 5260 2232 5330 (1366)
2259 5264 2370 5317 AN.

2070 5333 2227 5388 1367)
2263 5336 2343 5388 lh.

2070 5404 2226 5460 1368)
2258 5406 2363 5460 An.

2360 5479 2485 5535 cod.
2521 5478 2893 5541 Christianam
2922 5486 3261 5560 religionem.
