4062 6186
407 306 560 376 711,

1420 286 1758 348 ATTONIS
1803 278 2394 344 VERCELLENSIS
2441 277 2789 338 EPISCOPI

3702 277 3804 335 ⁸112

418 438 693 498 honestae,
730 428 974 501 pudicae,
1027 441 1182 480 sanas
1213 422 1273 476 in
1309 421 1440 486 (ide,
1473 423 1529 473 et.
1556 416 1822 472 castitate
1851 412 2058 501 (1371),
2090 414 2144 476 Α
2175 426 2273 463 eos
2296 409 2464 479 (Ρδαέ.
2492 425 2582 473 av,
2615 408 2690 477 8).
2723 430 2750 456 »
2782 409 2919 501 Quae
2947 406 3138 478 gratia
3167 407 3439 462 omnibus
3477 406 3806 463 hominibus

417 529 475 580 et
506 499 887 593 patientia,ut
908 532 1020 570 non
1045 513 1165 568 sint
1191 507 1596 574 accusatrices,
1624 523 1738 560 non
1761 504 1890 557 vino
1916 499 2061 593 mul-

418 617 473 666 to
506 589 860 670 servientes,
913 605 1058 658 bene
1110 601 1408 662 docentes,
1461 600 1517 650 et
1547 595 1602 648 in
1637 610 1775 648 sexu
1813 607 1920 646 suo
1953 589 2064 643 hoc

424 699 678 755 habeant
704 693 1026 767 proprium,
1061 694 1124 744 ut
1155 690 1274 743 sint
1303 686 1359 740 in
1393 684 1597 739 habitu
1631 687 1852 737 sancto.

481 812 507 838 ‹‹
540 786 791 842 Juvenes
841 780 1119 837 similiter
1159 777 1482 837 exhortare,
1517 779 1580 828 ut
1637 769 1820 825 sobrii
1853 768 1994 822 sint.
2032 787 2060 816 »

410 879 578 934 Sicut
606 876 666 930 in
699 890 785 941 eo,
818 870 973 942 quod
1008 885 1187 939 supra
1218 867 1588 936 praeceperat,
1623 860 1824 914 dicens
1852 881 1871 904 ιι
1898 859 2059 910 Anus

413 965 684 1022 similiter
722 963 778 1015 in
812 959 1013 1014 habitu
1047 961 1270 1020 sancto,
1297 976 1324 1002 »
1359 950 1808 1008 similitudinem
1838 959 2059 1000 anuum

415 1055 750 1109 dixeramus
783 1050 852 1103 ad
887 1063 1054 1103 senes
1086 1061 1212 1100 esse
1245 1041 1644 1104 referendam;
1705 1037 1788 1091 ita
1818 1050 1972 1088 nunc
2003 1032 2060 1085 in

415 1161 481 1199 eo
513 1142 664 1214 quod
701 1138 934 1194 intulit:
961 1160 987 1186 «
1011 1138 1255 1190 Juvenes
1289 1129 1560 1186 similiter
1581 1127 1832 1190 hortare,
1862 1128 1925 1176 ut
1955 1139 2062 1192 pu-

418 1233 533 1288 dici
559 1231 699 1296 sint,
734 1251 761 1276 »
794 1223 1242 1282 similitudinem
1269 1221 1552 1290 juvenum
1578 1217 1648 1270 ad
1673 1231 1841 1278 anus,
1875 1216 1931 1266 et
1964 1226 2063 1280 per

425 1309 572 1379 anus
607 1320 677 1374 ad
702 1333 869 1372 senes
894 1314 1247 1369 arbitramur
1276 1307 1611 1380 aptandam,
1635 1308 1700 1358 ut
1723 1316 1930 1357 senum
1958 1299 2061 1352 ha-

421 1415 598 1469 beant
639 1407 1034 1470 sobrietatem,
1067 1406 1124 1454 et
1176 1397 1405 1453 honesti
1464 1395 1600 1457 sint,
1642 1396 1699 1446 et
1756 1387 1971 1462 pudici,
2006 1391 2063 1442 et

421 1501 549 1558 sani
589 1499 647 1552 in
679 1496 810 1565 ﬁde,
863 1497 919 1547 et
965 1488 1266 1553 cbaritate,
1317 1491 1374 1540 et
1421 1482 1741 1556 patientia;
1775 1485 1838 1534 ut
1867 1477 2059 1550 pudici

422 1591 543 1646 sint
571 1588 633 1641 in
650 1582 944 1648 omnibus,
969 1585 1088 1634 tam
1111 1576 1329 1632 scilicet
1363 1577 1575 1637 mente,
1599 1586 1774 1642 quam
1800 1582 2059 1636 corpore,

419 1684 538 1734 tam
572 1690 760 1747 opere,
795 1686 971 1742 quam
1005 1664 1387 1738 cogitatione;
1421 1665 1485 1716 ut
1532 1659 1694 1714 nulla
1724 1657 1800 1712 sit
1832 1655 1886 1709 in
1921 1655 2056 1708 ado-

413 1766 669 1823 lescente
702 1758 957 1830 suspicio
981 1751 1384 1826 turpitudinis.

489 1879 514 1905 ‹‹
552 1859 613 1907 In
637 1849 912 1906 omnibus
933 1845 1187 1916 teipsum
1211 1842 1400 1912 praebe
1422 1835 1751 1908 exemplum
1775 1836 2059 1890 bonorum

419 1959 682 2015 operum,
722 1962 748 1988 ››
781 1935 936 1992 Nihil
967 1933 1123 1989 enim
1149 1931 1386 2002 prodest
1407 1927 1660 1998 aliquem
1685 1923 2059 1979 exercitatum

413 2012 541 2087 esse
574 2031 631 2085 in
664 2027 926 2093 dicendo,
960 2028 1016 2079 et
1045 2019 1492 2090 adloquendum
1523 2012 2057 2084 trivisselinguam,

410 2123 526 2178 nisi
555 2120 686 2192 plus
714 2114 975 2187 exemplo
1007 2109 1286 2176 docuerit,
1321 2123 1494 2178 quam
1526 2104 1718 2157 verbo.

485 2235 510 2258 ‹‹
547 2190 754 2263 Servos
786 2203 1042 2259 dominis
1072 2199 1196 2255 suis
1227 2196 1498 2251 subditos
1523 2210 1670 2248 esse.
1702 2193 1758 2244 in
1783 2190 2059 2244 omnibus

413 2299 730 2370 placentes,
764 2309 878 2348 non
911 2287 1392 2350 contradicentes,
1428 2299 1540 2337 nou
1574 2281 1933 2347 fraudantes,
1957 2279 2054 2332 sed

413 2365 473 2442 in
507 2383 782 2440 omnibus
807 2380 980 2434 fidem
1002 2376 1213 2431 bonam
1240 2371 1634 2434 ostendentes,
1657 2365 2056 2420 utdoctrinain

413 2471 729 2531 Salvatoris
752 2468 933 2524 nostri
964 2465 1064 2550 Dei
1088 2467 1294 2518 ornent
1315 2461 1372 2513 in
1405 2457 1697 2513 omnibus.
1726 2479 1745 2502 η
1774 2453 2061 2520 Quoniam

415 2562 722 2624 Dominus,
755 2562 812 2614 et
843 2541 1108 2612 Salvator
1139 2555 1357 2615 noster,
1385 2547 1485 2618 qui
1517 2546 1574 2598 in
1602 2543 1906 2614 Evangelio
1938 2541 2055 2595 ait:

417 2650 682 2705 «Venite
731 2648 803 2701 ad
853 2661 945 2699 me
978 2657 1201 2704 omnes,
1249 2637 1348 2709 qui
1381 2633 1679 2700 laboratis,
1729 2637 1787 2686 et
1833 2629 2056 2685 onerati

413 2740 575 2803 estis,
609 2742 665 2792 et
696 2752 800 2807 ego
832 2731 1089 2788 reﬁciam
1121 2745 1223 2783 vos
1262 2726 1476 2796 (Matth.
1513 2740 1590 2789 x1,
1619 2721 1733 2792 28),
1769 2743 1796 2770 »
1831 2719 2054 2774 nullam

414 2826 831 2888 conditionem,
865 2825 1113 2888 zetatem,
1165 2832 1390 2880 sexum,
1425 2831 1459 2870 a
1504 2809 1864 2866 beatitudine
1897 2808 2056 2862 arbi-

410 2921 600 2973 tratur
628 2914 882 2970 alienum
910 2927 922 2965 :
949 2912 1251 2982 propterea
1279 2920 1432 2958 nunc
1461 2899 1772 2973 Apostolus
1797 2902 1853 2952 et
1873 2897 2056 2952 servis

408 3009 696 3079 praecepta
751 2997 1076 3065 constituit,
1137 2993 1376 3058 scilicet,
1441 2996 1504 3045 ut
1557 2988 1706 3079 parti
1764 2985 2052 3079 Ecclesiae,

410 3075 808 3164 membrisque
840 3086 1098 3159 corporis
1118 3082 1351 3140 Christi.
1370 3081 1436 3134 Et
1459 3077 1750 3149 quomodo
1783 3075 2053 3147 superius

413 3144 730 3164 """'"“"’l
749 3144 770 3145 η
793 3144 798 3145 ⁷
942 3144 960 3159 ι
1476 3144 1493 3149 -
1859 3144 1875 3147 _

413 3201 581 3252 anus,
617 3176 1105 3239 adolescentulas,
1148 3175 1414 3244 juvenes,
1459 3163 1595 3238 quid
1629 3167 1792 3221 Titus
1823 3164 2052 3220 erudire
2084 3144 2125 3208 (ἶ

413 3273 642 3342 debere,
674 3267 943 3332 edocuit;
971 3265 1053 3318 ita
1083 3277 1238 3316 nunc
1263 3258 1442 3314 servis
1466 3263 1600 3328 apta
1621 3259 1902 3327 prmcepta
1924 3270 2054 3308 con-

418 3359 635 3415 stituit:
672 3357 929 3429 primum
955 3359 1019 3407 ut
1049 3349 1266 3405 subditi
1291 3347 1406 3402 sint
1424 3344 1678 3400 dominis
1701 3343 1824 3398 suis
1847 3342 1903 3396 in
1929 3359 2052 3397 om-

413 3449 588 3504 nibus
614 3465 627 3513 ;
652 3447 708 3500 in
738 3444 828 3498 his
850 3449 1045 3497 autem
1069 3437 1363 3501 omnibus,
1383 3452 1508 3505 quae
1533 3451 1644 3487 non
1672 3439 1810 3486 sunt
1830 3439 2054 3488 contra-

414 3535 500 3589 ria
529 3535 664 3602 Deo,
700 3539 763 3586 ut
794 3532 841 3585 si
877 3530 1150 3584 dominus
1181 3543 1248 3579 ea
1272 3525 1457 3592 jubet,
1493 3540 1618 3592 quae
1667 3539 1778 3575 non
1814 3523 1932 3575 sint
1953 3523 2053 3576 ad-

411 3639 579 3678 versa
600 3621 828 3690 Scriptu
841 3619 917 3672 ris
943 3611 1540 3681 sanctis,subjicintur
1565 3625 1765 3664 servus
1787 3611 2052 3679 domino;

416 3712 462 3767 si
492 3727 624 3766 vero
657 3706 949 3763 contraria
972 3702 1249 3776 praecipit,
1295 3699 1482 3770 magis
1513 3699 1745 3754 obediat
1792 3699 2054 3768 spiritus,

414 3817 591 3872 quam
625 3796 882 3868 corporis
898 3792 1156 3849 domino.
1179 3790 1494 3860 Diligenter
1510 3787 1788 3843 attendite
1812 3805 2053 3858 quomo-

418 3890 489 3945 do
521 3903 780 3958 congrua
809 3881 1073 3957 personis
1122 3883 1404 3952 praecepta
1452 3877 1757 3931 decernat:
1800 3897 1819 3922 «
1873 3877 2055 3948 Servi,

412 3977 604 4050 inquit
633 3975 888 4031 dominis
921 3972 1042 4026 suis
1074 3967 1291 4025 subditi
1325 3967 1443 4021 sint
1471 3965 1528 4020 in
1562 3966 1855 4020 omnibus.
1894 3988 1920 4014 ››

485 4091 513 4118 ‹‹
545 4066 829 4139 Apparuit
860 4062 1014 4118 enim
1048 4059 1234 4132 gratia
1268 4057 1362 4111 Dei
1386 4054 1702 4111 Salvatoris
1726 4055 1907 4109 nostri
1938 4071 2056 4110 om-

412 4159 587 4212 nibus
603 4154 942 4210 hominibus
967 4149 1240 4205 erudiens
1263 4162 1387 4200 nos.
1407 4168 1434 4192 »
1458 4143 1941 4215 Postcatalogum
1961 4145 2055 4198 do-

410 4247 608 4301 ctrinas
644 4245 713 4297 ad
735 4244 954 4304 Titum,
990 4239 1130 4310 quid
1162 4253 1353 4299 senes,
1385 4233 1524 4304 quid
1550 4249 1719 4301 anus,
1745 4233 1884 4302 quid
1916 4234 2052 4292 ado-

408 4331 781 4398 lescentulas,
833 4330 1173 4400 etjuvenes,
1227 4323 1366 4395 quid
1395 4323 1460 4375 ad
1505 4327 1823 4376 extremum
1859 4338 2052 4376 servos

406 4422 638 4477 erudire
670 4421 926 4484 deberet,
947 4419 1098 4470 recte
1119 4428 1274 4468 nunc
1290 4409 1489 4464 intulit
1506 4426 1517 4463 :
1536 4432 1562 4458 ‹‹
1589 4409 1874 4480 Apparuit
1895 4410 2049 4464 enim

2176 498 2303 552 ideo
2337 499 2629 568 apparuit,
2665 499 2728 550 ut
2759 496 3015 550 erudirct
3046 512 3173 551 nos.

2245 588 2428 657 (i372)
2464 609 2491 636 ‹‹
2542 586 2615 641 Ut
2638 587 2991 656 abnegantes
3015 585 3394 656 impietatem,
3426 591 3486 640 et
3517 585 3810 641 saecularia

2173 675 2483 730 desideria.
2518 697 2545 723 »
2578 673 2865 730 Saeculare
2887 679 2973 730 est
2995 691 3168 729 omne
3189 674 3547 730 desiderium
3567 675 3807 739 carnale.

2171 769 2230 819 et
2251 765 2444 818 omnis
2465 764 2706 818 ambitio
2722 761 3083 834 temporalis,
3108 763 3221 818 Deo
3246 763 3371 834 ipso
3387 763 3624 818 dicente
3645 782 3658 818 :
3679 787 3704 812 ‹‹
3730 769 3812 818 At-

2171 854 2408 921 tendite,
2453 869 2522 906 ue
2553 858 2866 924 graventur
2895 853 3072 907 corda
3102 857 3292 907 vestra
3350 852 3407 906 in
3458 852 3723 924 crapula,
3762 859 3811 908 et

2172 943 2472 1004 ebrietate.
2496 948 2554 996 et
2585 941 2741 996 curis
2772 941 2948 1011 hujus
2980 941 3123 994 vita.
3159 941 3384 1005 Sobrie,
3424 942 3616 1011 juste,
3650 945 3705 996 et
3733 943 3811 1013 pie

2171 1031 2435 1085 vivamus
2457 1031 2510 1084 in
2529 1031 2635 1085 hoc
2652 1030 2862 1085 saaculo
2886 1031 3035 1101 (Luc.
3059 1047 3173 1098 xxr,
3197 1030 3305 1100 34).
3329 1054 3350 1081 ι
3389 1031 3689 1085 Admonet
3718 1047 3810 1085 nos

2173 1120 2407 1192 quidem
2443 1119 2557 1175 alio
2588 1119 2712 1174 loco
2744 1119 2898 1174 idem
2929 1121 3134 1175 beatus
3186 1118 3526 1190 Apostolus.
3577 1119 3808 1174 dicens:

2171 1233 2197 1257 η
2223 1210 2349 1264 Non
2377 1209 2508 1280 plus
2531 1225 2751 1280 sapere,
2777 1225 2953 1280 quam
2977 1212 3204 1278 oportet
3227 1225 3450 1279 sapere,
3481 1208 3585 1263 sed
3622 1225 3811 1279 sapere

2172 1301 2242 1354 ad
2267 1298 2642 1353 sobrietatem
2675 1301 2848 1366 (Rom.
2875 1299 3072 1367 xu,3).
3111 1321 3130 1346 ι
3168 1297 3590 1352 Verumtamen
3625 1298 3682 1351 in
3715 1296 3811 1352 hac

2171 1389 2467 1459 tripartita
2492 1386 2799 1452 divisione,
2831 1385 2890 1440 in
2923 1403 3040 1458 qua
3061 1385 3221 1449 dicit,
3245 1391 3308 1440 ut
3333 1387 3553 1450 sobrie,
3571 1387 3811 1456 etjuste,

2171 1481 2227 1532 et
2259 1477 2349 1548 pie
2378 1476 2662 1544 vivamus,
2690 1474 2916 1529 videtur
2939 1473 3104 1540 mihi,
3137 1473 3274 1544 quia
3303 1471 3402 1528 ille
3435 1473 3635 1528 sobrie
3665 1474 3810 1540 vivit,
3857 1509 3860 1513 -

2172 1566 2270 1636 qui
2301 1583 2415 1620 non
2449 1563 2714 1635 sequitur
2734 1562 3153 1618 delectamenta
3174 1562 3418 1617 luxuria:
3444 1564 3648 1632 ;juste
3670 1563 3813 1628 vivit,

2170 1653 2270 1725 qui
2305 1653 2629 1724 proximum
2666 1651 3002 1706 nullatenus
3031 1650 3208 1716 laedit,
3261 1656 3318 1705 et
3346 1651 3398 1705 ei
3431 1650 3814 1717 beneﬁcia,in

2091 1780 2138 1843 Β
2170 1749 2459 1813 quantum
2492 1740 2662 1804 valet,
2687 1740 2975 1810 impendit
3002 1756 3014 1805 ;
3051 1740 3139 1810 pie
3167 1740 3324 1809 vivit,
3358 1740 3523 1811 quia
3548 1741 3815 1796 societate

2171 1830 2578 1887 ecclesiasticas
2612 1829 2854 1884 unitatis
2914 1827 3076 1883 nulla
3133 1828 3352 1884 ratione
3394 1828 3694 1896 discedit;
3726 1829 3814 1884 sed

2172 1921 2326 1975 intra
2351 1919 2669 1974 Ecclesiam
2701 1917 2946 1989 positus,
2979 1934 3068 1984 ea,
3102 1933 3228 1988 quas
3283 1917 3624 1971 certissime
3649 1918 3814 1988 novit,

2172 2012 2240 2064 ad
2262 2008 2562 2064 scientiam
2583 2024 2728 2062 verae
2755 2005 2886 2060 ﬁdei
2911 2005 3630 2077 pertinereindubitanter
3645 2012 3815 2073 tenet;

2171 2099 2268 2152 i’la
2301 2115 2454 2162 vero,
2488 2114 2614 2168 quae
2648 2096 2896 2166 ignorat,
2928 2099 3028 2150 aut
3059 2095 3129 2150 de
3175 2095 3392 2166 quibus
3421 2094 3687 2163 dubitat,
3719 2095 3816 2150 bu-

2171 2187 2405 2252 n.i!iter,
2437 2203 2504 2241 ac
2537 2186 2822 2257 patienter
2847 2183 3125 2255 explorat,
3159 2184 3362 2248 donec,
3398 2184 3446 2237 si
3485 2185 3634 2256 quid
3660 2185 3816 2239 aliter

2169 2278 2341 2348 sapit,
2367 2277 2480 2331 Deo
2514 2275 2623 2331 sibi
2655 2275 2942 2330 revelante
2975 2278 3307 2345 cognoscat.
3342 2274 3475 2328 Haec
3507 2278 3712 2328 autem
3740 2292 3818 2329 so-

2170 2363 2736 2434 brietas,justitia,et
2759 2363 2963 2434 pietas,
2992 2379 3119 2432 quas
3140 2361 3364 2416 cunctis
3387 2363 3614 2418 debent
3635 2362 3819 2418 inesse

2169 2453 2459 2519 fidelibus,
2494 2453 2574 2506 ita
2603 2451 2712 2505 sibi
2744 2467 3010 2506 connexa:
3043 2456 3201 2518 sunt,
3262 2456 3325 2504 ut
3348 2450 3415 2522 [si
3467 2468 3596 2506 una
3624 2469 3818 2508 earum

2170 2543 2435 2604 defuerit.
2457 2541 2660 2606 altera,
2685 2539 3052 2611 quasvidetar
3071 2541 3286 2605 inesse,
3319 2539 3668 2595 nullatenus
3699 2559 3817 2612 pro-

2169 2632 2263 2686 sit.
2289 2631 2488 2702 Neque
2521 2629 2674 2683 enim
2708 2629 3014 2694 sobrietas,
3048 2645 3168 2698 qua
3191 2629 3442 2699 quisque
3477 2629 3539 2683 in
3575 2631 3817 2702 seipsoa

2168 2719 2406 2790 ﬂagitiis
2437 2719 2710 2783 abstinet,
2748 2717 2861 2772 nisi
2893 2717 3008 2787 pia,
3042 2722 3098 2772 et
3119 2717 3283 2786 justa
3306 2717 3506 2788 fuerit,
3529 2718 3593 2772 id
3621 2725 3730 2786 est,
3762 2725 3818 2775 ut

2167 2812 2226 2862 et
2245 2808 2304 2862 in
2329 2808 2510 2862 Deum
2539 2811 2691 2863 recte
2713 2806 2945 2861 credat:
2972 2822 3075 2862 nec
3103 2807 3399 2861 fructuosa
3442 2807 3691 2877 justitia
3719 2815 3816 2875 est,

2167 2914 2282 2967 qua
2313 2896 2724 2967 unusquisque
2755 2895 2862 2950 hoc
2894 2895 3187 2966 impendit
3219 2896 3687 2967 proximo,quod
3715 2898 3816 2952 sibi

2166 2985 2490 3042 delectatur
2519 2985 2802 3056 impendi,
2837 2985 2883 3038 si
2917 2984 3134 3051 sobria,
3185 2984 3397 3056 piaque
3454 3002 3576 3040 non
3614 2988 3813 3042 fuerit:

2166 3075 2351 3146 pietas
2383 3091 2615 3145 quoque
2649 3079 2880 3128 mortua
2910 3079 3020 3137 est,
3053 3090 3170 3144 qua
3200 3074 3258 3127 in
3295 3078 3476 3128 Deum
3513 3081 3674 3130 recte
3701 3093 3814 3131 cre-

2165 3165 2326 3218 ditur
2351 3182 2364 3232 ;
2388 3164 2435 3217 si
2457 3162 2545 3217 vel
2571 3179 2798 3217 morum
2828 3163 3136 3232 sobrietas,
3162 3161 3246 3216 vel
3271 3163 3521 3234 proximi
3562 3165 3814 3221 Charitas

2165 3272 2277 3310 non
2303 3259 2551 3308 tenetur.
2578 3253 2741 3306 Tunc
2768 3251 2944 3322 igitur
2967 3251 3174 3306 anima
3206 3268 3339 3306 vera
3361 3251 3527 3306 salus
3563 3254 3811 3325 acquiri-

2164 3344 2357 3407 tur,.si
2391 3346 2448 3396 et
2479 3341 2663 3412 pietas
2686 3340 2744 3393 in
2779 3340 2909 3406 fide,
2943 3344 2999 3394 et
3021 3339 3260 3408 justitia
3289 3341 3347 3393 in
3402 3339 3721 3408 charitate,
3765 3348 3815 3397 et

2167 3432 2451 3486 sobrietas
2481 3431 2536 3484 in
2569 3429 2858 3497 castitate,
2891 3444 2955 3482 ac
2988 3429 3350 3499 parcimonia
3379 3434 3676 3485 teneatur.
3708 3423 3714 3427 ’

2236 3521 2420 3590 (1373)
2456 3542 2482 3570 ι(
2516 3519 2897 3588 Expectantes
2957 3517 3187 3571 beatam
3246 3533 3434 3588 spem.
3473 3543 3492 3568 ι
3527 3518 3632 3572 Ille
3673 3520 3816 3574 ﬁdu-

2167 3607 2392 3663 cialiter
2413 3608 2532 3661 haec
2555 3610 2874 3677 exspectat,
2897 3606 2993 3676 qui
3019 3604 3099 3659 ita
3124 3605 3519 3672 dixerit,sicut
3548 3608 3820 3679 superius

2165 3697 2320 3752 idem
2343 3695 2654 3766 Apostolus
2673 3696 2857 3749 docet.
2895 3695 3067 3750 Beata
3099 3710 3234 3766 spes
3266 3694 3429 3748 nulla
3457 3695 3678 3751 melius
3709 3697 3818 3752 alia

2167 3785 2453 3842 credenda
2473 3789 2581 3850 est,
2607 3800 2781 3854 quam
2807 3783 2972 3854 illud,
3005 3784 3160 3854 quod
3184 3783 3449 3838 dicturus
3495 3791 3591 3840 est
3621 3785 3816 3840 Domi-

2168 3874 2352 3929 nusin
2380 3871 2683 3942 diejudicii
2710 3871 3021 3942 his,quiaa
3041 3872 3258 3925 dextris
3275 3872 3400 3942 ejus
3423 3878 3636 3929 erunt:
3668 3899 3688 3921 -
3723 3874 3815 3927 Ve-

2166 3965 2303 4030 nite,
2336 3961 2622 4018 benedicti
2656 3960 2843 4014 Patris
2866 3960 3002 4029 mei,
3027 3959 3318 4031 possidete
3347 3966 3627 4031 paratum
3664 3962 3818 4017 vobis

2165 4069 2412 4125 regnum
2443 4047 2917 4120 aconstitutioue
2966 4048 3169 4102 mundi
3220 4048 3421 4116 (Matth.
3469 4067 3610 4117 xxv,
3641 4052 3753 4118 34).
3791 4074 3816 4098 η

2237 4166 2264 4192 ‹‹
2298 4143 2364 4196 Et
2393 4141 2706 4195 adventum
2739 4137 2933 4208 gloriae
2969 4137 3164 4208 magni
3219 4139 3335 4207 Dei,
3387 4143 3446 4192 et
3495 4139 3817 4195 Salvatoris

2165 4231 2348 4286 nostri
2377 4231 2512 4284 .Iesu
2544 4227 2778 4282 Christi.
2817 4248 2843 4274 »
2876 4226 3124 4297 Magnus
3181 4216 3335 4281 Deus
3390 4226 3671 4284 Christus
3711 4233 3815 4297 est,

2162 4324 2414 4375 testante
2447 4317 2749 4388 PrOpheta,
2784 4315 2882 4385 qui
2941 4315 3118 4369 dicit:
3155 4338 3180 4364 «
3214 4315 3464 4387 Magnus
3505 4317 3817 4387 Dominus,

2162 4413 2218 4463 et
2248 4406 2562 4464 laudabilis
2592 4404 2770 4460 nimis
2802 4405 2858 4456 in
2890 4403 3120 4458 civitate
3153 4404 3254 4459 Dei
3286 4405 3494 4470 nostri,
3532 4407 3592 4460 in
3621 4412 3818 4461 monte

407 4511 596 4584 gratia
628 4509 727 4564 Dei
751 4504 1067 4564 Salvatoris
1089 4501 1364 4557 omnibus
1387 4498 1794 4553 hominibus.»
1819 4503 1941 4552 Non
1965 4503 2055 4554 est
2084 4509 2129 4572 Ι)
2163 4503 2362 4552 sancto
2383 4498 2510 4566 ejus
2534 4494 2701 4565 (Psal.
2726 4509 2898 4557 XLVII,
2955 4493 3032 4558 2).
3091 4495 3219 4564 lpse
3267 4497 3324 4547 et
3379 4493 3654 4550 Salvator
3699 4513 3820 4550 om-

407 4600 563 4655 euim
595 4598 715 4655 ulla
743 4593 1070 4652 ditferentia
1096 4589 1284 4656 liberi,
1313 4593 1369 4644 et
1400 4586 1570 4656 servi,
1602 4586 1802 4654 Graeci,
1835 4591 1892 4642 et
1923 4589 2050 4642 bar-

408 4688 554 4757 bari,
584 4684 935 4748 circumcisi,
969 4687 1024 4736 et
1055 4679 1326 4736 habentis
1357 4676 1730 4748 praaputium,
1767 4676 2050 4744 mulieris,

406 4781 463 4832 et
492 4776 619 4845 viri,
654 4776 752 4829 sed
785 4772 978 4828 cuncti
998 4774 1054 4824 in
1077 4771 1306 4824 Christo
1331 4783 1513 4821 unum
1530 4782 1769 4831 sumus;
1795 4765 2051 4819 universi

404 4865 476 4926 ad
510 4863 608 4919 Dei
644 4879 886 4935 regnum
918 4875 1192 4914 vocamur
1217 4875 1230 4924 ;
1255 4872 1458 4910 omnes
1490 4859 1622 4926 post
1645 4853 1924 4908 offensam
1948 4854 2052 4908 Pa-

404 4956 478 5010 tri
513 4957 712 5009 nostro
741 4947 1154 5006 reconciliandi
1185 4962 1413 5011 sumus,
1439 4961 1550 4998 non
1587 4960 1688 5013 per
1721 4942 1925 4997 merita
1956 4959 2053 4997 no-

403 5050 543 5108 stre,
578 5044 677 5099 sed
712 5058 814 5114 per
870 5039 1114 5110 gratiam
1164 5034 1476 5090 Salvatoris
1508 5033 1727 5086 nostri:
1778 5031 1862 5086 vel
1898 5032 2051 5102 quod

403 5134 504 5189 Dei
537 5131 723 5188 Patris
751 5129 972 5194 vivens,
997 5131 1053 5182 et
1079 5125 1409 5179 subsistens
1433 5121 1622 5192 gratia
1645 5121 1768 5191 ipse
1799 5121 1874 5174 sit
1895 5120 2051 5173 Chri-

401 5226 520 5287 tus,
551 5220 639 5276 vel
672 5220 824 5292 quod
859 5216 1070 5274 Christi
1107 5214 1204 5269 Dei
1228 5209 1541 5266 Salvatoris
1574 5209 1696 5263 haec
1727 5208 1803 5264 sit
1833 5209 2049 5280 gratia;

404 5315 461 5364 et
493 5327 606 5365 non
641 5315 836 5365 nostro
867 5307 1071 5361 merito
1101 5301 1302 5358 salvati
1329 5300 1514 5354 simus
1537 5299 1854 5351 secundum
1882 5296 2049 5351 illud.

407 5400 560 5468 quod
596 5399 651 5452 in
686 5399 800 5453 alio
823 5397 948 5450 loco
981 5395 1191 5449 dicitur
1222 5408 1284 5445 ;‹‹
1321 5393 1428 5441 Pro
1453 5386 1633 5440 nihilo
1665 5387 1852 5441 salvos
1877 5385 2051 5440 facies

480 5504 664 5571 (1371)
697 5508 756 5559 1).
795 5503 1025 5558 Hieron.
1057 5499 1345 5556 charz’tala.

480 5504 636 5571 (1371
697 5508 756 5559 υ.

479 5504 664 5652 (1372i
691 5577 793 5633 Αῆ.

2166 4586 2351 4651 nium,
2384 4584 2632 4638 maxime
2653 4580 2934 4636 lidelium.
2968 4582 3263 4637 Adventus
3289 4581 3488 4654 gloriae
3540 4586 3676 4654 ejus
3708 4602 3821 4640 non

2162 4675 2259 4730 ille
2282 4673 2697 4744 intelligendus
2721 4676 2952 4741 est,quo
2975 4670 3350 4726 invisibiliter
3395 4675 3668 4744 quotidie
3688 4689 3818 4728 cum

2162 4761 2712 4830 Patre,non'absque
2731 4759 2952 4830 Spiritu
2987 4761 3285 4825 sancto,ad
3311 4759 3515 4816 ﬁdeles
3550 4763 3814 4825 veniunt,

2163 4857 2216 4907 et
2245 4839 2455 4922 impios
2488 4848 2940 4919 derelinquunt;
2985 4851 3084 4903 sed
3118 4848 3213 4902 ille
3242 4848 3671 4921 intelligendus
3703 4857 3808 4918 est,

2163 4941 2394 5013 quando
2419 4941 2475 4994 in
2505 4937 2808 5008 majestate
2838 4954 2964 5006 sua,
2999 4943 3055 4992 et
3085 4937 3269 4992 Patris
3299 4944 3588 4994 venturus
3617 4947 3726 5008 est,
3757 4944 3813 4993 et

2163 5047 2366 5085 omnes
2389 5026 2580 5099 angeli
2609 5027 2736 5096 ejus
2767 5043 2900 5080 cum
2925 5043 3012 5093 eo,
3035 5030 3092 5081 et
3123 5025 3313 5081 mittet
3333 5044 3434 5082 eos
3468 5029 3540 5083 ad
3578 5043 3807 5101 congre-

2162 5119 2310 5190 gand
2323 5135 2419 5173 um
2453 5117 2667 5172 electos
2687 5132 2848 5184 suos,
2878 5133 2911 5170 a
2933 5116 3181 5171 summis
3205 5116 3511 5183 caelorum,
3530 5134 3719 5191 usque
3739 5115 3805 5170 ad

2163 5208 2441 5263 terminos
2473 5221 2696 5273 eorum,
2731 5209 2786 5257 et
2818 5205 3254 5276 congregabunt
3283 5210 3417 5260 ante
3436 5223 3575 5261 eum
3609 5219 3806 5262 omnes

2162 5299 2382 5367 gentes,
2419 5298 2474 5348 et
2504 5293 2834 5363 segregabit
2863 5309 2960 5346 eos
2992 5294 3064 5347 ab
3095 5293 3364 5357 invicem,
3418 5295 3579 5351 sicut
3613 5297 3808 5367 pastor

2163 5387 2427 5455 segregat
2455 5397 2588 5436 oves
2621 5381 2690 5435 ab
2723 5381 2903 5435 haedis
2935 5382 3150 5453 (Matth.
3186 5399 3311 5452 xxv,
3341 5383 3455 5454 3t),
3482 5390 3591 5439 etc.

2234 5488 2414 5562 (1373)
2445 5488 2545 5544 Αῆ.
