4062 6186
204 273 309 331 713

829 262 1250 325 EXPOSITIO
1295 260 1370 321 IN
1421 259 1843 322 EPISTULAS
1888 262 2144 323 PAULI.
2180 294 2256 307 —-
2287 262 2363 321 IN
2413 262 2688 326 EPIST.
2735 271 2837 328 AD
2882 269 3031 329 ’l‘IT.

3513 275 3633 333 714

267 428 294 453 α
319 402 426 466 Qui
453 398 614 454 dedit
636 396 1037 466 semetipsum
1061 410 1164 467 pro
1185 392 1370 447 nobis.
1403 415 1422 443 ι)
1454 392 1509 447 Si
1536 392 1629 445 ille
1656 398 1862 448 semet-
1892 397 1943 461 Α
1978 395 2183 459 fuerat,
2209 409 2277 447 ne
2298 394 2344 447 si
2362 394 2692 467 plusjusto
2716 400 3262 469 infervesceret,non
3286 403 3356 456 ad
3379 402 3630 457 salutem

204 497 389 567 ipsum
426 488 605 557 dedit,
640 485 757 540 hoc
793 489 906 549 est,
940 483 1399 553 crucifigendum
1455 496 1516 536 se
1546 481 1860 553 impiorum

206 582 475 639 manibus
497 574 735 644 obtulit,
764 578 823 628 et
846 575 1018 628 Pater
1039 590 1173 627 eum
1200 570 1453 633 tradidit,
1474 571 1611 642 quia
1632 572 1863 643 proprio

210 672 341 728 Filio
382 686 499 725 non
530 663 819 738 pepercit,
858 663 963 718 sed
998 679 1102 734 pro
1137 660 1302 715 nobis
1335 662 1606 715 omnibus
1626 661 1865 715 tradidit

207 762 367 818 illum
395 762 567 831 (Rom.
592 772 720 821 vm,
748 754 842 823 3‘2.)
871 770 883 807 :
914 751 1050 807 licet
1073 751 1201 819 ipsa
1222 749 1414 822 passio
1441 767 1541 822 pro
1555 749 1741 805 salute
1768 767 1865 806 no-

206 857 323 909 stra
350 851 522 915 facta,
557 844 745 901 solius
780 841 915 896 Filii
958 839 1247 896 exstiterit
1278 839 1616 910 personalis,
1666 844 1863 895 tamen

205 940 365 997 salus
392 942 591 993 nostra
619 934 679 989 in
715 933 913 999 Patre,
961 935 1020 986 et
1052 929 1193 984 Filio
1221 946 1352 985 cum
1393 930 1616 1002 Sptritu
1665 934 1863 984 sancto

206 1026 532 1085 communis
561 1028 668 1079 est.

275 1141 297 1167 α
333 1117 408 1171 Ut
427 1132 531 1169 nos
554 1111 869 1166 redimeret
893 1109 968 1165 ab
992 1107 1155 1163 omni
1178 1107 1509 1179 iniquitate,
1534 1130 1560 1157 »
1582 1109 1635 1162 id
1660 1112 1766 1175 est,
1793 1108 1862 1161 ab

203 1204 477 1260 omnibus
495 1197 822 1255 actualibus
839 1201 899 1251 et
911 1194 1299 1266 originalibus
1322 1196 1592 1267 peccatis.
1615 1195 1868 1249 Audiant

202 1296 320 1350 haec
351 1292 447 1362 qui
478 1291 547 1343 de
578 1285 828 1359 propriis
861 1284 1095 1338 meritis
1129 1284 1525 1351 extolluntur;
1550 1284 1687 1355 quia
1730 1300 1865 1354 pro—

204 1390 401 1454 pterea
429 1377 689 1433 Christus
720 1390 821 1444 pro
856 1372 1064 1444 impiis
1097 1378 1368 1428 mortuus
1398 1378 1509 1438 est,
1562 1378 1625 1425 ut
1656 1390 1761 1427 nos
1797 1372 1866 1426 ab

207 1471 367 1528 omni
398 1465 699 1538 iniquitate
718 1463 1017 1515 liberaret.

278 1586 305 1611 ‹‹
335 1560 403 1614 Et
428 1556 728 1611 mundaret
754 1550 866 1605 sibi
895 1551 1177 1621 pop:.lum
1203 1547 1656 1620 acceptabilem,
1689 1554 1871 1605 secta-

209 1658 407 1707 torum
430 1648 712 1701 bonorum
728 1656 1033 1712 operum.»
1056 1640 1314 1710 Populus
1334 1637 1873 1708 acceptabilisDeo,

210 1743 466 1796 sectator
484 1749 720 1807 operum
742 1731 1028 1784 bonorum
1050 1735 1153 1795 est,
1180 1729 1278 1800 qui
1306 1745 1373 1782 ex
1395 1726 1583 1782 bonis
1608 1728 1877 1797 operibus

210 1847 325 1885 non
362 1824 738 1885 extolluntur,
768 1819 867 1874 sed
902 1834 968 1871 ex
997 1834 1081 1887 eo,
1114 1820 1265 1889 quod
1302 1820 1544 1872 bonum
1581 1821 1781 1887 agunt,
1824 1816 1881 1869 in

214 1918 461 1976 Domino
493 1912 833 1986 gloriantur,
865 1912 924 1962 et
946 1924 1059 1962 non
1089 1907 1146 1960 in
1178 1924 1239 1962 se
1271 1907 1438 1978 ipsis.

282 2032 310 2057 ‹‹
342 2006 477 2060 Haec
504 2002 761 2071 loquere,
790 2002 845 2051 et
874 1996 1195 2066 exhortare,
1229 2002 1283 2049 et
1313 2011 1507 2067 argue
1542 2011 1684 2049 cum
1728 1994 1887 2049 omni

218 2095 494 2169 imperio.
521 2114 547 2141 ››
579 2090 702 2146 Non
734 2085 1188 2141 dominationem
1220 2085 1525 2155 potentiae,
1564 2082 1671 2139 sed
1691 2089 1887 2138 aucto-

219 2188 466 2241 ritatem
501 2180 708 2236 suadet
758 2176 909 2230 vita}.
954 2178 1097 2228 Cum
1148 2172 1305 2227 omni
1360 2172 1623 2243 imperio
1674 2172 1889 2244 quippe

217 2277 490 2338 docetur,
525 2268 679 2340 quod
714 2264 879 2337 prius
920 2264 1133 2335 agitur,
1192 2278 1367 2332 quam
1416 2261 1681 2317 dicatur.
1743 2261 1887 2316 Nam

217 2362 507 2421 doctrinae
538 2355 829 2414 subtrahit
895 2352 1189 2415 ﬁduciam,
1248 2350 1484 2420 quando
1532 2351 1893 2406 conscientia

218 2450 513 2526 praepedit
534 2446 818 2519 linguam.
856 2443 981 2497 Non
1012 2458 1147 2513 ergo
1176 2440 1225 2494 ei
1250 2442 1599 2510 potestatem
1622 2438 1783 2494 elatae
1806 2438 1889 2493 lo-

220 2535 620 2607 cutionis,sed
637 2536 800 2589 bona:
824 2530 1100 2585 fiduciam
1123 2526 1892 2583 insinuavitactionis.Unde

213 2632 407 2685 etiam
441 2628 509 2681 de
540 2622 788 2679 Domino
814 2618 1098 2689 scriptum
1128 2620 1289 2670 estzu
1317 2615 1456 2668 Erat
1472 2615 1628 2669 enim
1652 2616 1887 2683 docens,

210 2721 379 2775 sicut
405 2716 749 2787 potestatem
782 2708 1006 2764 habens
1028 2704 1242 2775 (Manli.
1267 2721 1365 2756 v11.
1388 2703 1508 2773 29);
1536 2704 1698 2758 Marc.
1728 2722 1765 2769 ι,
1789 2706 1886 2772 ‘32;

210 2814 379 2864 Luc..
420 2822 493 2869 1v,
527 2802 616 2871 32)
645 2819 658 2866 ;
687 2822 712 2849 ››
748 2815 862 2853 non
898 2797 1052 2852 sicut
1080 2793 1290 2848 Scribze
1322 2796 1378 2847 et
1425 2792 1720 2848 Pharisaei.
1765 2793 1891 2847 Sin-

206 2894 513 2971 gulariter
531 2905 785 2961 namque
806 2904 874 2941 ac
902 2880 1484 2971 principalitersolus
1512 2896 1579 2935 ex
1605 2885 1889 2971 potestate

208 2969 379 3041 bona
414 2982 645 3037 locutus
676 2984 783 3045 est,
820 2974 960 3047 quia
988 2991 1057 3029 ex
1112 2970 1473 3039 inﬁrmitate,
1526 2969 1683 3025 mala
1730 2969 1891 3025 nulla

207 3071 552 3131 commisit.
590 3069 665 3122 Ex
693 3063 1023 3119 divinitatis
1056 3060 1274 3132 quippe
1296 3057 1557 3129 potentia
1580 3057 1786 3111 habuit
1808 3058 1886 3124 id,

1971 481 2275 536 vulnerata
2298 484 2741 549 reduceret,sed
2765 505 2907 543 sana
2924 489 3269 545 vulneraret.
3291 492 3630 546 Curandum

1974 590 2004 641 q
2019 588 2208 641 neque
2222 578 2512 643 quantum
2538 574 2875 646 loquamur,
2900 594 2990 643 ne,
3014 578 3060 632 si
3079 578 3151 645 ei,
3173 578 3268 647 qui
3287 580 3633 634 multaferre

1974 676 2090 713 non
2114 660 2285 726 valet,
2307 663 2579 731 verbum,
2605 665 2692 720 vel
2719 666 3155 736 exhortationis,
3180 668 3630 740 velincrepatio-

1974 748 2068 803 nis
2099 746 2335 820 longius
2366 751 2685 824 trahimus,
2720 754 3043 810 auditorem
3077 760 3344 812 nostrum
3367 758 3437 813 ad
3465 757 3636 815 fasti-

1974 836 2140 891 dium
2174 839 2591 908 perducamus.

2047 924 2236 994 (1375)
2268 949 2296 975 ‹‹
2332 930 2511 983 Nemo
2543 933 2602 983 te
2634 934 2985 987 contemnat.
3017 954 3043 981 ››
3074 932 3215 988 Nolo
3240 938 3297 989 te
3327 934 3505 990 talem
3533 952 3631 992 ex-

1976 1012 2204 1081 hibeas,
2241 1019 2305 1069 ut
2333 1016 2526 1086 possis
2561 1018 2633 1073 ab
2647 1018 2841 1089 aliquo
2869 1021 3075 1075 merito
3098 1024 3455 1079 contemnui.
3483 1026 3638 1098 Ergo

1978 1119 2106 1173 quae
2137 1120 2293 1159 nunc
2324 1106 2393 1160 ed
2425 1105 2624 1161 Titum
2657 1108 2912 1178 ponitur,
2944 1107 3112 1164 illum
3144 1126 3386 1167 sensum
3419 1113 3633 1169 habet:

1978 1208 2151 1246 nemo
2190 1209 2415 1265 eorum,
2482 1196 2583 1267 qui
2642 1196 2701 1250 in
2755 1196 3009 1252 Ecclesia
3057 1204 3214 1271 sunt,
3269 1204 3325 1255 te
3376 1202 3635 1274 segniter

1978 1284 2191 1352 agente
2222 1282 2308 1337 sic
2337 1284 2520 1351 vivat,
2555 1287 2619 1338 ut
2649 1301 2711 1339 se
2742 1288 2905 1355 putet
2934 1302 3063 1341 esse
3089 1287 3411 1345 meliorem.
3438 1290 3639 1357 Qualis

1981 1370 2139 1425 enim
2174 1371 2480 1427 aedificatio
2514 1374 2624 1428 erit
2656 1372 2951 1446 discipuli,
2987 1376 3036 1431 si
3058 1377 3331 1451 intelligit
3356 1382 3639 1452 magistro

1983 1474 2046 1512 se
2060 1474 2187 1513 esse
2203 1461 2487 1529 majorem
2513 1461 2541 1514 ?
2562 1461 2725 1516 Unde
2748 1479 2860 1517 non
2886 1463 3075 1520 solum
3101 1467 3376 1540 episcopi,
3402 1472 3642 1541 presby«

1983 1546 2115 1615 teri,
2146 1552 2203 1601 et
2235 1548 2467 1604 diaconi
2511 1550 2726 1605 debent
2781 1568 3133 1625 magnopere
3190 1557 3524 1628 prasvidere,
3578 1562 3643 1614 ut

1986 1639 2263 1690 cunctum
2297 1638 2608 1709 populum,
2635 1638 2726 1693 cui
2750 1640 3085 1714 przesideut,
3102 1647 3557 1717 conversatione,
3582 1652 3641 1703 et

1991 1739 2261 1780 sermone
2293 1729 2630 1797 praecedant
2658 1746 2670 1795 ;
2706 1744 2926 1800 verum,
2962 1736 3018 1786 ct
3050 1731 3341 1790 inferioris
3398 1737 3640 1808 gradus,

1994 1813 2315 1879 exorcistaa,
2350 1816 2619 1881 lectores.
2653 1818 2873 1885 aeditui,
2907 1823 2962 1873 et
3004 1837 3208 1878 omnes
3260 1825 3520 1894 omnino,
3545 1826 3646 1898 qui

1994 1902 2195 1956 domui
2232 1904 2326 1958 Dei
2360 1906 2642 1960 serviunt.
2706 1906 2852 1971 Quia
2908 1908 3278 1967 vehementer
3324 1912 3642 1970 Ecclesiam

1962 2056 1967 2061 _
1996 1990 2208 2046 Christi
2232 1993 2507 2061 destruit,
2536 1993 2808 2051 meliores
2830 1996 3009 2053 laicos
3026 2014 3153 2055 esse
3176 2016 3353 2073 quam
3384 2001 3645 2059 clericos.

2070 2083 2223 2147 (CAP.
2259 2081 2377 2152 ΙΙΙ.)
2403 2105 2430 2131 ‹‹
2458 2083 2724 2139 Admone
2747 2083 2897 2152 illos,
2922 2088 3379 2161 principibus,et
3398 2097 3652 2164 potesta-

2003 2168 2160 2223 tibus
2184 2170 2451 2225 subditos
2475 2186 2629 2225 esse.
2659 2194 2686 2220 ››
2710 2171 2854 2235 Quia
2875 2174 3097 2231 dixerat
3122 2196 3133 2233 :
3159 2180 3469 2236 «Admone
3493 2180 3650 2250 illos,

2002 2257 2386 2328 principibus,
2416 2263 2474 2313 et
2494 2261 2885 2330 potestatibus
2909 2266 3175 2322 subditos
3196 2284 3343 2336 esse,
3374 2290 3394 2317 ο
3427 2275 3655 2341 poterat

2005 2346 2117 2412 his,
2152 2347 2251 2417 qui
2284 2352 2579 2403 tormenta
2610 2348 2949 2420 formidant,
2974 2356 3197 2412 occasio
3220 2358 3291 2412 ad
3317 2361 3653 2432 negandum

2004 2435 2149 2498 dari,
2174 2436 2315 2490 dum
2334 2437 2504 2507 juxta
2524 2439 2790 2509 Apostoli
2810 2443 3054 2512 dictum,
3080 2462 3141 2500 se
3164 2450 3655 2521 assererentprin-

2004 2524 2291 2594 cipatibus
2319 2529 2377 2578 et
2408 2528 2804 2595 potestatibus
2836 2548 2962 2588 esse
2994 2534 3307 2605 subjectos,
3362 2541 3418 2591 et
3466 2539 3653 2594 facere

2003 2612 2155 2682 quod
2181 2612 2494 2681 juberent:
2529 2620 2840 2687 propterea
2869 2620 3150 2689 subjecit:

2075 2722 2103 2749 «
2139 2699 2298 2755 Dicto
2330 2701 2585 2771 obedire,
2621 2706 2695 2760 ad
2728 2724 2930 2764 omnes
2961 2726 3107 2781 opus
3141 2712 3361 2769 bonum
3418 2719 3653 2787 paratos

2001 2805 2149 2843 esse.
2176 2812 2202 2837 ››
2236 2790 2482 2846 Obedire
2504 2793 2575 2846 ad
2601 2810 2775 2851 omne
2789 2814 2935 2869 opus
2953 2800 3203 2871 bonum;
3233 2803 3281 2858 si
3305 2804 3526 2859 bonum
3546 2810 3654 2871 est,

2006 2878 2159 2948 quod
2195 2878 2455 2949 praecipit
2482 2879 2825 2953 imperator,
2858 2891 2916 2942 et
2945 2890 3463 2959 praeses,jubentis
3486 2893 3655 2949 obse-

2002 2982 2181 3037 quere
2212 2966 2497 3022 voluntati
2525 2985 2541 3033 :7
2573 2970 2665 3025 sin
2700 2990 2831 3030 vero
2863 2976 3108 3046 malum,
3143 2983 3199 3034 et
3226 2985 3429 3035 contra
3473 2986 3657 3037 Deum

2003 3055 2179 3126 sapit,
2213 3058 2500 3125 responde
2531 3058 2581 3111 ei
2616 3059 2761 3116 illud
2796 3065 2866 3119 de
2898 3067 3146 3122 Actibus
3204 3070 3605 3141 apostolorum
3641 3087 3654 3126 :

208 3163 385 3235 quod
421 3158 591 3213 nobis
623 3173 724 3228 per
762 3151 1118 3208 humilitatis
1150 3166 1267 3203 sua:
1302 3146 1694 3202 innocentiam
1724 3147 1891 3203 mini-
1922 3133 1963 3198 C
2007 3166 2034 3192 ‹‹
2070 3143 2348 3241 Obedire”
2374 3150 2623 3241 oportet,
2646 3149 2763 3206 Deo
2819 3153 3028 3225 magis,
3084 3172 3258 3225 quam
3312 3158 3655 3241 hominibus

206 3250 464 3307 stravit.
501 3246 613 3303 Nos
640 3245 814 3319 enim,
839 3241 941 3311 qui
968 3238 1185 3293 infirmi
1214 3236 1485 3289 homines
1509 3252 1735 3305 sumus,
1760 3252 1892 3288 cum

208 3343 289 3396 de
326 3341 457 3395 Deo
482 3334 821 3390 hominibus
844 3330 1163 3401 loquimur,
1190 3326 1478 3380 debemus
1498 3323 1756 3395 primum
1772 3338 1893 3377 me-

207 3430 486 3485 minisse
521 3424 675 3496 quod
714 3437 944 3483 sumus,
972 3423 1035 3472 ut
1057 3435 1125 3472 ex
1148 3414 1737 3488 propriainfirmitatc
1764 3428 1898 3483 pen-

204 3533 462 3583 semus,
492 3530 605 3585 quo
632 3510 879 3567 docendi
908 3508 1109 3563 ordine
1131 3502 1674 3560 infirmisfratribus
1692 3517 1898 3556 consu-

203 3612 461 3664 lamus.
494 3600 945 3657 Consideremus
977 3595 1157 3667 igitur
1186 3593 1343 3665 quia,
1377 3597 1477 3647 aut
1502 3590 1646 3647 tales
1665 3607 1895 3660 sumus,

204 3696 450 3769 quales
483 3688 795 3745 nonnullos
824 3684 1179 3757 corrigimus
1238 3687 1340 3737 aut
1386 3680 1531 3736 tales
1581 3680 1897 3751 aliquando

204 3787 490 3849 fuimus,
528 3784 583 3834 et
612 3779 793 3848 sijam
819 3776 1016 3829 divina
1037 3772 1222 3845 gratia
1241 3775 1515 3842 operante
1530 3786 1642 3823 non
1667 3785 1897 3833 sumus,

202 3881 279 3929 ut
318 3875 504 3927 tanto
537 3864 968 3938 temperantius
1019 3861 1191 3916 corde
1249 3859 1458 3913 humili
1514 3858 1896 3927 corrigamus,

201 3965 469 4035 quanto
504 3955 904 4027 nosmetipsos
936 3953 993 4005 in
1027 3950 1295 4021 iis(137/i)
1323 3964 1469 4018 quos
1492 3946 1896 4002 cmendamus.

200 4046 722 4125 agnoscimus.8i
758 4047 954 4098 autem
986 4038 1132 4094 tales
1164 4054 1509 4106 necsumus,
1534 4052 1638 4091 nec
1660 4036 1899 4125 fuimus,

204 4123 457 4215 quales
490 4136 681 4191 adhuc
698 4137 799 4188 aut
821 4130 903 4185 illi
924 4133 1081 4195 sunt,
1103 4145 1250 4199 quos
1271 4127 1585 4222 emendare
1612 4123 1901 4222 cupimus,

200 4248 290 4287 ne
321 4244 447 4285 cor
478 4230 739 4279 nostrum
766 4224 908 4277 forte
934 4217 1408 4290 superbiat,etde
1434 4214 1906 4287 ipsainnocentia

204 4321 420 4392 pejus
458 4319 608 4383 ruat,
643 4328 893 4385 quorum
939 4308 1094 4363 mala
1125 4306 1497 4378 corrigimus,
1548 4302 1661 4357 alia
1705 4318 1905 4356 eorum

204 4412 402 4465 bona.
440 4404 607 4458 nobis
641 4408 775 4457 ante
806 4399 1005 4454 oculos
1026 4412 1384 4451 revocemus.
1409 4393 1777 4447 Pensandum
1801 4407 1906 4444 no-

204 4500 320 4553 bis
369 4508 615 4566 quoque
637 4487 996 4560 estqualiter
1021 4486 1362 4556 loquamur:
1391 4498 1524 4536 nam
1549 4498 1700 4552 saepe
1716 4479 1909 4547 verba,
1947 4498 1990 4561 Ι)

207 4603 378 4660 quae
421 4581 581 4636 hunc
612 4581 682 4635 ad
716 4579 969 4634 salutem
1002 4576 1291 4639 revocant,
1349 4570 1529 4626 alium
1580 4570 1910 4624 vulnerant.

206 4674 426 4733 Unde
454 4668 662 4725 Paulus
682 4684 912 4741 quoque
937 4662 1256 4735 apostolus,
1278 4661 1376 4733 qui
1402 4661 1599 4715 Titum
1624 4660 1916 4726 admonet,

209 4768 471 4822 dicens
507 4776 521 4814 :
557 4782 582 4808 ‹‹
616 4761 806 4829 Argue
839 4772 972 4810 cum
1006 4753 1164 4809 omni
1199 4751 1464 4823 imperio,
1492 4773 1518 4799 »
1545 4750 1918 4804 Timotheum

210 4854 632 4913 exhortatur,
664 4848 902 4901 dicens:
951 4846 1225 4914 «Argue,
1275 4843 1532 4909 obsecra,
1585 4840 1818 4910 increpa
1863 4839 1922 4891 in

210 4941 430 5001 omni
464 4937 763 5010 patientia,
798 4940 852 4990 et
883 4932 1146 5017 doctrina
1280 4932 1410 5017 Tim.
1462 4945 1537 5017 iv,
1592 4927 1719 4998 2).»

209 5030 362 5087 est,
414 5019 572 5091 quod
602 5015 1127 5087 uniimperium,et
1151 5010 1246 5105 alii
1272 5010 1615 5105 patientiam
1646 5010 1923 5105 praecipit,

213 5111 367 5172 nisi
419 5107 575 5178 quod
610 5122 792 5160 unum
825 5102 1085 5171 lenioris,
1122 5098 1367 5152 alterum
1401 5113 1533 5150 vero
1567 5096 1928 5195 ferventioris

207 5199 523 5277 spiritus
553 5211 680 5250 esse
712 5192 1029 5265 conspexit.
1065 5188 1204 5243 Leni
1238 5202 1341 5258 per
1382 5188 1786 5284 auctoritatem
1819 5188 1928 5284 im:

210 5274 421 5368 ρει-ἥ
454 5284 817 5357 injungenda
843 5286 965 5337 erat
994 5278 1268 5335 severitas
1290 5275 1452 5331 verbi
1478 5291 1489 5328 :
1513 5274 1564 5329 is
1588 5279 1808 5343 autem,
1833 5274 1931 5368 qui

208 5366 362 5459 be:-
398 5374 684 5445 spiritum
717 5371 997 5436 fervebat,
1022 5386 1122 5441 per
1145 5366 1491 5439 patientiam
1516 5366 1937 5439 temperandus

355 5481 540 5549 1374)
571 5481 717 5537 Loco
745 5481 805 5536 in
836 5479 930 5549 iis,
963 5477 1021 5533 in
1052 5480 1248 5549 autog.
1284 5476 1488 5533 verius.

355 5483 517 5541 1371.
571 5481 647 5537 Lo

313 5481 545 5637 213753
574 5554 652 5610 ιιι.

573 5683 837 5743 PATROL.
886 5677 1201 5741 CXXXIV.

2008 3232 2142 3302 (Act.
2177 3248 2233 3302 ν,
2264 3232 2373 3299 29).
2402 3256 2428 3280 ››
2458 3238 2576 3289 Hoc
2608 3236 2806 3308 ipsum
2839 3246 2895 3296 et
2924 3242 2995 3297 de
3027 3244 3207 3299 servis
3256 3234 3655 3323 intelligamus

2008 3320 2164 3392 apud
2186 3320 2477 3390 dominos,
2503 3329 2558 3378 et
2579 3325 2651 3380 de
2682 3330 2959 3386 uxoribus
2983 3334 3137 3404 apud
3153 3334 3327 3405 viros,
3357 3342 3414 3392 et
3430 3320 3501 3394 de
3524 3338 3662 3394 tiliis

2008 3409 2160 3479 apud
2195 3413 2495 3479 parentes:
2531 3416 2689 3484 quod
2723 3417 2781 3472 in
2806 3418 2924 3474 illis
2951 3424 3181 3477 tantum
3203 3424 3661 3483 debeantdomi-

2011 3498 2125 3566 nis,
2156 3497 2317 3567 viris,
2352 3503 2694 3569 parentibus
2725 3521 2854 3564 esse
2886 3510 3160 3583 subjecti,
3186 3528 3314 3584 quae
3342 3523 3543 3573 contra
3564 3516 3667 3572 Dei

2011 3589 2289 3642 mandata
2313 3605 2427 3643 non
2446 3592 2703 3649 veniant.
2729 3597 2891 3661 Quod
2914 3615 3046 3653 vero
3060 3601 3354 3671 sequitur:
3379 3626 3405 3658 α
3428 3606 3664 3662 Paratas

2010 3693 2158 3743 esse,
2184 3698 2211 3725 ››
2248 3677 2559 3748 dupliciter
2588 3681 2924 3757 legendum,
2960 3691 3025 3741 ut
3045 3689 3132 3745 vel
3157 3691 3563 3766 subaudiatur,
3588 3695 3660 3750 ad

2011 3780 2184 3819 omne
2216 3781 2361 3835 opus
2394 3766 2614 3823 bonum
2649 3779 2882 3842 paratos
2906 3792 3063 3843 esse;
3110 3778 3196 3832 vel
3219 3786 3371 3835 certe
3394 3800 3527 3837 cum
3562 3800 3660 3837 su-

2011 3853 2623 3927 perioribuscopulato
2646 3860 2775 3926 hoc,
2803 3864 2956 3933 quod
2975 3864 3076 3931 ait,
3093 3889 3119 3915 «
3144 3867 3377 3924 obedire
3400 3872 3471 3925 ad
3490 3887 3665 3926 omne

2013 3958 2159 4012 opus
2188 3942 2428 4015 bonum,
2458 3966 2485 3992 ››
2518 3951 2574 4001 et
2595 3946 2709 4002 huc
2734 3966 2920 4021 usque
2942 3952 3126 4022 finito,
3153 3957 3319 4024 quasi
3347 3958 3501 4011 aliud
3528 3976 3663 4029 pro-

2015 4030 2208 4102 prium
2249 4036 2306 4084 et
2338 4034 2591 4104 speciale
2623 4044 2977 4109 praeceptum
3012 4040 3106 4095 sit.
3141 4061 3162 4089 ι
3187 4049 3420 4114 paratos
3461 4062 3662 4117 esse,»

2006 4121 2180 4189 juxta
2211 4118 2380 4188 illud,
2414 4125 2566 4192 quod
2602 4126 2657 4179 in
2689 4127 2936 4184 Levitico
2988 4130 3274 4201 scriptum
3310 4139 3434 4189 est:
3485 4155 3505 4182 α
3538 4135 3667 4190 Hir-

2017 4225 2151 4262 cum
2181 4208 2280 4278 qui
2314 4211 2623 4281 emittitur,
2658 4216 2970 4272 maledicta
3010 4220 3208 4290 populi
3256 4224 3667 4292 sustinentem,

2018 4296 2169 4351 tradi
2204 4298 2261 4351 in
2296 4316 2507 4355 manus
2539 4302 2795 4360 hominis
2826 4308 3011 4377 parati
3042 4310 3235 4376 (Lavit.
3271 4329 3385 4380 xw,
3429 4315 3538 4385 21).
3572 4336 3598 4362 »

2095 4408 2121 4434 «
2157 4385 2460 4443 Neminem
2492 4389 3120 4467 blasphemare(1376).
3150 4420 3176 4448 υ
3203 4399 3262 4454 Id
3288 4407 3395 4467 est,
3420 4402 3674 4458 necillos

2030 4474 2567 4549 blasphemare,qui
2586 4480 2983 4553 blasphemari
3003 4493 3333 4550 merentur;
3356 4491 3455 4544 sed
3479 4491 3676 4562 potius

2028 4562 2174 4618 illud
2209 4563 2472 4635 implere,
2508 4571 2662 4639 quod
2691 4570 2845 4625 idem
2868 4574 3179 4644 Apostolus
3204 4576 3314 4632 alio
3338 4577 3462 4633 loco
3483 4580 3679 4651 praeci-

2031 4654 2117 4724 pit
2149 4652 2347 4707 dicens
2376 4672 2387 4709 :
2418 4678 2442 4703 «
2470 4656 2799 4713 Benedicite
2820 4664 3306 4734 persequentibus
3336 4683 3437 4723 vos
3462 4686 3474 4737 ;
3502 4669 3676 4725 bene-

2033 4740 2229 4809 dicite,
2263 4747 2320 4797 et
2354 4743 2530 4799 nolite
2563 4745 2909 4804 maledicere
2940 4753 3110 4820 (Rom.
3135 4770 3236 4821 xu,
3272 4756 3380 4826 14).
3414 4778 3442 4808 ››

2107 4854 2133 4879 ‹‹
2169 4831 2293 4888 Non
2324 4832 2613 4904 litigiosos
2647 4853 2795 4903 esse,
2830 4840 2929 4894 sed
2964 4842 3279 4898 modestos.
3310 4868 3329 4893 η
3360 4846 3677 4919 Litigiosus

2040 4925 2233 4975 autem
2266 4926 2375 4991 est,
2412 4924 2509 4994 qui
2543 4924 2765 4981 malum
2798 4944 2900 4998 pro
2924 4931 3077 4986 malo
3105 4933 3421 5001 reddendo,
3445 4954 3559 4991 non
3584 4952 3679 4990 ex-

2040 5009 2311 5080 stinguit,
2332 5012 2429 5065 sed
2446 5020 2715 5083 provocat
2737 5014 3229 5077 litem.Modestus
3253 5027 3361 5091 est,
3384 5025 3483 5095 qui
3500 5024 3680 5091 mitis,

2044 5100 2537 5171 ettranquillusin
2562 5103 2792 5174 injuriis
2825 5109 3174 5179 persistit;et
3198 5128 3311 5167 non
3345 5113 3535 5167 solum
3570 5128 3684 5167 non

2043 5189 2235 5243 reddit
2256 5189 2473 5245 malum
2504 5209 2606 5262 pro
2629 5194 2803 5264 malo,
2820 5198 2919 5252 sed
2943 5199 3117 5254 etiam
3144 5218 3245 5271 pro
3270 5200 3421 5255 malo
3443 5202 3683 5268 bonum,

2116 5300 2142 5327 «
2170 5278 2253 5332 Ad
2269 5295 2470 5336 omnes
2486 5280 2771 5340 homines.
2795 5308 2823 5335 »
2847 5287 2971 5342 Non
2987 5287 3179 5343 solum
3194 5289 3491 5356 bonis,sed
3511 5289 3687 5347 etiam

2046 5366 2237 5438 malis,
2269 5371 2334 5423 ut
2361 5368 2590 5428 vincere
2620 5376 2855 5434 studeat
2883 5376 2941 5432 in
2977 5376 3126 5432 bono
3150 5375 3353 5435 malos.

2117 5474 2302 5550 (1376)
2332 5475 2374 5533 Α
2420 5519 2435 5537 .

3337 5690 3414 5757 23
