4020 6178
460 296 580 354 ⁸715

1481 289 1816 350 A'l‘TONlS
1865 288 2440 349 VEltCELLENSIS
2487 291 2836 351 EPISCOPI
3408 354 3411 355 ν
3683 299 3765 355 illi

544 453 562 475 α
601 434 841 480 teramus
870 425 1024 479 enim
1056 428 1111 479 et
1146 441 1248 479 nos
1279 423 1592 494 aliquando
1625 421 1989 492 Insipientes,
2051 425 2105 474 et
2134 425 2184 488 Α
2217 421 2421 476 effudit
2450 439 2627 493 super
2659 439 2765 477 nos
2795 423 3160 477 abundanter
3192 440 3290 494 per
3316 423 3504 479 Jesum
3540 425 3768 482 Christum

467 513 805 571 increduli.»
829 515 910 568 Ne
932 515 1308 585 desperarent
1331 512 1842 572 correctionem,su
1856 527 1949 562 um
1975 527 2102 580 pro-

465 605 628 677 ponit
657 602 988 674 exemplum
1016 619 1027 657 :
1062 603 1179 656 sive
1208 601 1346 673 quia
1365 608 1419 656 et
1441 619 1546 656 nos
1570 602 1734 669 tales,
1760 598 1969 669 inquit,
1997 598 2103 652 fui-

465 709 618 759 mus,
643 693 924 748 debemus
955 707 1178 756 eorum,
1211 691 1313 761 qui
1344 689 1490 744 tales
1521 692 1679 754 sunt,
1704 687 2104 760 insipientiam

462 784 611 838 ferre
641 782 947 853 patienter.
985 781 1050 834 Et
1080 780 1407 834 notandum
1439 776 1641 849 quales
1687 794 1792 832 nos
1841 777 2106 832 Christus

461 870 766 938 invenerit,
795 868 883 924 vel
905 868 1108 939 quales
1132 867 1350 935 fecerit,
1374 871 1574 922 utnon
1597 866 1668 920 de
1694 865 1910 921 nostris
1931 865 2105 920 meri-

460 960 536 1016 tis
567 974 993 1032 presumanus,
1026 973 1132 1012 nec
1165 957 1234 1011 de
1268 961 1487 1011 nature
1520 956 1670 1010 bono
1694 953 2033 1026 gloriemur.

535 1072 562 1100 ‹‹
596 1049 888 1112 Errantes,
921 1051 978 1102 et
1007 1047 1324 1102 servientes
1351 1044 1677 1110 desideriis,
1711 1049 1769 1099 et
1797 1043 2106 1115 voluptati~

463 1141 574 1194 bus
600 1136 796 1205 variis,
829 1136 888 1191 in
921 1135 1169 1202 malitia,
1193 1139 1248 1189 et
1291 1133 1510 1189 invidia
1552 1137 1812 1205 agentes,
1843 1132 2108 1198 odibiles,

465 1229 729 1284 odrentes
741 1223 1011 1280 invicem.
1040 1246 1068 1273 »
1081 1223 1226 1278 Ecce
1238 1223 1442 1293 quales
1456 1237 1695 1278 eramus
1717 1227 1848 1277 ante
1862 1222 2109 1293 gratiam

464 1333 569 1389 per
597 1314 765 1370 liberi
798 1313 1024 1369 arbitrii
1049 1311 1401 1367 libertatem.
1438 1311 1552 1364 Alii
1584 1311 1740 1365 hunc
1786 1311 1979 1366 locum
2032 1310 2112 1364 ita

468 1405 816 1475 istelligunt,
842 1406 906 1457 ut
935 1418 1048 1456 non
1081 1402 1151 1455 de
1185 1399 1359 1454 Paulo
1390 1404 1446 1455 et
1491 1400 1790 1471 apostolis,
1840 1401 1940 1454 sed
2000 1399 2111 1454 sub

469 1493 865 1566 apostolorum
898 1507 1146 1561 persona
1175 1491 1246 1544 de
1291 1488 1420 1544 aliis
1479 1489 1698 1543 dictum
1751 1494 1994 1559 putent:
2047 1493 2112 1543 ut

470 1582 762 1654 quomodo
792 1581 902 1635 sub
930 1596 1178 1650 persona
1209 1595 1335 1643 sua,
1370 1582 1424 1633 et
1453 1576 1676 1648 Apollo,
1710 1582 1768 1631 et
1790 1578 2016 1649 Cephe,
2041 1578 2110 1633 de

469 1670 915 1735 dissensione,et
936 1668 1272 1733 schismate,
1289 1667 1443 1738 quod
1459 1667 1740 1737 arguebat
1757 1667 2107 1736 Corinthios,

469 1766 558 1816 est
587 1760 813 1815 locutus
835 1759 884 1828 (Ι
911 1757 1026 1811 Cor.
1063 1757 1101 1826 1)
1126 1782 1140 1823 ;
1163 1756 1245 1810 ita
1266 1757 1442 1811 etiam
1465 1755 1524 1810 in
1552 1754 1819 1827 praesenti
1844 1755 1990 1822 loco,
2026 1773 2110 1824 se,

469 1855 526 1905 et
555 1846 848 1920 apostolos
875 1845 1213 1913 nominans,
1235 1861 1458 1910 omnes,
1483 1845 1584 1914 qui
1609 1844 1667 1897 in
1691 1843 1918 1899 Christo
1939 1844 2115 1898 credi-

467 1939 693 2007 derant,
728 1934 930 2007 quales
963 1934 1182 1989 fuerint
1213 1937 1349 1987 ante
1379 1933 1876 2004 regenerationem
1901 1931 2114 1986 lavacri

464 2025 678 2094 vitalis,
712 2023 1050 2080 ostenderit.
1081 2022 1268 2076 Simul
1300 2027 1496 2076 autem
1527 2027 1584 2076 et
1631 2020 1935 2076 humilitas
1986 2021 2114 2090 ejus

469 2120 558 2170 est
589 2113 953 2178 admiranda,
985 2111 1138 2181 quod
1164 2111 1221 2164 in
1247 2126 1481 2164 omnem
1504 2109 2113 2180 humilitatem,justi~

469 2199 908 2272 tiamquelegis,
932 2199 1094 2270 quasi
1122 2197 1557 2270 quisquilias,et
1573 2203 1961 2270 purgamenta
1976 2214 2111 2253 con-

473 2289 731 2362 tempsit,
757 2293 909 2344 recte
923 2304 984 2343 se
1002 2287 1127 2343 sine
1146 2285 1374 2342 Christo
1393 2287 1547 2341 vitiis
1570 2288 1844 2342 omnibus
1867 2287 2117 2342 servisse

478 2395 732 2435 memora
742 2378 835 2433 rit.
1847 2420 1849 2422 .

547 2490 576 2519 «
611 2471 754 2524 Cum
785 2470 981 2522 autem
1013 2465 1361 2536 benignitas,
1395 2469 1451 2519 et
1480 2465 1819 2520 humanitas
1851 2462 2120 2536 apparuit

479 2556 799 2614 Salvatoris
826 2553 1010 2609 nostri
1033 2553 1132 2608 Dei
1159 2569 1386 2608 :nonex
1410 2553 1964 2624 operibusjustitie,
1991 2569 2116 2623 que

476 2645 722 2701 fecimus
736 2661 840 2698 nos
862 2643 1108 2713 (1377).»
1135 2645 1267 2705 Que
1293 2658 1396 2695 nos
1412 2641 1600 2695 Judaei
1625 2641 2116 2711 fecimus,quanto

478 2735 668 2806 magis
699 2731 964 2803 gentiles,
996 2729 1097 2800 qui
1127 2729 1304 2801 ligno,
1339 2734 1396 2784 et
1425 2728 1602 2799 lapidi
1663 2729 2004 2784 servierunt.
2051 2730 2119 2782 Et

476 2822 802 2878 notandum
825 2819 979 2890 quod
1003 2818 1083 2873 ait
1103 2817 1437 2890 Apostolus,
1464 2818 1729 2889 quianon
1757 2836 1823 2873 ex
1845 2818 2117 2889 operibus

466 2910 709 2982 justitie
742 2907 934 2964 salvos
965 2924 1071 2962 nos
1102 2907 1268 2974 fecit;
1294 2908 1432 2978 quia
1454 2905 1632 2962 nullis
1654 2907 1871 2962 nostris
1894 2906 2117 2962 meritis

473 3016 682 3056 sumus
715 2997 924 3054 salvati
958 2997 1028 3052 de
1057 2995 1183 3052 sola
1235 2995 1638 3051 misericordia
1687 2995 2112 3068 Redemptoris.

473 3084 1355 3158 Conticescantprecipitatores,
1383 3085 1569 3157 magis
1584 3101 1759 3156 quam
1785 3085 2116 3140 defensores

470 3176 639 3234 liberi
668 3175 914 3232 arbitrii.

547 3289 574 3318 ‹‹
606 3265 938 3322 Secundum
971 3279 1141 3318 suam
1173 3263 1633 3320 misericordiam
1666 3262 1859 3319 salvos
1890 3281 1995 3319 nos
2029 3263 2114 3318 fe-

477 3355 572 3411 cit.
600 3377 628 3403 ››
661 3353 996 3408 Secundum
1028 3368 1198 3406 suam
1230 3350 1714 3418 misericordiam,
1750 3368 1875 3422 que
1910 3369 2015 3407 nos
2056 3353 2112 3407 in

479 3442 639 3498 omni
671 3457 840 3512 opere
870 3440 1020 3493 bono
1053 3444 1106 3491 et
1138 3438 1410 3509 preveuit
1442 3439 1802 3509 inspirando,
1827 3444 1883 3494 et
1912 3441 2118 3495 subse-

481 3530 682 3602 quitur
712 3527 1064 3598 adjuvando,
1096 3544 1210 3582 non
1243 3527 1567 3582 secundum
1597 3527 1969 3597 industriam,
2031 3529 2117 3584 vel

469 3618 740 3674 laborem
772 3620 1058 3672 nostrum.

558 3729 585 3759 «
615 3708 723 3762 Per
753 3705 1050 3760 lavacrum
1084 3704 1560 3776 regenerationis.
1592 3727 1611 3753 ι
1668 3704 2122 3776 Regeneratione

476 3797 580 3853 illa
601 3797 671 3852 de
694 3812 811 3867 qua
831 3793 1117 3849 Dominus
1131 3793 1268 3848 dicit
1295 3810 1307 3848 :
1339 3815 1358 3842 α
1383 3793 1508 3848 Nisi
1531 3793 1664 3864 quis
1687 3797 1923 3850 renatus
1947 3795 2121 3851 fuerit

476 3904 546 3942 ex
575 3903 728 3958 aqua
753 3888 809 3940 et
839 3883 1058 3955 Spiritu
1089 3886 1314 3952 sancto,
1348 3899 1461 3937 non
1494 3882 1759 3938 introibit
1785 3883 1840 3938 in
1875 3900 2119 3956 regnum

476 3975 754 4032 caelorum
789 3976 966 4042 (Joan.
1001 3989 1085 4040 1n,
1120 3972 1197 4042 3).
1226 3993 1253 4020 »

551 4088 571 4115 α
609 4064 676 4120 Et
705 4061 1094 4119 renovationis
1127 4060 1382 4132 Spiritus
1410 4060 1619 4124 sancti,
1648 4083 1674 4110 »
1724 4062 1794 4116 de
1826 4077 1942 4132 qua
1968 4064 2118 4134 Apo-

473 4153 660 4209 stolus
692 4153 804 4208 alio
829 4151 956 4206 loco
990 4149 1167 4205 dicit:
1195 4173 1222 4198 ‹‹
1252 4149 1630 4205 Renovamini
1657 4150 1879 4222 Spiritu
1909 4152 2120 4207 mentis

472 4247 696 4306 vestre,
727 4245 784 4296 et
815 4239 1037 4294 induite
1070 4255 1285 4293 novum
1318 4239 1642 4308 hominem,
1671 4239 1773 4310 qui
1797 4241 2119 4296 secundum

474 4331 656 4386 Deum
690 4333 916 4385 creatus
947 4332 1035 4383 est
1065 4327 1278 4399 (Ep/tes.
1314 4345 1387 4394 1v,
1421 4329 1512 4395 23)
1533 4350 1560 4376 ››
1595 4345 1606 4382 :
1660 4329 1775 4383 Ista
1827 4329 2119 4386 renovatio

475 4436 588 4475 non
617 4419 675 4474 in
709 4435 824 4473 uno
858 4420 1152 4472 momento
1177 4416 1259 4481 ﬁt,
1284 4416 1434 4470 sicut
1457 4415 1513 4470 in
1537 4416 1832 4487 baptismo
1858 4436 1971 4473 uno
1997 4437 2118 4474 mo-

474 4513 668 4565 mento
702 4508 765 4562 fit
795 4506 1065 4563 remissio
1097 4503 1362 4560 omnium
1407 4508 1794 4576 peccatorum.

546 4620 574 4647 ‹‹
608 4598 786 4661 Quem
819 4595 1104 4651 effuditin
1137 4594 1305 4649 nobis
1339 4594 1573 4648 abunde
1609 4611 1707 4666 per
1734 4595 1938 4651 Jesum
1961 4598 2118 4652 Chri-

473 4689 630 4742 stum
645 4685 998 4741 Salvatorem
1020 4688 1306 4738 nostrum.
1333 4704 1360 4733 »
1389 4683 1609 4740 Nomen
1635 4683 2117 4759 ell‘usionislargi-

469 4779 648 4832 tatem
663 4774 982 4847 gratiarum
1004 4773 1296 4844 signiﬁcat
1319 4773 1376 4826 in
1406 4771 1733 4828 heredibus
1747 4773 1887 4828 Novi
1911 4776 2111 4831 Testa—

469 4864 672 4933 menti,
708 4863 1020 4935 plusquam
1054 4862 1112 4915 in
1144 4861 1439 4932 prioribus
1461 4861 1666 4932 justis.

535 4955 723 5024 (1378)
754 4951 1102 5024 Diligentius
1144 4950 1544 5016 attendamus,
1583 4955 1640 5005 et
1668 4951 2108 5009 inveniemusin

465 5044 734 5116 praesenti
767 5041 1020 5114 capitulo
1037 5039 1581 5095 manifestissimam
1609 5040 1974 5096 Trinitatem.
1998 5043 2110 5098 Re-

459 5133 714 5206 nignitas
747 5132 962 5204 quippe
993 5134 1166 5200 atque
1196 5128 1503 5182 clementia
1549 5129 1860 5184 Salvatoris
1925 5132 2105 5187 nostri

453 5220 576 5289 Dei,
608 5240 722 5277 non
757 5221 999 5277 alterius
1032 5234 1209 5290 quam
1248 5216 1340 5270 Dei
1396 5216 1602 5286 Patris,
1658 5234 1759 5288 per
1808 5217 2102 5276 lavacrum

452 5311 991 5381 regenerationis,et
1012 5304 1406 5366 renovationis
1428 5304 1681 5375 Spiritus
1699 5307 1910 5376 sancti,
1927 5326 2099 5381 quem

525 5434 709 5508 (ΘΠ)
740 5437 780 5491 Α
829 5478 841 5492 -

555 5505 711 5564 1378⁷)
743 5508 824 5564 Ih.

555 5506 698 5560 1378
743 5508 824 5564 Ih.

524 5506 711 5664 E13793
742 5578 837 5636 Ae.

2144 1801 2190 1865 Β

2213 510 2567 565 Salvatorem
2627 515 2917 576 nostrum,
2967 511 3310 581 justiﬁcavit
3362 529 3460 567 nos
3527 514 3576 568 in
3639 516 3770 572 vitam

2214 603 2510 654 aeternam.
2547 599 2717 654 Salus
2743 599 3102 654 credentium
3163 600 3494 671 mysterium
3539 602 3771 659 Trinitatis

2218 691 2323 743 est.

2289 778 2471 845 (1379)
2503 799 2531 827 ‹‹
2566 777 2638 832 Ut
2661 777 2970 847 justiﬁcati
3000 778 3190 849 gratia
3230 777 3478 850 ipsius.»
3527 781 3771 836 Adverten-

2218 866 2359 920 dum
2391 866 2546 937 quod
2577 865 2766 938 gratia
2794 865 2952 922 illius
2992 866 3406 937 justiﬁcamur,
3456 885 3560 924 non
3606 870 3773 926 meritis

2219 955 2455 1010 nostris.

2293 1065 2320 1093 «
2349 1044 2615 1100 Heredes
2647 1044 2835 1100 simus
2867 1045 3188 1100 secundum
3221 1060 3382 1116 spem
3423 1045 3540 1100 vite
3588 1048 3772 1102 eterna.

2219 1131 2484 1187 Heredes
2511 1132 2748 1204 quidem
2781 1131 2903 1199 Dei,
2941 1132 3270 1189 coheredes
3323 1138 3507 1189 autem
3551 1134 3775 1189 Christi.»

2222 1221 2394 1288 (Rom.
2425 1221 2479 1290 8,
2513 1221 2622 1289 17).
2655 1225 2720 1276 Et
2741 1221 3061 1277 notandum
3086 1221 3241 1292 quod
3261 1222 3565 1276 secundum
3587 1223 3776 1294 gratiam

2221 1308 2845 1381 Deiljustiﬁeamur,vel
2866 1310 3124 1366 heredes
3140 1310 3427 1366 efﬁcimur
3446 1312 3562 1366 vite
3583 1317 3775 1377 eternie;

2222 1413 2336 1452 non
2369 1398 2692 1453 secundum
2751 1398 3042 1454 carnalem
3093 1398 3506 1465 hereditatem,
3552 1405 3608 1454 ut
3644 1400 3778 1455 Judaei

2223 1491 2531 1541 autumant
2563 1503 2577 1542 :
2606 1504 2791 1558 neque
2823 1487 3153 1542 secundum
3213 1487 3420 1543 merita
3462 1494 3654 1558 nostra,
3691 1505 3778 1558 que

2222 1578 2390 1630 antea
2418 1576 2570 1630 bona
2626 1593 2740 1631 non
2786 1575 3125 1642 habuimus,
3181 1584 3245 1630 ut
3300 1575 3584 1649 Pelagiani
3633 1593 3777 1647 super-

2221 1663 2412 1718 biunt.

2294 1775 2322 1801 «
2361 1753 2572 1808 Fidelis
2603 1769 2792 1808 sermo
2832 1757 2955 1808 est:
3017 1756 3074 1806 et
3124 1753 3195 1808 de
3246 1752 3338 1808 his
3381 1753 3498 1808 volo
3541 1757 3592 1808 te
3633 1752 3778 1808 confir-

2222 1857 2401 1907 mare,
2431 1845 2494 1895 ut
2513 1845 2716 1898 curent
2737 1841 2907 1896 bonis
2928 1841 3203 1913 operibus
3225 1858 3468 1913 preesse
3486 1841 3579 1913 qui
3599 1841 3776 1896 credunt

2223 1927 2357 1982 Deo.
2391 1929 2518 1983 Haec
2549 1934 2688 1985 sunt
2718 1930 2871 1985 bona
2910 1934 2966 1985 et
3017 1930 3185 1986 utilia
3238 1931 3616 1986 hominibus.»
3651 1929 3777 2000 (1380}

2222 2017 2359 2086 Hoc,
2385 2019 2537 2088 quod
2566 2019 2667 2086 ait,
2699 2017 2889 2073 ﬁdelis
2920 2035 3137 2087 sermo,
3180 2021 3253 2075 ad
3288 2019 3574 2091 superiora
3592 2020 3776 2090 jungen-

2224 2106 2366 2160 dum
2397 2110 2505 2174 est,
2547 2107 2606 2160 in
2668 2107 2882 2178 quibus
2931 2109 3333 2179 premiserat:
3385 2132 3410 2158 «
3445 2109 3512 2164 Ut
3546 2106 3777 2178 justificati

2224 2195 2412 2267 ipsius
2442 2199 2649 2267 gratia,
2684 2197 2943 2252 heredes
2968 2197 3298 2253 efﬁciamur
3328 2199 3625 2254 secundum
3664 2210 3776 2267 spem

2224 2283 2349 2338 vite
2379 2290 2624 2340 eterne.
2653 2308 2674 2336 »
2713 2285 2940 2357 Dignus
2973 2287 3128 2342 enim
3164 2287 3279 2342 ﬁde
3310 2304 3481 2358 super
3520 2285 3778 2341 hereditate

2226 2374 2322 2427 Dei
2357 2389 2569 2441 sermo,
2599 2377 2655 2428 et
2687 2391 2863 2446 super
2891 2391 2994 2446 spe
3023 2375 3149 2430 vitae
3180 2380 3404 2431 eterne
3452 2374 3632 2447 (1381).
3667 2371 3778 2427 Unde

2226 2466 2452 2534 oportet
2482 2463 2551 2517 de
2573 2462 2667 2519 his
2691 2479 2805 2517 non
2827 2463 3094 2533 dubium,
3119 2481 3238 2519 non
3267 2469 3558 2519 timentem
3576 2467 3622 2518 et
3645 2463 3776 2532 ipsam

2227 2552 2479 2617 credere,
2525 2556 2601 2620 et,
2663 2557 2728 2606 ut
2773 2553 3012 2608 credant
3057 2555 3270 2624 caeteri,
3330 2554 3657 2610 conﬁrmare.
3694 2548 3776 2603 Non

2226 2641 2419 2695 solum
2453 2645 2668 2711 autem,
2694 2641 2796 2696 sed
2817 2644 2874 2697 et
2899 2642 3006 2696 hoc
3029 2658 3164 2696 cum
3190 2643 3412 2698 ceteris
3434 2642 3520 2697 his
3539 2641 3623 2713 qui
3639 2639 3779 2694 volue-

2226 2729 2343 2784 rint
2371 2729 2623 2794 credere,
2667 2730 3134 2786 conﬁrmandum
3180 2737 3289 2787 est.
3341 2732 3662 2802 QuaprOpter
3697 2725 3775 2780 ait:

2234 2839 2260 2872 α
2290 2818 2358 2872 Et
2387 2819 2456 2872 de
2487 2819 2580 2874 his
2610 2819 2737 2874 volo
2768 2823 2824 2874 te
2881 2820 3252 2876 conﬁrmare.
3283 2845 3304 2869 ι
3360 2821 3462 2886 Qui
3505 2824 3668 2875 autem
3705 2815 3778 2867 ista

2225 2923 2359 2962 vera
2380 2923 2508 2962 esse
2529 2907 2897 2978 crediderint,
2928 2924 3164 2964 necesse
3186 2913 3277 2964 est
3299 2915 3361 2964 ut
3382 2924 3566 2964 curam
3599 2903 3778 2960 habeant

2225 2997 2512 3052 bonorum
2545 3013 2811 3068 operum,
2844 3013 2946 3069 per
2975 3014 3100 3069 que
3135 2997 3443 3054 hereditas
3475 2996 3580 3063 Dei,
3607 2998 3653 3050 et
3691 3005 3778 3062 spes

2224 3085 2351 3139 vite
2379 3093 2737 3156 preparalur
2767 3090 3014 3140 eterne.

2305 3197 2323 3221 ι
2359 3173 2577 3228 Stultas
2608 3178 2803 3229 autem
2839 3175 3213 3246 questiones,
3270 3181 3326 3231 et
3371 3170 3708 3248 genealogias,
3744 3170 3780 3220 et

2228 3264 2647 3330 contentiones,
2679 3267 2736 3318 et
2787 3279 3015 3336 pugnas
3065 3263 3214 3335 legis
3257 3265 3477 3321 devita:
3522 3266 3640 3318 sunt
3673 3255 3778 3312 enim

2227 3351 2466 3406 inutiles
2497 3357 2554 3406 et
2579 3368 2760 3406 vane.
2794 3375 2821 3402 »
2883 3352 3046 3416 Quod
3107 3359 3305 3408 autem
3356 3355 3435 3408 ait
3467 3371 3478 3408 :
3524 3375 3549 3403 «
3578 3344 3779 3404 Genealo-

2227 3441 2373 3513 gias,
2398 3444 2453 3496 et
2472 3441 2889 3509 contentiones,
2915 3446 2972 3496 et
2995 3441 3172 3509 rixas,
3193 3460 3323 3515 que
3355 3442 3578 3498 veniunt
3596 3454 3651 3494 ex
3676 3435 3776 3504 lege.

2229 3530 2438 3587 devita.
2462 3548 2488 3579 η
2516 3529 2746 3602 proprie
2768 3529 2962 3602 pulsat
2981 3531 3240 3600 Judeos,
3262 3531 3360 3603 qui
3387 3533 3441 3586 in
3459 3547 3518 3587 eo
3539 3545 3593 3584 se
3620 3523 3780 3595 jactanl

2229 3623 2283 3674 et
2313 3624 2524 3690 putant
2555 3618 2699 3690 legis
2731 3619 2942 3674 habere
2970 3620 3262 3687 notitiam,
3298 3621 3346 3676 si
3378 3610 3781 3676 nominateneant

2229 3705 2624 3778 singulorum;
2652 3724 2777 3778 que
2801 3708 2940 3778 quia
2958 3708 3209 3765 barbara
3230 3716 3386 3781 sunt,
3411 3714 3464 3764 et
3482 3700 3781 3780 etymologias

2229 3812 2430 3851 eorum
2454 3813 2568 3852 non
2591 3796 2880 3864 novimus,
2906 3797 3253 3870 plerumque
3275 3803 3531 3871 corrupte
3555 3792 3781 3868 proferun-

2231 3891 2326 3941 tur
2354 3904 2388 3941 a
2419 3885 2609 3940 nobis.
2643 3887 2708 3940 El
2742 3886 2789 3941 si
2823 3888 2968 3942 forte
3011 3888 3338 3945 erravimus
3382 3889 3439 3943 in
3491 3886 3710 3943 accentu,
3746 3875 3781 3927 in

2230 3974 2583 4040 extensione,
2615 3979 2671 4030 et
2702 3975 2978 4030 brevitate
3009 3975 3268 4049 syllabae,
3303 3977 3386 4034 vel
3417 3974 3595 4032 brevia
3631 3964 3782 4042 produ-

2231 4069 2446 4134 centes,
2497 4063 2584 4118 vel
2641 4065 2924 4135 producta
2980 4065 3330 4134 breviantes,
3387 4065 3565 4122 solent
3607 4055 3781 4114 irridere

2232 4170 2336 4208 nos
2395 4152 2720 4224 imperitie,
2789 4154 3040 4210 maxime
3124 4155 3185 4210 in
3266 4151 3700 4228 aspirationibus,
3751 4143 3787 4192 εἰ

2230 4241 2584 4312 quibusdam
2643 4259 2778 4297 cum
2837 4260 3043 4299 rasura
3099 4243 3318 4316 linguae
3399 4241 3589 4300 litteris
3651 4228 3785 4307 proie-

2231 4331 2448 4386 rendis.

2305 4443 2330 4472 ‹‹
2363 4420 2704 4475 Hereticum
2739 4421 3036 4478 hominem
3069 4428 3201 4493 post
3232 4441 3407 4479 unam
3440 4425 3493 4478 et
3543 4410 3783 4493 secundam

2149 4532 2195 4596 D
2230 4509 2650 4580 correptionem
2683 4510 2892 4581 devita,
2927 4492 3114 4567 sciens
3146 4512 3285 4583 quia
3316 4513 3608 4568 subversus
3634 4492 3783 4596 estqtli

2226 4598 2514 4668 ejusmodi
2546 4603 2634 4652 est
2663 4603 2718 4652 et
2750 4580 3055 4671 delinquit,
3089 4580 3225 4656 cum
3257 4603 3335 4657 sit
3366 4597 3582 4673 preprio
3619 4580 3782 4664 judiCiO

2226 4687 2721 4742 condemnatus.»
2759 4686 2994 4759 Legitur
3023 4689 3081 4743 in
3115 4690 3411 4744 codicibus
3440 4685 3602 4758 (quod
3638 4685 3781 4732 verum

2224 4793 2375 4847 papa
2406 4792 2636 4847 quoque
2666 4776 3021 4833 Athanasius
3054 4779 3358 4850 approbat)
3410 4799 3436 4827 ‹‹
3471 4777 3588 4847 post
3637 4775 3779 4850 unae],

2223 4871 2279 4920 et
2303 4864 2543 4920 alteram
2577 4867 3040 4937 correptionem;
3074 4848 3284 4939 siquod
3317 4865 3526 4922 scilicet
3547 4875 3644 4916 non
3662 4848 3778 4941 sum:

2221 4955 2333 5009 ciat
2368 4959 2601 5009 tantum
2632 4954 2812 5010 semel
2843 4972 2975 5010 eum
2997 4957 3228 5027 corripi,
3254 4956 3338 5012 vel
3361 4943 3780 5032 commoneri,

2221 5043 2414 5115 aliquo
2446 5043 2521 5098 sit
2543 5037 2890 5115 depravatus
2920 5062 3133 5112 errore,
3151 5024 3267 5100 ‘sed
3301 5049 3356 5100 et
3385 5039 3619 5098 secunda
3654 5030 3693 5086 ei
3729 5024 3780 5077 είί

2218 5133 2549 5187 adhibenda
2580 5133 2861 5201 doctrina,
2896 5139 2952 5188 et
2984 5135 3041 5189 in
3097 5151 3193 5190 ore
3225 5135 3490 5197 duorum,
3531 5124 3606 5181 vel
3648 5117 3776 5210 triqu

2217 5223 2455 5277 testium
2489 5225 2602 5276 stet
2631 5238 2803 5277 omne
2833 5223 3094 5278 verbum.
3130 5226 3315 5290 Quare
3345 5226 3529 5277 autem
3554 5213 3664 5286 p09t

2216 5329 2368 5367 mam
2404 5315 2460 5366 et
2517 5314 2835 5367 secundam
2891 5313 3313 5384 correptionem
3363 5302 3668 5365 devitandas
3710 5291 3776 5350 sit,

2281 5434 2466 5506 (1380)
2495 5434 2576 5506 1h.

2246 5497 2464 5641 x9353]?
2490 5504 2698 5578 Verba,
2730 5506 3008 5581 ngnus...
3073 5515 3319 5584 eterne,
3379 5505 3438 5564 in
3493 5500 3596 5565 imo
3637 5497 3772 5559 ωειπεο
