4044 6180
243 272 357 327 717

843 270 1253 331 EXPOSITIU
1302 271 1374 327 IN
1428 272 1854 330 EPIS'I‘OLAS
1903 271 2154 330 PAULI.
2204 302 2279 315 —
2319 272 2393 329 ΙΝ
2441 270 2690 332 EPIST.
2740 272 2840 330 AD
2885 272 3039 330 Tl'l‘.

3527 274 3643 331 718

245 400 431 455 reddit
462 416 692 465 causas,
724 401 961 455 dicens:
997 424 1021 447 ‹‹
1049 402 1210 467 Quod
1246 402 1566 456 subversus
1598 406 1684 456 est
1730 403 1887 471 ejus-
1921 408 1968 473 Α
2008 402 2159 456 unde
2188 402 2335 467 Tito,
2365 406 2424 455 ut
2455 402 2725 456 viaticum
2761 418 2873 455 non
2906 401 3257 456 habentibus
3290 401 3643 474 largiretur'.’

244 490 398 544 medi
432 494 487 544 et
522 496 741 561 peccat,
788 508 919 544 cum
982 492 1057 543 sit
1117 491 1433 562 semetipso
1490 492 1886 545 damnatus.»

247 578 353 643 Qui
386 579 542 633 enim
579 580 778 646 semel,
813 580 1017 648 bisque
1058 587 1383 649 correptus,
1442 581 1642 635 audito
1701 597 1890 633 errore

244 684 373 734 suo,
408 684 522 721 non
557 668 677 721 vult
707 667 1135 737 corrigi,errare
1167 668 1419 723 aestimat
1470 668 1888 739 corrigentem;

245 761 301 810 et
336 773 365 812 e
398 757 687 811 contrario
719 773 780 810 se
828 756 899 809 ad
944 772 1191 826 pugnas,
1244 750 1309 811 ’et
1351 758 1551 828 jurgia
1580 758 1891 811 verborum

244 861 619 915 parans,eum
652 844 775 898 vult
800 843 1135 899 lucrifacere
1163 864 1194 898 a
1216 863 1329 916 quo
1355 848 1892 917 decetur.Pr0pter-

244 950 313 987 ea
342 950 475 987 vero
528 951 561 986 a
612 935 927 1003 semetipso
973 935 1196 989 dicetur
1229 952 1355 989 esse
1388 937 1722 1001 damnatus,
1758 935 1895 1006 quia

246 1022 581 1091 fornicator,
615 1022 862 1090 adulter,
899 1022 1212 1089 homicida,
1246 1030 1301 1078 et
1332 1031 1536 1079 caztera
1580 1024 1735 1094 vitia,
1796 1041 1896 1094 per

246 1112 575 1166 sacerdotes
594 1112 663 1164 de
681 1111 934 1166 Ecclesia
950 1112 1386 1183 propelluntur;
1416 1113 1663 1168 hmretici
1698 1118 1892 1167 autem

246 1200 305 1254 in
338 1200 563 1270 seipsos
591 1202 943 1255 sententiam
974 1201 1188 1270 ferunt,
1214 1219 1319 1256 suo
1345 1202 1581 1256 arbitrio
1598 1203 1668 1256 de
1712 1200 1896 1255 Eccle-

246 1288 335 1343 sia
366 1289 734 1356 recedentes;
770 1306 897 1360 quw
944 1291 1181 1357 recesio,
1230 1291 1471 1361 preprize
1530 1289 1894 1346 conscientiae

244 1377 477 1431 videtur
506 1394 634 1432 esse
664 1378 1145 1434 damnatio.lnler
1158 1379 1422 1434 haeresim
1437 1384 1493 1435 et
1514 1379 1769 1435 schisma
1788 1379 1894 1434 hoc

246 1482 375 1521 esse
408 1467 787 1537 arbitrantur,
823 1468 977 1537 quod
1008 1468 1241 1523 llIBI‘ESlS
1287 1486 1622 1538 perversum
1682 1470 1895 1540 dogma

248 1554 461 1609 habeat
485 1554 771 1620 ;schisma
796 1562 1030 1627 propter
1063 1557 1451 1627 episcopalem
1470 1558 1893 1613 dissensionem

250 1644 322 1696 ab
346 1642 600 1698 Ecclesia
629 1648 967 1715 separetur:
1002 1647 1153 1715 quod
1195 1646 1433 1716 quidem
1499 1648 1554 1700 in
1609 1647 1895 1717 principio

249 1732 447 1803 aliqua
477 1749 544 1787 ex
578 1738 738 1804 parte
771 1733 1015 1804 intelligi
1058 1739 1265 1805 potest.
1325 1737 1607 1790 Czeterum
1669 1736 1895 1790 nullum

2001 490 2181 544 Solvit
2207 490 2351 544 hanc
2386 490 2789 560 quaestionem,
2824 496 2880 545 et
2909 489 3076 560 quasi
3115 489 3257 544 nihil
3306 491 3414 545 sibi
3464 509 3639 563 oppo-

2004 584 2195 643 natur,
2231 578 2412 647 elidil,
2466 580 2708 633 dicendo
2746 596 2756 632 :
2793 604 2817 625 ‹‹
2882 579 3117 633 Discant
3175 586 3367 634 autem
3431 581 3642 637 nostris

2002 667 2168 722 bonis
2200 668 2472 738 operibus
2504 685 2745 739 praeesse
2769 668 2825 722 in
2846 669 3188 723 necessariis
3214 669 3639 737 usibus,utnon

2004 758 2347 813 infructuosi
2380 757 2515 811 sint.
2555 780 2581 805 ››
2611 757 2850 813 Nostros
2881 774 3018 811 suos
3050 758 3231 827 (1382)
3261 761 3445 825 vocat,
3468 757 3643 829 quiin

2002 846 2228 901 Christo
2252 846 2640 913 crediderunt,
2674 847 2772 918 qui
2807 846 2944 916 quia
2991 846 3203 901 Christi
3254 851 3438 913 crant,
3494 852 3647 901 recte

2004 939 2060 989 et
2110 934 2263 989 Pauli
2322 938 2378 988 et
2435 935 2548 988 Titi
2627 933 2907 1005 appellari
2980 935 3373 989 merebantur.
3434 935 3643 1002 Habes,

2004 1023 2216 1092 inquit,
2250 1024 2306 1077 in
2339 1022 2657 1094 discipulos
2692 1026 3055 1094 potestatem,
3076 1024 3216 1077 doce
3248 1040 3346 1078 eos
3372 1040 3487 1078 non
3520 1038 3647 1078 esse

2004 1112 2419 1179 infructuosos,
2450 1112 2547 1166 sed
2581 1110 2945 1179 evangelistis
2979 1116 3035 1165 et
3091 1111 3426 1183 apostolicis
3480 1112 3643 1181 viris,

2004 1201 2103 1271 qui
2137 1200 2303 1256 bonis
2336 1201 2609 1272 operibus
2643 1200 2919 1263 serviunt,
2956 1199 3323 1267 ministrare;
3358 1206 3415 1256 et
3474 1200 3647 1255 mini-

2005 1294 2209 1355 strare,
2247 1307 2362 1343 non
2394 1290 2450 1343 in
2467 1287 2918 1360 quibuscunque
2940 1288 3263 1355 causis,sed
3284 1289 3344 1343 in
3378 1306 3645 1369 necessa-

2006 1377 2143 1433 riis:
2178 1378 2458 1433 habentes
2488 1376 2704 1448 quippe
2730 1377 2948 1431 victum
2982 1381 3039 1431 et
3083 1377 3514 1446 vestimentum,
3556 1378 3649 1434 his

2005 1467 2259 1521 contenti
2318 1484 2525 1521 sumus
2548 1468 2591 1536 (I
2624 1466 2756 1519 Tz'm.
2816 1483 2890 1531 v1,
2950 1466 3041 1535 8):
3076 1469 3131 1520 et
3161 1466 3261 1536 qui
3293 1466 3496 1521 altario
3528 1484 3647 1522 ser-

2005 1556 2188 1620 viunt,
2223 1556 2293 1609 de
2324 1554 2523 1609 alterio
2556 1555 2756 1607 vivunt
2787 1555 2833 1623 (I
2856 1553 2976 1608 Cor.
3014 1571 3088 1620 1x,
3126 1555 3210 1624 13)
3245 1571 3257 1621 ;
3295 1558 3351 1607 et
3382 1555 3481 1625 qui
3515 1572 3643 1626 par-

2006 1644 2212 1715 ticipes
2244 1642 2599 1715 spiritalium
2634 1648 2966 1697 nostrorum
3024 1643 3159 1697 facti
3218 1648 3378 1713 sunt,
3436 1644 3653 1698 debent

2007 1733 2176 1788 nobis
2207 1750 2315 1787 sua
2346 1733 2693 1804 participare
2725 1731 2999 1786 carnalia.
3035 1732 3099 1785 Et
3130 1748 3199 1785 ne
3260 1732 3505 1788 forsitan
3563 1733 3650 1788 vel

249 1794 510 1877 sch-isma
541 1794 655 1877 non
689 1822 800 1877 sibi
831 1794 1086 1894 aliquam
1119 1824 1287 1895 fingit
1326 1824 1615 1891 haeresim,
1652 1830 1715 1879 ut
1745 1830 1898 1881 recte
1930 1794 1978 1858 B
2006 1794 2519 1893 EpistolamTauli
2556 1794 2643 1875 vel
2705 1824 3053 1891 praeceptum
3114 1818 3227 1874 Titi
3286 1820 3451 1875 facile
3508 1838 3652 1877 cono

249 1912 321 1965 ab
350 1910 604 1966 Ecclesia
633 1912 944 1967 recessisse
972 1912 1252 1967 videatur.

326 2023 347 2047 σι
384 2001 528 2055 Cum
563 2000 774 2055 misero
804 2001 876 2055 ad
934 2005 990 2055 te
1045 2004 1344 2069 Arteman,
1405 2002 1492 2057 vel
1548 2002 1895 2074 Tychicum,

249 2088 463 2144 festina
492 2089 563 2143 ad
598 2106 691 2143 me
712 2090 905 2143 venire
943 2088 1305 2160 Nicopolim:
1362 2090 1441 2144 ibi
1501 2090 1659 2146 enim
1718 2090 1898 2146 statui

248 2177 567 2233 hiemare.»
600 2178 744 2240 Quia
757 2194 892 2249 ergo
910 2184 1037 2249 post
1056 2179 1504 2235 fundamentum
1527 2179 1776 2235 aliarum
1793 2180 1897 2234 Ec-

248 2265 564 2321 clesiarum
599 2267 965 2321 necessarius
991 2271 1115 2322 erat
1145 2269 1442 2340 Titus,qui
1464 2269 1773 2324 aedificium
1800 2285 1894 2323 su-

253 2359 632 2426 perstrueret,
667 2354 867 2409 scribit
898 2357 969 2425 ei,
1004 2360 1067 2410 ut
1098 2372 1230 2411 cum
1260 2359 1558 2428 Arteman,
1583 2357 1667 2413 vel
1697 2356 1899 2429 Tychi-

248 2462 409 2512 cum,
443 2461 625 2499 unum
667 2443 884 2499 scilicet
913 2462 942 2499 e
972 2445 1221 2514 duobus,
1256 2445 1354 2515 qui
1388 2462 1585 2501 secum
1648 2446 1895 2511 fuerant,

248 2535 476 2588 Cretam
513 2532 1149 2604 misisset,impleturos
1184 2532 1374 2588 locum
1406 2534 1697 2604 ejus,ipse
1735 2534 1899 2587 Nico-

250 2621 431 2694 polim
463 2622 708 2687 veniret,
740 2620 815 2674 ibi
850 2638 910 2675 se
936 2620 1331 2675 hiematurum
1382 2639 1510 2677 esse
1539 2626 1895 2676 contestans.

248 2716 330 2765 Ex
361 2727 474 2781 quo
508 2715 781 2780 paternos
814 2709 978 2764 Pauli
1010 2709 1068 2763 in
1099 2714 1401 2765 Cretenses
1424 2712 1738 2782 probemus
1770 2712 1900 2765 affe-

248 2798 811 2869 ctus,Neeessarium
828 2799 1001 2854 habet
1014 2799 1205 2854 Titum
1228 2799 1286 2854 in
1312 2799 1605 2872 Evangelii
1638 2800 1900 2855 ministe-

245 2888 404 2943 rium
433 2914 446 2955 ;
480 2894 673 2942 tamen
706 2905 819 2941 non
852 2892 1151 2949 eumante
1184 2889 1255 2941 ad
1285 2888 1899 2957 sevultvenire,nisiin

244 2978 443 3033 locum
473 2979 601 3048 ejus
627 2980 896 3031 Artemas
925 2975 1009 3031 vel
1040 2976 1326 3046 Tychicus
1378 2993 1682 3032 successor
1730 2977 1899 3030 adve-

246 3068 462 3123 nerint.
500 3064 791 3137 Nicopolis
824 3065 953 3137 ipsa
983 3069 1093 3131 est,
1127 3082 1252 3135 qua
1301 3066 1372 3119 ob
1424 3065 1725 3119 victoriam
1779 3070 1898 3118 Au-

244 3156 431 3227 gusti,
466 3155 619 3227 quod
639 3152 1551 3225 ibiAntoniumcleopatramque
1589 3153 1898 3225 superarit,
1934 3162 1975 3227 α
2018 3152 2217 3225 auium.
2248 3152 2306 3178 111
2337 3152 2467 3178 UUU.
2506 3152 2534 3173 υ
2563 3152 2777 3222 nurum.
2824 3152 3040 3194 ιίυιμμυ
3075 3152 3156 3223 ,ει
3212 3152 3429 3180 ιυαιιᾘδ
3482 3152 3653 3197 ιιιιυδ,

248 3261 463 3284 “nm”
499 3242 717 3284 “mani,
2018 3219 2100 3268 ita
2134 3218 2196 3268 ut
2223 3216 2468 3267 mortem
2501 3229 2604 3284 pro
2635 3228 2718 3267 818
2742 3216 3010 3283 oppetere
3040 3217 3157 3267 sint
3179 3216 3520 3284 paratae,sed
3545 3232 3660 3271 non

247 3261 466 3299 nomen
499 3242 738 3313 accepit.

337 3356 365 3382 ‹‹
398 3338 609 3389 Zenam
655 3330 1085 3401 legisperitum,
1118 3334 1173 3384 et
1200 3329 1402 3401 Apollo
1451 3329 1700 3385 sollicite
1758 3348 1900 3402 prie-

246 3422 442 3487 mitte,
477 3426 541 3474 ut
572 3419 716 3473 nihil
751 3418 867 3473 illis
898 3418 1066 3473 desit.
1105 3442 1131 3466 »
1164 3418 1277 3474 Iste
1308 3424 1365 3473 et
1396 3418 1622 3490 Apollo,
1657 3420 1727 3474 de
1786 3435 1901 3490 quo

250 3514 314 3565 et
341 3509 412 3564 ad
445 3507 774 3563 Corinthios
805 3506 1116 3562 scribitur:
1154 3531 1179 3556 ‹‹
1210 3507 1626 3578 Unusquisque
1648 3512 1901 3563 vestrum

258 3596 438 3653 dicit:
469 3598 586 3668 Ego
619 3612 750 3651 sum
779 3595 962 3665 Pauli,
991 3612 1095 3666 ego
1121 3595 1455 3667 Apollo,ego
1487 3596 1691 3667 Cephea
1725 3597 1902 3667 (ICor.

260 3706 301 3754 ι,
336 3686 443 3756 12).
479 3706 506 3733 »
544 3684 674 3739 Fuit
705 3688 899 3739 autem
934 3683 1021 3737 vir
1049 3684 1479 3739 Alexandrinus
1539 3702 1607 3739 ex
1662 3684 1903 3755 Judaeis,

258 3774 427 3829 valde
457 3774 736 3845 eloquens
766 3777 821 3828 et
853 3773 1141 3844 perfectus
1174 3772 1232 3827 in
1278 3772 1401 3845 lege
1460 3774 1768 3845 episcopus
1799 3774 1905 3828 Co-

261 3862 615 3917 rinthiorum
643 3880 655 3928 ;
690 3878 864 3931 quem
897 3861 1699 3933 propterdissensiones,qu:e
1725 3862 1780 3915 in
1805 3861 1909 3916 Co-

262 3951 477 4005 rinthio
509 3951 771 4016 erant,ad
793 3949 1043 4004 vicinam
1066 3950 1323 4004 insulam
1348 3953 1572 4005 Cretam
1597 3968 1730 4005 cum
1761 3951 1911 4005 Zena

262 4040 410 4111 legis
442 4040 677 4094 doctore
708 4038 1035 4110 putandum
1068 4042 1157 4093 est
1187 4040 1615 4106 transfretasse,
1649 4043 1705 4093 et
1746 4038 1910 4093 Pauli

261 4129 547 4200 Epistola,
580 4128 1204 4198 dissensionibusque
1238 4127 1650 4183 Corinthiorta:
1686 4129 1915 4183 fuerant

260 4219 629 4289 temperatis,
663 4234 900 4272 rursum
928 4216 1268 4271 Corinthum
1316 4218 1642 4272 ravertisse.
1701 4218 1913 4272 Zenam

261 4324 401 4362 vero
432 4306 577 4379 legis
608 4307 926 4370 doctorem,
960 4306 1029 4359 de
1060 4305 1173 4359 alio
1217 4305 1527 4376 Scriptura
1586 4306 1731 4373 loco,
1782 4306 1917 4376 quis

266 4396 467 4462 fuerit,
500 4413 612 4451 non
644 4412 960 4467 possumus
995 4394 1204 4460 dicere,
1244 4395 1353 4449 nisi
1379 4394 1487 4450 hoc
1507 4397 1919 4466 tantum,quod

266 4490 327 4540 et
358 4486 481 4557 ipse
512 4484 868 4556 apostolicus
897 4484 1005 4551 vir,
1040 4484 1097 4537 id
1133 4483 1505 4554 eperis,quod
1523 4484 1723 4555 Apollo
1755 4500 1915 4538 exer-

268 4576 457 4641 cebat,
500 4574 787 4640 habuerit,
822 4572 1035 4627 Christi
1068 4571 1354 4627 Ecclesias
1388 4574 1747 4627 exstruendi.
1772 4574 1919 4627 Prae-

267 4664 413 4734 cipit
445 4662 639 4734 itaque
669 4662 795 4716 Tito
828 4666 911 4727 ut,
944 4661 1218 4732 quoniam
1251 4661 1320 4714 de
1352 4661 1519 4716 Creta
1548 4663 1619 4716 ad
1643 4662 1923 4717 Graeciam

272 4752 598 4821 navigaturi
634 4754 819 4819 erant,
884 4767 997 4804 non
1056 4767 1152 4804 eos
1212 4750 1388 4805 faciat
1450 4751 1708 4806 sitarciis
1770 4751 1923 4805 indi-

273 4858 430 4913 gere,
466 4840 563 4895 sed
598 4840 810 4895 habere
841 4856 908 4894 ea
948 4855 1074 4909 qua:
1134 4839 1202 4892 ad
1261 4838 1538 4893 viaticum
1599 4839 1927 4895 necessaria

275 4935 441 4985 sunt.

358 5039 379 5066 α
414 5018 651 5073 Discant
669 5021 860 5071 autem
882 5020 939 5070 et
961 5014 1175 5069 nostris
1198 5016 1367 5069 benis
1386 5017 1660 5086 operibus
1683 5034 1929 5088 praeesse

276 5109 350 5163 ad
389 5124 531 5162 usus
574 5105 952 5174 necessarios,
1015 5108 1077 5158 ut
1137 5120 1249 5158 non
1323 5104 1441 5157 sint
1500 5104 1929 5160 infructuosi.»

276 5202 467 5268 Supra
493 5197 748 5250 dixerat:
786 5216 812 5242 ‹‹
848 5194 1061 5248 Zenam
1096 5192 1241 5264 legis
1275 5193 1591 5261 doctorem,
1643 5199 1698 5248 et
1728 5194 1929 5265 Apollo

282 5285 528 5342 sollicite
559 5284 867 5355 praamitte,
904 5287 966 5337 ut
999 5281 1143 5336 nihil
1177 5280 1289 5336 illis
1322 5281 1491 5336 desit.
1533 5305 1559 5329 »
1592 5283 1739 5347 Quia
1795 5300 1931 5355 ergo

282 5378 510 5448 poterat
540 5373 790 5428 suboriri
824 5371 1048 5427 occulta
1080 5370 1472 5442 responsio,ut
1496 5388 1608 5425 non
1634 5376 1749 5427 tam
1766 5374 1932 5429 Titus

283 5479 466 5542 quam
522 5461 859 5535 quicunque
916 5458 1183 5531 Epistulae
1240 5459 1420 5515 lector
1449 5458 1558 5514 hoc
1590 5460 1842 5532 diceret;
1876 5468 1935 5519 et

2005 1914 2331 1966 temnerent
2384 1910 2777 1965 infructuosos
2808 1912 2992 1978 vocat,
3022 1908 3359 1981 quicunque
3405 1926 3653 1982 evange-

2007 1999 2157 2055 listis
2189 2016 2303 2054 non
2338 1998 2814 2053 ministraverint.

2078 2146 2105 2171 ‹‹
2140 2123 2409 2178 Salutant
2440 2128 2496 2178 te
2528 2124 2627 2193 qui
2661 2138 2889 2176 mecum
2921 2126 3060 2176 sunt
3092 2138 3315 2179 omnes.
3352 2146 3379 2173 ››
3416 2122 3515 2178 Vel
3567 2140 3655 2179 so-

2006 2211 2111 2267 lita
2140 2212 2562 2267 consuetudine
2593 2228 2737 2266 usus
2770 2217 2877 2280 est,
2916 2215 2978 2265 ut
3009 2210 3204 2266 Titum
3238 2212 3309 2266 ab
3339 2212 3652 2281 |omnibus,

2008 2301 2107 2372 qui
2139 2318 2338 2357 secum
2370 2307 2549 2367 eraat,
2582 2300 2800 2355 diceret
2830 2298 3093 2369 salutari,
3126 2299 3213 2355 vel
3246 2304 3395 2356 certe
3425 2300 3657 2373 proprie

2006 2390 2066 2444 in
2101 2390 2321 2459 Titum,
2356 2390 2511 2461 quod
2568 2389 2702 2444 talis
2760 2394 2932 2454 esset,
2994 2394 3057 2443 ut
3101 2405 3359 2444 amorem
3412 2406 3655 2460 (eorum,

2009 2479 2273 2550 quicum
2319 2478 2496 2533 Paulo
2554 2483 2739 2543 erant,
2799 2477 3063 2532 omnium
3138 2482 3475 2534 mereretur.
3538 2480 3658 2533 Ma-

2008 2584 2123 2639 gna
2152 2585 2283 2622 vero
2317 2567 2445 2622 laus
2476 2567 2591 2621 Titi
2622 2583 2726 2638 per
2767 2566 3013 2621 Paulum
3073 2568 3145 2621 ab
3204 2567 3479 2623 omnibus
3509 2568 3663 2623 salu-

2008 2657 2139 2711 tari.

2085 2795 2105 2819 α
2144 2770 2347 2826 Saluta
2378 2787 2497 2835 eos,
2530 2769 2631 2841 qni
2663 2786 2771 2825 nos
2803 2774 3004 2825 amant
3034 2770 3094 2825 in
3128 2770 3262 2826 fide.
3299 2791 3327 2820 ››
3358 2771 3417 2826 Si
3443 2772 3657 2841 omnis,

2010 2860 2108 2930 qui
2144 2864 2319 2925 amat,
2354 2864 2577 2914 amaret
2607 2859 2666 2912 in
2700 2860 2830 2924 fide,
2865 2862 2922 2912 et
2968 2875 3082 2912 non
3123 2865 3319 2914 essent
3376 2860 3496 2925 alii,
3557 2862 3657 2931 qui

2010 2950 2231 3018 absque
2262 2949 2374 3002 fide
2403 2946 3039 3023 diligerentmunquam
3064 2947 3279 3003 Paulus
3300 2949 3370 3002 ad
3394 2965 3655 3005 amorem

2012 3038 2184 3091 ﬁdem
2220 3036 2611 3107 apposuisset,
2653 3035 2888 3089 dicens:
2926 3055 2954 3084 «
3010 3034 3208 3090 Saluta
3265 3052 3384 3100 eos,
3419 3037 3517 3107 qui
3549 3055 3656 3093 nos

2018 3130 2217 3180 amant
2248 3125 2306 3178 in
2337 3125 2467 3178 fide.
2506 3146 2534 3173 ››
2563 3126 2777 3177 Amant
2824 3124 3040 3194 quippe
3098 3129 3156 3179 et
3211 3131 3429 3180 matres
3481 3125 3653 3197 ﬁlios,

2016 3307 2221 3359 amant
2249 3303 2309 3357 in
2361 3302 2509 3368 fide;
2562 3316 2772 3355 uxores
2820 3300 3086 3367 maritos,
3132 3302 3350 3371 quibus
3383 3304 3664 3376 frequen-

2014 3393 2244 3447 tissime
2278 3390 2784 3457 commoriuntur;
2820 3389 2920 3445 sed
2955 3406 3120 3445 amor
3147 3390 3233 3444 illi
3260 3408 3373 3446 non
3398 3392 3530 3448 fidei
3553 3398 3661 3449 est.

2016 3480 2150 3536 Sola
2182 3483 2519 3534 sanctorum
2552 3478 2782 3533 dilectio
2814 3477 2872 3532 in
2907 3478 3021 3534 ﬁde
3051 3478 3260 3550 diligit,
3296 3480 3354 3535 in
3405 3486 3659 3551 tantum,

2015 3574 2080 3626 ut
2109 3567 2336 3624 etiamsi
2367 3567 2485 3635 ille,
2518 3567 2617 3638 qui
2651 3566 2941 3639 diligitur,
2996 3567 3252 3623 infidelis
3309 3569 3406 3635 sit,
3460 3574 3659 3627 tamen

2016 3663 2256 3715 sanctus
2312 3656 2370 3710 in
2450 3656 2561 3711 ﬁde
2621 3672 2755 3711 cum
2814 3655 3037 3728 diligat,
3089 3659 3415 3733 secundum
3477 3659 3662 3716 illud:

2018 3747 2289 3803 «Omnia
2345 3749 2538 3800 vestra
2598 3746 2656 3799 in
2715 3746 2830 3799 fide
2894 3746 3203 3816 {charitate}
3262 3748 3405 3803 ﬁant
3432 3754 3485 3818 (Ι
3534 3753 3663 3806 Cor.

2017 3855 2132 3903 xvn,
2170 3837 2277 3901 14).
2316 3856 2341 3881 ››
2375 3838 2442 3887 Et
2500 3832 2673 3886 alibi:
2712 3854 2739 3879 «
2800 3832 3033 3903 Diligite
3091 3834 3362 3891 inimicos
3419 3842 3665 3903 vestros,

2020 3927 2170 3995 (Luc.
2205 3940 2281 3992 v1,
2304 3922 2417 3991 32),
2452 3920 2648 3991 Diligit
2678 3925 2917 3975 sanctus
2948 3920 3217 3977 inimicos
3249 3940 3408 3991 suos,
3452 3928 3507 3978 et
3537 3924 3667 3979 ideo

2021 4014 2080 4068 in
2116 4014 2226 4066 fide
2257 4010 2466 4080 diligit,
2498 4009 2638 4080 quia
2666 4008 2849 4063 credit
2880 4009 2939 4063 in
2970 4000 3249 4081 eum,qui
3275 4010 3671 4081 pollicitusest

2024 4119 2085 4158 se
2118 4117 2219 4172 pro
2234 4097 2555 4170 explatione
2578 4096 2837 4152 mandati
2862 4096 3284 4153 retributurum
3307 4115 3435 4155 esse
3459 4116 3670 4156 merce-

2026 4191 2178 4245 dem.

2104 4329 2124 4355 ε
2161 4304 2357 4360 Gratia
2388 4303 2488 4359 Dei
2512 4320 2643 4358 cum
2679 4301 2974 4358 omnibus.
3026 4304 3230 4359 Amen.
3269 4327 3295 4353 »
3354 4304 3671 4362 Sciendum

2030 4396 2184 4468 quod
2218 4396 2273 4449 in
2307 4394 2519 4450 Graecis
2550 4392 2943 4447 codicibusita
2965 4392 3249 4464 scriptum
3283 4400 3407 4451 est:
3434 4395 3679 4451 «Gratia

2032 4502 2165 4540 cum
2180 4483 2453 4538 omnibus
2469 4482 2685 4549 vobis,»
2712 4485 2899 4535 utnec
2929 4502 2953 4534 ιι
2970 4481 3261 4549 Domini,»
3278 4500 3381 4538 nec
3400 4503 3419 4531 α
3438 4484 3677 4539 nostri»

2032 4574 2091 4627 in
2126 4571 2290 4626 libris
2322 4571 2541 4626 feratur
2569 4569 2943 4624 authenticis.
2992 4574 3055 4623 In
3114 4587 3425 4628 commune
3482 4574 3679 4645 itaque

2034 4661 2269 4728 sanctis,
2298 4665 2475 4731 atque
2506 4657 2899 4725 credentibus,
2931 4658 3058 4712 Tito
3089 4664 3145 4715 et
3167 4662 3513 4733 caeteris,qui
3545 4680 3679 4718 cum

2034 4768 2099 4806 eo
2129 4754 2312 4816 erant,
2365 4749 2720 4818 imprecatur
2775 4746 2983 4817 gratia.
3050 4748 3118 4801 Et
3175 4751 3465 4819 quomodo
3523 4753 3685 4808 Isaac

2037 4837 2365 4909 patriarcha
2396 4834 2691 4890 benedixit
2720 4833 2906 4889 lilium
2940 4851 3115 4890 suum
3148 4836 3325 4894 Jacob
3356 4838 3489 4911 (Gen
3509 4857 3683 4910 XXVII,

2035 4927 2240 4997 27-29),
2274 4928 2329 4979 et
2359 4923 2484 4994 ipse
2517 4923 2691 4977 Jacob
2750 4922 3059 4978 duodecim
3135 4927 3501 4984 Patriarchas
3533 4930 3683 4999 (Gen.

2036 5033 2187 5081 XLIX,
2224 5014 2373 5083 1-28)
2405 5031 2417 5067 :
2451 5011 2716 5083 Apostoli
2752 5029 3002 5083 quoque,
3026 5014 3267 5069 domum
3292 5016 3687 5087 ingredientes

2039 5105 2343 5159 dicebant:
2386 5125 2405 5150 ι
2446 5101 2562 5154 Pax
2594 5101 2728 5155 huic
2760 5102 2960 5156 domui
3008 5102 3219 5173 (Matth.
3249 5120 3303 5169 x,
3342 5104 3446 5172 15).
3484 5124 3510 5151 ››
3545 5107 3609 5156 Et
3640 5103 3689 5157 si

2040 5193 2217 5265 digna
2241 5196 2364 5247 erat
2396 5191 2631 5255 demus,
2664 5191 3068 5261 requiescebat
3097 5208 3208 5261 pax
3255 5206 3456 5246 eorum
3516 5208 3693 5263 super

2040 5299 2169 5338 eam
2195 5299 2207 5347 ;
2242 5280 2292 5335 si
2324 5296 2455 5335 vero
2486 5295 2547 5334 se
2578 5278 2890 5334 exhibebat
2921 5278 3245 5350 indignam,
3300 5279 3695 5335 revertebatur

2042 5371 2115 5425 ad
2146 5386 2243 5425 eos
2268 5368 2366 5440 qui
2390 5383 2517 5422 eam
2546 5366 2777 5422 fuerant
2799 5366 3216 5438 imprecati.lta
3237 5371 3293 5422 et
3315 5383 3469 5422 nunc
3492 5368 3553 5424 in
3576 5368 3695 5425 fine

2042 5457 2313 5532 Epistolas
2344 5473 2461 5512 suae
2478 5455 2793 5529 Apostolus
2815 5454 3063 5528 gratiam
3086 5455 3453 5515 credentibus
3475 5458 3690 5537 impre-

358 5570 542 5648 (1382)
576 5571 638 5631 In
670 5573 863 5642 autog.
896 5567 1156 5639 usus,sed
1185 5582 1311 5624 suos
1342 5582 1410 5631 ex
1430 5566 1561 5627 divo
1585 5567 1933 5640 Hieronymo
1972 5568 2285 5649 legendum
2313 5564 2730 5642 comperimus.
