4062 6186
252 380 366 440 721

826 368 1261 433 EXPOSITIO
1304 372 1383 433 ΙΝ
1429 368 1849 433 EPlSTOLAS
1895 367 2153 430 PAULI.
2187 401 2263 412 -—
2296 370 2370 428 ΙΝ
2418 370 2664 431 EPIST.
2715 370 2817 431 AD
2866 370 3188 432 PHILEM.

3611 376 3727 434 722

247 511 561 577 laudatur,
586 506 663 563 de
697 500 1120 576 apostolorum
1145 505 1409 577 exemplo
1431 505 1704 571 sumitur,
1730 508 1786 559 et
1816 503 1949 558 inde
1979 502 2035 568 Α
2068 500 2411 573 czeterisque
2461 518 2563 573 per
2612 502 2882 569 Paulum,
2917 503 3048 576 plus
3099 504 3407 561 charitatis
3449 512 3723 577 meretur,

252 606 482 660 bonum
518 597 622 663 sit,
662 593 810 667 quia
843 592 916 646 de
951 590 1177 647 Christi
1212 593 1371 648 fonte
1406 593 1673 648 ducatur.

322 716 350 743 ‹‹
378 686 686 748 Gaudium
709 683 873 740 enim
902 696 1199 752 magnum
1221 681 1484 747 habui,et
1501 681 1955 737 consolationem

245 785 305 841 in
341 778 640 838 charitate
673 779 781 830 tua
808 791 820 840 ;
860 769 1012 843 quia
1044 770 1278 826 viscera
1305 774 1639 826 sanctorum
1669 772 1958 842 requieve-

244 877 388 930 runt
429 886 535 942 per
577 871 659 933 te,
709 864 914 919 frater.
957 882 981 910 ι
1050 857 1301 914 Plenius
1340 858 1613 930 inculcat,
1647 865 1703 916 et
1734 862 1953 931 edocet,

244 977 433 1037 quare
465 955 723 1014 dixerit:
765 972 791 1005 α
823 947 1073 1007 Gratias
1106 964 1217 1020 ago
1251 952 1370 1003 Deo
1405 965 1552 1015 meo,
1580 966 1810 1020 semper
1841 967 1956 1005 me-

244 1051 506 1110 moriam
544 1046 632 1102 tui
666 1042 891 1100 faciens
926 1038 991 1092 in
1028 1037 1411 1093 orationibus
1445 1037 1608 1093 meis.
1639 1061 1666 1087 »
1698 1038 1954 1111 Dignum

244 1140 552 1213 siquidem
571 1138 697 1191 erat
716 1145 888 1205 agere
907 1126 1145 1199 gratias
1160 1126 1280 1182 Deo
1303 1142 1536 1197 semper
1555 1143 1654 1198 pro
1674 1126 1955 1182 charitate

245 1225 641 1292 Philemonis,
676 1222 776 1293 qui
811 1220 1127 1274 internum
1163 1215 1370 1270 cordis
1403 1216 1695 1283 affectum,
1731 1221 1787 1270 et
1821 1233 1952 1287 pro-

251 1320 477 1377 fundos
502 1312 689 1371 animi
715 1311 1068 1367 sanctorum
1096 1320 1375 1359 recessus
1398 1303 1771 1376 suscipiendo
1796 1304 1957 1361 refri-

247 1409 582 1485 geraverat.

326 1524 355 1550 ‹‹
389 1498 639 1567 Propter
666 1489 820 1562 quod
848 1483 1111 1542 multam
1137 1480 1427 1538 ﬁduciam
1457 1480 1680 1536 habens
1706 1482 1766 1536 in
1794 1481 1954 1537 Chri-

252 1594 349 1647 sto
374 1588 519 1643 Jesu
555 1576 891 1654 imperandi
924 1573 1041 1629 tibi
1069 1571 1227 1644 quod
1266 1570 1339 1623 ad
1373 1586 1497 1624 rem
1528 1568 1859 1640 pertinent:
1899 1573 1955 1624 et

251 1681 500 1753 propter
522 1670 882 1729 charitatem
913 1662 1115 1735 magis
1139 1660 1409 1724 obsecro,
1434 1674 1569 1713 cum
1595 1658 1677 1713 sis
1703 1659 1857 1726 talis,
1889 1662 1956 1713 ut

252 1747 485 1825 Paulus
510 1777 707 1831 senex,
735 1772 891 1813 nunc
919 1757 1127 1809 autem
1152 1752 1209 1805 et
1241 1747 1476 1803 vinctus
1496 1748 1629 1803 Jesu
1659 1748 1897 1803 Christi.
1923 1771 1950 1797 ))

256 1855 471 1915 Multis
505 1850 907 1908 Philemonem
940 1840 1230 1896 laudibus
1261 1840 1397 1939 ante
1435 1837 1784 1939 prazmissis,
1811 1853 1953 1939 cum
1986 1875 2033 1939 B

257 1964 359 2003 res
380 1944 522 2000 talis
550 1940 645 2008 sit,
671 1953 774 2009 pro
797 1950 913 2006 qua
937 1932 1263 2002 rogaturus
1286 1930 1397 1994 est,
1420 1943 1549 1997 qua:
1572 1929 1627 1981 et
1650 1925 1955 1998 praestanti

263 2038 349 2093 sit
400 2031 589 2100 utilis,
623 2033 681 2084 et
730 2021 981 2096 roganti,
1018 2020 1251 2090 poterat
1282 2014 1502 2070 Paulus
1544 2015 1737 2087 magis
1767 2015 1954 2086 impe-

264 2140 405 2181 rare
439 2135 619 2194 quam
654 2120 871 2189 petere.
895 2110 1006 2164 Sed
1040 2107 1155 2162 hoc
1186 2121 1255 2160 ex
1284 2104 1503 2159 ﬁducia
1532 2103 1633 2159 illa
1662 2104 1955 2194 veniebat,

268 2212 433 2286 quod
456 2191 569 2281 qui
598 2208 767 2261 tanta
798 2201 869 2257 ob
896 2196 1202 2286 Christum
1225 2208 1399 2264 opera
1428 2197 1816 2286 perpetraret,
1843 2191 1957 2286 uti?

271 2280 396 2374 que
418 2280 616 2368 impar
642 2293 735 2349 sui
770 2291 829 2344 in
863 2285 1093 2344 caateris
1115 2298 1243 2339 esse
1273 2298 1387 2336 non
1420 2285 1671 2352 poterat.
1696 2281 1801 2336 Sed
1836 2280 1961 2374 vult

272 2368 471 2461 magis
498 2389 717 2458 petere,
746 2394 925 2452 quam
943 2375 1176 2446 jubere,
1201 2370 1407 2443 grandi
1434 2371 1689 2461 petentis
1713 2368 1960 2425 auctori-

273 2457 410 2536 tate
437 2457 765 2549 proposita,
800 2484 904 2540 per
933 2479 1115 2535 quam
1151 2465 1208 2516 et
1239 2457 1549 2529 Apostolus
1580 2459 1869 2525 obsecrat,
1904 2464 1959 2512 et

279 2548 489 2637 senex,
511 2568 569 2619 et
590 2561 823 2615 vinctus
839 2556 985 2611 Jesu
1005 2549 1240 2608 Christi.
1258 2548 1473 2637 Totum
1496 2552 1691 2603 autem
1714 2564 1818 2618 pro
1843 2564 1957 2618 quo

278 2660 475 2729 rogat,
498 2651 646 2707 illud
671 2653 782 2704 est.
800 2643 1114 2701 Onesimus
1139 2654 1342 2729 servus
1359 2636 1739 2729 Philemonis,
1755 2638 1957 2729 fugam

278 2726 446 2802 furto
466 2738 811 2805 cumulans,
827 2732 1101 2805 quaedam
1122 2728 1204 2783 rei
1224 2727 1558 2782 domesticae
1576 2726 1955 2797 compilarat:

280 2835 384 2890 hic
413 2844 666 2904 pergens
699 2825 771 2881 ad
796 2820 1148 2885 ltaliam,ne
1180 2817 1251 2871 de
1284 2815 1546 2887 proximo
1571 2815 1800 2871 facilius
1831 2834 1961 2887 pos-

281 2928 382 2980 set
405 2914 793 2992 apprehendi,
814 2908 1127 2985 pecuniam
1145 2904 1369 2960 domini
1392 2921 1494 2976 per
1518 2904 1807 2958 luxuriam
1834 2922 1961 2975 pro-

283 3012 556 3081 degerat.
590 3006 708 3060 Hoc
743 3020 812 3057 ne
859 2998 996 3071 quis
1036 2998 1203 3069 putet
1246 2997 1481 3059 temere,
1514 2998 1569 3047 et
1618 2996 1682 3047 ut
1730 2992 1892 3060 libet,
1929 3013 1962 3051 a

285 3099 467 3157 nobis
492 3097 715 3159 ﬁctum,
741 3092 798 3145 in
823 3084 1212 3159 sequentibus
1235 3082 1441 3136 discat.
1462 3082 1777 3151 Nunquam
1801 3084 1958 3138 enim

282 3187 517 3245 Paulus
549 3182 801 3239 diceret:
834 3202 862 3229 «
890 3176 947 3232 Si
980 3173 1121 3246 quid
1148 3170 1347 3227 nocuit
1369 3170 1610 3236 tibi,aut
1633 3169 1824 3241 debet,
1850 3170 1958 3226 hoc

286 3277 445 3335 mihi
474 3274 703 3345 imputa
736 3286 748 3325 :
804 3284 910 3340 ego
944 3262 1165 3320 Paulus
1199 3260 1406 3331 scripsi
1440 3274 1570 3314 mea
1600 3275 1819 3326 manu;
1853 3276 1958 3332 ego
1990 3241 2032 3307 C

286 3365 542 3423 reddam
568 3377 581 3416 :
617 3380 643 3411 ι)
680 3360 796 3415 Nec
826 3370 1082 3429 sponsor
1112 3350 1194 3407 rei
1224 3351 1388 3404 ﬁeret
1419 3348 1647 3413 ablatis,
1669 3347 1780 3402 nisi
1810 3353 1964 3405 esset

287 3456 378 3520 id,
414 3451 571 3524 quod
624 3447 891 3505 ablatum
942 3444 1153 3509 fuerat,
1198 3438 1574 3509 dissipatum.
1610 3435 1711 3490 Hic
1758 3436 1960 3507 igitur,

289 3559 435 3600 cum
466 3541 538 3595 ob
561 3535 995 3594 confessionem
1021 3527 1232 3586 Christi
1261 3525 1476 3581 Paulus
1498 3526 1693 3580 Romae
1716 3528 1871 3580 esset
1900 3525 1961 3581 in

290 3646 555 3695 carcere,
588 3625 836 3683 credidit
868 3624 927 3677 in
964 3618 1278 3675 Dominum
1307 3616 1530 3681 Jesum,
1564 3618 1620 3669 et
1659 3614 1729 3667 ab
1762 3630 1828 3669 eo
1860 3616 1960 3670 ba-

292 3723 579 3796 ptizatus,
599 3717 778 3789 digna
800 3708 1148 3786 paenitentia
1168 3705 1432 3762 maculas
1452 3704 1577 3759 vita:
1601 3702 1811 3796 prioris
1835 3705 1964 3796 abs-

293 3792 477 3867 tersit
513 3824 526 3863 :
578 3806 636 3860 in
678 3808 934 3868 tantum,
968 3804 1033 3853 ut
1063 3796 1377 3868 Apostolus
1408 3792 1804 3850 conversionis
1833 3794 1961 3864 ejus

295 3896 478 3956 testis
500 3896 683 3959 ﬁeret,
710 3892 810 3965 qui
839 3888 1140 3963 quondam
1170 3885 1404 3940 Petrum
1434 3884 1819 3953 increpuerat,
1846 3900 1960 3939 non

294 3992 464 4045 recto
489 3984 634 4057 pede
658 3983 717 4037 in
747 3976 1045 4051 Evangelii
1076 3973 1314 4030 veritate
1338 3972 1701 4045 gradientem
1726 3970 1864 4041 (Gal.
1900 3989 1959 4042 ιι,

299 4080 326 4134 1
343 4077 419 4144 1).
446 4076 742 4141 Quantum
768 4070 948 4142 igitur
973 4065 1044 4121 ad
1068 4067 1392 4135 peccatum,
1416 4064 1471 4116 et
1491 4061 1563 4115 ad
1587 4058 1812 4115 facinus
1839 4076 1963 4131 per-

292 4168 477 4231 tinet,
508 4162 665 4235 quod
697 4158 968 4214 homines
1000 4152 1239 4218 laeserit,
1262 4150 1487 4207 veniam
1520 4166 1636 4204 non
1668 4153 1958 4217 meretur;

290 4258 595 4329 quantum
621 4267 755 4306 vero
774 4249 843 4304 ad
856 4242 1118 4318 Apostoli
1139 4238 1681 4310 testimonium,qui
1697 4238 1809 4294 scit
1825 4256 1959 4295 eum

293 4346 479 4420 plene
527 4357 658 4397 esse
707 4349 1077 4399 conversum,
1112 4330 1317 4401 grandi
1358 4330 1613 4401 pondere
1652 4329 1958 4399 premitur,

292 4418 409 4509 qui
443 4434 702 4503 rogatur,
727 4431 791 4482 ut
820 4425 922 4497 qui
954 4423 1024 4478 de
1055 4435 1219 4476 servo
1243 4418 1679 4509 fugitivoAatque
1710 4422 1959 4509 raptore,

294 4506 582 4581 minister
612 4514 877 4589 Apostoli
908 4514 1098 4568 factus
1129 4512 1271 4564 erat.
1314 4507 1497 4579 (Quod
1555 4511 1751 4562 autem
1801 4506 1958 4563 aliud

2071 606 2246 661 quam
2279 590 2395 646 odii
2429 597 2561 647 ante
2602 598 2917 649 meruerat.
2951 595 3114 650 Unde
3166 595 3249 652 ait
3283 612 3296 650 :

2142 701 2169 728 ‹‹
2202 679 2369 734 Nunc
2396 683 2591 735 autem
2624 686 2680 736 et
2709 682 2813 738 tibi
2847 687 2904 738 et
2933 682 3078 739 mihi
3113 683 3297 740 utilis.
3328 705 3355 733 »
3389 683 3632 740 Domino
3663 687 3721 742 in

2068 785 2133 823 eo
2183 766 2364 835 utilis,
2400 768 2538 838 quia
2589 776 2787 841 posset
2836 771 3012 829 Paulo
3068 774 3285 829 servire
3330 789 3433 845 pro
3483 773 3718 829 domino

2068 874 2213 925 suo;
2248 855 2427 912 Paulo
2460 874 2594 914 vero
2627 859 2683 913 in
2716 876 2780 915 eo
2814 860 2998 930 utilis,
3032 862 3171 934 quia
3209 861 3309 917 illo
3360 862 3419 916 in
3467 878 3718 930 carcere,

2068 944 2437 1015 vinculisque
2467 945 2723 1016 detento,
2757 953 2952 1019 posset
3000 954 3056 1005 et
3104 950 3162 1005 in
3205 949 3511 1022 Evangelio
3543 949 3717 1005 mini-

2068 1039 2277 1090 strare.

2142 1146 2169 1173 ‹‹
2199 1128 2282 1178 Tu
2305 1128 2497 1178 autem
2524 1124 2716 1193 illum,
2732 1127 2789 1181 id
2815 1131 2920 1193 est,
2940 1133 3004 1183 ut
3026 1145 3157 1184 mea
3176 1129 3399 1184 viscera
3419 1129 3719 1201 suscipe.»

2066 1212 2306 1267 Viscera
2357 1211 2692 1283 signiﬁcant
2738 1215 3037 1271 internum
3088 1217 3280 1273 cordis
3327 1218 3619 1284 affectum,
3665 1222 3722 1274 et

2068 1300 2300 1372 plenam
2326 1317 2393 1356 ex
2425 1300 2622 1357 animo
2650 1303 3032 1374 voluntatem,
3057 1322 3192 1361 cum
3224 1310 3411 1361 totum
3435 1306 3722 1379 quidquid

2067 1389 2127 1444 in
2162 1389 2331 1445 nobis
2362 1393 2470 1458 est,
2501 1390 2822 1464 suscipitur
2852 1410 2884 1448 a
2913 1398 3132 1465 rogato.
3155 1394 3335 1450 Aliter
3354 1400 3573 1461 autem,
3597 1412 3723 1451 om-

2068 1493 2172 1533 nes
2206 1477 2393 1545 liberi,
2427 1477 2650 1533 viscera
2683 1484 2823 1535 sunt
2870 1479 3252 1553 intelligenda
3283 1485 3612 1552 parentum.

2140 1590 2167 1617 ι(
2204 1569 2384 1633 Quem
2416 1583 2525 1639 ego
2556 1566 2853 1624 volueram
2882 1585 3111 1625 mecum
3140 1570 3409 1636 retinere,
3437 1574 3503 1625 ut
3531 1587 3633 1642 pro
3666 1572 3723 1624 te

2067 1655 2212 1711 mihi
2253 1655 2609 1712 ministraret
2658 1657 2718 1711 in
2771 1658 3022 1714 vinculis
3073 1657 3452 1731 Evangelii.»
3503 1659 3722 1715 Idcirco

2064 1744 2252 1800 ﬁlium
2286 1763 2483 1813 suum,
2519 1750 2574 1801 et
2628 1746 2820 1801 ﬁlium
2872 1746 3263 1815 vinculorum,
3298 1751 3353 1803 et
3384 1748 3724 1803 ministrum

2064 1834 2358 1907 Evangelii
2391 1835 2447 1889 in
2481 1834 2733 1891 vinculis
2765 1836 3089 1903 constituti,
3125 1836 3402 1904 inculcat,
3429 1841 3610 1909 atque
3640 1851 3727 1890 re-

2069 1923 2269 1997 plicat,
2296 1928 2359 1978 ut
2383 1924 2688 1980 Philemon
2720 1924 2819 1980 ille
2851 1927 3184 1996 prudenter,
3210 1930 3266 1981 et
3297 1922 3729 1997 dispensatoris

2068 2016 2297 2068 tantum
2324 2013 2381 2068 in
2409 2014 2743 2084 praefatione
2765 2014 3061 2079 laudatus,
3086 2032 3202 2070 non
3228 2016 3466 2070 auderet
3486 2025 3732 2087 negare,

2071 2117 2141 2156 ne
2175 2101 2299 2156 suis
2329 2100 2603 2159 laudibus
2630 2103 2922 2158 videretur
2950 2102 3251 2175 indignus.

2142 2213 2170 2239 ‹‹
2203 2190 2336 2245 Sine
2366 2191 2609 2247 consilio
2642 2197 2839 2247 autem
2872 2196 2973 2248 tuo
3007 2191 3153 2246 nihil
3185 2190 3342 2247 volui
3377 2192 3581 2249 facere
3608 2207 3623 2248 :
3660 2187 3744 2245 uti

2070 2295 2141 2334 ne
2174 2279 2327 2334 velut
2357 2295 2425 2335 ex
2456 2280 2805 2336 necessitate
2835 2282 3055 2337 bonum
3087 2285 3255 2336 tuum
3288 2285 3467 2349 esset,
3493 2282 3616 2338 sed
3650 2297 3747 2336 vo-

2067 2365 2412 2423 luntarium.
2440 2390 2467 2418 »
2501 2369 2695 2424 Potuit
2720 2370 2917 2441 itaque
2939 2370 3237 2442 apostolus
3262 2370 3477 2427 Paulus
3502 2372 3749 2442 absque

2068 2456 2365 2512 voluntate
2380 2457 2740 2513 Philemonis
2755 2459 3097 2514 Onesimum
3113 2460 3222 2514 sibi
3250 2460 3305 2514 in
3329 2459 3749 2518 ministerium

2069 2550 2390 2614 retentare;
2426 2548 2527 2602 sed
2559 2548 2608 2602 si
2641 2548 2750 2603 hoc
2771 2549 2897 2604 sine
2920 2547 3275 2604 Philemonis
3310 2548 3631 2607 voluntate
3665 2553 3744 2609 fe-

2069 2636 2263 2702 cisset,
2299 2636 2518 2691 bonum
2552 2637 2791 2708 quidem
2827 2642 2953 2692 erat
2984 2639 3132 2707 ejus,
3167 2638 3267 2692 sed
3308 2654 3422 2692 non
3454 2640 3744 2703 volunta-

2070 2725 2418 2788 rium.Quod
2444 2730 2639 2781 autem
2664 2744 2777 2781 non
2802 2730 2926 2782 erat
2946 2724 3363 2795 voluntarium,
3381 2725 3493 2782 alio
3516 2744 3738 2800 genere

2068 2815 2420 2885 arguebatur
2450 2831 2564 2869 non
2596 2831 2724 2871 esse
2758 2817 3001 2871 bonum.
3037 2814 3192 2869 Nihil
3234 2814 3449 2887 quippe
3500 2816 3730 2880 bonum

2070 2902 2181 2956 dici
2218 2906 2424 2973 potest,
2462 2903 2571 2958 nisi
2606 2904 2759 2974 quod
2794 2904 3124 2958 ultroneum
3161 2908 3268 2957 est.
3303 2904 3384 2958 Ex
3422 2920 3544 2973 quo
3574 2910 3731 2979 Apo-

2067 2990 2203 3047 stoli
2226 2990 2653 3045 consideranda
2680 2991 3015 3062 prudentia,
3040 2990 3140 3061 qui
3174 2990 3388 3046 idcirco
3413 2991 3725 3062 fugitivum

2075 3096 2304 3135 servum
2335 3079 2582 3134 remittit
2608 3081 2678 3135 ad
2708 3079 3036 3149 dominum,
3064 3083 3125 3134 ut
3147 3080 3331 3150 possit
3350 3079 3590 3136 domino
3616 3100 3724 3140 suo

2068 3170 2364 3241 prodesse,
2391 3167 2491 3238 qui
2516 3169 2792 3240 prodesse
2817 3186 2932 3223 non
2959 3172 3206 3240 poterat,
3232 3169 3279 3225 si
3301 3167 3539 3224 domino
3562 3173 3722 3227 tene-

2072 3261 2230 3313 retur
2260 3258 2518 3314 absente.

2147 3368 2173 3395 «
2205 3346 2468 3401 Forsitan
2492 3346 2619 3401 ideo
2637 3345 2971 3402 discessit.»
2995 3344 3238 3401 Pulchre
3256 3349 3453 3400 autem
3476 3345 3720 3414 addens,

2071 3458 2099 3486 ‹‹
2136 3435 2400 3503 forsitan,
2434 3458 2461 3485 »
2508 3437 2857 3491 sententiam
2907 3434 3273 3506 temperavit.
3305 3432 3541 3490 Occulta
3584 3440 3724 3490 sunt

2072 3525 2288 3596 quippe
2307 3524 2536 3595 judicia
2556 3525 2679 3591 Dei,
2697 3528 2751 3579 et
2773 3523 3147 3580 temerarium
3175 3527 3263 3579 est
3283 3522 3451 3595 quasi
3474 3522 3544 3578 de
3566 3527 3720 3579 certo

2072 3613 2471 3685 pronuntiare,
2498 3614 2653 3685 quod
2678 3612 2922 3668 dubium
2944 3618 3049 3667 est.
3080 3612 3423 3681 «Forsitan,
3449 3633 3477 3661 »
3505 3611 3718 3683 inquit,

2074 3726 2101 3753 ‹‹
2134 3703 2261 3757 ideo
2294 3701 2585 3769 discessit,
2616 3724 2635 3751 ››
2674 3706 2865 3769 caute,
2888 3700 3488 3773 timidc,trepidando,
3515 3706 3572 3755 et
3603 3718 3719 3758 non

2073 3796 2259 3847 totum
2285 3791 2395 3844 ﬁxo
2419 3791 2625 3861 gradu,
2652 3806 2745 3855 ne,
2769 3790 2817 3844 si
2852 3807 2966 3845 non
2998 3791 3311 3860 posuisset,
3339 3811 3366 3838 ‹‹
3401 3789 3665 3859 forsitan,
3694 3813 3721 3842 ››

2073 3880 2350 3935 omnibus
2382 3878 2562 3933 servis
2586 3878 2932 3950 fugiendum
2958 3881 3128 3943 esset,
3155 3882 3216 3931 ut
3238 3878 3499 3949 Apostoli
3520 3878 3724 3936 ﬁerent

2072 3967 2369 4039 discipuli.

2144 4081 2171 4107 ‹‹
2206 4058 2291 4113 Ad
2323 4056 2527 4111 horam
2573 4073 2606 4110 a
2646 4060 2719 4109 te.
2757 4078 2778 4105 ιι
2818 4055 2980 4118 Quod
3015 4057 3230 4123 autem,
3270 4074 3292 4101 α
3325 4055 3396 4109 ad
3428 4053 3653 4122 horam,
3693 4079 3713 4108 ο

2063 4146 2283 4217 junxit,
2318 4144 2522 4199 horam
2564 4161 2666 4215 pro
2712 4147 2974 4215 tempore
3005 4143 3286 4199 debemus
3316 4141 3597 4214 accipere.
3630 4146 3718 4199 Ad

2072 4234 2573 4308 comparationem
2627 4232 2784 4286 enim
2836 4231 3196 4299 aeternitatis,
3253 4248 3424 4287 omne
3484 4234 3717 4303 tempus

2071 4327 2239 4382 breve
2290 4328 2396 4379 cst.
3464 4370 3467 4371 ν

2145 4439 2171 4466 ‹‹
2208 4415 2279 4471 Ut
2301 4417 2580 4468 aeternum
2606 4410 2771 4465 illum
2797 4411 3083 4483 reciperes
3107 4428 3118 4465 ε
3141 4411 3267 4481 jam
3293 4427 3406 4465 non
3429 4409 3581 4465 sicut
3602 4427 3717 4466 ser-

2070 4521 2230 4573 vum,
2254 4505 2354 4559 sed
2390 4518 2491 4573 pro
2522 4516 2686 4555 servo
2718 4499 3131 4556 charissimum
3164 4501 3473 4555 fratrem.»
3507 4498 3719 4556 Nullus

296 4610 568 4671 habebat
593 4603 906 4679 Apostolus
932 4596 1478 4668 ministerium,nisi
1498 4594 1787 4668 Evangelii
1805 4595 1964 4652 Chri-
1993 4610 2040 4674 D
2074 4599 2325 4651 aeternus
2347 4592 2625 4679 dominus
2648 4590 2798 4644 servi
2831 4590 2942 4643 sui.
2966 4591 3236 4679 Potestas
3253 4589 3468 4679 quippe
3490 4589 3640 4660 ejus,
3664 4594 3721 4645 et

301 4702 389 4759 sti
421 4700 561 4755 Jesu
585 4696 649 4767 ⁵2)
677 4696 809 4750 Jam
844 4709 959 4747 non
1000 4688 1168 4762 quasi
1217 4705 1253 4743 a
1298 4687 1565 4754 Domino,
1599 4687 1699 4742 sed
1733 4686 1900 4757 quasi
1931 4702 1964 4740 a

306 4803 620 4851 conservo,
677 4788 733 4839 et
785 4777 1233 4851 coevangelista,
1287 4777 1685 4848 ignosceretur
1737 4774 1809 4842 ei,
1860 4777 1962 4845 qui

310 4894 524 4937 servus
556 4877 715 4931 esset
746 4869 959 4926 Christi
991 4866 1282 4932 similiter,
1314 4869 1369 4919 et
1398 4864 1685 4920 minister.

389 4990 417 5017 ‹‹
455 4966 704 5021 Obsecro
727 4966 782 5016 te
815 4975 916 5032 pro
950 4972 1078 5012 meo
1110 4954 1250 5020 ﬁlio,
1274 4970 1449 5025 quem
1469 4955 1639 5024 genui
1671 4954 1730 5008 in
1762 4953 1961 5007 vincu-

309 5058 415 5123 lis,
436 5052 730 5111 Onesimo.
750 5071 778 5102 »
804 5047 1017 5104 Valens
1040 5044 1351 5114 impetrare
1373 5043 1523 5113 quod
1548 5041 1963 5113 postulat,jam

308 5162 436 5203 non
460 5160 561 5216 pro
595 5156 759 5197 servo
780 5131 1161 5202 Philemonis,
1188 5132 1289 5186 sed
1314 5148 1418 5202 pro
1446 5131 1562 5186 ﬁlio
1585 5148 1691 5186 suo
1722 5146 1784 5186 se
1806 5147 1963 5186 asse-

308 5235 395 5294 rit
424 5228 744 5304 deprecari,
780 5230 837 5282 et
866 5224 966 5279 illo
998 5220 1138 5289 ﬁlio,
1163 5237 1336 5291 quem
1367 5224 1648 5292 genuerat
1676 5218 1735 5273 in
1769 5219 1965 5275 vincu-

308 5324 390 5381 lis
431 5317 745 5392 Evangelii,
780 5315 888 5370 hoc
937 5316 1045 5379 est,
1078 5326 1206 5382 quas
1255 5325 1357 5381 pro
1401 5308 1613 5364 Christi
1655 5307 1963 5379 Evangelia

310 5410 665 5471 sustinebat.

389 5524 419 5551 ‹‹
454 5498 561 5565 Qui
591 5497 694 5553 tibi
727 5492 1042 5565 aliquando
1074 5487 1301 5544 inutilis
1335 5488 1462 5543 fuit.
1499 5511 1525 5535 ››
1564 5487 1715 5557 Tibi,
1751 5484 1961 5555 inquit,

318 5589 431 5648 soli
459 5614 473 5657 ;
507 5604 620 5643 non
652 5583 909 5641 caeteris:
947 5597 1103 5636 nunc
1132 5596 1161 5634 e
1194 5578 1481 5633 contrario
1514 5576 1781 5633 utilitatis
1812 5590 1965 5629 com-

314 5678 642 5755 paratione,
678 5691 794 5748 qua
836 5676 893 5731 et
936 5669 1050 5745 ipsi
1081 5666 1339 5736 domino,
1371 5670 1427 5724 et
1457 5666 1631 5723 Paulo
1664 5664 1824 5722 utilis
1854 5668 1963 5732 est,

2075 4684 2385 4753 utriusque
2416 4678 2691 4747 conditio,
2726 4681 2911 4732 morte
2952 4676 3173 4732 ﬁnitur.
3208 4676 3519 4734 Onesimus
3563 4695 3716 4747 vero,

2073 4773 2170 4843 qui
2204 4790 2270 4826 ex
2302 4770 2415 4824 ﬁde
2446 4767 2658 4823 Christi
2695 4767 2879 4822 tactus
2909 4770 3161 4822 aeternus
3192 4772 3297 4836 est,
3333 4772 3547 4823 zeterno
3580 4768 3719 4823 Phi-

2074 4860 2313 4926 lemoni,
2338 4857 2476 4929 quia
2508 4856 2566 4910 in
2590 4854 2885 4910 Christum
2908 4860 2964 4911 et
2992 4856 3115 4928 ipse
3139 4856 3483 4926 crediderat,
3508 4857 3715 4929 spiritu

2074 4948 2362 5005 libertatis
2396 4946 2792 5017 accepto,jam
2825 4962 2940 5001 non
2972 4962 3172 5002 servus
3205 4948 3305 5003 sed
3340 4948 3518 5002 frater
3548 4946 3719 5016 coepit

2074 5055 2222 5105 esse,
2256 5038 2327 5092 de
2376 5052 2559 5103 servo,
2592 5035 2771 5088 frater
2797 5034 3205 5103 charissimus,
3240 5037 3414 5092 frater
3443 5038 3715 5099 eternus,

2074 5133 2285 5185 aeterno
2319 5130 2375 5180 ct
2404 5123 2515 5197 ipsi
2544 5121 2839 5194 Apostolo,
2864 5123 3216 5196 dominoque
3247 5140 3371 5189 suo,
3399 5122 3489 5177 cui
3520 5122 3719 5177 Onesi-

2076 5234 2260 5283 mum,
2280 5218 2342 5270 ut
2364 5212 2557 5268 carnis
2584 5216 2715 5267 ante
2738 5212 3015 5281 conditio,
3032 5212 3216 5267 multo
3241 5210 3493 5282 amplius
3517 5214 3720 5281 postea

2074 5305 2316 5378 spiritus
2349 5301 2677 5374 copulabat.
2706 5302 2771 5356 Et
2801 5306 2937 5355 tunc
2966 5301 3223 5371 quidem,
3250 5299 3482 5370 quando
3513 5303 3637 5354 erat
3666 5298 3719 5354 ei

2076 5396 2376 5465 subjectus
2409 5392 2467 5447 in
2501 5407 2692 5457 carne,
2720 5407 2833 5445 non
2856 5394 2978 5444 erat
3008 5389 3059 5443 ei
3084 5391 3327 5459 junctus
3361 5388 3418 5442 in
3446 5389 3715 5457 Domino;

2077 5501 2230 5539 nunc
2253 5487 2445 5537 autem
2470 5485 2525 5535 et
2550 5480 2607 5533 in
2636 5495 2807 5534 carne
2832 5476 2877 5531 ei
2897 5477 3141 5545 junctus
3162 5482 3268 5543 est,
3291 5481 3346 5532 et
3368 5477 3425 5531 in
3449 5477 3715 5533 Domino.

2076 5574 2153 5628 Ex
2185 5589 2298 5644 quo
2323 5568 2709 5639 intelligimus
2734 5582 2987 5631 servum,
3017 5566 3116 5637 qui
3140 5566 3450 5621 crediderit
3482 5568 3537 5621 in
3561 5566 3720 5622 Chri-

2076 5667 2186 5732 sto,
2214 5660 2432 5733 duplici
2453 5658 2687 5715 domino
2709 5672 2815 5711 suo
2842 5653 2966 5726 lege
2986 5655 3325 5729 constringi,
3353 5660 3417 5713 ut
3448 5656 3500 5712 ei
3521 5659 3577 5712 et
3597 5670 3719 5710 car-
