4044 6180
336 293 455 355 725

913 296 1333 359 EXPOSITIO
1377 297 1452 357 IN
1502 292 1927 358 EPISTOLAS
1974 294 2229 356 PAULI.
2263 295 2445 357 -ΙΝ
2491 296 2739 359 EPIST.
2788 298 2890 357 AD
2940 295 3173 358 HEBR.

3632 298 3751 359 726

338 444 628 484 memores
650 431 832 485 estote
852 428 1217 484 vinculorum
1244 447 1528 485 meorum.
1552 448 1578 480 ι»
1609 428 1665 484 Si
1691 432 1887 483 autem
1918 443 1982 481 ex
2016 431 2061 495 Α
2098 431 2309 483 vestro.
2346 452 2372 478 ››
2405 430 2547 485 Cum
2580 430 2735 485 enim
2760 430 2819 484 in
2869 430 3074 501 spiritu
3119 427 3302 501 gratia
3335 428 3529 486 divina
3556 429 3750 497 fuerit,

338 534 403 572 eo
435 517 649 590 aliquis
682 535 798 573 non
823 522 986 590 putat
1015 518 1231 590 pariter
1252 518 1680 591 scriptas,quod
1716 518 1785 571 ad
1809 516 1998 572 Colos-

337 624 540 662 senscs
576 624 759 679 pauca
800 607 918 661 sint
967 606 1225 674 nomina,
1278 625 1403 679 quae
1446 608 1541 662 hic
1592 624 1705 661 nun
1739 607 1998 660 ferantur

335 696 612 768 ascripta,
647 696 791 750 sciat
814 713 926 750 non
962 712 1166 751 omnes
1192 698 1466 752 omnibus
1490 702 1591 751 aut
1618 695 1837 750 amicos
1869 710 1997 749 esse

332 790 438 840 aut
465 792 635 841 notos
662 810 676 851 ;
708 790 765 839 et
795 784 951 839 aliud
1013 785 1297 856 privatam
1333 787 1403 841 ad
1459 802 1644 840 unum
1674 783 1992 853 hominem,

332 872 494 927 aliud
527 872 823 944 publicam
851 874 921 927 ad
955 874 1288 929 universam
1323 875 1640 930 Ecclesiam
1671 872 1995 945 Epistolam

337 960 480 1016 fieri.
514 960 621 1023 Qui
664 962 739 1015 sit
791 966 985 1017 autem
1034 963 1359 1035 Epaphras,
1404 964 1777 1034 concaptivus
1810 960 1993 1021 Pauli,

332 1066 400 1104 ex
430 1066 495 1105 eo
526 1050 681 1121 quod
712 1049 827 1121 hic,
857 1050 1123 1106 additum
1173 1056 1283 1117 est,
1325 1075 1344 1100 α
1399 1052 1457 1105 in
1506 1051 1734 1106 Christo
1764 1051 1928 1119 Jesu,
1966 1072 1992 1098 »

330 1155 651 1210 possumus
686 1139 972 1211 suspicari
1007 1140 1205 1195 eadem
1235 1157 1366 1196 eum
1412 1141 1605 1195 Romae
1639 1155 1740 1210 pro
1767 1138 1993 1193 Christo

326 1226 561 1281 vincula
578 1227 1091 1299 sustinuisse,quae
1118 1229 1368 1284 Paulus:
1399 1234 1456 1284 et
1476 1230 1731 1283 vinctum
1756 1227 1990 1293 Christi,

326 1315 409 1369 ita
440 1316 738 1387 captivum
790 1334 1023 1389 quoque
1055 1319 1183 1388 ejus
1240 1319 1498 1389 potuisse
1529 1317 1662 1372 dici.
1699 1320 1812 1371 Aut
1840 1320 1991 1371 certe

326 1406 406 1459 ita
436 1405 591 1475 quod
624 1404 837 1461 nobilis
870 1411 925 1461 et
969 1406 1093 1478 ipse
1125 1406 1201 1462 sit
1229 1407 1285 1461 in
1330 1405 1629 1478 apostolis,
1676 1410 1740 1460 ut
1768 1406 1989 1459 Andro-

324 1494 497 1548 nicus
528 1498 583 1548 et
639 1496 817 1558 Julia,
853 1496 922 1549 de
952 1495 1168 1566 quibus
1199 1496 1270 1550 ad
1305 1496 1597 1551 Romanos
1625 1512 1637 1549 :
1675 1516 1702 1542 ››
1732 1493 1991 1549 Salutate

323 1582 727 1637 Andronicum
783 1587 839 1638 et
894 1583 1111 1639 Juliam
1174 1590 1450 1656 cognatos
1509 1588 1565 1637 et
1622 1582 1989 1653 concaptivos

324 1689 512 1740 meos,
546 1672 648 1743 qui
682 1677 821 1727 sunt
844 1672 1068 1727 nobiles
1100 1672 1157 1726 in
1187 1672 1487 1745 apostolis,
1523 1672 1621 1744 qui
1654 1677 1708 1727 et
1736 1676 1870 1727 ante
1896 1688 1989 1726 me

324 1763 562 1817 fuerunt
584 1762 642 1816 in
668 1761 895 1816 Christo
921 1764 1098 1831 (Rom.
1123 1779 1238 1826 xvr,
1265 1763 1340 1833 7).
1372 1784 1401 1810 ››
1435 1761 1560 1816 Haec
1591 1762 1661 1816 de
1694 1760 1984 1832 Epaphra.

323 1850 610 1906 Caeterum
671 1856 1076 1922 cooperatores
1134 1850 1450 1923 Evangelii,
1511 1854 1566 1905 et
1623 1849 1987 1905 vinculorum

334 1955 601 2009 suorum,
652 1955 785 1994 cum
838 1941 909 1994 ad
964 1939 1359 1994 Philemonem
1410 1938 1730 2009 Epistolam
1771 1939 1985 1993 scribe-

332 2032 442 2095 ret,
472 2028 730 2082 Marcum
775 2027 960 2099 ponit,
1011 2044 1183 2100 quem
1234 2032 1373 2099 puto
1422 2028 1714 2100 Evangelii
1746 2027 1986 2099 scripto-

333 2132 455 2170 rem
481 2117 1365 2188 (1384),etAristarchum,cujus
1385 2134 1449 2171 su
1462 2117 1819 2188 prafecimus
1834 2133 1989 2171 men-

330 2202 573 2274 tionem)
606 2207 662 2258 et
691 2208 953 2271 Demam,
988 2205 1058 2259 de
1089 2221 1202 2275 quo
1234 2204 1291 2259 in
1325 2204 1437 2260 alio
1467 2204 1592 2259 loco
1624 2204 1799 2259 dicit:
1832 2228 1859 2253 «
1886 2204 1990 2259 De-

331 2308 461 2346 mas
492 2308 585 2346 me
616 2292 928 2364 dereliquit
949 2293 1028 2361 (II
1056 2294 1193 2350 Tim.
1218 2311 1290 2360 IV,
1324 2294 1401 2366 9),
1426 2316 1454 2343 »
1477 2299 1533 2349 et
1565 2294 1779 2348 Lucam
1813 2294 1989 2347 medi-

328 2395 490 2450 cum,
524 2381 624 2451 qui
660 2380 1034 2453 Evangelium
1069 2386 1125 2436 et
1154 2386 1317 2437 actus
1350 2382 1745 2453 apostolorum
1797 2382 1987 2437 Eccle-

331 2468 437 2523 siis
470 2469 777 2524 scribendo
808 2470 1069 2525 tradidit.
1124 2471 1422 2534 Quomodo
1472 2471 1625 2527 enim
1661 2471 1927 2541 apostoli,
1960 2488 1989 2526 e

330 2556 724 2628 piscatoribus
738 2557 1337 2630 piscium,piscatores
1354 2560 1653 2615 hominum
1673 2560 1802 2614 facti
1821 2565 1987 2627 sunt;

331 2646 414 2700 ita
439 2646 553 2710 hic,
587 2647 656 2701 de
690 2648 913 2702 medico
971 2664 1305 2720 corporum,
1368 2650 1425 2703 in
1462 2650 1753 2703 medicum
1784 2666 1989 2705 versus

338 2740 428 2790 est
460 2735 815 2802 animarum,
850 2738 918 2792 de
952 2754 1065 2808 quo
1099 2742 1155 2792 et
1201 2738 1258 2792 in
1283 2738 1394 2793 alio
1427 2738 1551 2793 loco
1585 2738 1760 2793 dicit:
1797 2762 1823 2787 ‹‹
1858 2739 1989 2793 Misi

333 2841 470 2879 cum
500 2824 601 2878 illo
636 2826 895 2897 fratrem,
927 2827 1096 2897 cujus
1156 2826 1284 2883 laus
1314 2832 1402 2882 est
1456 2828 1515 2882 in
1546 2827 1856 2899 Evangelio
1890 2845 1991 2899 per

334 2930 538 2969 omnes
568 2913 857 2970 Ecclesias
906 2916 999 2984 (Il
1049 2916 1168 2970 Cor.
1230 2933 1349 2982 vm,
1396 2917 1524 2986 18);
1584 2938 1613 2965 »
1645 2918 1813 2985 cujus
1846 2916 1993 2971 liber

336 3003 799 3074 quotiescunque
833 3004 1045 3075 legitur
1073 3004 1132 3058 in
1166 3004 1618 3074 Ecclesia,toties
1649 3006 1776 3075 ejus
1804 3005 1987 3059 medi-

332 3094 463 3147 cina
492 3109 606 3147 non
641 3097 847 3147 cessat.

411 3201 433 3228 α
460 3182 656 3235 Gratia
682 3181 911 3235 Domini
942 3182 1125 3237 nostri
1175 3182 1313 3237 Jesu
1354 3180 1561 3236 Christi
1610 3198 1741 3235 curn
1775 3181 1984 3252 spiritu
2015 3166 2058 3231 C

2104 520 2291 571 totum
2306 517 2601 573 hominem
2629 520 2768 574 facit
2787 517 3499 591 spiritalem,utadha3reat
3512 520 3753 576 Domino

2105 610 2297 661 mente
2328 612 2383 661 et
2414 624 2671 679 corpore,
2695 612 2751 663 et
2782 607 3172 679 impleaturin
3204 625 3267 662 eo
3291 609 3444 679 quod
3470 609 3752 679 scriptum

2106 698 2229 749 est:
2297 717 2322 747 ‹ι
2379 694 2485 758 Qui
2544 696 2799 751 adhaeret
2847 698 3107 764 Domino,
3169 714 3323 752 unus
3370 697 3608 769 spiritus
3668 702 3757 752 est

2105 782 2151 853 (Ι
2185 782 2302 838 Cor.
2362 801 2437 850 vr,
2503 787 2672 855 17).»
2725 786 3145 858 Interpretatur
3202 790 3396 841 autem
3427 786 3752 841 secundum

2105 872 2391 940 Hebraeos,
2440 872 2657 928 Paulus
2713 874 3111 931 admirabilis:
3174 875 3534 941 Timotheus,
3578 876 3755 929 bene-

2106 961 2291 1016 ficus:
2351 960 2673 1029 Philemon,
2737 964 2881 1019 mire
2928 965 3200 1031 donatus,
3262 964 3384 1019 sive
3440 982 3504 1019 os
3561 964 3751 1036 panis,

2104 1049 2174 1103 ab
2207 1066 2322 1114 ore,
2356 1067 2469 1104 non
2504 1051 2574 1105 ab
2626 1068 2791 1118 osse;
2825 1053 3027 1124 Appia,
3081 1054 3403 1119 continens,
3450 1059 3551 1107 aut
3580 1052 3756 1108 liber-

2103 1141 2190 1191 tas
2216 1138 2595 1210 ;Archippus,
2620 1140 2916 1211 longitudo
2935 1142 3155 1212 operis;
3180 1142 3755 1213 Onesimus,respon-

2102 1227 2284 1280 dens:
2335 1227 2651 1298 Epaphras,
2713 1229 2974 1299 frugifer,
3034 1234 3110 1295 et,
3157 1230 3381 1297 videns,
3444 1232 3585 1295 sive,
3618 1247 3749 1285 suc-

2102 1331 2367 1371 crescens
2392 1335 2403 1383 ;
2442 1316 2691 1381 Marcus,
2716 1318 2989 1372 sublimis
3022 1320 3295 1373 mandato
3322 1337 3335 1385 ;
3358 1319 3750 1383 Aristarchus,

2103 1420 2271 1459 mons
2300 1406 2492 1476 operis
2524 1406 2859 1476 amplioris;
2896 1407 3127 1478 Demas,
3160 1408 3339 1463 silens
3366 1427 3378 1476 ;
3414 1408 3753 1479 Lucas,ipse

2101 1509 2480 1565 consurgens.
2515 1496 2648 1560 Quae
2682 1496 2899 1561 omnia,
2934 1497 2981 1551 si
3014 1497 3187 1567 juxta
3215 1497 3752 1569 interpretationem

2101 1599 2267 1637 suam
2296 1583 2651 1638 voluerimus
2683 1584 3024 1656 intelligere,
3050 1603 3166 1640 non
3196 1590 3284 1641 est
3306 1586 3541 1641 difficile
3571 1586 3757 1641 admi-

2100 1671 2365 1737 rabilem,
2390 1675 2564 1744 atque
2586 1673 2908 1728 beneﬁcum
2926 1675 3212 1745 praecipue
3233 1676 3303 1730 ad
3318 1692 3451 1730 eum
3476 1676 3751 1744 scribere,

2099 1760 2189 1814 cui
2218 1760 2489 1815 universa
2519 1778 2793 1817 concessa
2825 1767 2962 1817 sunt
3010 1763 3167 1827 vitia,
3211 1768 3266 1818 et
3308 1781 3373 1819 os
3402 1766 3527 1833 ejus
3557 1769 3753 1836 pateat

2099 1851 2171 1904 ad
2204 1850 2494 1906 caelestem
2528 1852 2984 1923 panem.Deinde
3007 1853 3076 1906 ad
3101 1852 3516 1920 continentem,
3540 1858 3595 1908 et
3614 1853 3754 1909 libe-

2100 1956 2246 2005 ram,
2276 1944 2332 1994 et
2363 1941 2430 1994 ad
2465 1940 2891 2011 longitudinem
2940 1940 3167 2011 operis;
3202 1941 3356 2012 quod
3388 1958 3692 2012 nunquam
3721 1960 3755 1997 a

2099 2033 2299 2084 sancto
2330 2028 2525 2084 labore
2574 2029 2835 2084 desistat.
2861 2030 3089 2085 Scribat
3136 2035 3329 2084 autem
3381 2046 3484 2101 pro
3532 2047 3618 2097 eo,
3654 2032 3753 2101 qui

2099 2117 2448 2188 respondeat
2476 2117 2812 2173 testimonio
2862 2135 2989 2188 suo,
3039 2134 3259 2173 necnon
3310 2135 3466 2183 eum,
3499 2119 3590 2173 cui
3622 2135 3749 2189 spe-

2100 2205 2321 2260 cialiter
2349 2205 2605 2276 Epistola
2636 2207 2959 2271 dedicatur,
2983 2205 3222 2261 salutari
3248 2208 3317 2261 ab
3345 2207 3609 2262 ubertate
3630 2224 3749 2261 cre-

2100 2298 2314 2349 scente.
2348 2295 2418 2349 Et.
2448 2310 2535 2359 eo,
2560 2294 2656 2365 qui
2683 2295 2869 2349 factus
2893 2294 2969 2349 sit
2990 2311 3092 2366 per
3114 2296 3389 2350 mandata
3419 2294 3750 2361 sublimior,

2100 2382 2338 2453 illoque,
2365 2382 2463 2454 qui
2488 2399 2590 2453 per
2612 2384 2836 2453 majora
2858 2400 3031 2454 opera
3052 2384 3109 2437 in
3138 2388 3395 2439 montem
3420 2400 3605 2455 usque
3623 2402 3755 2439 suc-

2101 2470 2360 2541 creverit,
2390 2471 2461 2526 ab
2484 2488 2550 2526 eo
2574 2471 2932 2542 quoque,qui
2956 2472 3151 2543 posuit
3168 2472 3494 2528 custodiam
3517 2473 3601 2528 ori
3626 2490 3756 2539 suo,

2101 2564 2155 2615 et
2182 2560 2395 2615 ostium
2426 2560 2719 2614 munitum
2753 2560 2924 2615 labiis
2949 2561 3109 2616 suis:
3146 2562 3243 2632 qui
3269 2561 3482 2616 idcirco
3516 2560 3756 2617 forsitan

2100 2649 2305 2719 tacuit,
2328 2649 2467 2719 quia
2486 2650 2555 2703 ad
2572 2649 2867 2703 modicum
2892 2650 3237 2721 Apostolum
3253 2649 3662 2722 dereliquerat.
3693 2653 3759 2706 Et

2101 2738 2170 2791 ad
2203 2741 2523 2792 extremum
2559 2738 2628 2791 ab
2688 2753 2776 2805 eo,
2830 2738 2926 2809 qui
2990 2755 3092 2810 per
3138 2754 3199 2793 se
3243 2739 3367 2810 ipse
3398 2756 3757 2811 consurgens

2102 2826 2359 2897 quotidie
2380 2831 2679 2896 augeatur,
2708 2842 3131 2898 processusque
3152 2828 3383 2892 habent,
3406 2828 3547 2883 dum
3579 2830 3758 2883 Evan-

2101 2914 2250 2986 gelio
2281 2914 2409 2983 ejus
2441 2914 2598 2968 orbis
2627 2914 2924 2983 impletur,
2954 2915 3053 2985 qui
3086 2916 3256 2969 toties
3289 2917 3495 2971 crescit
3526 2917 3755 2987 quoties

2101 3002 2340 3058 auditus
2370 3002 2456 3057 vel
2486 3002 2672 3057 lectus
2704 3002 2898 3057 fuerit.

2101 3092 2343 3161 Explicit
2399 3092 2478 3146 ad
2537 3092 2904 3145 Philemonem
2958 3094 3161 3162 scripta
3215 3095 3283 3147 ab
3341 3095 3527 3149 Roma.
3592 3097 3757 3150 [labet

2723 3196 2912 3235 versus
2932 3197 3118 3235 XXXIV.

405 3306 587 3377 (1384)
622 3307 747 3377 llazc
780 3306 893 3359 divi
928 3306 1258 3377 Hieronymi
1292 3308 1451 3361 sunt.
1487 3306 1630 3362 Vide
1660 3311 1859 3362 tamen
1890 3323 2017 3377 quae
2068 3305 2140 3361 ad
2197 3304 2414 3360 Coloss.
2447 3304 2519 3359 de
2552 3304 2662 3359 hoc
2710 3304 2923 3372 Marco,
2959 3304 3077 3361 sive
3118 3308 3358 3377 Joanne,
3396 3308 3608 3376 Marco,
3641 3308 3753 3364 alio

334 3378 406 3430 ab
440 3376 796 3447 evangelista
828 3376 1258 3433 adnotavimus.

1268 3608 1881 3703 EPISTOLA
1949 3609 2115 3703 AD
2186 3608 2841 3701 HEBBIEOS.

1384 3858 1643 3916 INCIPIT
1683 3860 2149 3916 CAPITULATIO
2191 3864 2286 3915 AD
2324 3859 2694 3914 HEBRJEQS.

406 3984 457 4036 1.
492 3981 638 4048 Quia
666 3981 726 4036 in
758 3982 1096 4037 novissimis
1128 3981 1335 4038 diebus
1366 3983 1535 4039 Pater
1565 3984 1643 4040 sit
1672 3984 1903 4039 locutus
1934 3984 1993 4038 in
2024 3986 2071 4050 D
2094 3983 2505 4053 jurejurando,
2536 3984 2693 4052 quod
2727 3982 2879 4037 sicut
2909 3983 3221 4039 anchoram
3254 3985 3572 4041 habemus:
3604 3992 3661 4042 et
3689 3989 3759 4044 de

334 4070 515 4126 Filio:
552 4070 648 4141 qui
680 4069 977 4142 splendor,
1024 4075 1079 4125 et
1136 4071 1324 4143 ﬁgura
1367 4073 1706 4128 substantia:
1738 4072 1888 4128 sedit
1916 4073 1987 4127 ad

333 4160 627 4215 dexteram
654 4178 666 4215 :
702 4159 908 4214 melior
940 4159 1164 4231 angelis
1194 4160 1453 4217 effectus.

402 4250 455 4302 2.
480 4248 854 4303 Observanda
877 4265 1003 4319 quae
1030 4248 1462 4317 audivimus,ne
1480 4251 1621 4306 forte
1641 4251 1985 4305 efﬂuamus:

332 4340 389 4392 et
411 4336 549 4407 quia
566 4337 741 4392 Jesus
766 4336 991 4392 modico
1021 4353 1198 4408 quam
1222 4338 1411 4410 angeli
1435 4338 1762 4394 minoratus
1784 4343 1873 4394 est
1898 4354 1911 4393 :
1932 4342 1990 4393 et

333 4442 451 4480 non
484 4426 882 4480 confundetur
903 4426 1111 4481 fratres
1133 4441 1354 4495 vocare,
1387 4432 1453 4481 ut
1482 4442 1584 4498 per
1613 4432 1861 4481 mortem
1893 4428 1991 4481 de-

335 4518 587 4570 strueret
617 4513 939 4581 diabolum,
969 4518 1027 4569 et
1056 4515 1219 4570 fieret
1246 4515 1435 4571 ﬁdelis
1467 4516 1742 4587 pontifex.

408 4605 461 4657 3.
522 4602 593 4657 Ut
642 4588 1077 4658 consideremus
1130 4603 1489 4675 Apostolum,
1536 4608 1593 4659 et
1652 4604 1992 4658 Pontificem

336 4693 564 4761 Jesum,
595 4691 695 4762 qui
731 4691 918 4746 ﬁdelis
977 4696 1084 4755 est,
1120 4693 1273 4747 sicut
1321 4697 1544 4765 Moyses
1596 4693 1653 4746 in
1686 4694 1859 4747 domo
1897 4710 1909 4747 :
1939 4697 1995 4747 et

337 4781 512 4837 hodie
544 4781 591 4835 si
623 4797 818 4837 vocem
844 4782 969 4851 ejus
1007 4782 1309 4837 audieritis
1335 4800 1346 4837 :
1371 4786 1427 4837 et
1465 4787 1529 4837 ut
1562 4782 1900 4850 timeamus,
1923 4797 1994 4836 ne

340 4872 484 4926 forte
516 4870 911 4925 exacerbando
943 4887 1058 4925 non
1091 4871 1377 4925 intremus
1410 4871 1467 4925 in
1494 4872 1776 4941 requiem.

410 4960 462 5013 4.
496 4959 576 5014 De
607 4958 810 5030 requie
861 4958 1137 5014 Sabbati:
1188 4965 1245 5014 et
1295 4961 1432 5030 quia
1477 4960 1685 5014 iterum
1718 4958 1995 5014 terminat

337 5050 495 5105 diem
522 5066 534 5103 :
569 5051 626 5104 et
650 5048 817 5104 vivus
848 5052 935 5102 est
966 5064 1157 5102 sermo
1190 5048 1306 5103 Deo
1332 5064 1344 5102 :
1380 5053 1436 5103 et
1465 5048 1565 5121 qui
1591 5049 1764 5103 Jesus
1796 5048 1993 5103 Ponti-

341 5139 436 5194 fex
466 5154 720 5210 magnus
754 5153 1095 5209 compassus
1124 5140 1212 5191 est
1243 5137 1431 5191 nobis.

410 5230 464 5283 5.
506 5230 580 5283 De
612 5225 1035 5282 Melchisedech
1063 5243 1076 5293 ;
1110 5226 1207 5297 qui
1236 5226 1623 5297 perfectorum
1656 5230 1743 5281 est
1774 5225 1996 5281 solidus

342 5318 547 5374 cibus:
585 5322 641 5372 et
672 5315 949 5387 possibile
1002 5319 1112 5383 est,
1166 5332 1285 5382 eos,
1339 5315 1437 5387 qui
1469 5314 1646 5371 semel
1678 5314 1997 5370 illuminati

345 5412 508 5476 sunt,
540 5405 840 5461 renovari:
872 5408 929 5457 et
987 5405 1057 5459 de
1100 5408 1271 5471 terra,
1323 5421 1447 5474 quae
1499 5404 1644 5458 bibit
1676 5404 1997 5459 venientem

346 5513 526 5569 super
556 5512 618 5551 se
647 5494 917 5549 imbrem.

2104 4070 2658 4140 Melchisedech,ubi
2679 4071 2931 4126 occurrit
2947 4072 3189 4126 Abrahae
3211 4090 3223 4128 :
3245 4075 3567 4128 secundum
3588 4077 3758 4146 cujus

2101 4159 2493 4215 sacerdotium
2525 4160 2702 4214 Jesus
2761 4159 3041 4215 innocens
3098 4160 3441 4232 impollutus
3471 4169 3667 4219 manet
3697 4165 3755 4219 in

2095 4254 2400 4305 aeternum.

2174 4340 2226 4391 7.
2261 4337 2405 4401 Quia
2434 4336 2579 4391 nihil
2612 4338 2681 4391 ad
2717 4337 3035 4409 perfectum
3061 4338 3301 4393 adduxit
3328 4339 3454 4396 lex:
3488 4346 3543 4396 et
3574 4342 3644 4398 de
3672 4347 3758 4398 ta-

2104 4426 2417 4481 bernaculo
2447 4442 2618 4482 vero:
2654 4431 2710 4482 et
2732 4427 2885 4497 quod
2921 4427 3000 4481 ait
3026 4444 3038 4483 :
3073 4429 3213 4483 Ecce
3244 4428 3369 4484 dies
3389 4431 3647 4486 veniunt.

2173 4516 2226 4570 8.
2260 4514 2339 4569 De
2395 4514 2795 4582 tabernaculo,
2847 4519 2902 4569 et
2933 4531 3057 4585 quae
3114 4515 3173 4569 in
3225 4516 3352 4588 ipso
3395 4518 3667 4574 fuerunt:
3701 4524 3759 4575 et

2108 4604 2245 4675 quia
2272 4622 2385 4659 non
2418 4604 2661 4675 sanguis
2691 4604 3007 4673 hircorum,
3032 4605 3130 4659 sed
3164 4606 3406 4677 sanguis
3424 4606 3563 4663 Jesu
3586 4624 3759 4663 mun-

2104 4694 2202 4747 dat
2234 4694 2554 4759 credentes,
2587 4696 2645 4747 et
2676 4691 2799 4746 sine
2830 4693 3115 4765 sanguine
3147 4711 3261 4749 non
3295 4695 3360 4749 fit
3392 4696 3681 4752 remissio.

2173 4784 2226 4835 9.
2261 4781 2404 4846 Quia
2438 4798 2549 4836 non
2583 4781 2639 4834 in
2673 4781 3022 4835 manufactis
3056 4782 3318 4838 introibit
3346 4785 3540 4851 Jesus,
3564 4787 3663 4841 sed
3696 4788 3754 4840 in

2104 4871 2338 4937 cmlum,
2400 4870 2904 4925 consummatione
2960 4871 3345 4928 saeculorum:
3401 4879 3457 4928 et
3508 4876 3647 4946 quia
3695 4876 3754 4929 in

2102 4958 2389 5031 legalibus
2420 4958 2629 5013 hostiis
2659 4960 3132 5015 commemoratio
3180 4962 3372 5030 fuerit,
3401 4980 3517 5018 non
3548 4979 3754 5016 emun-

2104 5049 2258 5104 datio
2292 5052 2698 5121 peccatorum:
2735 5053 2791 5103 et
2817 5050 2967 5119 quod
3018 5048 3133 5105 ait:
3185 5050 3471 5117 Hostiam,
3506 5054 3562 5103 et
3592 5048 3749 5104 obla-

2100 5138 2320 5193 tionem
2350 5135 2611 5193 noluisti.

2180 5229 2263 5282 10.
2296 5226 2441 5289 Quia
2470 5242 2600 5280 caro
2647 5225 2861 5281 Christi
2910 5226 3169 5281 velamen
3212 5226 3322 5281 sit:
3378 5231 3434 5281 et
3462 5227 3532 5281 de
3563 5227 3752 5299 bapti-

2108 5332 2270 5371 smo:
2305 5319 2360 5370 et
2390 5314 2529 5385 quia
2556 5313 2878 5371 voluntarie
2900 5315 3298 5385 peccantibus,
3331 5319 3386 5369 et
3416 5315 3623 5370 Filium
3653 5316 3751 5372 Dei

2109 5404 2587 5458 conculcantibus
2618 5403 2896 5457 terribilis
2917 5403 3027 5455 erit
3054 5404 3405 5473 exspectatio
3430 5404 3635 5475 judicii
3664 5422 3675 5459 :
3702 5410 3759 5460 et

2110 5494 2179 5548 de
2212 5492 2485 5559 Hebraeis,
2519 5492 2619 5564 qui
2650 5492 2857 5546 vinctis
2879 5492 3167 5563 oompassi
3197 5497 3335 5547 sunt
3360 5511 3372 5550 :
3396 5501 3453 5549 et
3476 5495 3758 5566 patientia

422 5588 477 5641 6.
501 5586 580 5642 De
594 5584 873 5653 Hebraeis,
900 5583 1054 5655 quod
1079 5582 1556 5640 ministraverunt
1579 5583 1798 5641 sanctis
1823 5600 1835 5637 :
1856 5588 1911 5639 et
1932 5584 2003 5639 de
2113 5584 2441 5640 necessaria
2470 5588 2579 5650 est,
2614 5582 2795 5636 donec
2825 5580 3017 5636 veniat
3048 5581 3146 5652 qui
3177 5587 3456 5641 venturus
3488 5589 3594 5640 est.
