4044 6180
328 304 444 360 ’727

1359 301 1692 362 ATTONIS
1735 299 2316 360 VERCELLENSIS
2362 265 2712 360 EPISCOPI

3621 297 3758 356 128

408 435 492 488 11.
532 438 603 487 De
637 433 746 486 fide
772 438 1106 488 sanctorum
1131 433 1628 506 peregrinantium
1652 434 1710 488 in
1735 435 1983 501 terra,et
2011 440 2064 504 Α
2095 432 2165 486 ad
2200 433 2498 487 ardentem
2530 436 2806 500 montem,
2842 432 2940 487 sed
2977 431 3047 486 ad
3091 431 3228 487 Sion
3260 430 3654 497 secessimus;
3691 435 3764 485 et

336 521 1146 595 exspectantiumfcivitatem.

410 614 492 666 12.
528 615 605 667 De
636 610 1132 679 tribulationibus,
1195 617 1251 666 et
1295 613 1582 668 mortibus
1624 618 1987 679 sanctorum,

338 717 587 773 quorum
622 700 966 772 patientiam
999 701 1215 756 imitari
1250 719 1355 757 nos
1387 705 1646 774 oportet:
1676 704 1816 756 etut
1839 701 1989 772 aspi-

2097 537 2209 575 non
2242 526 2690 576 contemnamus
2721 522 2791 575 de
2823 520 2964 575 coelo
2995 521 3358 592 loquentem.

2171 612 2254 665 14.
2289 611 2359 666 Ut
2389 627 2633 682 regnum
2657 610 2957 666 immobile
2981 609 3399 682 suscipiamus,
3424 609 3565 681 quia
3590 609 3763 664 Deus

2098 698 2250 769 ignis
2271 715 2624 754 consumens
2643 702 2816 753 est:et
2837 699 2906 752 de
2932 698 3302 764 charitate,et
3324 697 3764 768 hospitalitate,

337 789 556 846 cientes
588 790 919 862 passionem
950 790 1112 860 Jesu,
1162 790 1220 845 in
1255 791 1533 863 diciplina
1572 796 1852 862 tanquam
1882 790 1987 844 filii
2097 793 2155 842 et
2175 791 2300 842 toro
2328 787 2701 843 immaculato
2728 805 2739 841 :
2767 793 2822 842 et
2839 788 2908 843 de
2929 787 3493 859 praepositis,et.lesu
3519 786 3764 841 Christo

337 895 799 952 perseveremus.

412 971 496 1026 13.
557 970 630 1027 Ut
686 987 896 1025 manus
946 971 1193 1026 remissa
1259 971 1590 1042 erigamus:
1655 985 1879 1040 pacem,
1935 971 1990 1021 et

342 1059 791 1117 sanctimoniam
825 1064 1152 1115 sectantes:
1189 1063 1245 1114 et
1293 1060 1364 1113 de
1394 1058 1577 1113 Esau:
1606 1062 1662 1112 et
1705 1057 1843 1127 quia
1873 1073 1988 1111 non

2096 877 2241 946 heri,
2275 883 2329 932 et
2360 877 2569 931 hodie:
2604 881 2659 932 et
2689 878 2758 931 de
2792 877 2962 943 e‘scis,
2996 893 3123 947 quae
3161 893 3274 930 non
3309 881 3576 948 prosunt.

2171 968 2257 1021 15.
2295 971 2369 1021 De
2427 965 2619 1032 altari,
2673 967 2829 1037 quod
2890 967 3209 1020 habemus:
3275 971 3332 1020 et
3389 966 3530 1036 quia
3582 966 3762 1020 Iesus

2101 1059 2263 1111 extra
2292 1061 2482 1110 castra
2513 1071 2723 1126 passus
2754 1058 2878 1109 est:
2916 1058 2971 1109 et
3008 1054 3079 1109 de
3113 1053 3464 1126 praepositis.

1162 1229 1716 1290 ARGUMENTUM
1763 1229 1840 1288 IN
1885 1227 2326 1288 EPISTOLAM
2375 1229 2475 1286 AD
2522 1227 2933 1287 Ill‘lBR/EOS.

416 1381 637 1437 Hebraei
670 1380 903 1452 proprio
933 1380 1123 1452 gentis
1155 1397 1270 1434 suae
1312 1379 1594 1435 vocabulo
1620 1377 1995 1451 appellaban-

347 1473 461 1535 tur,
498 1469 595 1541 qui
629 1469 687 1524 in
719 1469 947 1524 Christo
972 1469 1344 1523 crediderunt
1365 1485 1433 1524 ex
1461 1469 1681 1523 Judaeis
1708 1493 1722 1535 ;
1746 1483 1996 1538 quorum

347 1557 617 1615 Ecclesiae
649 1559 721 1613 ab
751 1557 1024 1628 Apostolo
1056 1558 1308 1613 fundatae
1353 1562 1519 1612 erant
1542 1573 1643 1629 per
1664 1557 1996 1611 universam

350 1647 636 1717 Judaeam,
669 1647 738 1701 de
798 1647 1012 1717 quibus
1061 1645 1152 1702 hic
1211 1647 1361 1702 idem
1397 1646 1612 1702 Paulus
1663 1647 1733 1700 ad
1766 1644 1998 1700 Galatas

353 1735 637 1803 scribens,
695 1736 776 1790 ita
818 1736 993 1791 dicit:
1025 1758 1052 1785 ‹‹
1114 1737 1287 1791 Eram
1347 1740 1542 1792 autem
1587 1736 1823 1806 ignotus
1854 1734 2002 1789 facie

354 1824 626 1880 Ecclesiis
680 1825 914 1892 Jud‘aaze,
972 1841 1100 1896 quze
1157 1829 1317 1880 erant
1377 1825 1436 1879 in
1495 1824 1720 1881 Christo
1761 1824 1904 1895 (Gal.
1959 1842 1997 1888 ι,

353 1914 463 1985 22).
497 1935 527 1963 »
562 1914 627 1969 Hi
676 1929 810 1987 ergo
853 1918 1212 1982 cmterorum,
1273 1914 1371 1986 qui
1421 1913 1715 1970 Christum
1766 1930 1880 1968 non
1913 1929 2000 1967 re-

354 2008 650 2076 ceperunt,
735 2004 1072 2059 Judaaorum
1153 2003 1532 2061 acerbissima
1599 2003 2005 2076 persecutione

2105 1377 2164 1431 in
2201 1376 2573 1432 festinatione
2623 1375 2933 1447 perterriti,
2981 1375 3372 1431 Christianam
3416 1373 3771 1446 religionem

2107 1468 2179 1522 ab
2213 1466 2491 1538 apostolis
2551 1465 2662 1521 sibi
2724 1466 3000 1520 traditam
3062 1466 3428 1521 deserebant.
3465 1466 3579 1520 Hos
3611 1464 3770 1518 Pau-

2107 1555 2201 1610 lus
2231 1555 2529 1627 apostolus
2590 1555 2995 1610 adhortatione
3051 1571 3158 1610 sua
3209 1555 3489 1610 roborans
3538 1553 3607 1608 ad
3646 1553 3773 1624 pri-

2108 1644 2324 1698 stinam
2357 1646 2582 1698 revocat
2640 1643 2814 1698 {idem
2871 1643 3135 1698 scribens
3195 1642 3279 1698 eis
3331 1643 3403 1697 ab
3461 1641 3632 1696 Italia
3668 1657 3777 1712 per

2109 1731 2507 1797 Timotheum,
2543 1731 2759 1802 quibus
2784 1731 3128 1802 prommium
3157 1731 3397 1787 solitum
3420 1730 3493 1786 de
3523 1729 3771 1785 nomine

2109 1838 2215 1877 suo
2245 1821 2373 1876 ideo
2405 1821 2464 1874 in
2496 1819 2604 1875 hac
2657 1819 2912 1891 Epiétola
2957 1837 3071 1875 non
3122 1819 3423 1892 praamisit,
3459 1819 3602 1890 quia
3632 1819 3774 1890 ipse

2111 1909 2443 1982 specialiter
2474 1911 2545 1964 ad
2577 1913 2782 1980 gentes
2813 1909 3032 1965 missus
3064 1913 3208 1978 erat,
3241 1907 3430 1965 cieteri
3460 1923 3596 1963 vero
3627 1923 3778 1978 apo-

2112 1999 2247 2056 stoli
2281 2000 2353 2054 ad
2383 1998 2636 2055 Judreos.

1387 2173 1678 2235 INCIPIT
1719 2173 2135 2234 PROLOGUS
2181 2175 2284 2232 AD
2333 2172 2746 2232 HEBR/EOS.

425 2326 490 2376 In
517 2321 722 2394 primis
745 2321 1059 2378 dicendum
1083 2327 1382 2394 est,quare
1405 2320 2004 2393 apostolusPaulusin
2036 2324 2083 2388 Β
2114 2320 2232 2376 Hoc
2265 2320 2325 2375 in
2354 2319 2482 2393 ipso
2512 2319 2746 2375 exordio
2783 2319 3046 2376 scribens
3069 2321 3220 2393 apud
3255 2321 3522 2376 Hebraeos
3555 2320 3791 2376 beatus

359 2410 468 2467 hac
499 2410 777 2484 Epistola,
801 2427 979 2483 quam
1011 2411 1232 2468 Judazis
1256 2410 1516 2483 scripsit,
1549 2428 1693 2480 quos
1716 2411 2008 2476 Hebraeos,

360 2505 562 2558 etnon
597 2499 888 2557 Israelitas
934 2501 1115 2556 voluit
1173 2500 1498 2568 nominare,
1552 2517 1667 2556 non
1700 2499 2014 2556 servaverit

364 2606 587 2646 morem
618 2605 816 2660 suum,
848 2594 914 2644 ut
961 2590 1049 2646 vel
1091 2589 1438 2645 vocabulum
1489 2588 1744 2644 nominis
1777 2589 1890 2659 sui,
1925 2590 2013 2644 vel

366 2677 591 2733 ordinis
622 2677 900 2734 scriberet
929 2677 1294 2748 dignitatem.
1334 2679 1456 2732 Haec
1497 2694 1676 2733 causa
1705 2682 1795 2733 est
1820 2696 1832 2733 :
1860 2680 2013 2749 quod

368 2766 438 2821 ad
472 2783 572 2822 eos
601 2765 822 2834 scribit,
878 2767 976 2836 qui
1027 2782 1097 2821 cx
1144 2765 1591 2823 circumcisione
1624 2766 2012 2833 crediderant,

369 2853 537 2927 quasi
595 2854 860 2925 gentium
931 2853 1268 2926 Apostolus,
1328 2857 1385 2910 et
1443 2873 1558 2910 non
1619 2856 2014 2910 Hebraeorum.

369 2943 571 3000 Sciens
601 2961 834 3016 quoque
855 2961 1056 2999 eorum
1080 2943 1438 3017 snperbiam,
1463 2959 1750 3016 suamque
1777 2944 2017 2999 humili-

367 3038 546 3089 tatem
579 3032 702 3105 ipse
734 3034 1169 3102 demonstrans,
1193 3033 1470 3088 meritum
1501 3034 1674 3089 ofﬁcii
1707 3032 1799 3088 sui
1831 3032 2020 3088 noluit

372 3114 676 3177 anteferre.
723 3122 830 3176 Pro
861 3137 927 3176 eo
958 3123 1113 3193 quod
1145 3123 1299 3193 apud
1333 3123 1705 3177 Hebraeorum
1737 3120 2022 3176 Ecclesias

375 3210 544 3283 quasi
571 3213 900 3266 destructor
933 3204 1095 3283 legis
1127 3211 1269 3266 falsa
1301 3211 1635 3283 suspicione
1673 3210 2021 3276 habebatur,

373 3299 556 3355 voluit
585 3299 758 3354 tacito
815 3299 1052 3356 nomine
1100 3301 1172 3355 de
1228 3301 1432 3372 figuris
1479 3299 1647 3372 legis,
1695 3303 1753 3354 et
1780 3298 2023 3354 veritate

373 3387 587 3445 Christi
614 3389 853 3443 reddere
884 3389 1188 3456 rationem,
1225 3407 1295 3444 ne
1326 3388 1526 3444 odium
1559 3388 1815 3443 nominis
1837 3389 2025 3442 fronte

377 3477 601 3549 praefati
630 3476 809 3541 tituli,
845 3476 1158 3532 utilitatem
1190 3476 1520 3532 excluderet
1550 3475 1837 3531 lectionis.
1863 3475 2025 3538 Quod

379 3565 478 3621 alii
509 3565 593 3619 sic
640 3563 1011 3635 intelligunt:
1073 3566 1223 3636 quod
1269 3569 1575 3637 propterea
1623 3563 1836 3620 Paulus
1859 3563 2029 3618 solita

383 3653 805 3708 consuetudine
848 3669 951 3708 nec
998 3670 1209 3707 nomen
1244 3669 1438 3723 suum,
1473 3670 1574 3708 nec
1598 3652 1842 3725 apostoli
1867 3669 2026 3707 voca-

383 3740 587 3796 bulum
621 3741 1052 3812 praeposuisset,
1077 3741 1214 3810 quia
1237 3743 1306 3796 de
1331 3740 1557 3797 Christo
1581 3747 1703 3796 erat
1733 3742 2024 3796 dicturus:

383 3852 410 3880 «
445 3829 735 3886 Habentes
758 3846 894 3902 ergo
925 3831 1281 3902 pontificem,
1309 3831 1762 3898 Sacerdotem,et
1781 3832 2032 3902 Aposto-

383 3921 508 3974 lum
541 3919 927 3974 confessionis
960 3933 1170 3974 nostrze
1199 3920 1404 3974 Jesum
1439 3943 1466 3968 υ
1494 3938 1506 3976 :
1543 3936 1645 3975 nec
1682 3920 1862 3976 fuisse
1895 3936 2030 3975 con-

385 4024 620 4081 gruum,
657 4013 741 4079 ut,
778 4008 874 4063 ubi
908 4007 1174 4065 Christus
1226 4007 1542 4080 Apostolus
1575 4009 1857 4065 dicendus
1886 4013 2029 4077 erat,

387 4097 468 4154 ibi
501 4098 676 4153 etiam
706 4095 921 4154 Paulus
952 4098 1252 4170 apostolus
1284 4099 1781 4170 poneretur.Hanc
1810 4099 2033 4171 Episto-

385 4185 503 4240 lam
539 4185 722 4240 fertur
749 4184 1061 4256 Apostolus
1088 4186 1159 4240 ad
1190 4185 1460 4241 Hebraeos
1500 4187 1889 4258 conscriptam
1923 4190 2032 4242 He-

387 4275 543 4328 brzea
573 4273 777 4346 lingua
828 4274 1079 4330 misisse.
1141 4275 1320 4345 Cujus
1379 4291 1620 4330 sensum
1681 4279 1738 4330 et
1766 4275 2030 4330 ordinem

389 4361 646 4416 retinens
692 4361 876 4416 Lucas
923 4361 1302 4434 evangelista,
1363 4367 1494 4435 post
1543 4378 1844 4418 excessum
1877 4363 2030 4419 beati

390 4449 650 4520 Apostoli
683 4449 878 4505 Graeco
928 4449 1198 4506 ser'mone
1249 4451 1599 4519 composuit.
1651 4455 1717 4506 Et
1757 4456 1877 4507 tota
1905 4453 2033 4522 ejus

389 4537 632 4593 intentio
665 4539 723 4593 in
755 4539 866 4594 hac
923 4538 1181 4610 Epistola
1241 4541 1368 4606 tuit,
1429 4544 1493 4594 ut
1521 4540 1826 4609 Hzebrzeos,
1860 4540 1917 4595 id
1947 4545 2036 4596 est

388 4629 620 4698 gentem
644 4644 834 4694 suam,
869 4627 938 4683 ad
963 4629 1175 4684 Christi
1203 4633 1542 4684 convocaret
1573 4630 1744 4683 fidem
1770 4647 1782 4684 :
1807 4635 1864 4684 et
1896 4629 2036 4684 emi-

390 4715 645 4770 nentiam
677 4715 896 4788 gratize,
931 4735 1055 4789 qua:
1091 4736 1190 4789 per
1221 4718 1430 4773 Filium
1464 4720 1600 4773 data
1631 4723 1738 4785 est,
1772 4736 1806 4772 a
1834 4718 2034 4789 legali-

390 4804 500 4859 bus
523 4804 880 4860 discerneret
916 4806 1164 4875 umbris,
1201 4825 1326 4878 quae
1349 4806 1630 4880 angelicis
1654 4807 2033 4862 ministratio-

392 4892 568 4948 nibus
601 4892 837 4948 fuerunt
869 4894 1136 4965 patribus
1165 4892 1320 4951 visae.
1371 4896 1590 4951 Idcirco
1621 4897 1809 4969 primo
1841 4897 2038 4968 posuit

391 4981 706 5054 prophetas
739 4982 984 5038 diversis
1017 4983 1204 5038 modis
1237 4985 1502 5056 patribus
1535 4985 1758 5042 locutos
1787 4985 2033 5057 esse,di-

393 5087 533 5128 08118
554 5090 566 5129 Ζ

458 5251 616 5322 (CAP.
637 5251 704 5324 Ι.)
737 5274 766 5303 ‹‹
796 5250 1132 5322 Multifarie,
1160 5252 1481 5325 multisque
1504 5253 1693 5309 modis
1716 5254 1855 5309 olim
1880 5254 2033 5308 Deus

389 5337 639 5409 loquens
672 5340 940 5411 patribus
995 5342 1211 5397 nostris
1253 5342 1268 5414 (
1311 5343 1435 5411 38:3)
1467 5343 1520 5395 in
1555 5343 1889 5412 prophetis:
1928 5359 2027 5396 no-

393 5425 633 5484 vissime
656 5430 861 5486 diebus
886 5430 1017 5487 istis
1038 5430 1270 5486 locutus
1294 5444 1381 5485 est
1409 5431 1576 5485 nobis
1601 5431 1657 5484 in
1689 5431 1827 5485 Filio
1850 5449 1974 5487 suo.
2009 5455 2034 5479 ››

465 5570 648 5641 (1385)
676 5573 886 5631 Nostris
915 5573 1085 5647 Vulg.
1123 5590 1238 5630 non
1271 5573 1465 5629 habet.

2123 2409 2359 2478 Paulus,
2393 2410 2540 2464 bene
2588 2411 2731 2465 satis
2785 2413 3021 2465 exortus
3077 2415 3185 2466 est.
3242 2410 3490 2466 Dicendo
3532 2416 3788 2465 autem:

2127 2520 2155 2549 ‹‹
2186 2498 2519 2564 Multifarie,
2555 2498 2874 2572 multisque
2905 2499 3117 2566 modis,
3157 2523 3177 2548 ι
3205 2498 3459 2555 ostendit
3491 2499 3788 2570 quoniam

2126 2604 2230 2642 nec
2253 2587 2362 2658 ipsi
2385 2587 2677 2660 propheta:
2701 2590 2949 2660 gratiam
2974 2588 3157 2644 Deum
3179 2588 3412 2644 videndi
3437 2603 3792 2660 promerue-

2126 2681 2302 2731 runt:
2339 2677 2493 2747 quod
2529 2693 2699 2731 nemo
2721 2675 2959 2731 illorum
2991 2676 3156 2745 vidit,
3176 2677 3328 2732 sicut
3358 2677 3454 2732 ille
3482 2682 3590 2746 est,
3625 2677 3798 2732 sicut

2128 2765 2266 2822 alibi
2299 2765 2519 2820 dictum
2551 2771 2672 2820 est:
2716 2787 2742 2816 ‹‹
2777 2766 2891 2838 Ego
2921 2765 3177 2822 visiones
3210 2765 3703 2838 multiplicavi,et
3729 2767 3792 2820 in

2129 2872 2306 2910 manu
2342 2853 2758 2926 prophetarum
2791 2854 3172 2910 assimulatus
3205 2855 3386 2927 (1386)
3421 2871 3593 2922 sum;
3629 2881 3651 2906 ι
3695 2855 3798 2908 Fi-

2129 2943 2272 2999 lium
2305 2949 2504 2998 autem
2533 2942 2898 3014 unigenitum
2922 2943 3158 3013 vidisse,
3182 2947 3410 2999 constat
3430 2960 3555 2999 esse
3590 2944 3796 2998 mani-

2130 3034 2367 3088 festum.
2403 3032 2719 3087 Considera
2747 3032 3355 3103 prudenter.Primum
3381 3049 3450 3088 ex
3479 3032 3800 3106 prophetis

2132 3120 2512 3175 eminentiam
2543 3120 2707 3175 nisus
2739 3125 2826 3176 est
2857 3122 3427 3193 approbare.Deinde
3457 3121 3637 3177 veluti
3669 3122 3794 3177 hoc

2134 3226 2428 3277 concesso,
2462 3209 2674 3264 astruit
2704 3213 2759 3264 et
2801 3211 3142 3282 pronuntiat
3189 3211 3467 3282 quoniam
3501 3211 3621 3267 illis
3653 3213 3801 3282 qui-

2134 3299 2267 3354 dem
2291 3313 2393 3369 per
2413 3297 2727 3369 prophetas
2750 3297 2981 3354 locutus
3010 3304 3116 3369 est,
3147 3298 3354 3354 deinde
3377 3315 3478 3371 per
3500 3299 3756 3373 angelos
3783 3319 3798 3367 ;

2137 3387 2426 3458 siquidem
2457 3391 2514 3441 et
2543 3386 2732 3458 angeli
2769 3385 2944 3442 locuti
2992 3392 3134 3442 sunt
3161 3387 3413 3444 Judaeis:
3448 3405 3514 3442 ac
3542 3388 3592 3443 si
3626 3389 3801 3444 dice-

2137 3481 2261 3532 ret:
2296 3476 2442 3541 Quid
2493 3492 2797 3548 magnum,
2859 3477 2906 3531 si
2959 3477 3273 3548 prophetas
3328 3477 3490 3532 misit
3519 3477 3800 3548 patribus

2138 3564 2356 3621 nostris
2377 3565 2404 3619 ?
2428 3564 2606 3620 Nobis
2627 3565 2782 3620 enim
2808 3566 3002 3637 ipsum
3026 3567 3327 3637 proprium
3353 3565 3562 3621 Filium
3583 3566 3800 3639 unige-

2143 3651 2330 3706 nitum
2365 3653 2545 3719 misit,
2577 3656 2632 3707 et
2664 3653 2977 3724 peripsum
3008 3653 3373 3725 unigenitum
3399 3655 3556 3726 loqui
3579 3655 3803 3727 digna-

2141 3746 2238 3796 tus
2268 3746 2373 3796 est.
2409 3742 2524 3796 Nos
2555 3759 2686 3797 vero
2735 3741 2806 3796 in,
2839 3742 2948 3798 hoc
3005 3743 3180 3797 etiam
3225 3744 3557 3815 superiores
3583 3744 3804 3799 existi-

2144 3845 2298 3901 mus,
2321 3836 2377 3885 et
2398 3830 2580 3886 multo
2603 3831 2860 3902 amplius
2883 3831 3170 3887 habemus
3194 3833 3332 3903 quia
3358 3833 3526 3887 nobis
3550 3832 3801 3904 quidem

2147 3920 2426 3976 Dominus
2446 3924 2534 3976 est
2563 3919 2792 3975 locutus
2819 3945 2833 3987 ;
2865 3920 2982 3975 illis
3004 3925 3222 3992 autem,
3253 3921 3402 3977 servi
3429 3927 3483 3976 et
3505 3921 3800 3986 conservi,

2144 4009 2250 4064 hoc
2282 4013 2390 4078 est,
2422 4009 2506 4064 vel
2542 4010 2833 4080 prophetae
2881 4009 2964 4064 vel
2998 4009 3212 4081 angeli.
3265 4011 3517 4065 Dicendo
3552 4015 3754 4065 autem
3785 4030 3799 4066 :

2145 4123 2168 4147 (ι
2208 4099 2358 4152 Olim
2401 4104 2457 4154 et
2512 4098 2848 4155 novissimis
2906 4100 3132 4166 diebus,
3197 4123 3225 4148 ››
3276 4100 3541 4155 insinuat
3597 4100 3799 4169 nobis,

2144 4187 2328 4242 multo
2358 4187 2412 4240 in
2447 4188 2635 4242 medio
2667 4194 2927 4259 tempore
2977 4193 3369 4256 percurrente,
3405 4189 3642 4260 quando
3665 4189 3799 4258 jam

2145 4275 2390 4347 proximi
2427 4292 2664 4332 eramus
2685 4278 2755 4331 ad
2793 4293 3020 4348 pmnam
3045 4295 3057 4344 ;
3085 4278 3319 4349 quando
3347 4278 3547 4332 omnia
3575 4277 3802 4332 charis-

2145 4370 2303 4420 mata
2335 4367 2715 4436 quieverunt;
2751 4367 2984 4437 quando
3040 4383 3174 4438 spes
3224 4365 3433 4422 salutis
3478 4366 3799 4437 nullajam

2143 4459 2295 4520 erat;
2325 4455 2557 4525 quando
2580 4456 2652 4509 ab
2674 4455 2947 4510 omnibus
2970 4455 3228 4511 minores
3251 4472 3380 4512 esse
3402 4458 3797 4528 putabamur;

2144 4549 2284 4597 tunc
2316 4542 2630 4612 ampliores
2655 4543 2982 4600 existimus.
3003 4545 3601 4600 Animadvertendum
3637 4546 3798 4616 quod

2146 4652 2174 4680 «
2209 4631 2266 4684 in
2303 4653 2330 4680 »
2364 4632 2718 4703 prapositio,
2753 4633 2925 4687 etiam
2959 4651 3060 4704 pro
3095 4655 3122 4684 «
3152 4651 3256 4706 per
3288 4657 3316 4682 »
3343 4633 3798 4705 accipitur.Non

2144 4719 2298 4775 enim
2318 4719 2498 4775 dixit:
2529 4744 2555 4770 «
2581 4720 2848 4777 Christus
2871 4721 3099 4778 locutus
3121 4729 3230 4786 est,
3253 4747 3273 4775 »
3303 4722 3572 4794 quamvis
3599 4722 3799 4794 ipsum

2145 4809 2406 4864 locutum
2466 4814 2691 4865 constet
2721 4827 2848 4865 esse
2906 4812 3328 4878 manifestum;
3379 4812 3480 4867 sed
3513 4812 3796 4882 quoniam

2147 4899 2337 4953 adhuc
2388 4900 2598 4954 anima:
2661 4916 2882 4968 eorum,
2945 4901 3162 4972 quibus
3218 4900 3529 4971 scribebat,
3576 4900 3798 4956 debiles

2146 4992 2331 5054 erant,
2364 4993 2421 5043 et
2453 4990 2702 5043 necdum
2736 4994 3003 5060 poterant
3027 4989 3272 5061 pleniter
3303 4990 3374 5044 de
3404 4989 3634 5046 Christo
3668 5007 3796 5063 per-

2070 5061 2115 5124 Ῑ)
2146 5077 2354 5149 cipere,
2389 5077 2533 5132 dixit
2565 5078 2718 5149 quod
2751 5077 2905 5133 Deus
2956 5095 3056 5150 per
3097 5079 3305 5134 Filium
3357 5095 3531 5134 suum
3565 5061 3797 5136 locutus

2149 5171 2240 5221 est
2269 5165 2457 5221 nobis.
2507 5165 2651 5221 Vide
2699 5167 2990 5238 quomodo
3040 5184 3418 5224 communem
3465 5168 3605 5224 facit
3647 5168 3795 5225 hanc

2147 5269 2406 5318 causam,
2440 5258 2496 5309 et
2525 5270 2586 5309 se
2619 5254 2813 5327 ipsum
2848 5257 3128 5328 apostolis
3159 5257 3359 5312 ordine
3386 5257 3512 5328 pari
3545 5259 3792 5327 conjun-

2147 5345 2252 5414 git,
2287 5343 2522 5398 dicens:
2558 5367 2586 5393 ‹‹
2641 5344 2889 5400 Locutus
2947 5350 3035 5400 est
3075 5347 3244 5400 nobis
3302 5346 3358 5401 in
3395 5346 3536 5400 Filio
3598 5365 3725 5402 suo.
3763 5370 3789 5395 n

2149 5430 2275 5485 Filii
2311 5431 2525 5503 quippe
2550 5449 2759 5487 nomen
2793 5449 3105 5489 commune
3137 5440 3224 5490 est
3251 5453 3263 5489 :

2175 5536 2178 5539 Ι
2220 5572 2402 5645 (1386)
2434 5573 2600 5645 Vulg.
2641 5575 3003 5630 assimitatus.
