4044 6180
261 370 378 433 ’129

839 374 1254 436 EXPOSITIO
1299 374 1377 434 IN
1424 373 1849 436 EPISTULAS
1896 368 2151 434 PAULI.
2186 370 2370 431 -ΙΝ
2414 338 2663 431 EPIST.
2710 367 2811 428 AD
2856 366 3092 427 HEBR.

3542 362 3663 423 780

334 504 442 560 Ubi
474 506 630 561 enim
663 507 934 579 proprius
964 506 1291 578 inteligitur
1322 506 1800 579 Filius,superior
1824 509 1912 561 est
1940 504 1993 570 Α
2024 504 2093 557 ad
2127 503 2682 559 demonstrationem
2715 500 2892 556 trium
2926 514 3326 571 personarum,
3368 496 3467 569 qui
3500 495 3661 551 scili-

262 600 319 651 et
349 595 761 652 excellentior:
802 621 821 646 ει
857 598 1037 661 Quem
1070 598 1375 653 constituit
1431 598 1721 653 hzeredem
1782 598 1911 652 uni-

261 701 591 753 versorum,
632 709 657 734 ››
690 686 745 741 id
780 692 885 753 est,
922 687 1101 742 totius
1132 688 1359 742 mundi.
1392 688 1514 743 Non
1540 689 1667 758 jam
1724 689 1911 759 portio

264 776 497 829 Domini
551 780 775 829 tantum
828 777 1031 839 Jacob,
1065 780 1121 831 et
1172 795 1307 848 pars
1367 779 1492 847 ejus
1553 778 1749 844 Israel,
1811 779 1909 833 sed

263 880 472 920 omnes
522 865 759 919 omnino
812 865 1257 933 nationesghoc
1316 873 1426 928 est,
1476 867 1689 922 Filium
1736 886 1910 925 suum

204 950 205 953 “
258 951 575 1007 Dominum
594 958 859 1006 nostrum
878 953 1165 1008 hmredem
1188 955 1909 1009 constituituniversorum

259 1041 415 1096 sicut
443 1040 501 1094 in
533 1041 775 1095 Actibus
822 1042 1219 1112 apostolorum
1274 1043 1479 1097 Petrus
1524 1043 1802 1114 loquitur,
1854 1044 1909 1098 di

260 1147 398 1185 cens
434 1148 445 1185 :
485 1149 511 1181 α
543 1131 609 1184 Et
643 1131 954 1185 Dominum
988 1149 1143 1197 eum,
1180 1137 1236 1187 et
1265 1132 1560 1188 Christum
1598 1134 1749 1187 Deus
1780 1132 1915 1186 fecit

261 1220 396 1290 (Act.
434 1237 493 1284 II,
524 1220 634 1291 36).
671 1241 697 1268 »
734 1220 987 1275 Hmredis
1034 1227 1229 1277 autem
1291 1221 1480 1277 utitur
1537 1222 1794 1285 nomine,
1848 1226 1913 1276 ut.

264 1308 346 1363 ibi
379 1306 619 1378 quidem
654 1326 755 1379 per
785 1309 893 1363 hoc
926 1314 1173 1376 astruat,
1208 1314 1263 1365 et
1294 1310 1563 1365 ostendat
1593 1311 1743 1379 quod
1779 1326 1912 1381 pro-

266 1397 435 1469 prius
466 1398 544 1452 sit
567 1398 831 1461 Filius,et
862 1400 1015 1468 quod
1032 1399 1447 1455 dominationis
1480 1399 1563 1453 illi
1594 1399 1756 1454 nulla
1776 1416 1911 1454 con-

266 1486 457 1558 tingat
487 1486 754 1542 amissio.
793 1488 1005 1542 Deinde
1036 1490 1107 1543 ad
1140 1489 1345 1543 altiora
1367 1504 1695 1543 sermonem
1724 1488 1915 1543 tendit

266 1577 514 1631 dicendo
545 1594 557 1631 :
592 1599 619 1625 «
656 1576 761 1631 Per
791 1593 964 1648 quem
998 1577 1130 1632 fecit
1159 1582 1215 1633 et
1245 1578 1509 1647 saecula,»
1548 1583 1613 1632 ut
1647 1578 1914 1632 ostende-

264 1670 352 1721 ret
382 1666 652 1721 eumdem
686 1666 1023 1721 novissimis
1047 1666 1251 1722 diebus
1274 1667 1502 1723 venisse
1533 1667 1591 1721 in
1626 1667 1911 1721 mundum

262 1772 366 1827 per
397 1771 571 1827 quem
606 1755 797 1810 factus
819 1762 907 1810 est
938 1757 1219 1824 mundus,
1283 1757 1751 1828 magnitudinem
1784 1756 1913 1826 ejus

262 1845 711 1916 ostendens,qui
748 1845 856 1899 fuit
882 1845 1021 1899 Novi
1055 1847 1413 1901 'l‘estamenti
1449 1845 1597 1900 lator
1626 1850 1683 1900 et
1714 1849 1916 1901 auctor
1945 1880 1992 1944 Β

265 1934 373 1989 Ubi
409 1951 564 1988 nunc
596 1939 735 1988 sunt
766 1935 864 2005 qui
899 1934 1105 1989 dicunt
1136 1953 1148 2000 ;
1184 1936 1319 1989 Erat
1350 1937 1581 2007 quando
1614 1953 1727 1990 non
1761 1934 1916 1990 erat?

262 2024 426 2088 Quod
454 2022 609 2078 enim
641 2022 996 2094 evangelista
1016 2025 1272 2079 Joannes
1295 2025 1437 2079 dicit
1469 2042 1481 2078 :
1521 2046 1547 2072 ‹‹
1580 2024 1789 2080 Omnia
1816 2042 1919 2097 per

262 2112 461 2184 ipsum
496 2112 649 2168 facta
680 2116 819 2167 sunt
849 2112 1037 2182 (Joan.
1069 2129 1109 2179 1,
1143 2114 1218 2180 3),
1256 2136 1281 2159 ››
1344 2112 1451 2167 hoc
1482 2112 1591 2168 iste
1622 2114 1915 2186 signiﬁca-

256 2201 361 2268 vit,
395 2200 641 2255 dicendo
676 2218 688 2255 :
724 2224 751 2251 ‹‹
788 2201 898 2255 Per
929 2218 1105 2271 quem
1138 2201 1274 2256 fecit
1327 2206 1385 2256 et
1428 2201 1661 2257 saecula.
1700 2224 1725 2251 ››
1757 2203 1918 2258 Unde

259 2289 435 2344 etiam
468 2289 577 2344 iste
607 2293 664 2344 et
696 2294 829 2344 ante
862 2290 1061 2344 omnia
1092 2289 1326 2357 saecula,
1359 2294 1416 2344 et
1475 2290 1741 2361 opiﬁcem
1782 2308 1917 2348 eum

261 2394 391 2433 esse
422 2378 700 2433 declarat.
734 2379 869 2434 Post
900 2378 1043 2445 haec,
1079 2379 1435 2451 quibusdam
1468 2380 1751 2450 gradibus
1805 2380 1917 2437 ele-

262 2472 470 2540 ganter
501 2471 693 2536 utens,
729 2468 991 2539 pervenit
1019 2469 1088 2523 ad
1132 2469 1212 2534 id,
1269 2470 1423 2540 quod
1484 2469 1758 2524 omnibus
1790 2471 1919 2526 istis

263 2574 391 2629 quae
424 2574 603 2628 supra
634 2557 803 2621 dixit,
839 2556 1027 2611 multo
1058 2557 1248 2629 magis
1309 2562 1397 2612 est
1427 2563 1484 2613 et
1512 2558 1798 2627 insonuit,
1831 2561 1919 2615 di-

263 2662 448 2701 cens:
484 2645 651 2708 «Qui
694 2650 783 2700 est
816 2645 1094 2717 splendor
1152 2645 1370 2717 gloriae,
1430 2652 1486 2702 et
1540 2650 1729 2720 ﬁgura
1778 2650 1915 2704 sub-

264 2735 493 2790 stantiae
525 2737 1045 2807 cjus,portansque
1087 2735 1285 2790 omnia
1314 2737 1490 2791 verbo
1520 2737 1755 2793 virtutis
1778 2755 1915 2806 suae,

269 2824 675 2898 purgationem
694 2828 1069 2896 peccatorum
1102 2825 1377 2880 faciens.»
1409 2826 1754 2881 Multaenim
1786 2844 1921 2881 vera

272 2915 342 2969 de
379 2916 488 2968 Deo
518 2912 927 2985 intelligimus,
962 2931 1089 2985 qum
1121 2914 1279 2984 loqui
1324 2914 1556 2986 penitus
1614 2933 1724 2970 non
1762 2915 1919 2970 vale-

271 3006 427 3058 mus.
462 3002 646 3057 Multa
674 3003 814 3057 item
848 3003 1165 3073 loquimur,
1201 3008 1257 3057 et
1315 3021 1383 3058 ea
1438 3004 1763 3075 intelligere
1806 3022 1919 3059 non

270 3108 481 3148 sumus
516 3092 705 3146 idonei
743 3108 755 3144 :
790 3091 949 3146 verbi
982 3091 1171 3162 gratia
1203 3092 1343 3162 quia
1373 3093 1593 3162 ubique
1625 3098 1715 3147 est
1749 3097 1919 3161 Deus,

268 3180 510 3247 scimus,
546 3182 841 3253 quomodo
875 3179 1093 3251 ubique
1127 3180 1223 3246 sit,
1255 3179 1551 3235 intellectu
1613 3198 1728 3236 non
1762 3182 1917 3253 capi-

267 3287 404 3325 mus
439 3288 451 3326 :
485 3271 646 3325 item:
682 3269 967 3333 Quoniam
984 3268 1715 3342 estincorporeaquzedam
1740 3272 1925 3327 virtus

267 3376 399 3431 quas
422 3359 698 3415 omnibus
721 3362 809 3413 est
840 3373 1015 3411 causa
1046 3358 1607 3429 bonorum,scimus;
1635 3363 1925 3430 quomodo

264 3453 488 3515 autem,
521 3447 610 3502 vel
642 3463 769 3516 quae
802 3445 916 3500 ista
947 3446 1041 3514 sit,
1084 3447 1320 3517 penitus
1380 3448 1747 3519 ignoramus.
1783 3450 1926 3506 Ecce

262 3535 523 3591 dicimus
560 3535 631 3589 de
658 3551 725 3588 ea
755 3533 1067 3604 aliquid,et
1096 3550 1225 3589 eam
1259 3534 1583 3607 intelligere
1624 3553 1735 3591 non
1768 3536 1927 3593 vale-

265 3641 424 3680 mus.
464 3623 585 3678 Dixi
618 3623 835 3695 quippe
867 3623 1003 3695 quia
1036 3624 1253 3695 ubique
1285 3628 1391 3689 est,
1428 3626 1527 3679 sed
1562 3642 1675 3680 non
1708 3624 1926 3681 intelli-

270 3731 342 3787 go
379 3731 391 3781 ;
427 3714 575 3781 dico,
612 3712 744 3783 quia
770 3712 895 3767 sine
927 3713 1234 3783 principio,
1264 3715 1362 3768 sed
1397 3714 1669 3784 qualiter,
1704 3715 1926 3771 sit.uon

271 3801 532 3873 intelligo
567 3820 579 3867 ;
614 3801 742 3856 dico
776 3801 1055 3872 quoniam
1089 3801 1292 3874 genuit
1337 3801 1547 3857 Filium
1582 3804 1651 3859 de
1683 3820 1743 3859 se
1776 3804 1924 3876 ipso,

274 3892 375 3949 sed
410 3890 604 3945 nescio
656 3890 907 3961 qualiter
955 3891 1066 3945 hoc
1125 3890 1422 3945 intellectu
1478 3892 1815 3962 percipiam,
1865 3900 1928 3949 ut

272 3981 506 4053 genitus
539 3997 655 4034 non
688 3980 764 4033 sit
795 3980 1085 4049 posterior
1114 3980 1543 4049 genitori.Sunt
1571 3982 1746 4035 etiam
1780 3998 1928 4052 quaa-

271 4070 429 4136 dam,
456 4085 581 4139 quae
609 4067 722 4122 dici
756 4084 874 4121 non
890 4068 1451 4139 possunt,quamvis
1480 4074 1675 4124 mente
1692 4071 1925 4141 capian-

268 4163 368 4212 tur
400 4176 412 4213 :
444 4156 693 4228 exempli
725 4156 933 4228 gratia,
975 4155 1247 4228 intelligit
1292 4173 1459 4212 mens
1492 4159 1591 4212 sed
1624 4176 1740 4213 non
1780 4159 1928 4216 valet

272 4247 463 4301 dicere
490 4263 501 4299 :
540 4245 793 4301 maxime
824 4250 1019 4301 autem
1045 4242 1144 4299 ubi
1177 4246 1247 4300 de
1279 4251 1390 4301 Deo
1416 4245 1676 4317 loquitur
1707 4247 1925 4319 aliquid

268 4335 357 4391 vel
391 4336 686 4401 audimus,
722 4335 803 4389 ita
834 4339 898 4389 ut
928 4334 1107 4389 etiam
1143 4334 1337 4406 ipsum
1364 4335 1607 4390 Paulum
1640 4336 1836 4391 videas
1868 4338 1923 4391 in

271 4424 634 4497 quibusdam
669 4424 886 4479 talibus
920 4424 1097 4479 rebus
1129 4423 1509 4495 inﬁrmari,et
1540 4442 1654 4479 non
1683 4424 1928 4495 pleniter

270 4514 579 4585 explicare.
614 4514 899 4579 Quoniam
933 4529 1123 4585 neque
1180 4515 1250 4567 ad
1306 4512 1664 4585 loquendum
1725 4513 1927 4587 lingua

2021 598 2111 648 cet
2140 594 2201 649 in
2232 593 2386 664 igne,
2419 596 2475 648 et
2504 593 2781 664 splendor
2827 595 2885 646 et
2931 589 3087 645 calor
3131 592 3236 642 est.
3268 586 3432 641 Unde
3486 586 3659 641 etiam

2022 683 2328 754 subjungit
2360 699 2373 736 :

2093 794 2119 820 ‹‹
2155 771 2259 835 Qui
2285 776 2373 826 est
2404 772 2592 843 ﬁgura
2621 770 2963 827 substantim
2987 772 3172 841 ejus.»
3203 767 3417 839 Figura
3446 767 3663 838 quippe

2022 861 2203 916 altera
2233 867 2321 917 est
2359 863 2429 917 ab
2478 879 2563 930 eo,
2619 863 2784 929 cujus
2834 860 3099 915 enuntiat
3154 859 3397 914 formam
3436 875 3449 924 ;
3482 856 3664 912 altera

2024 956 2240 1016 autem,
2277 968 2389 1006 non
2421 951 2479 1005 in
2511 951 2808 1017 omnibus,
2839 952 2937 1006 sed
2971 950 3290 1004 secundum
3326 963 3658 1018 personam.

2021 1040 2166 1094 Nam
2199 1043 2253 1095 et
2283 1040 2377 1095 hic
2411 1042 2597 1111 ﬁgura
2628 1040 2977 1111 aequalitatis
3010 1038 3247 1094 omnino
3271 1038 3485 1109 praebet
3514 1035 3661 1090 indi-

2022 1129 2179 1183 cium
2212 1131 2283 1183 ad
2319 1129 2484 1195 illud,
2519 1131 2688 1199 cujus
2720 1131 2905 1201 ﬁgura
2928 1128 3320 1199 suspicionem
3357 1126 3442 1181 vel
3473 1142 3659 1196 pravae

2023 1217 2522 1274 dissimilitudinis
2555 1219 2751 1290 procul
2781 1219 2961 1272 dubio
2994 1235 3108 1271 non
3133 1216 3481 1287 recipit.Hoc
3504 1213 3659 1269 enim

2024 1311 2273 1381 ﬁguram
2308 1308 2471 1375 dixit,
2505 1310 2658 1380 quod
2694 1308 2804 1361 alio
2836 1307 2960 1362 loco
2992 1306 3240 1360 formam
3274 1303 3661 1373 nominat,ubi

2024 1398 2103 1454 ait
2137 1414 2148 1453 :
2182 1422 2209 1447 «
2246 1400 2351 1462 Qui
2386 1416 2518 1453 cum
2550 1397 2608 1451 in
2645 1398 2830 1452 forma
2859 1396 2960 1451 Dei
2992 1400 3141 1450 esset
3174 1394 3595 1465 (PhilippJIﬂ).
3630 1415 3658 1441 »

2022 1487 2231 1542 Forma
2259 1486 2414 1542 enim
2448 1486 2583 1553 illic,
2617 1491 2673 1542 et
2700 1488 2889 1558 ﬁgura
2918 1484 3011 1539 hic
3061 1501 3237 1539 unam
3296 1483 3552 1538 declarat
3572 1499 3660 1538 es-

2023 1576 2221 1631 sentiae
2254 1576 2666 1648 aequalitatem.

2096 1689 2123 1716 «
2156 1666 2519 1738 Portansque
2549 1666 2745 1721 omnia
2773 1666 2946 1720 verbo
2974 1665 3206 1720 virtutis
3239 1681 3375 1719 suae.
3409 1686 3429 1712 ι
3465 1662 3523 1717 id
3556 1665 3661 1731 est,

2023 1755 2677 1827 gubernans,siquidem
2710 1755 3062 1819 cadentia,et
3075 1756 3140 1809 ad
3158 1753 3409 1808 nihilum
3427 1751 3666 1807 tenden-

2022 1844 2396 1901 tiacontinet.
2413 1846 2536 1903 Non
2562 1846 2714 1900 enim
2740 1846 3041 1900 minusest
3062 1843 3359 1899 continere
3377 1842 3664 1895 mundum

2027 1950 2203 2004 quam
2254 1950 2468 1991 creare.
2519 1936 2651 2005 Sed,
2706 1935 2755 1990 si
2822 1938 3048 2006 oportet
3107 1931 3324 2003 aliquid
3385 1929 3666 1985 audacius

2026 2024 2436 2090 dicere,adbuc
2465 2024 2719 2096 amplius
2749 2028 3009 2079 est.Nam
3042 2021 3099 2075 in
3134 2021 3397 2076 faciendo
3430 2019 3665 2090 quidem

2027 2130 2094 2169 ex
2126 2113 2304 2169 nullis
2356 2114 2741 2181 exstantibus,
2804 2129 2999 2168 rerum
3057 2111 3319 2166 essentiaa
3376 2109 3668 2181 productae

2029 2207 2205 2271 sunt;
2240 2203 2297 2257 in
2331 2202 2677 2258 continendo
2707 2219 2861 2272 vero,
2896 2219 2963 2257 ea
2993 2218 3117 2271 quae
3148 2201 3299 2255 facta
3330 2202 3568 2265 sunt,ne
3598 2197 3668 2253 ad

2029 2293 2279 2348 nihilum
2312 2291 3087 2359 redeant,continentur.Hic
3117 2306 3252 2361 ergo
3286 2290 3425 2343 dum
3458 2304 3670 2359 regun-

2028 2386 2142 2447 tur,
2178 2388 2232 2436 et
2273 2382 2343 2435 ad
2394 2380 2641 2436 invicem
2696 2379 2806 2435 sibi
2864 2378 3249 2451 repugnantia
3305 2381 3669 2448 coaptantur,

2031 2486 2309 2541 magnum
2333 2468 2564 2524 etvalde
2582 2468 3257 2539 mirabile,plurimasque
3271 2465 3504 2521 virtutis
3528 2465 3672 2520 indi-

2029 2558 2184 2613 cium
2217 2556 2562 2613 declaratur.
2601 2558 2851 2613 Dicendo
2883 2560 3077 2612 autem
3102 2580 3129 2607 «
3169 2561 3432 2628 portans,
3471 2577 3497 2603 »
3532 2554 3672 2609 faei-

2029 2647 2252 2703 litatem
2285 2647 2617 2702 continendi
2642 2646 2822 2701 voluit
2854 2646 3313 2719 designare.Non
3340 2646 3495 2700 enim
3530 2642 3674 2698 dixit

2029 2738 2458 2809 gubernans,ex
2489 2735 2827 2808 metaphora
2842 2752 3042 2791 eorum
3063 2736 3161 2807 qui
3186 2734 3313 2791 sine
3342 2733 3673 2789 ullolabore

2030 2827 2213 2898 digito
2242 2826 2331 2880 vel
2366 2830 2598 2881 movent
2627 2824 2873 2897 aliquid,
2905 2824 2990 2880 vel
3031 2825 3313 2879 efﬁciunt.
3373 2823 3673 2887 Quomodo

2031 2917 2186 2971 enim
2218 2917 2472 2970 Joannes
2504 2916 2650 2969 dixit
2683 2933 2731 2969 :»
2766 2915 2925 2978 Quod
2960 2915 3280 2968 factumest
3310 2913 3367 2966 in
3400 2912 3525 2983 ipso
3556 2910 3674 2966 vita

2032 3009 2153 3059 erat
2185 3006 2362 3073 (Jama.
2401 3022 2436 3071 ι,
2471 3004 2548 3073 3),
2583 3028 2603 3054 ι»
2650 3002 2850 3057 volens
2900 3020 2929 3056 a
2980 3001 3266 3057 creaturis
3316 3000 3677 3068 distinguere

2033 3093 2322 3148 universis
2355 3110 2367 3147 :
2405 3093 2559 3164 quod
2594 3095 2935 3146 cunctorum
2951 3089 3333 3158 vitamipsum
3366 3106 3494 3144 esse
3516 3105 3678 3144 cons-

2038 3187 2124 3237 tat
2158 3208 2171 3250 ;
2204 3183 2287 3237 sic
2319 3182 2495 3237 etiam
2529 3181 2651 3252 ipse
2691 3179 2830 3234 dicit
2862 3198 2873 3246 ;
2910 3184 3151 3251 portans
3183 3178 3398 3233 omnia.
3432 3178 3558 3232 Non
3592 3176 3676 3231 si-

1956 3245 1999 3310 C
2039 3276 2136 3326 cut
2168 3271 2398 3342 pagani,
2435 3269 2533 3341 qui
2565 3287 2698 3325 eum
2732 3287 2764 3324 a
2794 3269 3124 3324 conditione
3184 3283 3376 3322 rerum
3408 3269 3465 3321 et
3494 3266 3682 3337 provi-

2037 3360 2236 3415 dentia
2266 3358 2471 3415 dicunt
2501 3375 2629 3415 esse
2652 3357 3222 3431 privatum.Dicendo
3253 3356 3409 3412 enim
3445 3372 3458 3411 :
3499 3378 3518 3405 α
3545 3354 3681 3410 Ver-

2039 3450 2110 3504 bo
2142 3449 2378 3504 virtutis
2409 3466 2552 3515 suae,
2597 3470 2623 3498 »
2677 3446 3048 3520 signiﬁcavit,
3100 3446 3254 3518 quod
3313 3445 3438 3500 sine
3484 3444 3682 3502 labore

2038 3542 2247 3594 cuncta
2278 3537 2590 3593 contineat.

2111 3628 2245 3683 Post
2273 3632 2491 3684 tantam
2528 3627 2735 3682 divinae
2756 3626 3079 3697 majestatis
3101 3628 3160 3682 in
3187 3627 3330 3683 Filio
3358 3627 3680 3684 claritatem

2031 3718 2157 3788 jam
2191 3734 2346 3771 nunc
2377 3718 2446 3771 ad
2464 3717 2855 3773 humilitatem
2872 3717 3288 3773 incarnationis
3302 3720 3429 3790 ejus
3447 3719 3686 3774 descen-

2038 3807 2142 3874 dit,
2178 3806 2379 3860 dicens
2414 3823 2426 3859 :
2469 3828 2489 3855 α
2528 3806 2939 3877 Purgationem
2975 3811 3342 3878 peccatorum
3387 3808 3679 3864 faciens.»

2041 3900 2349 3965 Postquam
2386 3894 2528 3949 dixit
2559 3896 2828 3966 superius
2859 3894 2961 3949 illa
3000 3912 3214 3967 magna
3260 3896 3540 3967 valdeque
3573 3897 3681 3950 mi-

2039 3984 2239 4049 randa,
2272 3982 2413 4037 dicit
2444 4000 2600 4037 nunc
2631 3987 2687 4037 et
2717 3983 2787 4037 de
2844 3999 2983 4037 cura
3042 3985 3191 4052 ejus,
3225 4000 3289 4038 ac
3348 3983 3683 4038 sollitudine

2038 4088 2216 4143 quam
2248 4072 2590 4126 hominibus
2620 4072 2788 4143 gerit.
2825 4072 2892 4126 Et
2939 4072 3207 4142 quamvis
3256 4071 3399 4125 illud
3450 4072 3678 4127 univer-

2038 4160 2159 4217 sale
2192 4162 2288 4227 sit,
2328 4160 2483 4232 quod
2532 4161 2732 4215 omnia
2782 4160 3041 4215 continet
3071 4161 3082 4214 Ξ
3118 4164 3540 4217 verumtamem
3574 4161 3682 4216 hoc

2039 4249 2224 4305 multo
2255 4249 2511 4321 amplius
2544 4239 3296 4321 estuniversale,quantum
3333 4249 3390 4304 in
3424 4249 3550 4322 ipso
3572 4255 3681 4319 est,

2037 4340 2191 4410 quod
2211 4340 2264 4393 in
2282 4356 2415 4394 eum
2431 4356 2632 4394 omnes
2648 4340 3036 4394 crediderunt.
3063 4339 3225 4394 Unde
3237 4340 3409 4394 etiam
3426 4340 3682 4397 Joannes

2037 4428 2177 4483 dicit
2208 4446 2220 4483 :
2258 4429 2438 4483 «Vita
2469 4434 2589 4483 erat
2608 4428 2848 4500 (Ibid.,4)
2884 4446 2896 4495 ;
2934 4450 2961 4477 »
2984 4429 3083 4483 sed
3106 4428 3526 4500 providentiam
3552 4432 3681 4502 ejus

2036 4518 2657 4581 manifestans,iterum
2686 4517 3128 4588 dicit,quoniam
3162 4516 3495 4573 lumenest:
3524 4541 3551 4568 «
3576 4518 3683 4575 Per

270 4602 717 4673 sufﬁcit,neque
737 4603 805 4656 ad
832 4602 1277 4673 percipiendum
1310 4602 1931 4674 prmvaletintellectus
1961 4614 2006 4677 Π
2034 4607 2284 4679 ipsum,»
2323 4605 3219 4678 inquit,alumen.Purgationem
3250 4606 3465 4662 faciens
3486 4624 3682 4679 pecca-

268 4694 342 4747 Et
373 4690 512 4763 quid
548 4692 678 4746 dico
709 4691 969 4761 linguam
1001 4690 1089 4746 vel
1122 4691 1510 4761 intellectum,
1542 4709 1676 4747 cum
1736 4710 1927 4766 neque

264 4782 399 4853 ipsa
431 4798 565 4853 pars
593 4781 808 4836 mentis
830 4779 1337 4852 eminentiorque:
1358 4782 1440 4835 eis
1458 4781 1643 4837 multo
1666 4784 1929 4853 superior

275 4876 367 4926 est
398 4871 618 4943 aliquid
650 4870 877 4940 integre
918 4869 1071 4924 valet
1129 4871 1640 4941 comprehendere,
1689 4873 1923 4944 quando

270 4958 496 5029 aliquid
532 4960 603 5013 de
664 4957 967 5012 divinitate
1025 4957 1333 5013 disseritur
1362 4960 1387 5013 ?
1417 4959 1453 5013 S
1485 4960 1641 5013 enim
1682 4979 1791 5032 pax
1824 4962 1922 5015 Dei

266 5048 639 5104 transcendit
670 5063 902 5102 omnem
937 5052 1192 5103 mentem
1253 5048 1480 5118 (Philip.
1540 5066 1613 5118 1v,
1644 5050 1720 5117 7),
1750 5055 1805 5104 et
1834 5068 1920 5118 ea,

268 5154 399 5209 quae
430 5140 757 5208 praeparata
789 5140 929 5190 sunt
960 5134 1581 5207 diligentibuseum,in
1615 5154 1712 5192 cor
1741 5139 1923 5193 homi-

270 5227 365 5281 nis
398 5243 512 5281 non
574 5226 900 5280 ascendunt
949 5226 997 5296 (Ι
1028 5226 1147 5281 Cor.
1186 5243 1247 5279 ιι.
1279 5226 1332 5297 9)
1380 5242 1393 5280 :
1426 5225 1608 5281 multo
1668 5219 1920 5298 amplius

262 5315 411 5387 ipse,
447 5315 545 5387 qui
580 5315 769 5387 pascit
804 5315 1007 5387 (1387),
1046 5317 1218 5382 Deus,
1252 5315 1351 5386 qui
1385 5318 1647 5370 omnium
1682 5321 1770 5372 est
1796 5317 1917 5387 opi-

263 5408 357 5461 fex
388 5421 607 5469 rerum,
640 5404 1131 5459 inazstimabiliter
1160 5409 1392 5460 nostras
1411 5406 1789 5476 cogitationes
1816 5423 1916 5461 ex-

264 5497 505 5564 superat
538 5512 551 5560 ;
585 5510 683 5563 per
719 5492 1091 5563 splendorem
1129 5494 1345 5565 quippe
1368 5494 1561 5565 gloriae
1593 5495 1915 5549 divinitatis

263 5583 523 5639 declarat
554 5582 895 5638 essentiam.
930 5581 1025 5636 Sic
1056 5583 1232 5639 etiam
1268 5600 1445 5640 unam
1505 5586 1759 5658 sumpsit
1789 5602 1913 5642 rem

330 5672 514 5744 (1387)
553 5673 815 5729 Fortasse
840 5688 956 5743 pcta:
984 5674 1077 5727 sit.

2035 4701 2227 4752 torum
2266 4720 2291 4745 ››
2318 4702 2649 4751 nostrorum
2673 4696 2815 4761 ;duo
2842 4696 3108 4765 quaedam
3143 4696 3202 4751 in
3227 4696 3334 4751 hoc
3357 4695 3482 4752 loco
3504 4697 3681 4770 signi-

2038 4787 2172 4841 ficat
2201 4787 2460 4854 majora:
2496 4785 2650 4855 quod
2684 4784 2753 4838 de
2786 4784 2953 4839 nobis
2984 4802 3184 4839 curam
3215 4786 3491 4858 gerat,vel
3522 4789 3674 4859 quod

2036 4878 2272 4944 peccata
2294 4877 2491 4926 nostra
2516 4871 2902 4938 mundaverit;
2929 4877 2985 4927 et
3007 4876 3159 4942 quod
3185 4877 3675 4947 persemetipsum

2033 4964 2142 5016 hoc
2170 4979 2316 5032 opus
2348 4960 2766 5033 impleverit.Et
2795 4960 2853 5015 in
2875 4961 3077 5016 multis
3110 4962 3517 5020 locisinvenies
3542 4982 3674 5018 cum

2034 5051 2091 5105 in
2117 5050 2491 5106 hocmaxime
2518 5049 3009 5122 gloriantem,non
3040 5051 3521 5125 solumquoniam
3546 5070 3675 5107 con-

2030 5141 2179 5197 versi
2233 5156 2439 5195 sumus
2471 5140 2541 5194 ad
2575 5140 2780 5211 Deum,
2834 5142 2932 5195 sed
2996 5142 3169 5196 etiam
3202 5141 3259 5195 in
3292 5158 3356 5195 eo
3388 5142 3538 5211 quod
3572 5159 3673 5213 per

2032 5230 2242 5286 Filium
2277 5230 2449 5284 fuerit
2478 5229 2634 5284 istud
2668 5229 2957 5285 effectum.
2983 5234 3049 5285 Et
3078 5247 3209 5285 vere
3252 5245 3533 5301 magnum
3565 5230 3674 5287 hoc

2028 5336 2245 5375 munus
2276 5322 2383 5384 est,
2418 5322 2473 5373 et
2508 5320 2701 5389 majus
2757 5320 3046 5387 effectum,
3084 5320 3221 5372 dum
3255 5318 3424 5373 nobis
3449 5324 3537 5375 est
3568 5337 3670 5393 per

2027 5408 2233 5462 Filium
2264 5407 2680 5463 contributum.

2103 5498 2234 5551 Post
2258 5497 2373 5550 hzec
2395 5497 2698 5551 confestim
2722 5498 2790 5550 de
2814 5497 3236 5550 resurrectione
3260 5501 3432 5569 atque
3463 5515 3663 5554 ascen-

2025 5587 2189 5643 sione
2206 5588 2333 5657 ejus
2355 5585 2634 5642 instittuit
2650 5602 2757 5641 nos
2782 5585 2850 5640 ad
2867 5583 3436 5660 ccelestiaerigere,et
3450 5588 3663 5645 intueri
