4020 6178
202 5592 227 5609 α

231 378 349 439 733

811 378 1218 439 EXPOSITIO
1263 378 1340 438 IN
1388 376 1815 437 EPISTOLlS
1863 373 2121 437 PAULI.
2157 406 2232 420 -
2274 375 2350 436 IN
2385 376 2627 437 EPIST.
2676 374 2778 436 AD
2823 372 3057 435 HEBB.

3518 370 3637 429 734

310 534 336 561 «
369 511 454 567 Ad
486 510 695 566 Filium
729 517 921 567 autem
953 530 965 567 :
994 514 1167 568 Sedes
1198 518 1294 568 tua
1326 514 1479 568 Deus
1512 514 1568 567 in
1603 512 1882 567 saeculum
1912 510 1966 575 Α
1999 510 2132 565 filiis
2191 512 2315 580 Dei,
2367 511 2577 566 iterum
2631 511 2697 565 ad
2760 508 3138 573 aeternitatem
3197 501 3522 559 divinitatis
3579 501 3639 556 in

238 599 433 655 saculi
466 602 636 672 (Psal.
670 619 817 667 κων,
851 606 924 673 7).
954 623 979 653 η
1020 604 1249 658 Intuere
1296 604 1586 674 quomodo
1638 603 1882 670 dividat,

238 695 295 743 et
328 706 462 743 cum
496 696 715 760 quanta
745 691 1001 747 claritate
1033 698 1330 747 creaturas
1353 710 1386 747 a
1408 692 1545 746 Filio
1570 693 1881 746 discernat.

236 776 438 846 Neque
470 778 831 834 differentias
872 797 1082 834 nomen
1123 781 1453 853 appellabat
1488 782 1615 835 Filii
1648 798 1881 847 nomen,

238 865 287 919 si
322 868 584 934 ejusdem
610 873 765 921 esset
796 869 1261 938 significationis.
1288 896 1313 919 ‹‹
1341 872 1539 939 Sedes,
1564 877 1685 935 tua,
1710 872 1882 936 Deus,

236 953 296 1008 in
334 955 611 1009 saeculum
639 956 853 1010 smculi.
880 981 906 1006 »
934 962 1073 1013 Ecce
1105 958 1287 1014 habes
1309 960 1468 1031 regni
1492 959 1882 1031 signaculum.

238 1043 479 1115 «Virga
522 1044 835 1115 mquitatis,
882 1070 906 1094 ››
957 1047 1169 1117 inquit,
1226 1072 1251 1095 ‹‹
1299 1049 1463 1119 virga
1512 1048 1673 1120 regni
1722 1049 1827 1102 tui.
1858 1071 1882 1095 ››

238 1134 379 1187 Ecce
410 1133 589 1187 habes
629 1139 685 1188 et
730 1135 889 1190 aliud
922 1136 1311 1208 signaculum.
1350 1138 1522 1209 Virga
1553 1155 1683 1193 vero
1716 1154 1884 1207 regu-

234 1220 353 1275 lam
385 1221 592 1276 divinre
615 1223 907 1294 signiﬁcat
933 1228 1243 1297 aequitatis,
1268 1246 1396 1299 qure
1421 1228 1699 1283 veraciter
1729 1232 1885 1281 recta

234 1310 464 1379 dicitur,
496 1313 633 1382 quia
664 1313 827 1367 nulla
855 1316 1137 1385 pravitate
1169 1322 1455 1370 curvatur.
1488 1300 1659 1387 Virga
1690 1317 1883 1384 justos

235 1400 404 1472 regit,
438 1400 650 1471 impios
684 1405 965 1473 percutit;
1000 1405 1099 1459 sed
1134 1405 1253 1459 hzec
1274 1405 1455 1475 virga,
1484 1405 1762 1458 fortitudo
1796 1409 1886 1458 est

238 1489 477 1553 invicta,
512 1492 755 1561 aequitas
800 1493 1147 1557 rectissima,
1180 1494 1513 1549 inﬂexibilis
1553 1493 1881 1564 disciplina.

235 1578 396 1633 Hanc
440 1580 596 1634 enim
648 1580 869 1651 virgam
919 1584 1102 1653 regni,
1151 1584 1386 1637 honoris
1435 1583 1686 1654 insigne,
1722 1600 1884 1654 scep-

235 1673 395 1721 trum
429 1669 703 1723 dicebant
732 1671 1081 1741 antiquitus,
1107 1672 1485 1744 designantes
1515 1672 1573 1725 in
1608 1688 1675 1725 ea
1704 1671 1883 1725 virtu-

235 1761 364 1811 tum
402 1772 620 1828 regem,
655 1758 971 1814 Dominum
1004 1759 1385 1816 Salvatorem.

1994 602 2193 656 eodem
2247 600 2388 655 Filio
2438 601 2534 655 Dei
2584 597 2866 654 convertit
2914 615 2973 651 se
3022 593 3326 666 apostolus
3375 591 3642 647 testimo-

1995 691 2157 743 nium
2206 690 2444 745 alterius
2496 688 2705 760 psalmi
2751 688 2960 743 dicere.
2993 686 3088 741 Ait
3118 684 3273 739 enim
3310 700 3321 737 :
3356 704 3383 730 «
3419 685 3476 735 et
3508 696 3520 733 :
3555 682 3639 735 Tu

1994 780 2050 833 in
2088 779 2394 851 principio,
2434 778 2693 846 Domine,
2734 784 2948 831 terram
2986 772 3266 828 fundasti.
3303 793 3330 821 ››
3363 771 3444 825 Ne
3494 770 3641 823 forte

1993 869 2147 923 enim
2209 868 2483 935 audiens,
2537 892 2563 915 ‹‹
2614 884 2739 921 cum
2804 864 3123 919 introducit
3178 858 3689 931 Primogenitum~

1993 955 2051 1009 in
2113 958 2310 1011 orbem
2372 961 2559 1025 terrae,
2602 980 2629 1005 »
2681 960 2881 1026 postea
2938 953 3020 1006 illi
3081 952 3363 1007 donatum
3422 963 3639 1001 munus

1993 1045 2313 1109 existimes,
2371 1046 2447 1099 ita
2499 1046 2807 1116 subjungit
2840 1060 2850 1097 :
2884 1066 2903 1093 ε(
2939 1044 3006 1097 Et
3041 1058 3051 1095 :
3104 1041 3187 1095 Tu
3229 1041 3301 1093 'in
3331 1034 3637 1108 principio,

1996 1137 2255 1205 Domine,
2316 1140 2527 1190 terram
2590 1133 2849 1189 fundasti
2910 1132 3081 1186 (Psal.
3142 1146 3216 1195 CI,
3273 1128 3385 1197 26).
3438 1148 3462 1174 ››
3514 1124 3639 1178 Non

1995 1242 2169 1293 nunc,
2198 1226 2295 1280 sed
2335 1226 2405 1278 ab
2438 1224 2602 1279 initio
2632 1240 2733 1295 per
2762 1220 3081 1276 divinitatis
3112 1216 3450 1289 potentiam,
3478 1216 3642 1268 Crea-

1993 1318 2083 1368 tor
2126 1319 2259 1369 ante
2310 1319 2630 1381 creaturas,
2660 1312 2785 1367 sine
2816 1310 3009 1381 aliquo
3060 1307 3223 1362 initio
3276 1302 3641 1376 cognosceris

1994 1404 2306 1459 exstitisse.

2067 1494 2195 1547 «Et
2245 1510 2420 1564 opera
2476 1507 2757 1546 manuum
2820 1495 3055 1544 tuarum
3116 1489 3254 1541 sunt
3304 1483 3503 1538 coeli.»
3538 1482 3641 1537 Hic

1995 1599 2228 1645 manus,
2263 1583 2540 1635 virtutem
2580 1578 2869 1649 jussionis
2910 1576 3011 1631 Dei
3044 1575 3327 1629 debemus
3359 1572 3638 1643 accipere.

1994 1671 2139 1725 Nam
2190 1672 2246 1724 in
2308 1670 2420 1724 alio
2475 1669 2600 1723 loco
2659 1668 2800 1721 dicit
2834 1683 2846 1719 :
2883 1690 2909 1715 ‹‹
2945 1664 3230 1730 Quoniam
3290 1662 3415 1733 ipse
3472 1661 3641 1729 dixit,

1995 1764 2051 1815 et
2078 1760 2234 1813 facta
2264 1764 2429 1825 sunt;
2465 1759 2588 1830 ipse
2636 1755 2955 1818 mandavit,
2990 1759 3045 1809 et
3077 1756 3270 1807 creata
3300 1754 3441 1805 sunt
3470 1749 3641 1819 (Psal.

314 1868 340 1894 ‹‹
381 1845 633 1901 Dilexisti
666 1848 976 1917 justitiam,
1011 1854 1067 1903 et
1096 1850 1265 1905 odisti
1304 1850 1725 1921 iniquitatem.»
1758 1850 1889 1919 Ipsa
1918 1880 1966 1944 B
1997 1866 2225 1914 cxcvm,
2257 1850 2336 1919 5).

242 1939 331 1989 est
363 1935 523 2005 virga
574 1941 729 1990 recta
757 1942 815 1990 et
846 1938 1166 1993 dominatio
1198 1939 1651 2005 dominantium,
1695 1954 1891 1991 amare

236 2023 532 2093 justitiam
554 2029 612 2079 et
634 2026 827 2080 odisse
850 2027 1243 2097 iniquitatem.
1268 2029 1447 2082 Nemo
1470 2027 1620 2080 enim
1646 2027 1891 2097 perfecte

243 2113 438 2184 diligit
468 2113 781 2183 justitiam,
808 2116 917 2170 nisi
940 2117 1039 2188 qui
1073 2122 1239 2171 actus
1272 2117 1559 2187 pessimos
1592 2116 1890 2171 abomina-

242 2208 359 2268 tur,
391 2202 482 2256 cui
512 2204 771 2258 veritatis
802 2222 966 2259 amor
996 2207 1196 2260 odium
1228 2212 1317 2261 est
1348 2205 1642 2260 falsitatis.

316 2292 426 2345 Sed
460 2291 595 2346 huic
620 2294 805 2348 amori
839 2294 1116 2349 bonitatis
1147 2301 1204 2350 et
1229 2296 1361 2350 odio
1386 2295 1738 2366 iniquitatis,
1763 2312 1893 2367 qua:

244 2381 485 2451 praemia
517 2382 637 2436 sint
663 2383 906 2450 reddita,
934 2384 1135 2438 subter
1163 2386 1420 2456 exponit,
1448 2385 1649 2439 dicens
1674 2402 1723 2439 ;‹‹
1760 2386 1891 2438 Pro-

244 2474 441 2541 pterea
471 2471 636 2525 unxit
665 2475 719 2525 te
753 2472 927 2539 Deus,
958 2472 1110 2528 Deus
1144 2478 1299 2527 tuus.
1326 2497 1352 2521 »
1384 2473 1666 2545 Repetitio
1696 2478 1891 2528 autem

244 2560 379 2629 ista,
402 2561 555 2632 quod
590 2561 729 2615 dicit
763 2579 812 2615 :u
852 2564 1021 2627 Deus,
1049 2568 1256 2627 Deus,»
1282 2562 1634 2634 praeconium
1668 2579 1891 2633 magna:

244 2648 572 2704 dilectionis
594 2652 866 2705 ostendit.
892 2653 998 2707 Sed
1028 2654 1320 2723 quomodo
1345 2658 1515 2718 Deus,
1540 2653 1707 2723 cujus
1733 2652 1892 2705 thre-

244 2755 356 2792 nus
413 2744 503 2793 est
550 2740 607 2793 in
664 2740 941 2794 saeculum
998 2740 1215 2808 saeculi,
1251 2743 1491 2813 ungitur
1520 2759 1551 2795 a
1583 2742 1697 2796 Deo
1733 2758 1743 2795 :
1780 2739 1891 2794 nisi

245 2827 509 2881 Christus
538 2830 728 2896 .lcsus,
756 2829 855 2900 qui
886 2847 953 2883 ex
984 2830 1112 2902 ipsa
1133 2832 1405 2885 unctione
1436 2830 1645 2886 Christi
1681 2846 1892 2883 nomen

245 2918 505 2988 accepit?
526 2919 793 2973 Chrisma
826 2920 1060 2990 quippe,
1098 2920 1325 2985 unctio;
1358 2920 1643 2981 Christus,
1682 2923 1893 2973 unctus

247 3006 480 3060 dicitur.
504 3006 723 3061 Unctus
746 3007 902 3062 enim
926 3008 1286 3072 Christus,et
1312 3025 1499 3077 regem
1526 3007 1817 3077 significat
1840 3010 1896 3060 et

247 3095 773 3167 sacerdotem,quia
796 3096 1110 3168 dignitates
1134 3098 1255 3150 ista:
1278 3098 1664 3151 sumebantur
1685 3111 1787 3166 per
1807 3112 1895 3149 sa-

247 3183 609 3239 cratissimas
655 3185 978 3240 unctiones.
1002 3186 1144 3239 Nam
1178 3190 1235 3239 et
1267 3184 1459 3256 ipsum
1495 3201 1704 3253 nomen
1728 3183 1892 3239 Chri-

246 3272 343 3335 sti,
364 3272 515 3327 sicut
546 3274 663 3341 jam
696 3274 917 3327 dictum
950 3279 1059 3339 est,
1084 3291 1116 3327 a
1146 3278 1347 3328 sancto
1378 3273 1693 3328 chrismate
1721 3289 1894 3326 voca-
1927 3247 1968 3313 C

245 3365 365 3415 tur.
408 3362 517 3415 Sed
553 3364 610 3415 in
643 3361 743 3415 illa
791 3366 1000 3416 natura
1046 3368 1259 3417 unctus
1289 3362 1523 3431 dicitur,
1558 3362 1614 3415 in
1648 3378 1764 3432 qua
1794 3378 1895 3432 per

245 3449 747 3519 dispensationem
780 3451 973 3505 carnis
1008 3450 1190 3517 nasci,
1227 3459 1283 3506 et
1314 3452 1480 3517 mori,
1507 3458 1563 3505 et
1595 3467 1895 3522 resurgere

244 3538 530 3591 veraciter
586 3538 802 3592 dicitur
858 3539 1142 3594 Christus.
1192 3543 1469 3595 Caztcrum
1530 3541 1716 3595 deitas
1769 3542 1897 3610 ejus

246 3625 414 3680 nullo
443 3644 702 3692 munere,
740 3627 899 3683 nullo
933 3628 1151 3683 honore
1182 3630 1435 3700 indiguit
1466 3630 1750 3700 adjuvari.

320 3738 347 3764 ‹‹
382 3715 518 3770 Oleo
554 3716 982 3780 exsultationis,
1012 3740 1037 3765 ››
1070 3718 1289 3789 duplici
1341 3720 1511 3773 modo
1563 3718 1895 3773 unctionem

246 3803 410 3858 illam
443 3810 707 3859 sanetam
741 3808 1076 3877 provenisse
1101 3807 1415 3877 significat.
1440 3808 1563 3862 Non
1596 3807 1789 3862 oleum
1820 3807 1898 3860 vi-

247 3892 438 3961 sibile,
473 3894 571 3949 sed
604 3893 853 3964 Spiritus
887 3896 1071 3950 sancti
1119 3897 1366 3967 gratiam
1416 3896 1795 3962 invisibilem,
1827 3897 1897 3950 de

249 3998 367 4053 qua
389 3983 591 4037 beatus
607 3987 812 4038 Petrus
837 3985 1135 4055 apostolus
1161 3986 1217 4038 in
1238 3986 1481 4039 Actibus
1500 3984 1897 4055 apostolorum

247 4075 327 4137 (x,
360 4071 470 4141 38),
494 4076 765 4139 testatur,
796 4073 991 4128 dicens
1018 4090 1064 4127 :u
1096 4074 1300 4128 Jesum
1333 4074 1896 4144 Nazarenum,quem

250 4161 418 4214 unxit
448 4161 602 4216 Deus
642 4162 862 4233 Spiritu
910 4167 1132 4227 sancte,
1165 4168 1221 4216 et
1263 4163 1497 4217 virtute.
1526 4185 1553 4211 »
1580 4166 1645 4215 Et
1676 4162 1732 4215 in
1767 4178 1896 4231 pro-

248 4248 444 4319 phetia
478 4267 490 4304 :
525 4272 551 4299 ‹‹
588 4251 778 4306 inveni
814 4252 990 4306 David
1024 4268 1254 4306 servum
1290 4269 1508 4316 meum,
1542 4250 1666 4306 oleo
1700 4254 1898 4305 sancto

248 4355 379 4393 meo
412 4339 546 4393 unxi
578 4356 712 4394 eum
737 4342 907 4411 (Psal.
943 4358 1209 4404 Lxxxvm,
1240 4342 1314 4411 2),
1346 4364 1370 4389 ››
1405 4358 1507 4411 per
1536 4341 1726 4395 oleum
1760 4357 1898 4393 san-

248 4432 412 4482 ctum
462 4428 800 4500 significans
852 4430 1135 4501 Spiritum
1185 4434 1479 4483 sanctum.
1534 4429 1667 4484 Sive
1725 4428 1898 4482 etiam

249 4515 445 4570 oleum
472 4517 676 4573 laetitia
708 4518 789 4573 illi
815 4519 940 4585 fuit,
958 4519 1177 4591 peccati
1212 4519 1501 4573 maculam
1527 4536 1641 4572 non
1667 4517 1896 4571 habere.

2072 1962 2097 1987 ‹‹
2135 1937 2246 2009 Ipsi
2298 1938 2649 2009 peribunt.»
2702 1938 2947 1991 Pereunt
2992 1931 3147 1986 enim
3209 1930 3279 1984 ab
3337 1945 3401 1983 eo
3463 1930 3643 1994 statu,

2000 2026 2058 2080 in
2119 2044 2232 2098 quo
2292 2043 2447 2080 nunc
2507 2030 2676 2090 sunt,
2739 2024 2879 2077 dum
2947 2024 3252 2075 mutantur
3308 2020 3365 2071 in
3433 2014 3645 2070 melius

2001 2122 2296 2171 creaturas.
2338 2139 2362 2163 ι(
2398 2117 2481 2169 Tu
2528 2118 2723 2168 autem
2774 2126 3102 2184 permanes.
3140 2131 3166 2156 »
3200 2107 3271 2162 Ut
3301 2106 3451 2161 sicut
3482 2108 3645 2159 mter-

2003 2207 2240 2260 nitatem
2266 2204 2495 2259 Domini
2530 2203 2807 2266 ostendit,
2832 2206 3148 2270 antequam
3180 2200 3399 2251 crearet
3426 2192 3645 2263 omnia,

2001 2294 2084 2349 sic
2118 2300 2249 2366 post
2281 2292 2455 2349 caelos
2501 2296 2778 2356 mutatos,
2812 2290 3005 2360 ipsum
3056 2286 3199 2341 dicit
3228 2286 3286 2338 in
3320 2281 3649 2352 majestatis

2002 2400 2121 2437 suae
2153 2383 2338 2455 gloria
2366 2398 2727 2455 permanere.
2759 2404 2777 2429 ι»
2811 2380 2879 2433 Et
2909 2393 3111 2433 omnes
3142 2379 3207 2430 ut
3233 2372 3647 2428 vestimentum

2000 2476 2381 2527 veterascent.
2408 2494 2427 2519 ι
2458 2473 2654 2543 Ipsum
2685 2467 3012 2529 veterascit,
3048 2465 3223 2536 quod,
3258 2478 3417 2517 more
3446 2459 3645 2527 vestis,

2003 2564 2287 2615 vetustate
2327 2560 2713 2625 consumitur,
2741 2558 2893 2613 sicut
2923 2572 3054 2611 caro
3103 2554 3364 2608 humana
3412 2552 3599 2605 morte
3630 2564 3643 2605 :

2003 2667 2137 2721 quas
2178 2655 2375 2704 tamen
2427 2648 2639 2703 melius
2698 2648 2756 2701 in
2817 2644 3242 2701 resurrectione
3301 2637 3643 2695 mutabitur.

2002 2740 2241 2795 Addidit
2270 2756 2503 2810 quoque
2534 2755 2545 2792 :
2572 2760 2597 2785 ‹‹
2633 2738 2701 2791 Et
2732 2735 2887 2791 velut
2918 2734 3199 2788 amictum
3234 2728 3493 2784 mutabis
3524 2743 3645 2793 eos,

2003 2832 2058 2882 et
2091 2829 2497 2883 mutabuntur.
2526 2849 2553 2875 ››
2584 2826 2746 2881 Sicut
2776 2823 3024 2895 quilibet
3068 2820 3347 2876 amictum
3390 2815 3648 2879 involvit,

2004 2922 2177 2987 atque
2210 2919 2521 2987 permutat,
2558 2915 2639 2969 sic
2672 2918 2727 2968 et
2758 2913 2948 2981 ipsum
2984 2910 3272 2964 mundum
3303 2906 3647 2959 immutatu-

2004 3023 2104 3059 rus
2154 3010 2242 3059 est
2290 3006 2493 3075 (1300),
2536 3008 2593 3057 et
2639 3001 3032 3056 conditionem
3082 3002 3137 3051 et
3186 2992 3650 3050 transformatio-

2004 3111 2161 3161 mm,
2195 3112 2320 3165 qua)
2379 3094 2455 3147 sit
2500 3093 2555 3146 in
2612 3090 2843 3155 melius,
2878 3093 2997 3141 tam
3028 3084 3193 3141 facile
3253 3081 3462 3155 poterit
3514 3096 3649 3151 ope-

2006 3184 2143 3253 rari,
2178 3184 2330 3238 sicut
2371 3181 2617 3253 quilibet
2664 3178 2945 3234 amictum
2991 3174 3243 3229 involvat
3293 3176 3466 3242 atque
3515 3186 3649 3241 per-

2008 3276 2213 3327 mutet.

2080 3363 2219 3416 «Tu
2255 3365 2447 3415 autem
2498 3359 2650 3413 idem
2700 3357 2825 3427 ipse
2868 3372 2949 3424 es,
2982 3357 3037 3408 et
3070 3351 3205 3406 anni
3254 3348 3339 3404 tui
3386 3364 3502 3403 non
3552 3346 3651 3401 de-

2008 3452 2223 3506 ficient.
2259 3473 2286 3500 »
2342 3450 2504 3503 Sicut
2560 3447 2717 3502 enim
2778 3443 2957 3515 Moysi
3018 3438 3237 3495 famulo
3296 3454 3402 3492 suo
3459 3435 3649 3490 dixit:

2008 3564 2033 3588 ‹‹
2072 3546 2185 3612 Ego
2236 3555 2366 3594 sum
2415 3538 2514 3609 qui
2567 3552 2699 3591 sum
2735 3552 2746 3589 :
2787 3557 2806 3583 υ
2843 3533 2926 3588 sic
2981 3530 3110 3585 istis
3169 3528 3358 3583 tribus
3388 3524 3652 3580 versibus

2006 3629 2389 3686 commutatio
2451 3630 2749 3689 creaturas,
2794 3628 2846 3679 et
2908 3624 3203 3677 aeternitas
3257 3615 3486 3672 Domini
3544 3614 3654 3669 hoc

2009 3721 2067 3775 in
2101 3720 2226 3774 loco
2259 3735 2291 3772 a
2322 3716 2609 3788 Propheta
2652 3710 2985 3769 admirabili
3033 3707 3313 3763 brevitate
3363 3702 3657 3775 descripta

2008 3812 2114 3864 est.

2081 3898 2159 3951 De
2196 3893 2519 3965 majestatis
2563 3891 2771 3945 divinae
2803 3887 3120 3942 aeternitate
3152 3884 3208 3938 in
3244 3883 3410 3947 Filio,
3442 3882 3655 3935 iterum

2010 3986 2216 4039 beatus
2251 3982 2463 4038 Paulus
2504 3980 2574 4034 ad
2604 3975 2985 4033 humanitatis
3014 3975 3141 4043 ejus
3174 3970 3654 4043 glorificationem

2009 4089 2338 4129 sermonem
2387 4069 2614 4133 direxit,
2648 4067 2849 4120 dicens
2882 4082 2893 4119 :
2924 4085 2949 4113 «
2980 4064 3063 4116 Ad
3097 4076 3270 4132 quem
3321 4062 3519 4112 autem
3552 4074 3655 4111 an-

2008 4162 2271 4235 gelorum
2324 4159 2468 4213 dixit
2512 4154 2824 4225 aliquando
2859 4168 2870 4205 :
2906 4152 3050 4206 Sede
3081 4166 3114 4203 a
3142 4147 3360 4202 dextris
3390 4146 3595 4235 meis?
3628 4168 3655 4193 ››

2011 4234 2179 4322 (Ρδαι.
2206 4267 2317 4314 (21x,
2344 4248 2417 4318 1.)
2441 4245 2648 4299 Victori
2681 4240 2844 4306 Filio,
2872 4244 2927 4296 et
2958 4256 3060 4311 per
3091 4242 3355 4292 sanctam
3388 4234 3655 4289 incarna-

2008 4342 2225 4396 tionem
2257 4339 2435 4393 totius
2482 4333 2685 4389 mundi
2736 4328 3169 4401 triumphatori,
3203 4331 3335 4399 post
3364 4342 3653 4379 resurrec-

2010 4431 2185 4485 tionis
2217 4428 2461 4501 gloriam
2513 4420 2871 4478 honorabilis
2910 4419 3212 4475 conf'essus
3242 4420 3494 4487 paterna:
3528 4430 3653 4467 ma-

2003 4520 2234 4591 jestatis
2266 4518 2525 4573 offertur.
2561 4517 2624 4567 ut
2668 4529 2769 4583 per
2806 4511 2961 4565 hunc
2993 4508 3171 4563 situm
3227 4508 3510 4575 susceptae
3545 4503 3652 4557 bu-

248 4606 414 4661 Unde
445 4624 506 4661 se
539 4612 876 4663 sanctorum
928 4608 1281 4664 conscientia
1313 4624 1543 4679 semper
1591 4607 1896 4671 exhilarat,
1930 4613 1974 4675 Ι)
2007 4606 2309 4663 manitatis
2340 4605 2524 4679 gloria
2554 4602 2898 4657 declaretur.
2930 4622 2955 4647 «
2991 4596 3190 4663 Quoad
3224 4609 3409 4664 usque
3441 4609 3654 4663 ponam

248 4696 486 4766 quando
517 4695 674 4751 nulla
710 4697 1125 4752 recordationis
1157 4698 1469 4769 asperitate
1502 4697 1822 4750 mordetur.

328 4808 347 4833 ε
388 4786 503 4840 ΡΓὲΒ
536 4786 919 4857 participibus
946 4773 1274 4841 tuis.i>1dco
1307 4793 1499 4841 autem
1534 4786 1753 4840 dictum
1789 4787 1898 4847 est,

256 4897 277 4921 ι
314 4891 429 4946 prce
462 4874 843 4946 participibus
868 4874 1042 4942 tuis,»
1066 4876 1343 4945 quoniam
1378 4876 1527 4929 hanc
1550 4874 1904 4929 benedictio-

250 4978 383 5017 nem
419 4980 601 5035 supra
623 4980 796 5018 omne
824 4964 1151 5018 humanum
1186 4980 1393 5034 genus,
1423 4966 1543 5019 sive
1574 4982 1760 5037 reges,
1786 4969 1903 5023 sive

249 5054 585 5108 sacerdotes
633 5053 689 5107 in
727 5054 912 5108 Veteri
946 5054 1340 5119 Testamento,
1376 5057 1494 5110 sive
1540 5055 1716 5111 etiam
1766 5076 1903 5129 apo-

248 5141 435 5197 stolos
467 5147 525 5197 et
556 5146 842 5213 martyres
891 5141 949 5196 in
982 5142 1158 5205 Novo,
1194 5142 1555 5213 figurabatur
1587 5148 1900 5217 accepisse,

248 5236 307 5285 et
337 5236 553 5286 unctus
586 5229 964 5302 singulariter
995 5236 1230 5285 caeteros
1263 5248 1501 5303 ungere,
1535 5232 1591 5286 id
1626 5238 1732 5299 est,
1768 5252 1901 5289 san-

251 5319 506 5374 ctiﬁcare
550 5319 866 5373 debuisset.
904 5320 964 5373 In
1002 5320 1128 5390 ipso
1159 5319 1314 5375 enim
1350 5322 1478 5375 fons
1531 5325 1619 5376 est
1666 5323 1901 5377 benedi-

251 5408 482 5469 ctionis,
516 5426 547 5462 a
599 5425 731 5476 quo,
769 5413 937 5478 prout
986 5408 1098 5477 ipsi
1150 5409 1336 5463 visum
1392 5410 1582 5480 fuerit,
1618 5428 1718 5482 per
1771 5413 1897 5467 uni-

252 5514 450 5551 versos
483 5496 696 5551 electos
731 5501 986 5550 emanat.

327 5586 462 5641 Post
499 5585 883 5641 humanitatis
929 5584 1109 5657 igitur
1136 5586 1510 5657 excellentiae,
1536 5606 1659 5661 quas
1692 5595 1901 5652 nrazest

326 5693 511 5767 (1390)
542 5692 605 5749 In
637 5692 773 5748 Cod.
806 5693 864 5746 2T1
894 5696 1146 5749 maturus
1176 5697 1271 5750 est.

2008 4698 2277 4751 inimicos
2308 4701 2457 4749 tuos.
2486 4718 2512 4741 ››
2545 4692 2706 4757 Quod
2754 4694 2949 4743 autem
2984 4704 3015 4741 a
3044 4688 3213 4741 Patre
3260 4681 3657 4753 subjiciuntur

2012 4788 2154 4842 Filio
2186 4784 2431 4847 inimici,
2467 4799 2580 4836 non
2615 4777 3017 4834 infirmitatem
3054 4775 3199 4839 Filii,
3235 4774 3333 4828 sed
3370 4772 3653 4827 unitatem

2015 4881 2255 4943 natura),
2297 4890 2415 4944 qua
2468 4872 2527 4924 in
2577 4870 2755 4924 altero
2814 4866 2961 4920 alter
3016 4868 3307 4935 operatur,
3341 4862 3653 4933 significat.

2014 4967 2160 5020 Nam
2192 4970 2246 5017 et
2270 4962 2448 5017 Filius
2480 4957 2721 5029 subjicit
2747 4956 3017 5010 inimicos
3050 4954 3227 5023 Patri,
3256 4952 3394 5024 quia
3426 4952 3653 5004 Patrem

2014 5053 2293 5109 clarificat
2335 5066 2512 5121 super
2556 5052 2797 5103 terram.
2828 5069 2846 5094 α
2884 5041 3211 5098 Scabellum
3264 5040 3477 5111 pedum
3527 5042 3654 5089 tuo-

2014 5159 2166 5197 rum.
2196 5164 2221 5189 ››
2258 5141 2361 5194 Per
2392 5138 2567 5210 pedes
2599 5141 2792 5191 autem
2841 5133 3093 5198 Domini,
3121 5129 3410 5186 stabilitas
3441 5129 3656 5178 aeterna

2014 5231 2400 5304 significatur,
2449 5226 2546 5281 ubi
2601 5224 2718 5293 ille,
2766 5228 3051 5293 tanquam
3104 5216 3365 5287 vestigiis
3423 5212 3650 5304 positis,

2012 5302 2169 5376 omni
2204 5317 2472 5391 potentiae
2524 5332 2641 5370 suae
2688 5313 2899 5367 virtute
2947 5306 3230 5364 consistit.
3255 5304 3355 5358 His
3406 5302 3651 5374 pedibus

2011 5414 2237 5465 constat
2266 5423 2393 5462 esse
2424 5404 2780 5469 subdendos,
2806 5400 2902 5471 qui
2934 5396 3191 5469 quotidie
3211 5394 3485 5449 vitiorum
3513 5407 3651 5447 con-

2009 5500 2307 5555 trarietate
2356 5494 2652 5561 derelicta,
2696 5492 3063 5545 revertuntur
3108 5486 3177 5538 ad
3228 5482 3562 5550 Dominum,
3596 5486 3652 5535 ct

2007 5595 2289 5662 tanquam
2324 5584 2643 5643 scabellum
2677 5579 2947 5652 pedibus,
2980 5576 3060 5630 ita
3105 5575 3232 5645 ejus
3279 5572 3651 5647 pradicatio-
