4044 6180
437 345 548 410 735

1445 359 1781 421 AT’I‘ONIS
1829 359 2288 421 VERCELLEN
2299 359 2414 422 SIS
2461 359 2814 423 EPISCOPI

3719 360 3852 440 13¢

434 488 608 544 nibus
634 488 1012 547 inclinantur.
1045 492 1179 549 Sine
1209 493 1385 552 dubio
1431 496 1503 552 de
1549 497 1667 553 illis
1697 498 1954 554 inimicis
1985 498 2070 553 di-
2100 494 2155 559 Α
2185 493 2296 549 bus
2329 492 2522 549 verbis
2570 493 2894 565 explicavit,
2923 491 3168 548 dicendo
3197 508 3249 548 :«
3276 491 3333 547 Si
3382 492 3538 549 enim
3589 492 3693 566 qui
3748 510 3854 566 per

431 578 529 644 cit,
583 577 683 649 qui
732 582 994 638 conversi
1050 584 1119 638 ad
1180 584 1476 640 dexteram
1535 587 1915 644 collocantur.
1948 590 2073 644 Non

429 665 523 721 hic
553 668 894 726 adverbium
934 692 955 720 ι
989 689 1316 746 quousque,
1351 699 1378 725 ››
1408 676 1658 747 alicujus
1687 679 1970 752 temporis
2004 681 2074 734 ﬁ-

428 757 561 812 dem
610 758 794 831 (1391)
854 761 1138 834 designat,
1195 766 1296 820 sed
1356 767 1694 824 aeternitatis
1755 772 2072 841 potentiam

430 845 814 905 demonstrat.

502 959 529 985 ‹‹
565 937 766 993 Nonne
802 957 1006 997 omnes
1055 948 1194 999 sunt
1225 945 1707 1003 administratorii
1740 951 1982 1021 spiritus
2015 952 2071 1006 in

431 1027 826 1083 ministerium
877 1031 1042 1086 missi
1093 1039 1328 1105 propter
1375 1053 1494 1103 eos,
1527 1039 1622 1108 qui
1675 1038 2072 1094 hzereditatem

431 1114 670 1186 capiunt
699 1117 907 1174 salutis
929 1121 955 1174 ?
980 1144 1006 1169 ››
1039 1125 1117 1177 Ac
1166 1124 1212 1178 si
1265 1124 1481 1180 diceret
1514 1142 1526 1181 :
1562 1128 1807 1200 Angelos
1859 1130 2073 1184 consti-

429 1204 541 1259 tuit
576 1207 900 1273 ministros,
926 1210 1136 1266 Filium
1190 1217 1384 1268 autem
1429 1216 1497 1269 ad
1533 1216 1823 1272 dexteram
1878 1220 2074 1274 sedere

430 1293 585 1364 fecit,
634 1298 788 1366 quod
841 1298 986 1352 nulli
1040 1317 1302 1371 unquam
1362 1304 1703 1375 angelorum
1765 1308 2070 1362 concessit.

429 1382 573 1438 Nam
605 1390 661 1438 et
695 1385 874 1442 Filius
907 1389 1126 1443 missus
1163 1396 1272 1456 est,
1305 1393 1402 1447 sed
1457 1412 1567 1448 non
1602 1395 1754 1450 sicut
1786 1396 2070 1462 minister,

430 1489 620 1544 neque
644 1475 986 1543 perfunctus
1009 1479 1321 1546 cujuslibet
1347 1483 1575 1548 ofﬁciis,
1597 1487 1696 1538 sed
1722 1485 1871 1539 sicut
1896 1485 2074 1540 Filius

431 1562 800 1632 unigenitus;
836 1565 1019 1621 Filius
1049 1585 1202 1630 vero.
1237 1570 1387 1626 sicut
1422 1574 1700 1628 Dominus
1734 1574 1941 1641 salvat;
1979 1576 2072 1629 isti

428 1666 583 1719 vero,
618 1651 770 1707 sicut
799 1655 969 1724 servi,
1003 1656 1240 1713 salvatis
1273 1676 1374 1730 per
1405 1661 1576 1716 ﬁdem
1605 1663 1958 1718 deserviunt.
1993 1664 2075 1717 Si-

432 1737 668 1809 quidem
702 1758 804 1812 pro
836 1748 1037 1800 nostra
1080 1746 1270 1803 salute
1315 1750 1616 1806 ministros
1649 1756 1874 1806 constat
1905 1753 2074 1807 effec-

2183 581 2424 652 angelos
2455 582 2647 637 dictus
2677 588 2765 638 est
2791 599 3006 637 sermo.
3031 601 3056 631 ι
3085 581 3338 646 Quidam
3361 583 3567 638 dicunt
3595 584 3761 654 quod
3790 585 3850 638 in

2183 669 2291 725 hoc
2323 671 2447 726 loco
2478 671 2715 743 Moysen
2765 677 2987 743 tangat,
3022 688 3088 727 eo
3120 673 3278 743 quod
3315 671 3665 743 Decalogum
3703 672 3851 744 legis

2185 759 2242 813 in
2276 765 2472 814 monte
2501 760 2654 815 Sinai
2689 778 2723 815 a
2751 760 2998 815 Domino
3028 760 3338 831 acceperit,
3369 759 3524 815 sicut
3552 759 3674 814 illic
3705 762 3851 816 scri-

2185 852 2349 918 ptum
2382 853 2470 903 est
2503 865 2513 902 :
2541 873 2566 896 ‹‹
2604 850 2832 921 Moyses
2878 848 3245 920 loquebatur,
3279 848 3567 905 Dominus
3598 866 3848 921 respon-

2185 936 2356 991 debat
2386 937 2660 1008 ei,-,,(E.rod.
2690 955 2808 1007 χιχ,
2840 940 2925 1007 19)
2953 954 2964 991 :
2993 960 3019 987 ››
3052 944 3107 993 et
3137 937 3277 992 alibi
3311 955 3323 992 :
3354 961 3375 986 α
3414 939 3528 993 Lex
3556 955 3664 1008 per
3695 939 3850 1011 Moy-

2184 1042 2283 1081 sen
2319 1027 2454 1082 data
2487 1032 2574 1082 est
2604 1029 2782 1098 (Joan.
2809 1046 2846 1091 1,
2874 1029 2992 1095 17);
3020 1049 3047 1078 ››
3080 1027 3180 1083 sed
3214 1027 3308 1082 hic
3336 1043 3438 1099 per
3465 1027 3715 1100 angelos
3747 1028 3843 1083 da-

2184 1121 2302 1169 tam
2335 1132 2462 1172 esse
2493 1117 2659 1172 docet
2699 1117 3013 1188 Apostolus
3046 1133 3058 1169 :
3097 1132 3232 1171 nam
3274 1120 3332 1171 et
3379 1115 3434 1170 in
3488 1116 3750 1188 epistola
3779 1118 3844 1172 ad

2185 1205 2421 1260 Galatas
2455 1208 2654 1281 111,29,
2691 1205 2871 1260 simili
2922 1207 3095 1260 modo
3141 1205 3283 1260 dicit
3311 1221 3356 1261 ει
3396 1205 3702 1277 Disposita
3755 1223 3850 1277 per

2184 1293 2422 1365 angelos
2456 1295 2516 1349 in
2542 1312 2718 1350 manu
2743 1294 3101 1350 Mediatoris.
3125 1317 3154 1343 »
3181 1299 3247 1349 Et
3276 1295 3489 1350 iterum
3517 1295 3576 1350 in
3602 1296 3850 1351 Actibus

2185 1383 2583 1455 apostolorum
2616 1402 2715 1448 v11,
2748 1386 2818 1438 53
2850 1402 2862 1440 :
2895 1407 2915 1432 ι
2955 1384 3276 1455 Accepistis
3318 1383 3507 1456 legem
3555 1385 3619 1438 in
3673 1401 3851 1440 man-

2183 1472 2336 1528 datis
2369 1473 2734 1544 angelorum,
2759 1478 2816 1528 et
2841 1490 2956 1528 non
2987 1472 3357 1529 custoditis.»
3388 1474 3453 1528 Et
3487 1473 3718 1544 ubique
3755 1491 3852 1544 per

2183 1564 2422 1634 angelos
2453 1565 2651 1618 datam
2683 1579 2811 1618 esse
2853 1561 3123 1634 plurimis
3164 1563 3496 1618 ostenditur
3523 1562 3696 1618 locis.
3733 1569 3850 1618 Aut

2181 1653 2323 1724 quia
2354 1655 2423 1708 de
2454 1653 2729 1707 omnibus
2789 1651 2902 1720 his,
2937 1669 3064 1722 qua
3115 1652 3195 1716 in,
3223 1651 3416 1708 Veteri
3462 1652 3845 1708 Testamento

2183 1743 2337 1797 dicta
2365 1742 2452 1796 vel
2503 1742 2654 1796 facta
2703 1747 2862 1807 sunt,
2887 1745 2989 1795 aut
3033 1747 3188 1796 certe
3234 1741 3374 1812 quia
3422 1741 3578 1796 Deus
3629 1742 3848 1796 eratin

431 1831 542 1893 tos,
576 1831 844 1900 quamvis
876 1833 1043 1890 nobis
1075 1837 1404 1908 superiores
1453 1840 1601 1905 sint;
1635 1845 1828 1895 tamen
1864 1843 1934 1896 ad
1970 1859 2070 1896 no-
2106 1867 2152 1932 B
2185 1830 2428 1902 angelis,
2454 1855 2481 1879 «
2517 1832 2704 1886 factus
2727 1835 2815 1885 est
2837 1832 3042 1885 ﬁrmus
3063 1830 3270 1898 (1393).
3300 1854 3319 1880 ι
3347 1830 3496 1894 Quid
3528 1835 3623 1884 est
3651 1831 3845 1884 factus

430 1919 610 1971 stram
663 1919 909 1976 salutem
963 1923 1354 1981 ministerium
1402 1927 1676 1984 exhibent
1721 1948 1732 1985 :
1781 1930 2071 2001 siquidem

428 2010 484 2061 et
515 2007 831 2065 {unctionis
881 2012 1140 2070 ofﬁcium
1191 2015 1334 2071 illud
1386 2017 1664 2083 declarat,
1694 2037 1826 2074 nam
1882 2021 2073 2092 angeli

429 2095 622 2153 Graece
652 2098 948 2173 dicuntur,
975 2103 1196 2174 Latine,
1229 2108 1434 2162 nuntii.
1469 2109 1708 2180 Propter
1730 2127 1836 2166 nos
1857 2111 2076 2181 ubique

431 2187 780 2256 mittuntur;
814 2196 1048 2263 propter
1089 2211 1194 2249 nos
1243 2196 1539 2265 laborant;
1575 2203 1810 2269 propter
1840 2217 1945 2255 nos
1976 2200 2073 2255 de-

429 2281 702 2344 currunt;
736 2279 902 2334 nobis
934 2297 1042 2335 suo
1077 2283 1398 2354 funguntur
1418 2286 1626 2341 ofﬁcio.
1655 2289 1720 2342 Et
1751 2288 1959 2344 harum
1995 2307 2076 2344 re-

431 2381 561 2419 rum
594 2368 871 2438 exemplis
904 2368 1054 2439 pleni
1089 2377 1227 2426 sunt
1269 2373 1400 2428 libri
1431 2375 1654 2431 Veteris
1686 2381 1741 2432 et
1763 2377 1900 2432 Novi
1935 2380 2074 2432 Tes-

428 2455 696 2511 tamenti.
731 2457 876 2512 Nam
922 2464 977 2513 et
1025 2462 1356 2531 pastoribus
1405 2465 1593 2536 angeli
1645 2467 2072 2538 evangelizave-

430 2548 568 2598 runt
589 2544 736 2615 (Luc.
763 2564 823 2613 11,
846 2548 942 2617 9):
976 2555 1032 2604 et
1061 2552 1130 2606 ad
1179 2552 1427 2608 Mariam
1459 2555 1704 2626 angelus
1734 2556 1890 2610 venit
1922 2557 2072 2618 (Luc.

433 2650 471 2697 1,
502 2635 592 2703 28)
624 2639 718 2689 :et
747 2635 885 2690 talia
917 2638 1101 2694 multa
1131 2640 1188 2694 in
1222 2640 1432 2697 divinis
1465 2643 1714 2713 legimus
1737 2644 2074 2716 Scripturis.

433 2719 620 2776 Simul
652 2723 828 2779 etiam
861 2730 917 2780 et
946 2743 1146 2782 eorum
1188 2729 1453 2785 sublevat
1492 2736 1736 2796 mentes,
1763 2735 2077 2790 ostendens

433 2809 715 2867 honorem
748 2814 916 2872 nobis
956 2833 989 2871 a
1030 2816 1146 2872 Deo
1178 2817 1497 2889 plurimum
1529 2821 1945 2878 condonatum.
1987 2826 2074 2878 In-

431 2899 677 2972 telligite
723 2901 903 2974 igitur
933 2922 1087 2960 nunc
1117 2912 1372 2978 quantus
1421 2910 1590 2966 nobis
1621 2911 1806 2966 honor
1858 2914 2074 2984 existit,

431 2993 496 3044 ut
525 2989 676 3046 sicut
702 2993 771 3047 ad
804 2994 1043 3064 amicos,
1079 2996 1157 3052 ita
1199 2999 1503 3056 ministros
1536 3000 1773 3072 angelos
1806 2985 2077 3058 suosuo-

431 3078 522 3135 bis
553 3079 804 3139 destinet
831 3081 1004 3141 Deus.
1961 3101 1988 3136 ο

501 3169 658 3240 (CAP.
685 3171 776 3243 Il.)
809 3173 910 3230 His
943 3175 1022 3231 ita
1053 3175 1400 3234 introductis
1431 3180 1502 3234 de
1532 3180 1874 3253 angelorum
1909 3181 2080 3236 mini-

430 3259 628 3328 sterio,
652 3278 756 3332 per
785 3279 932 3334 quos
963 3265 1138 3321 etiam
1173 3266 1301 3338 ipsa
1327 3267 1427 3323 lux
1460 3269 1789 3325 ministrata
1814 3274 1923 3336 est,
1949 3287 2080 3327 mox
2110 3242 2153 3309 (ἶ

431 3349 737 3420 subjunxit
757 3352 826 3407 de
847 3353 1189 3410 excellentia
1208 3356 1427 3427 gratiae,
1451 3375 1580 3429 qua:
1612 3376 1714 3430 per
1743 3359 1843 3414 Dei
1872 3359 2076 3414 Filium

430 3438 600 3492 nobis
634 3438 812 3494 allata
841 3445 952 3507 est,
991 3441 1192 3498 dicens
1225 3461 1238 3500 :
1273 3464 1293 3491 α
1327 3445 1635 3516 Propterea
1679 3448 2080 3503 abundantius

431 3530 660 3597 oportet
687 3544 795 3584 nos
835 3531 1140 3585 observare
1188 3549 1256 3587 ea
1304 3550 1430 3604 qua:
1480 3535 1866 3590 audivimus.»
1893 3538 2080 3600 Quare

435 3635 464 3665 ‹‹
495 3615 948 3671 abundantius»
979 3619 1162 3673 dixit?
1194 3621 1309 3676 Hoc
1337 3627 1425 3676 est
1455 3639 1630 3694 quam
1676 3623 1734 3678 in
1767 3623 1893 3695 lege
1925 3624 2077 3679 sole-

431 3702 664 3760 bamus.
700 3706 807 3760 Sed
859 3723 1072 3762 nomen
1117 3707 1262 3781 legis
1293 3711 1566 3778 obticuit;
1600 3729 1736 3768 nam
1789 3714 1845 3768 in
1894 3718 2081 3769 astru-

435 3792 624 3848 ctione
654 3810 761 3849 sua
791 3795 1170 3852 manifestum
1221 3799 1329 3854 hoc
1379 3799 1533 3856 facit.
1571 3803 1634 3856 Et
1683 3818 1864 3872 quare
1894 3803 2079 3857 abun-

433 3881 670 3939 dantius
703 3901 808 3940 nos
837 3890 1064 3957 oportet
1102 3887 1408 3945 observare
1438 3906 1505 3946 ea
1540 3907 1670 3962 quin
1702 3891 2081 3948 audivimus?

433 3971 636 4028 Nonne
661 3977 718 4029 et
737 3973 838 4030 illa
862 3974 955 4030 Dei
977 3980 1135 4043 sunt,
1157 3982 1214 4033 et
1236 3978 1387 4034 ista?
1407 4003 1432 4029 ‹‹
1458 3981 1868 4036 Abundantius
1893 4006 1914 4034 ι
1943 3998 2080 4053 ergo

434 4060 598 4130 dixit,
619 4068 720 4118 aut
742 4080 918 4136 quam
946 4064 1214 4138 solebant
1244 4068 1299 4122 in
1325 4068 1468 4140 lege,
1497 4074 1596 4124 aut
1626 4075 1800 4136 certe,
1824 4070 2081 4143 amplius

434 4169 549 4208 non
595 4169 940 4225 comparens
990 4155 1369 4228 absit(t392).
1399 4159 1507 4213 Sed
1559 4161 1697 4230 quia
1744 4175 1847 4231 per
1897 4160 2083 4215 multa

432 4245 699 4313 tempora
755 4259 1036 4315 magnum
1069 4247 1222 4317 apud
1281 4263 1378 4302 eos
1437 4249 1802 4304 auctoritatis
1854 4250 2083 4320 pondus

434 4333 614 4386 Vetus
638 4331 1342 4391 habebatTestamentum
1362 4361 1376 4404 ;
1400 4336 1520 4392 haac
1541 4337 1907 4408 autem,quia
1927 4338 2085 4393 velut

435 4437 584 4476 nova
610 4419 727 4476 illis
757 4421 1121 4489 dicebantur,
1146 4441 1216 4480 ne
1240 4425 1704 4497 contemptibilis
1725 4427 2082 4496 judicarent,

436 4511 720 4579 ostendit;
754 4528 822 4566 ex
843 4512 1226 4580 abundantia,
1254 4513 1530 4585 quoniam
1558 4514 1680 4570 hzec
1705 4515 1963 4587 amplius
1989 4517 2086 4572 ob-

2188 1922 2434 1976 ﬁrmus?
2473 1920 2754 1975 Videlicet
2801 1935 2994 1987 verus,
3026 1924 3313 1992 tanquam
3362 1919 3604 1987 diceret,
3654 1919 3847 1975 ﬁdelis

2187 2009 2247 2064 in
2279 2014 2538 2081 tempore
2568 2012 2918 2081 opportuno.

2264 2119 2286 2147 α
2321 2101 2388 2155 Et
2417 2099 2609 2154 omnis
2650 2097 3042 2170 praevaricatio
3091 2102 3149 2153 et
3194 2097 3591 2154 inobedientia
3621 2099 3847 2169 accepit

2179 2192 2405 2262 justam
2429 2187 2828 2244 retributionis
2853 2189 3200 2244 mercedem.
3224 2209 3252 2237 »
3276 2187 3392 2242 Hoc
3413 2192 3504 2242 est
3523 2187 3664 2258 quia
3697 2187 3846 2242 nihil

2187 2280 2470 2336 remansit
2519 2277 2794 2343 inultum,
2845 2277 2963 2333 sive
3013 2278 3165 2349 quod
3220 2276 3513 2348 promisit,
3544 2278 3666 2332 sive
3718 2294 3846 2348 quae

2186 2369 2600 2425 comminando
2634 2367 2806 2434 dixit;
2841 2371 3072 2431 cuncta,
3096 2385 3223 2438 quae
3260 2367 3538 2438 praedicta
3566 2371 3733 2432 sunt,
3759 2383 3850 2420 ac-

2187 2459 2339 2530 cepit
2362 2460 2585 2529 justam
2614 2457 2900 2511 mercedis
2932 2456 3398 2511 retributionem.
3423 2457 3612 2521 Quare
3645 2461 3849 2510 autem

2187 2549 2352 2618 dixit,
2379 2547 2666 2602 mercedis
2692 2545 3158 2616 retributionem,
3183 2561 3317 2600 cum
3342 2561 3564 2600 merces
3596 2545 3654 2599 in
3687 2545 3849 2600 bono

2188 2637 2322 2709 poni
2373 2636 2592 2692 soleat?
2625 2636 2735 2691 Sed
2785 2635 2896 2689 iste
2950 2651 3076 2689 mos
3134 2639 3223 2690 est
3281 2633 3668 2705 Apostolo,ut
3731 2651 3852 2688 non

2189 2742 2464 2797 magnam
2496 2725 2804 2780 verborum
2855 2722 3068 2779 habeat
3116 2723 3427 2790 rationem,
3459 2723 3559 2778 sed
3612 2723 3849 2778 indilIe-

2189 2821 2403 2880 renter,
2429 2813 2518 2869 vel
2551 2832 2678 2886 quae
2708 2814 2766 2868 in
2793 2814 2946 2868 bono
2967 2813 3267 2878 dicuntur,
3291 2811 3376 2868 vel
3407 2829 3536 2884 qua}
3568 2812 3630 2867 in
3663 2812 3848 2878 malo,

2189 2923 2291 2977 pro
2325 2905 2606 2959 alterutro
2640 2919 2882 2976 ponere;
2917 2901 3070 2958 sicut
3102 2901 3241 2957 alibi
3273 2901 3420 2957 dixit
3451 2920 3464 2958 :
3491 2925 3520 2950 «
3553 2903 3620 2956 In
3652 2903 3850 2973 capti-

2187 2994 2366 3051 vitate
2399 2993 2726 3066 redigentes
2758 3009 2990 3048 omnem
3037 3008 3279 3048 sensum
3326 2992 3397 3047 ad
3445 2991 3847 3048 obediendum

2188 3084 2418 3140 Christo
2451 3085 2518 3155 (II
2549 3083 2674 3139 Cor.
2707 3101 2762 3151 x,
2794 3084 2882 3152 5);
2908 3105 2936 3132 υ
2973 3083 3052 3138 ita
3081 3085 3138 3138 et
3168 3082 3263 3138 hic
3295 3104 3322 3132 «
3356 3081 3647 3138 mercedis
3679 3083 3850 3139 retri-

2193 3173 2516 3230 butionem.
2543 3196 2570 3219 ››

2268 3285 2288 3311 σ
2315 3263 2384 3317 Et
2407 3262 2700 3332 quomodo
2724 3278 2830 3318 nos
2849 3261 3221 3333 effugiemus,
3247 3260 3297 3314 si
3321 3264 3549 3315 tantam
3574 3259 3847 3333 neglexe:

2190 3351 2376 3406 rimus
2406 3351 2751 3406 salutem?»
2782 3350 2890 3406 Per
2939 3349 3059 3405 haec
3111 3349 3288 3405 verba
3334 3347 3478 3404 satis
3530 3349 3850 3422 signiﬁcat,

2192 3441 2328 3514 quia
2360 3457 2475 3496 non
2507 3446 2634 3496 erat
2681 3444 2847 3494 tanta
2896 3438 3057 3495 salus
3103 3439 3164 3493 in
3207 3438 3398 3494 Veteri
3445 3439 3847 3507 Testamento,

2190 3536 2415 3603 quanta
2445 3535 2533 3586 est
2563 3530 2622 3584 in
2654 3529 2863 3602 gratia,
2892 3546 3070 3602 quam
3098 3528 3196 3584 Dei
3222 3527 3406 3584 Filius
3427 3529 3599 3584 nobis
3628 3528 3848 3584 attulit.

2189 3622 2312 3676 Non
2345 3621 2502 3676 enim
2528 3620 2696 3676 nobis
2727 3635 2882 3674 nunc
2926 3618 3081 3674 sicut
3110 3617 3251 3685 illis,
3274 3623 3440 3673 terra
3461 3618 3722 3684 divitias,
3749 3620 3847 3676 sed

2189 3709 2317 3765 cmli
2348 3708 2594 3782 gloriam
2627 3707 2920 3781 promittit
2939 3712 3112 3764 Deus.
3139 3707 3264 3764 Non
3295 3706 3602 3762 victoriam
3637 3709 3710 3764 de
3741 3714 3845 3763 ter-

2190 3799 2346 3855 renis
2377 3799 2670 3866 hostibus,
2703 3799 2804 3854 sed
2836 3799 2907 3853 de
2939 3795 3345 3868 spiritualibus
3379 3796 3688 3853 concessit.
3723 3797 3844 3854 Non

2190 3890 2370 3945 vitam
2404 3887 2715 3943 infeliciter
2754 3891 3118 3958 pereuntem,
3151 3887 3252 3942 sed
3297 3892 3647 3958 perpetuam
3681 3893 3845 3942 teter-

2191 3977 2402 4033 naliter
2432 3977 2670 4032 donavit
2693 3977 2945 4032 beatam.
2968 3975 3096 4030 Haec
3123 3975 3341 4046 quippe
3371 3975 3573 4030 omnia
3598 3977 3847 4031 breviter

2189 4067 2502 4132 intimavit,
2547 4067 2750 4121 dicens
2775 4081 2788 4118 :
2813 4087 2839 4115 «
2863 4065 2922 4120 Si
2954 4068 3181 4120 tantam
3212 4063 3648 4136 neglexerimus
3692 4064 3846 4121 salu-

2191 4161 2332 4212 tem.
2362 4178 2390 4205 »
2431 4155 2652 4210 Deinde
2700 4153 3261 4226 supereminentiam
3308 4169 3538 4221 eorum,
3567 4169 3698 4225 quas
3747 4170 3846 4226 per

2196 4247 2291 4302 Dei
2327 4244 2539 4300 Filium
2593 4244 2752 4300 dicta
2798 4246 2955 4314 sunt,
2995 4242 3266 4313 adjunxit
3289 4259 3302 4298 :
3327 4264 3355 4291 ‹‹
3379 4244 3538 4310 Quae,
3562 4259 3702 4298 cum
3737 4242 3844 4298 ini-

2193 4336 2338 4391 tium
2371 4334 2695 4405 accepisset
2741 4331 3000 4387 enarrari
3032 4347 3136 4403 per
3179 4331 3519 4399 Dominum,
3549 4354 3578 4379 υ
3598 4331 3710 4388 hoc
3738 4337 3844 4396 est,

2194 4426 2266 4481 ab
2297 4425 2424 4496 ipso
2455 4424 2614 4478 fonte
2647 4423 2768 4477 haec
2797 4439 2925 4494 quae
2968 4421 3244 4487 dicimus,
3266 4419 3604 4476 habuerunt
3635 4421 3844 4493 princi-

2195 4514 2379 4587 pium.
2413 4513 2538 4568 Non
2587 4511 2743 4566 enim
2796 4527 2924 4582 quis
2955 4510 3208 4565 dicimus
3263 4509 3336 4565 ab
3388 4509 3733 4566 hominibus
3760 4509 3844 4565 vel

438 4616 666 4655 servare
699 4601 1002 4668 debemus,
1037 4619 1162 4674 quae
1205 4619 1308 4675 per
1349 4603 1443 4659 Dei
1487 4602 1697 4658 Filium
1727 4605 2085 4671 audivimus,
2119 4610 2165 4676 Ι)
2197 4604 2374 4660 etiam
2407 4603 2478 4656 ab
2511 4599 2733 4673 angelis
2763 4599 2928 4656 illata
2957 4604 3114 4669 sunt,
3147 4599 3250 4655 sed
3280 4598 3405 4671 ipse
3433 4597 3616 4655 Filius
3650 4601 3848 4672 unige-

437 4707 612 4758 quam
635 4706 702 4745 ea
723 4707 848 4762 qua:
872 4708 974 4762 per
993 4691 1230 4763 angelos
1253 4693 1411 4748 dicta
1430 4710 1496 4748 su
1509 4698 1764 4762 nt,more
1785 4711 1892 4750 suo
1915 4711 2082 4751 suam

437 4777 554 4833 illis
585 4781 948 4850 conjungens
972 4797 1305 4852 personam,
1331 4783 1386 4837 in
1411 4799 1477 4838 eo
1503 4784 1656 4854 quod
1681 4783 1844 4853 dixit,
1874 4806 1894 4832 ι
1922 4785 2086 4838 audi-

437 4867 630 4923 vimus
665 4886 677 4924 :
707 4889 726 4918 ι
764 4874 820 4924 et
849 4869 983 4924 inde
1015 4875 1251 4927 secutus
1284 4872 1550 4943 adjunxit
1582 4889 1594 4927 :
1624 4893 1651 4921 ‹‹
1683 4889 1754 4927 ne
1787 4872 1930 4927 forte
1960 4889 2087 4944 per-

436 4959 774 5028 efﬁuamus,
798 4981 824 5008 »
859 4959 967 5014 hoc
998 4966 1104 5026 est,
1131 4977 1199 5016 ne
1232 4961 1473 5016 forsitan
1508 4978 1836 5034 pereamus,
1870 4978 1941 5017 ne
1974 4963 2087 5017 for-

437 5050 593 5105 sitan
626 5049 989 5116 excidamus,
1024 5049 1227 5107 nolens
1257 5051 1328 5106 ab
1362 5051 1579 5106 auditis
1629 5067 1731 5121 per
1781 5051 1978 5105 inania
2007 5052 2088 5105 ef-

437 5139 615 5195 fluere
645 5139 1014 5195 audientium
1063 5157 1305 5196 sensum
1333 5157 1344 5195 :
1375 5140 1527 5212 quod
1563 5139 1739 5194 etiam
1789 5140 2086 5210 sequenti-

510 5249 693 5320 (1391)
728 5249 786 5303 ln
829 5248 957 5303 cod.
989 5249 1320 5319 temporibus
1368 5248 1550 5316 ﬁdem.
1587 5247 1855 5302 Fortasse
1902 5248 2086 5318 ﬁnem,

439 5321 534 5374 cui
567 5321 817 5376 refertur
846 5321 1165 5386 aeternitas,
1197 5336 1326 5390 quae
1356 5320 1644 5389 sequitur.

510 5395 692 5462 (1392)
724 5393 1026 5448 Fortasse:
1058 5396 1156 5446 aut
1183 5396 1326 5447 certe
1353 5391 1592 5462 amplius
1625 5407 1641 5442 :
1671 5405 1781 5444 non
1811 5390 1951 5460 quod
1979 5405 2091 5445 non

439 5461 754 5535 compar-ens
784 5466 948 5529 absit,
979 5469 1086 5518 etc.
1097 5506 1114 5533 ,
1137 5463 1189 5518 id
1224 5468 1334 5530 est,
1357 5478 1426 5517 ne
1455 5461 1847 5516 imlucerentm'
1874 5463 2091 5517 credere

439 5536 606 5606 Deum
653 5539 856 5600 abesse,
909 5539 1041 5606 quia
1089 5537 1329 5604 amplius
1377 5550 1487 5588 non
1533 5538 1826 5601 comparet.
1869 5536 2089 5588 Sensus

439 5605 594 5664 enim
624 5608 786 5663 valde
816 5605 1137 5664 obscurior.

512 5678 695 5753 (1393)
725 5686 944 5737 Sensus
994 5680 1086 5737 hic
1137 5679 1438 5754 aliquanto
1493 5675 1816 5735 obscurior.
1848 5675 2091 5734 Videtur

2194 4693 2356 4748 nitus
2387 4691 2556 4746 nobis
2586 4707 2654 4745 ea
2685 4689 3022 4761 impertivit.

2266 4805 2294 4832 ‹‹
2331 4781 2410 4835 Ab
2444 4781 2527 4836 eis
2566 4778 2666 4851 qui
2699 4777 3031 4844 audierunt,
3062 4777 3121 4832 in
3169 4794 3276 4833 nos
3307 4778 3658 4834 conﬁrmata
3688 4784 3798 4847 est,
3822 4803 3847 4827 μ

2199 4871 2308 4926 hoc
2339 4874 2449 4940 est,
2474 4867 2572 4940 qui
2609 4884 2641 4922 a
2673 4866 2915 4923 Domino
2946 4867 3278 4937 audierunt,
3311 4867 3422 4940 ipsi
3456 4883 3565 4923 nos
3599 4869 3849 4941 propriis

2198 4962 2695 5016 conﬁrmaverunt
2723 4957 3060 5012 virtutibus.
3085 4957 3246 5020 Quod
3278 4955 3454 5012 etiam
3488 4961 3682 5014 Lucas
3710 4958 3852 5013 dixit

2197 5049 2256 5104 in
2281 5049 2566 5122 principio
2588 5046 2884 5119 Evangelii
2909 5046 3001 5102 sui
3023 5064 3075 5102 :«
3099 5047 3263 5102 Sicut
3285 5046 3664 5103 tradiderunt
3685 5049 3850 5104 nobis

2199 5139 2299 5210 qui
2331 5139 2404 5193 ab
2436 5137 2604 5193 initio
2636 5135 2748 5208 ipsi
2774 5135 3063 5207 viderunt,
3097 5139 3154 5190 et
3183 5135 3438 5190 ministri
3470 5135 3717 5193 fuerunt
3744 5155 3854 5195 sen

2198 5249 2397 5301 tamen
2440 5242 2934 5315 interpretandus,
2969 5241 3069 5314 qui
3117 5259 3221 5314 per
3249 5241 3487 5315 angelos
3518 5243 3722 5299 dictus
3767 5251 3853 5300 est

2197 5333 2372 5374 sermo
2401 5319 2577 5388 factus
2608 5319 2717 5388 est
2742 5315 2973 5388 ﬁrmus.
3006 5317 3110 5369 aut
3134 5315 3296 5388 quia
3323 5315 3409 5388 de_
3425 5315 3710 5372 omnibus
3741 5316 3850 5382 his,

2199 5406 2326 5461 quae
2374 5385 2431 5442 in
2479 5387 2678 5461 Veteri
2709 5387 3086 5461 Testamento
3116 5385 3416 5461 dicta,_vel
3475 5388 3634 5461 facta
3677 5393 3847 5461 sunt.

2201 5458 2434 5515 ﬁrmum
2470 5459 2686 5514 factum
2725 5458 2907 5513 fuisse
2937 5463 3186 5527 constat,
3223 5459 3363 5528 quia
3393 5463 3459 5514 ut
3491 5459 3647 5515 infra
3673 5460 3848 5516 habe-

2200 5539 2314 5601 tur,
2349 5531 2939 5603 ﬁdeliteruveriﬁcata
2968 5535 3139 5603 sunt;
3169 5536 3269 5585 aut
3297 5535 3472 5595 certe,
3507 5534 3648 5603 quia
3697 5532 3849 5587 Deus

2199 5608 2323 5661 erat
2352 5603 2410 5659 in
2441 5601 2690 5675 angelis,
2725 5602 2930 5659 ﬁrmus
2960 5602 3150 5658 factus
3179 5605 3286 5659 est.
