4062 6186
171 331 284 388 737

773 325 1195 386 EXPOSITIO
1243 323 1317 381 IN
1368 319 1792 383 EPISTOLAS
1842 319 2105 379 PAULI.
2143 354 2221 366 —
2254 324 2331 382 IN
2381 326 2637 388 EPIST.
2687 331 2794 390 AD
2842 332 3080 396 HEBR.

3524 350 3667 410 738*

178 458 373 515 monis
405 457 551 529 (Luc.
587 473 621 525 ι,
656 454 733 525 2).
756 479 779 503 ››
810 475 840 509 ι
868 458 930 511 In
950 454 1659 533 nos,inquit,conﬁrmata
1680 458 1789 517 est,
1814 472 1838 497 η
1871 454 1922 517 Α
1952 466 2076 519 νιιι,
2112 456 2171 524 5)
2200 470 2214 507 ί
2254 476 2281 501 ”
2314 459 2429 511 δοΡ
2456 475 2573 513 non
2608 459 2809 531 ipsum
2845 479 3060 521 nomen
3122 470 3421 541 Propheta
3475 485 3633 536 ante-

175 547 399 604 credita
429 550 518 601 est
547 548 725 615 atque
758 547 1057 615 perfecta;
1093 559 1224 614 quae
1258 530 1440 607 salus,
1492 561 1617 614 quae
1672 540 1840 597 nobis

177 654 283 711 per
308 636 581 693 eumdem
632 632 850 688 Filium
883 636 1020 690 data
1052 637 1163 701 est,
1201 638 1505 701 permanet
1560 633 1618 688 in
1671 636 1841 686 aeter-

177 744 349 783 num.

251 838 281 866 ‹‹
314 814 505 872 Etiam
535 810 719 884 (1394)
752 814 1127 869 contestante
1161 807 1283 864 Deo
1316 810 1500 883 signis
1546 816 1602 867 et
1645 808 1843 883 prodiv

173 903 509 980 giis(1395),
541 904 598 957 et
612 898 791 955 variis
809 900 1156 956 virtutibus.
1186 917 1215 945 »
1235 898 1539 962 Quomodo
1565 900 1844 957 testiﬁca-

172 994 481 1053 turDeus?
494 993 617 1049 Non
632 989 810 1045 verbo
826 1007 1021 1062 neque
1031 989 1308 1056 voce,sed
1327 991 1710 1046 virtutibuset
1723 1004 1849 1061 pro-

173 1080 560 1159 digiis;simul
578 1078 755 1135 etiam
769 1078 1148 1135 afﬂuentiam
1168 1076 1514 1148 significans
1527 1080 1847 1151 gratiarum

174 1192 311 1249 quae
344 1190 460 1230 non
488 1171 653 1227 erant
682 1166 843 1238 apud
880 1170 1180 1239 antiquos,
1216 1182 1407 1238 neque
1446 1172 1611 1223 tanta
1658 1168 1849 1239 signa,

175 1281 375 1337 neque
404 1267 521 1318 tam
554 1258 781 1314 diversa
802 1257 1105 1329 prodigia,
1132 1260 1353 1326 quanta
1382 1257 1515 1312 data
1534 1261 1670 1311 sunt
1697 1260 1852 1327 post-

178 1371 366 1427 quam
395 1350 748 1425 gloriﬁcatus
772 1350 873 1399 est
894 1347 1092 1401 Jesus.
1118 1346 1385 1400 Ostendit
1407 1363 1542 1417 ergo
1566 1346 1707 1417 quia
1734 1361 1849 1399 non

180 1442 534 1514 simpliciter
555 1442 643 1494 est
669 1434 788 1490 illis
821 1436 1145 1503 creditum,
1180 1436 1280 1488 sed
1314 1452 1413 1506 per
1435 1435 1605 1505 signa
1634 1439 1690 1489 et
1719 1451 1850 1506 pro-

184 1534 374 1605 digia.
408 1533 477 1585 Et
508 1532 633 1600 post
689 1526 798 1580 hoc
860 1524 1113 1579 intulit:
1168 1547 1196 1573 «
1231 1525 1300 1577 Et
1360 1524 1613 1593 Spiritus
1665 1523 1851 1578 sancti

186 1614 1077 1680 distributionibus,secundum
1108 1629 1275 1667 suam
1300 1612 1680 1667 voluntatem.
1706 1637 1724 1660 η
1760 1612 1849 1666 Di-

184 1711 341 1764 vinas
356 1724 487 1762 vero
510 1702 790 1760 voluntati
806 1706 985 1773 atque
1007 1702 1249 1757 consilio
1267 1707 1478 1757 cuncta
1494 1702 1847 1767 contribuit;

187 1798 513 1866 divinoque
535 1792 797 1859 consilio,
821 1791 1051 1846 velutsi
1073 1791 1319 1845 diceret:
1355 1793 1483 1861 Ipse
1516 1792 1677 1845 novit
1709 1790 1849 1861 quid

189 1887 416 1957 cuique
448 1883 649 1955 prosit,
681 1881 768 1937 vel
791 1880 886 1935 cui
909 1881 1048 1951 quid
1078 1880 1155 1935 sit
1184 1881 1252 1934 ad
1287 1881 1687 1949 commodum,
1712 1896 1853 1951 qua-

189 1980 438 2049 propter
465 1973 588 2044 ipse
636 1970 882 2043 gratiam
945 1968 1265 2039 unicuique
1318 1969 1636 2024 distribuit.
1689 1969 1851 2032 Quod

192 2064 381 2120 etiam
415 2062 485 2116 ad
519 2058 848 2114 Corinthios
880 2057 1035 2123 facit,
1098 2058 1338 2113 dicens:
1392 2080 1418 2106 ‹‹
1456 2063 1608 2113 Deus
1659 2058 1857 2129 posuit

192 2163 711 2222 unumquemque,
746 2147 899 2202 sicut
943 2146 1131 2201 voluit
1190 2147 1236 2216 (I
1269 2146 1389 2201 Cor.
1431 2164 1531 2213 xu,
1584 2148 1692 2216 18).
1732 2169 1757 2195 ››
1790 2147 1859 2200 Et

194 2243 455 2296 iterum:
488 2237 813 2308 Unicuique
858 2236 1031 2290 datur
1078 2235 1472 2290 manifestatio
1508 2236 1754 2306 spiritus
1787 2237 1856 2290 ad

195 2330 523 2386 utilitatem
559 2327 742 2397 (Ibid,
776 2328 898 2393 7).»

281 2442 310 2469 ‹‹
346 2416 680 2473 Secundum
729 2413 1091 2469 voluntatem
1151 2414 1351 2482 ejus.»
1407 2414 1674 2469 Ostendit
1700 2417 1860 2485 fergo

198 2508 541 2567 secundum
561 2504 918 2560 voluntatem
942 2503 1042 2558 Dei
1066 2503 1220 2557 dona
1242 2503 1560 2574 unicuique
1598 2504 1744 2571 dari,
1788 2519 1861 2558 ne

200 2602 272 2655 in
306 2595 643 2669 superbiam
666 2593 1066 2655 subleventur,
1088 2608 1161 2647 ne
1181 2591 1861 2651 inﬂuenturventositate

194 2686 528 2762 jactantiae,
544 2700 613 2739 ne
627 2683 871 2739 altitudo
891 2681 1151 2736 muneris
1168 2680 1858 2752 negligentioresefliciat.

203 2776 319 2842 Qui
354 2774 511 2830 enim
545 2777 871 2843 compotem
902 2787 964 2826 se
994 2770 1231 2825 virtutis
1263 2770 1577 2839 existimat,
1610 2788 1725 2826 non
1751 2772 1860 2827 sibi

204 2884 277 2921 ex
310 2862 509 2936 gratia
536 2861 835 2933 largientis
866 2859 1173 2915 advenisse
1204 2875 1422 2914 munus
1447 2859 1592 2914 illud
1619 2860 1861 2915 arbitra-

204 2962 330 3021 tur,
367 2952 469 3009 sed
496 2968 565 3006 ex
586 2966 824 3005 suorum
859 2948 1051 3003 debito
1085 2947 1449 3003 meritorum.
1475 2948 1722 3003 Proinde
1755 2949 1862 3003 bu-

196 3039 666 3116 jusmodihomo
688 3038 1285 3095 inflaturventositate
1308 3038 1613 3108 superbiae.
1648 3037 1864 3092 Idcirco

203 3148 355 3206 ergo
386 3131 543 3185 Deus
574 3128 982 3184 convenienter
1013 3130 1224 3182 cuncta
1253 3125 1573 3196 dispensat.
1609 3127 1769 3189 Quod
1804 3128 1861 3181 in

1951 542 2180 610 posuit,
2208 544 2313 597 sed
2338 546 2700 604 abscondit?
2725 551 2886 607 Facit
2907 554 3016 611 hoc
3034 556 3292 615 etiamin
3316 562 3445 619 aliis
3467 570 3639 623 testi-

1952 630 2403 722 moniis,_sicut
2434 653 2615 707 supra
2646 638 2863 697 lectum
2894 648 3000 699 est.
3038 646 3319 704 Existimo
3343 655 3497 722 quod
3524 673 3637 713 non

1953 714 2420 787 abscondentis,
2446 725 2548 779 sed
2572 729 3185 802 ustendentisintuitu,
3210 714 3525 798 ostendens
3540 760 3637 801 eos

1957 804 2079 903 mul
2095 812 2235 863 tam
2251 809 2466 867 habere
2490 814 2791 872 scientiam
2811 821 3337 895 Scripturarum,ut
3359 846 3463 885 nec
3487 848 3636 903 opus

1956 894 2231 951 haberet
2252 915 2460 956 nomen
2494 904 2758 973 posuisse
2789 909 3053 977 dicentis,
3085 915 3184 967 sed
3218 894 3395 972 veluti
3456 894 3543 975 de.
3574 939 3634 977 re

1959 985 2323 1058 manifesta,
2347 992 2474 1045 etin
2498 999 2770 1065 promptu
2797 1000 3113 1056 constituta
3135 1002 3437 1061 induceret
3462 1011 3629 1066 testi-

1961 1075 2197 1147 monia,
2235 1079 2510 1135 dicendo:
2548 1104 2575 1130 ‹‹
2606 1083 2751 1145 Quid
2782 1091 2870 1141 est
2894 1087 3092 1157 homo,
3125 1093 3277 1161 quod
3312 1110 3540 1151 memor
3564 1115 3625 1153 es

1962 1164 2283 1234 ejus?Quid
2307 1173 2395 1223 est
2416 1169 2643 1237 homo,»
2672 1188 2803 1227 cum
2828 1175 3101 1245 despectu
3116 1183 3620 1248 pronuntiandum

1961 1258 2071 1321 est,
2107 1255 2167 1310 id
2206 1261 2310 1323 est,
2344 1258 2567 1329 fragilis
2607 1264 2662 1315 et
2703 1263 2957 1317 caducus
3006 1266 3139 1319 Ade:
3171 1284 3409 1341 sequax,
3457 1276 3513 1325 et
3562 1274 3619 1327 in

1960 1345 2139 1400 veteri
2174 1352 2409 1416 peccato
2440 1348 2695 1417 generali
2728 1351 3008 1419 pravitate
3062 1355 3385 1412 devinctus.
3428 1360 3616 1429 Hujus

1968 1452 2195 1491 memor
2224 1441 2313 1490 est
2348 1437 2651 1505 Dominus,
2683 1441 2917 1509 quando
2940 1442 2989 1494 ei
3026 1450 3259 1513 peccata
3292 1447 3539 1503 dimittit
3561 1455 3619 1505 et

1965 1524 2378 1579 misericordia:
2403 1541 2522 1579 suae
2552 1527 2703 1579 dona
2729 1528 2993 1597 largitur.
3023 1552 3049 1578 ‹‹
3082 1532 3197 1585 Aut
3219 1533 3399 1588 Filius
3424 1535 3615 1590 homi-

1967 1613 2366 1684 nis,quoniam
2392 1615 2594 1669 visitas
2608 1631 2742 1669 eum
2764 1616 2831 1668 ‘?»
2849 1617 3080 1687 Hicjam
3100 1636 3233 1674 voce
3253 1625 3614 1694 surgendum

1964 1708 2183 1772 est,pro
2206 1718 2271 1757 eo
2294 1703 2448 1771 quod
2473 1703 2785 1757 Dominum
2810 1704 3103 1777 significat
3122 1708 3615 1783 Salvatorem,qui

1966 1808 2080 1846 non
2116 1794 2178 1844 ut
2208 1790 2707 1857 caeterimortales,
2732 1809 2798 1846 ex
2820 1794 3051 1848 duobus
3074 1796 3415 1854 hominibus
3442 1807 3615 1855 natus

1966 1886 2077 1945 est,
2111 1882 2212 1934 sed
2246 1896 2313 1934 ex
2339 1880 2555 1951 Spiritu
2588 1886 2791 1935 sancto
2825 1887 2880 1935 et
2910 1883 3087 1937 beatae
3138 1885 3328 1939 Mariae
3386 1904 3620 1958 semper

1963 1968 2212 2039 virginis
2238 1972 2710 2039 utero,tanquam
2734 1972 3070 2041 sponsusde
3088 1972 3340 2044 glorioso
3354 1975 3616 2032 thalamo

1968 2057 2271 2128 processit.
2308 2058 2373 2111 Et
2394 2058 2698 2113 considera
2739 2059 2890 2129 quod
2924 2061 3194 2131 superius
3225 2062 3409 2117 dixit:
3437 2087 3464 2113 «
3499 2065 3616 2120 Me-

1970 2163 2099 2201 mor
2130 2162 2191 2201 es
2216 2162 2227 2199 :
2253 2167 2280 2195 ››
2303 2147 2551 2215 subjecit
2599 2152 2817 2213 autem,
2848 2148 3117 2203 «visitas.
3146 2171 3173 2199 ››
3217 2153 3437 2206 Memor
3484 2154 3615 2225 fuit,

1971 2252 2103 2290 cum
2132 2234 2475 2306 patriarcbis
2498 2235 2567 2289 de
2585 2235 2728 2290 caelo
2744 2236 3017 2291 misertus
3034 2241 3156 2294 est:
3182 2238 3454 2310 visitavit,
3483 2258 3618 2297 cum

1974 2348 2001 2375 ‹‹
2024 2325 2281 2378 Verbum
2306 2341 2437 2378 caro
2462 2324 2677 2379 factum
2703 2329 2860 2379 estet
2879 2326 3162 2381 habitavit
3182 2327 3241 2383 in
3257 2329 3616 2400 nobis(Joan.

1975 2433 2011 2481 ι,
2044 2414 2155 2484 44).
2187 2436 2207 2461 ι»
2244 2414 2387 2467 Nam
2419 2414 2656 2469 visitare
2682 2413 2954 2479 dicimus,
2988 2416 3228 2486 quando
3261 2420 3522 2475 medicus
3546 2423 3619 2477 ad

1972 2504 2240 2557 infirmos
2262 2502 2607 2574 ingreditur,
2633 2503 2783 2573 quod
2807 2503 2867 2557 in
2891 2504 3141 2560 adventu
3168 2507 3397 2563 Domini
3422 2524 3621 2568 revera

1972 2596 2200 2648 constat
2229 2591 2557 2662 impletum.

2048 2701 2074 2731 ε(
2105 2681 2367 2735 Minuisti
2400 2697 2555 2735 eum.
2589 2701 2615 2732 ι)
2651 2681 2796 2735 Hinc
2843 2683 2965 2752 jam
3019 2683 3248 2739 Domini
3307 2687 3622 2747 Salvatoris

1973 2770 2279 2825 humilitas
2312 2775 2583 2824 narratur
2612 2774 2671 2825 et
2700 2771 2906 2841 gloria.
2965 2772 3289 2830 Minoratus
3321 2782 3410 2831 est
3438 2780 3621 2851 enim,

1974 2878 2085 2915 non
2142 2861 2488 2913 necessitate
2546 2859 2991 2926 ministratoria,
3049 2862 3149 2915 sed
3208 2864 3444 2933 pietatis
3502 2885 3621 2923 suae

1974 2954 2298 3020 spontanea
2329 2946 2625 3000 voluntate
2660 2964 2672 3001 :
2708 2948 2859 3001 sicut
2906 2948 3223 3018 Apostolus
3270 2952 3389 3006 ait:
3451 2976 3478 3002 «
3513 2956 3621 3009 Se-

1975 3036 2292 3108 metipsum
2326 3036 2659 3107 exinanivit,
2692 3038 2939 3092 formam
2974 3037 3122 3092 servi
3152 3040 3443 3111 accipiens
3466 3042 3620 3113 (Phi-

1981 3127 2079 3198 lip.
2116 3144 2177 3191 11,
2212 3125 2288 3195 7).
2322 3148 2341 3173 »ι

203 3201 478 3276 Ecclesia
509 3234 740 3289 quoque
770 3216 1068 3289 provenire
1100 3215 1517 3285 conspicimus,
1550 3215 1689 3269 dum
1714 3215 1863 3271 alius
1897 3201 1939 3265 C
2047 3216 2325 3286 Sequitur
2353 3232 2364 3268 :
2419 3236 2445 3262 ‹‹
2482 3214 2655 3268 Paulo
2714 3214 2910 3269 minus
2939 3216 3011 3269 ab
3069 3216 3362 3286 angelis.»
3420 3218 3498 3272 Ex
3554 3236 3621 3275 ea

205 3310 463 3383 quidem
493 3308 669 3362 habet
699 3307 1032 3362 facultatem
1066 3304 1356 3360 sermonis
1405 3305 1473 3358 ad
1516 3304 1866 3376 docendum,

204 3400 375 3455 alius
398 3401 592 3452 autem
617 3412 804 3467 neque
821 3412 885 3451 os
908 3395 1133 3467 aperire
1151 3392 1320 3449 valet.
1346 3394 1466 3448 Non
1490 3392 1871 3449 contristetur

200 3489 354 3556 iste,
384 3486 482 3558 qui
514 3485 762 3540 similem
798 3501 912 3540 non
944 3484 1119 3539 habet
1165 3482 1433 3554 gratiam,
1489 3483 1682 3537 sciens
1734 3483 1870 3553 quia

202 3576 543 3645 unicuique
565 3575 739 3629 datur
761 3572 1157 3628 manifestatio
1176 3572 1419 3643 spiritus
1438 3572 1508 3626 ad
1534 3570 1866 3627 utilitatem.

202 3665 273 3721 Si
289 3664 457 3721 enim
480 3663 653 3718 homo
675 3661 1098 3734 paterfamilias
1120 3661 1278 3715 novit
1298 3660 1391 3714 cui
1412 3660 1708 3731 negotium
1733 3677 1870 3731 qua-

203 3765 459 3821 cunque
480 3750 843 3805 committere
865 3747 1282 3814 debeat,multo
1305 3748 1560 3819 amplius
1579 3749 1748 3813 Deus,
1772 3750 1870 3819 qui

202 3844 571 3897 cunctorum
594 3840 754 3894 novit
771 3844 995 3895 mentes
1015 3838 1405 3908 hominum,et
1422 3836 1738 3891 scitomnia
1769 3854 1871 3892 an-

202 3937 467 4002 tequam
497 3929 660 3983 fiant.

287 4042 321 4069 ‹‹
360 4017 487 4072 Non
518 4017 673 4071 enim
705 4018 929 4090 angelis
962 4014 1215 4087 subjecit
1249 4016 1396 4069 Deus
1456 4014 1654 4068 orbem
1709 4018 1871 4069 terra}

204 4110 519 4172 futurum,
545 4106 614 4159 de
631 4122 746 4177 quo
772 4106 1086 4177 loquimur.
1120 4126 1139 4152 υ
1163 4103 1439 4174 Nunquid
1457 4119 1591 4157 nam
1607 4103 1873 4158 dealtero

204 4198 368 4254 orbe
400 4196 663 4266 disputat
683 4196 709 4249 ‘I
729 4195 874 4250 Non.
901 4193 1011 4248 Sed
1037 4194 1107 4248 de
1130 4192 1259 4247 hoc.
1285 4196 1527 4263 PrOpter
1568 4191 1675 4246 hoc
1698 4192 1874 4247 etiam

204 4283 482 4348 addidit,
519 4301 545 4333 α
577 4283 646 4337 de
676 4300 791 4354 quo
813 4282 1132 4355 loquimur,
1155 4302 1182 4329 ››
1218 4296 1288 4335 ne
1310 4285 1567 4335 mentem
1593 4280 1876 4335 auditoris

203 4389 426 4431 errare
457 4370 985 4442 permitteret,dum
1012 4369 1163 4424 alius
1185 4372 1556 4439 quaereretur.
1577 4369 1876 4431 Quomodo

201 4478 368 4536 ergo
388 4476 520 4515 eum
539 4461 801 4515 futurum
823 4464 991 4515 vocat
1008 4458 1191 4513 ‘IFutu
1203 4474 1303 4513 rus
1324 4458 1675 4529 quippeerat
1696 4459 1874 4527 orbis,

1979 3305 2267 3375 siquidem
2301 3307 2463 3374 parte
2493 3307 2725 3358 Creator
2743 3303 3083 3375 angelorum
3108 3305 3300 3361 minor
3320 3307 3507 3362 factus
3533 3315 3623 3364 est

1979 3393 2297 3465 angelis,ex
2324 3410 2437 3463 qua
2461 3408 2693 3447 crucem
2720 3409 2822 3463 pro
2848 3392 3153 3448 hominum
3180 3396 3623 3467 suscepit.Bene

1980 3487 2169 3539 autem
2204 3482 2369 3547 dixit,
2404 3504 2432 3532 «
2465 3481 2638 3552 paulo
2699 3482 2916 3550 minus,
2956 3506 2975 3530 υ
3028 3483 3167 3553 quia
3218 3486 3327 3539 etsi
3378 3486 3623 3543 mortale

1980 3589 2189 3643 corpus
2222 3571 2565 3641 assumpsit,
2600 3576 2793 3626 tamen
2827 3578 3128 3643 peccatum
3154 3591 3269 3629 non
3292 3574 3515 3632 habuit.

2052 3684 2079 3709 ‹‹
2115 3660 2326 3726 Gloria,
2360 3668 2416 3714 et
2438 3660 2655 3713 honore
2689 3661 2977 3715 coronasti
3012 3677 3167 3716 eum.
3194 3684 3222 3711 »
3258 3663 3484 3719 Honore
3528 3681 3624 3720 co-

1983 3755 2221 3805 ronatus
2253 3754 2360 3814 est,
2394 3765 2528 3802 cum
2562 3754 2692 3819 post
2724 3752 3209 3807 resurrectionem
3246 3757 3415 3820 Deus,
3450 3754 3508 3808 in
3560 3772 3625 3809 eo

1982 3840 2134 3911 quod
2170 3838 2341 3892 homo
2376 3838 2561 3890 factus
2592 3843 2699 3905 est,
2726 3838 2902 3892 nimis
2924 3839 3253 3895 mirabilem
3280 3844 3482 3896 mundi
3506 3860 3627 3899 cre-

1983 3929 2286 3983 dulitatem
2312 3926 2596 3980 exaltatus
2618 3927 2856 3998 accepit.
2893 3928 3088 3982 Gloria
3117 3936 3427 3985 coronatus
3459 3938 3547 3985 est
3569 3933 3626 3985 in

1985 4015 2407 4072 resurrectione
2430 4021 2486 4068 et
2500 4016 2925 4084 ascensione,et
2947 4016 3166 4072 honore
3184 4020 3240 4071 in
3254 4020 3629 4075 concessione

1984 4110 2236 4178 paternae
2267 4105 2381 4175 maj
2393 4104 2614 4158 estatis.

2064 4216 2089 4243 ‹‹
2122 4196 2188 4248 Et
2217 4192 2574 4248 constituisti
2606 4208 2739 4247 eum
2775 4210 2951 4264 super
2981 4210 3157 4264 opera
3188 4211 3472 4251 manuum
3506 4201 3629 4252 tua-

1988 4300 2139 4339 rum.
2164 4304 2191 4332 »
2217 4282 2495 4354 Superius
2528 4282 2598 4336 de
2625 4281 2809 4352 gloria
2841 4284 2988 4353 ejus,
3014 4289 3069 4337 et
3090 4284 3307 4340 honore
3330 4292 3629 4342 narratum

1988 4378 2095 4439 est,
2130 4388 2285 4427 nunc
2318 4372 2551 4443 ponitur
2579 4376 2635 4424 et
2658 4375 2934 4442 potestas,
2960 4377 3023 4426 ut
3046 4379 3398 4443 agnoscatur
3418 4376 3633 4432 Christi

1988 4462 2220 4518 Domini
2240 4462 2568 4531 majestatis
2592 4461 3017 4531 perfectissima
3040 4462 3361 4532 plenitudo.
3381 4465 3632 4521 Dicendo

202 4558 281 4609 ut
318 4552 508 4619 fieret,
544 4549 650 4605 hoc
679 4554 789 4615 est,
824 4554 890 4605 ut
937 4549 1216 4604 crederet.
1278 4548 1441 4602 Hunc
1487 4564 1622 4620 ergo
1676 4548 1875 4603 orbem
1908 4574 1954 4637 Β
1988 4551 2165 4619 enim,
2199 4571 2225 4603 α
2255 4567 2431 4621 super
2454 4566 2629 4621 opera
2659 4566 2945 4604 manuum
2974 4555 3230 4622 tuarum,
3262 4573 3288 4604 ι)
3325 4554 3517 4609 omnis
3548 4553 3633 4608 illi

203 4643 522 4708 futurum,
546 4655 659 4695 non
684 4637 906 4710 angelis
929 4637 1149 4705 subdit,
1176 4638 1274 4692 sed
1301 4637 1547 4692 Christo.
1574 4637 1695 4692 Non
1720 4636 1876 4692 enim

202 4727 459 4802 angelis
490 4728 736 4783 salutem
770 4732 1056 4793 nostram,
1090 4742 1215 4797 quae
1249 4727 1567 4782 novissimo
1616 4730 1879 4796 tempore

201 4821 390 4874 facta
418 4816 581 4871 estin
606 4816 766 4879 orbe,
789 4815 1061 4886 subjecit,
1113 4830 1239 4883 quae
1271 4831 1304 4868 a
1336 4813 1632 4889 prophetis
1681 4814 1881 4867 futura

202 4922 363 4963 esse
387 4903 527 4979 oljm
556 4905 831 4976 praedicta
859 4908 967 4968 est,
1001 4903 1103 4957 sed
1136 4902 1255 4957 Filo
1279 4919 1405 4968 suo,
1431 4904 1502 4956 ad
1548 4919 1721 4973 quem
1774 4919 1882 4956 vox

200 5000 499 5070 paterna,
524 4994 678 5049 sicut
707 4993 978 5066 superius
1024 4992 1489 5046 demonstratum
1522 4996 1630 5057 est,
1664 4990 1880 5057 sonuit,

202 5086 523 5141 dicenszu
546 5082 726 5137 Filius
772 5098 938 5136 meus
961 5096 1023 5135 es
1055 5083 1139 5145 tu,
1172 5097 1275 5151 ego
1339 5080 1509 5133 hodie
1566 5079 1741 5151 genui
1784 5085 1878 5135 te:

201 5170 475 5231 Postula
497 5188 529 5227 a
551 5188 664 5237 me,
684 5177 740 5226 et
759 5172 907 5225 dabo
928 5168 1037 5223 tibi
1055 5173 1256 5239 gentes
1275 5169 1667 5223 haireditatem
1692 5173 1878 5239 tuam,

202 5268 275 5321 et
307 5262 757 5334 possessionem
788 5265 952 5314 tuam
982 5258 1263 5312 terminos
1292 5262 1477 5312 terrae.
1507 5280 1533 5305 »

291 5352 377 5408 Et
410 5351 518 5405 hoc
550 5349 906 5422 propheticis
937 5348 1247 5403 confirmat
1272 5346 1576 5418 exemplis,
1634 5347 1835 5402 dicens
1866 5365 1878 5403 :

205 5465 242 5495 α
282 5441 574 5497 Testatus
605 5445 695 5496 est
752 5441 810 5494 in
860 5439 1116 5510 quodam
1148 5437 1272 5493 loco
1307 5437 1461 5509 quis,
1494 5438 1880 5510 dicens(Psal.

292 5546 889 5621 (i394)_Partic.etiam
904 5547 964 5601 in
983 5544 1276 5621 Yulg.non
1290 5544 1628 5621 legitur,sed
1646 5545 1703 5601 in
1720 5526 1881 5602 textu

194 5616 678 5694 Athbroéiastri,
708 5637 741 5678 a
762 5635 877 5695 quo
910 5616 1125 5676 multa'
1151 5616 1403 5693 sparsim
1434 5621 1701 5694 excerpta
1723 5622 1879 5677 sunt.

1987 4644 2255 4695 creatura
2286 4640 2550 4709 subjecta
2578 4642 2955 4705 monstratur,
2993 4638 3129 4710 quia
3159 4640 3309 4695 sicut
3340 4658 3372 4697 a
3404 4642 3632 4698 Domini

1990 4745 2159 4800 opere
2192 4728 2335 4783 nihil
2361 4733 2449 4782 est
2470 4732 2795 4797 exceptum,
2824 4727 2905 4781 ita
2925 4743 3028 4781 nec
3051 4745 3083 4783 a
3110 4733 3393 4800 potestate
3416 4730 3633 4787 Christi

1991 4816 2209 4888 aliquid
2244 4818 2517 4887 probatur
2547 4830 2675 4869 esse
2709 4815 2986 4869 divisum.

2069 4927 2094 4957 α
2124 4907 2332 4960 Omnia
2357 4903 2659 4973 subjecisti
2693 4904 2803 4957 sub
2835 4904 3082 4974 pedibus
3114 4906 3240 4975 ejus
3272 4924 3283 4974 ;
3310 4906 3369 4961 in
3394 4890 3458 4963 eo
3478 4907 3632 4962 enim

1994 4996 2147 5067 quod
2163 4994 2359 5050 omnia
2372 4992 2790 5062 subjecit,nihil
2810 4993 3163 5049 dimisitnon
3180 4996 3508 5065 subjectum
3525 4995 3634 5049 ei.»

1994 5085 2247 5139 Dicendo
2279 5084 2434 5138 enim
2459 5082 2678 5147 omnia,
2703 5098 2804 5136 nec
2827 5087 3057 5137 terrena
3074 5083 3302 5138 videtur
3318 5084 3633 5153 excepisse,

1995 5191 2099 5229 nec
2131 5173 2401 5228 cmlestia.
2436 5172 2502 5225 Et
2535 5188 2707 5242 quem
2758 5172 2920 5243 prius
2955 5178 3191 5243 prepter
3243 5172 3635 5226 humilitatem

1995 5264 2184 5318 carnis
2218 5261 2389 5333 paulo
2421 5261 2617 5314 minus
2650 5262 2722 5314 ab
2747 5260 2969 5332 angelis
3001 5260 3223 5314 dixerat
3268 5276 3396 5315 esse
3448 5260 3635 5315 mino-

1995 5357 2186 5407 ratum
2222 5356 2349 5422 post
2380 5350 2781 5404 ascensionem
2810 5350 2950 5404 dicit
2982 5348 3228 5419 pedibus
3260 5350 3387 5418 ejus
3441 5348 3639 5405 omnia

1994 5441 2176 5495 fuisse
2208 5441 2493 5510 subjecta,
2528 5443 2593 5493 ut
2647 5439 2761 5493 ista
2818 5436 3113 5493 distinctio
3171 5441 3228 5493 et
3278 5437 3638 5503 dubietatem

2064 5548 2248 5621 (1395)
2280 5546 2452 5621 Vulg.
2477 5547 2765 5623 portentis.
