4044 6180
386 345 505 402 739

389 472 777 529 titubantibus
809 465 1082 526 auferret,
1113 465 1169 516 et
1198 458 1442 532 gloriam
1489 461 1701 512 sancta:
1759 455 2027 508 incarna-
2059 453 2112 518 Α

391 562 564 618 tionis
597 555 944 612 ostenderet.
987 575 1006 602 ιι
1043 551 1163 604 Sub
1210 547 1458 620 pedibus
1491 569 1518 596 ιι
1575 545 1673 610 ait,
1727 551 1792 598 ut
1839 541 2032 597 omnis

391 655 654 706 creatura
687 644 890 698 merito
931 646 1126 713 ipsum
1184 637 1371 693 colere
1430 641 1606 706 atque
1667 633 1906 688 adorare
1951 632 2032 684 vi-

391 740 616 794 deatur.

461 849 490 876 ‹‹
523 826 688 880 Nunc
719 826 912 876 autem
945 818 1194 874 necdum
1245 815 1510 870 videmus
1539 812 1738 866 omnia
1771 809 2036 880 subjecta

392 917 466 973 ei.
503 937 531 966 ››
563 919 681 968 Ηοο
715 912 912 981 itaque
943 908 1026 963 ait
1055 908 1123 960 de
1169 922 1282 960 non
1341 901 1714 958 credentibus
1775 899 1832 952 in
1877 913 2034 966 eum,

393 1005 532 1077 quia
553 1002 800 1057 necdum
825 997 1021 1052 omnia
1039 992 1380 1065 Evangelica
1404 991 1658 1045 obtinuit
1682 985 2034 1058 praedicatio.

392 1092 670 1164 Superius
687 1087 850 1157 dixit,
885 1084 1030 1140 nihil
1063 1082 1278 1138 dimitti
1301 1080 1411 1134 sibi
1445 1095 1558 1132 non
1593 1077 1946 1146 subjectum,
1983 1078 2040 1128 et

393 1161 494 1237 hie
514 1176 1002 1245 astruit,necdum
1027 1171 1224 1226 omnia
1247 1169 1514 1238 subjecta
1536 1165 1648 1220 sibi
1673 1164 1878 1228 videri,
1905 1161 2042 1232 quia

391 1271 510 1326 illic
542 1264 950 1329 universalem,
985 1261 1105 1316 sive
1125 1256 1540 1321 voluntariam,
1565 1254 1614 1308 si
1635 1253 1756 1308 sive
1775 1267 2039 1306 necessa—

392 1360 542 1415 riam
565 1353 990 1425 subjectionem
1032 1343 1454 1416 designat;hic
1498 1346 1732 1397 tantum
1773 1339 2040 1394 volunta-

397 1451 566 1512 riam,
601 1461 717 1516 qua
747 1441 995 1496 ﬁdeliter
1026 1435 1208 1508 (1396)
1239 1434 1487 1488 credunt
1516 1432 1575 1485 in
1608 1447 1762 1484 eum.

470 1560 496 1585 ‹‹
528 1537 678 1590 Eum
693 1527 1020 1597 autem,qui
1039 1525 1265 1579 modico
1289 1538 1468 1592 quam
1495 1518 1688 1591 angeli
1715 1517 2041 1572 minoratus

395 1630 500 1691 est,
535 1623 802 1676 videmus
820 1618 1022 1672 Jesum
1047 1617 1281 1685 prOpter
1299 1610 1632 1682 passionem
1665 1607 1866 1660 mortis
1890 1607 2036 1676 ejus,

397 1709 896 1785 gloria,ethonore
909 1699 1418 1758 coronatum.»llic
1433 1696 1686 1752 ostendit
1701 1695 1838 1765 quia
1857 1693 2040 1766 gloria

397 1783 452 1857 et
483 1801 668 1855 honor
689 1813 828 1851 crux
850 1797 938 1848 est
966 1789 1198 1857 Christi,
1224 1805 1326 1860 pro
1359 1804 1474 1858 qua
1505 1784 1800 1840 modicum
1853 1783 2040 1837 mino-
2072 1820 2118 1883 Β

396 1895 558 1945 ratus
580 1892 670 1943 est
691 1885 760 1940 ab
784 1880 1184 1954 angelis,sicut
1207 1879 1331 1948 ipse
1349 1876 1630 1930 Dominus
1655 1889 1788 1928 eum
1811 1888 2044 1943 semper

395 1982 582 2044 vocat,
615 1975 814 2030 dicens
843 1988 854 2024 :
883 1993 910 2020 ‹‹
935 1969 1006 2024 Ut
1025 1967 1384 2041 glorificetur
1405 1964 1562 2018 {ilius
1589 1961 1842 2017 hominis
1862 1961 2040 2033 (Joan.

394 2085 555 2134 xvm,
596 2065 671 2135 4).
707 2085 726 2111 ι
762 2061 819 2116 Si
853 2059 951 2114 ille
980 2075 1068 2124 ea,
1105 2073 1230 2128 qua:
1273 2071 1376 2125 pro
1435 2053 1614 2108 servis
1670 2067 1880 2122 passus
1932 2054 2041 2117 est,

395 2155 642 2228 gloriam
675 2154 861 2226 voqat,
881 2147 1066 2202 multo
1084 2143 1362 2215 amplius,
1391 2147 1453 2196 tu
1475 2141 1672 2202 homo,
1697 2139 1930 2210 quando
1950 2155 2044 2209 pa-

397 2226 564 2310 teris,
593 2241 699 2296 tibi
731 2240 804 2294 ad
831 2237 1076 2309 gloriam
1110 2233 1397 2305 pertinere
1429 2230 1846 2299 sempiternam
1869 2226 2040 2281 dubi-

397 2339 520 2388 tare
551 2347 666 2386 non
700 2328 895 2384 debes.
929 2325 998 2379 Et
1027 2321 1290 2378 addidit:
1331 2342 1350 2368 α
1389 2320 1461 2373 Ut
1517 2318 1704 2389 gratia
1763 2316 1885 2385 Dei,
1939 2333 2041 2384 pro

399 2420 674 2478 omnibus
731 2417 994 2488 gustaret
1048 2414 1315 2466 mortem.
1350 2430 1378 2458 »
1441 2413 1642 2478 Ipsum
1703 2422 1831 2460 vero
1910 2420 2043 2475 gra-

400 2513 542 2568 tiam
572 2504 915 2572 nominavit,
949 2501 1046 2573 qui
1078 2515 1180 2571 pro
1213 2498 1477 2553 omnium
1537 2495 1723 2550 salute
1783 2493 2044 2562 gustavit

401 2605 669 2657 mortem.
695 2595 818 2650 Non
851 2594 1007 2648 enim
1041 2589 1363 2644 debebatur
1409 2584 1596 2648 nobis,
1631 2589 1698 2637 ut
1731 2582 1911 2636 Filius
1941 2582 2040 2636 Dei

400 2707 503 2761 pro
537 2685 704 2742 nobis
737 2683 997 2753 gustaret
1028 2682 1296 2742 mortem,
1329 2676 1430 2729 sed
1489 2672 1676 2744 gratia
1727 2671 1834 2725 hoc
1885 2671 2038 2724 fecit.

401 2760 532 2850 ipse
563 2774 798 2846 quidem
831 2786 933 2840 pro
966 2766 1241 2821 omnibus
1261 2767 1526 2816 mortuus
1550 2765 1658 2816 est.
1676 2760 1822 2822 Quid
1846 2763 2042 2814 autem

401 2849 451 2922 si
484 2881 598 2919 non
632 2876 834 2917 omnes
869 2853 1150 2912 credunt?
1182 2852 1280 2908 Ille
1311 2857 1506 2906 tamen
1539 2849 1690 2920 quod
1715 2865 1890 2902 suum
1923 2852 2042 2902 erat

402 2950 682 3025 implevit.
707 2946 943 3018 Proprie
968 2943 1113 2998 dixit
1145 2961 1156 2997 :
1196 2965 1216 2990 ιι
1249 2940 1506 3013 gustavit
1538 2941 1818 2993 mortem:
1850 2960 1870 2986 ι
1908 2937 2046 3007 quia

403 3042 558 3100 brevi
589 3045 849 3110 tempore
878 3035 937 3090 in
969 3033 1071 3087 illa
1101 3031 1230 3098 fuit,
1265 3035 1330 3084 ut
1361 3045 1428 3084 ea
1459 3027 1680 3083 devicta
1735 3025 2042 3081 confestim

404 3131 753 3202 resurgeret.

1413 324 1746 385 A'l‘TONIS
1795 320 2372 382 VEltCELLlCNSlS
2423 317 2772 376 EPISCOPI

3675 307 3800 364 740

2215 479 2236 498 ιι
2279 455 2517 520 Propter
2549 463 2726 518 quam
2759 461 2995 500 causam
3027 459 3142 497 non
3177 439 3557 496 confunditur
3579 438 3796 492 fratres

2143 557 2241 594 eos
2273 555 2492 603 vocare,
2527 537 2746 591 dicens.
2783 557 2808 582 ››
2844 536 2905 588 in
2938 549 3004 587 eo
3035 531 3214 596 enim,
3249 529 3402 600 quod
3455 527 3626 592 dixit,
3681 543 3802 580 non

2144 628 2436 683 erubescit
2467 628 2671 680 fratres
2703 642 2800 679 eos
2843 638 3067 686 vocare,
3129 621 3492 674 demonstrat
3543 632 3662 670 non
3719 614 3808 668 rei

2147 721 2362 771 natura:
2395 733 2542 781 esse,
2578 716 2677 769 sed
2713 711 3124 767 misericordia:
3155 709 3282 777 ejus
3307 723 3436 762 esso
3457 709 3720 770 tantum,
3743 707 3804 757 et

2145 805 2498 860 humilitatis
2531 801 2748 872 multis,
2783 801 2880 872 qui
2913 817 3018 854 nos
3052 799 3258 852 fratres
3289 795 3464 867 elegit
3521 793 3664 848 sibi.
3727 793 3800 846 Et

2146 895 2252 948 hoc
2283 893 2615 964 prOphetico
2639 891 2892 944 affirmat
2909 885 3264 954 testimonio,
3289 901 3360 938 ne
3383 881 3556 954 quasi
3581 897 3802 936 novum

2148 987 2470 1054 putaretur,
2505 987 2558 1035 et
2579 997 2690 1034 non
2715 977 2901 1032 multo
2925 981 3060 1031 ante
3085 974 3447 1045 praedictum.
3483 972 3578 1024 Ait
3603 969 3798 1024 enim:

2155 1093 2174 1120 ι
2186 1071 2474 1129 Nuntiabo
2489 1085 2699 1124 nomen
2715 1073 2880 1121 tuum
2897 1065 3172 1120 fratribus
3187 1059 3804 1132 meis(l’sal.xx1,23}.n

2151 1163 2284 1217 Post
2305 1177 2530 1215 sacram
2555 1157 2882 1229 passionem
2897 1159 2952 1210 et
2971 1151 3477 1218 resurrectionem,
3503 1149 3650 1204 dicit
3671 1147 3806 1219 glo-

2149 1251 2295 1305 riam
2329 1249 2648 1304 divinitatis
2681 1250 2800 1302 toto
2831 1246 2968 1300 orbe
2997 1242 3372 1314 vulgandam.
3393 1237 3742 1293 «Nuntiabo
3779 1258 3806 1284 ιο

2149 1339 2304 1394 enim
2336 1338 2494 1404 dicit,
2529 1337 2587 1390 id
2622 1341 2710 1390 est
2741 1349 2976 1390 narrare
2993 1329 3467 1400 faciam,sicutin
3485 1325 3808 1397 Evangelia

2153 1427 2497 1482 mulieribus
2529 1425 2706 1480 dicit:
2737 1447 2764 1472 «
2803 1421 3111 1494 lte,dicite,
3143 1419 3420 1474 fratribus
3435 1417 3584 1471 meis
3611 1416 3800 1483 (Marc.

2149 1535 2262 1582 xvr,
2292 1517 2367 1583 5).
2403 1537 2430 1562 »
2457 1515 2685 1568 Fratres
2718 1515 2912 1566 autem
2947 1510 3242 1579 dicuntur,
3277 1506 3374 1578 qui
3433 1505 3698 1576 diligunt
3751 1509 3808 1558 et

2150 1603 2492 1675 diliguntur.
2529 1603 2595 1656 Et
2619 1600 2876 1656 addidit:
2913 1619 2933 1646 ε
2965 1601 3024 1652 in
3049 1597 3239 1652 medio
3259 1593 3804 1650 Ecclesiaelaudabo

2150 1697 2224 1746 te.
2255 1717 2274 1743 ιι
2317 1691 2598 1748 Inmedio
2631 1694 2968 1745 sanctorum
3001 1686 3130 1741 laus
3161 1683 3390 1740 Domini
3423 1686 3664 1739 resonat
3699 1698 3800 1754 per

2151 1799 2308 1847 eum,
2342 1781 2438 1852 qui
2473 1781 2551 1834 ait
2585 1797 2598 1834 :
2636 1803 2661 1828 ι(
2693 1778 2976 1832 Confiteor
3007 1775 3132 1843 tibi,
3161 1779 3350 1840 Pater,
3385 1773 3634 1828 Domine
3665 1771 3798 1825 οωΙί

2155 1875 2210 1925 et
2230 1874 2416 1936 terra},
2441 1868 2580 1939 quia
2603 1865 2958 1922 abscondisti
2984 1865 3104 1918 haec
3122 1881 3155 1917 a
3175 1861 3540 1934 sapientibus
3563 1863 3622 1916 et
3651 1877 3802 1932 pru-

2155 1958 2427 2014 dentibus
2465 1962 2522 2012 et
2549 1955 2810 2011 revelasti
2833 1971 2900 2009 ea
2917 1952 3176 2024 parvulis
3193 1955 3344 2022 (Luc.
3367 1969 3424 2018 x,
3445 1951 3558 2021 21).
3583 1973 3613 1998 ››
3647 1950 3808 2004 Laus

2153 2048 2308 2103 enim
2339 2045 2568 2102 Domiui
2603 2062 2755 2110 vera,
2793 2061 2906 2098 non
2937 2042 3126 2098 solum
3157 2057 3274 2110 ore,
3305 2041 3406 2096 sed
3423 2040 3605 2094 etiam
3627 2039 3810 2094 corde

2155 2142 2211 2191 ct
2242 2153 2412 2208 opere
2444 2133 2796 2206 perficientis
2823 2135 3110 2203 praecepta
3141 2129 3369 2184 Domini
3401 2134 3692 2183 narratur.

2225 2249 2252 2274 ‹‹
2287 2226 2356 2279 Et
2386 2225 2596 2279 iterum
2622 2241 2634 2277 :
2665 2224 2782 2294 Ego
2805 2237 2937 2276 vero
2971 2220 3154 2274 ﬁdens
3187 2219 3246 2272 in
3267 2234 3400 2272 eum
3431 2218 3603 2288 (Psal.
3635 2234 3808 2280 xvm,

2153 2317 2226 2386 3).
2253 2336 2279 2364 υ
2307 2319 2384 2369 De
2407 2318 2676 2383 suscepto
2695 2309 2932 2364 homine
2961 2309 3069 2363 hoc
3091 2306 3313 2362 dictum
3347 2309 3455 2376 est,
3480 2306 3652 2376 cujus
3667 2321 3810 2360 con-

2153 2403 2392 2460 fidentia
2420 2406 2543 2457 tota
2572 2403 2630 2455 in
2663 2401 2778 2454 Deo
2809 2403 2978 2453 Patre
3009 2413 3136 2452 esse
3157 2413 3271 2451 non
3291 2394 3538 2450 dubium
3561 2399 3650 2448 est
3679 2411 3694 2446 :
3725 2393 3808 2448 si-

2151 2497 2254 2547 cut
2283 2493 2342 2546 in
2377 2488 2682 2561 Evangelio
2713 2489 2840 2559 ipse
2869 2487 2972 2555 ait,
3005 2502 3106 2556 pro
3139 2485 3352 2556 quibus
3401 2482 3810 2554 supplicabat,

2153 2582 2378 2636 dicens:
2419 2578 2625 2642 «Volo,
2653 2581 2843 2643 Pater,
2867 2581 2932 2628 ut
2973 2573 3068 2628 ubi
3102 2589 3206 2644 ego
3240 2589 3394 2640 sum,
3427 2576 3484 2626 et
3525 2571 3624 2625 isti
3671 2572 3810 2626 sint

2154 2685 2384 2724 mecum
2415 2669 2592 2739 (Joan.
2625 2683 2760 2735 xvn,
2791 2665 2903 2734 24).
2933 2683 2958 2710 ››
2991 2662 3144 2725 Quos
3169 2661 3344 2716 etiam
3375 2660 3808 2716 conﬁdentiam

2155 2765 2218 2815 ut
2239 2759 2520 2813 baberent
2539 2755 2974 2819 exhortabatur,
2993 2752 3239 2806 dicendo
3261 2769 3274 2806 :
3302 2749 3640 2816 «Confidite,
3655 2751 3808 2820 quia

2155 2865 2255 2919 ego
2285 2847 2392 2901 vici
2425 2845 2712 2900 mundum
2743 2845 2931 2914 (Joan.
2953 2858 3068 2908 xVI,
3100 2840 3215 2910 23).
3252 2863 3278 2888 υ

2231 2961 2250 2987 α
2289 2940 2356 2992 Et
2385 2952 2659 2991 rursum:
2695 2935 2835 2988 Ecce
2867 2949 2992 3004 ego,
3017 2931 3440 3002 etpueri,quos
3461 2929 3612 2985 mihi
3639 2931 3810 2987 dedit

2155 3029 2307 3084 Deus
2337 3027 2472 3098 (Isa.
2509 3041 2628 3094 VIII,
2649 3023 2758 3092 18).
2787 3045 2815 3072 ››
2845 3024 2958 3077 lloc
2979 3020 3382 3076 testimonium
3406 3020 3477 3074 de
3501 3019 3653 3074 Isaia
3673 3037 3812 3090 pro-

2156 3116 2293 3171 tulit
2315 3113 2720 3187 Apostolus,ad
2734 3111 3028 3166 Christum
3045 3113 3101 3164 et
3113 3110 3184 3164 ad
3208 3108 3507 3180 apostolos
3519 3109 3810 3176 referens,

477 3183 636 3202 η-οκ
2359 3183 2375 3187 -

477 3245 504 3272 ‹‹
538 3218 789 3275 Decebat
818 3213 972 3270 enim
1007 3227 1163 3278 eum,
1206 3212 1441 3280 propter
1498 3222 1672 3276 quem
1718 3203 1937 3268 omnia,
1989 3207 2046 3258 et
2077 3183 2118 3249 (ἶ
2160 3221 2306 3276 quos
2325 3200 2968 3276 propterinnocentiam
2987 3215 3196 3270 pueros
3211 3197 3648 3253 nominavitzde
3672 3199 3810 3268 qui-

402 3328 506 3384 per
527 3323 699 3381 quem
723 3302 940 3368 omnia,
969 3298 1072 3370 qui
1095 3296 1309 3352 multos
1331 3295 1482 3349 filios
1508 3294 1566 3347 in
1590 3292 1834 3364 gloriam
1859 3293 2042 3346 addu-

401 3382 584 3466 xerat,
612 3398 908 3452 auctorem
943 3386 1150 3444 salutis
1181 3401 1382 3440 eorum
1415 3399 1516 3455 per
1546 3382 1875 3453 passionem
1908 3396 2044 3436 con-

403 3485 782 3551 summari;»
843 3481 900 3533 id
959 3481 1066 3546 est,
1121 3475 1394 3546 perficere
1451 3471 1716 3527 omnium
1767 3469 2040 3524 salutem.

407 3599 434 3628 ‹‹
471 3579 706 3645 Propter
737 3584 912 3640 quem
945 3565 1160 3633 omnia,
1196 3585 1224 3611 ››
1257 3563 1314 3615 id
1347 3564 1453 3626 est,
1489 3576 1589 3630 per
1617 3560 1744 3629 ejus
1775 3563 2041 3626 mortem,

405 3666 526 3722 sive
547 3679 673 3734 qua:
697 3661 754 3714 in
770 3655 929 3712 cmlis
951 3652 1232 3722 sunt,sive
1255 3667 1384 3720 quae
1409 3649 1463 3702 in
1505 3647 1694 3716 terris,
1723 3650 2047 3702 restaurata

403 3757 565 3821 sunt,
598 3765 702 3822 per
733 3760 908 3817 quem
938 3741 1112 3796 etiam
1146 3743 1203 3792 et
1232 3738 1430 3793 omnia
1459 3740 1650 3790 creata
1679 3740 1836 3790 sunt.
1869 3735 2044 3790 Vides

404 3845 690 3915 quantum
723 3839 810 3891 est
836 3833 894 3887 in
929 3828 1118 3885 medio
1153 3831 1440 3882 nostrum.
1477 3826 1542 3879 Et
1573 3825 1696 3896 ipse
1727 3823 1929 3894 Filius,
1990 3829 2046 3878 et

402 3912 510 3988 nos
541 3928 679 3984 ﬁlii:
709 3924 806 3980 ille
839 3919 1128 3994 proprius,
1155 3933 1260 3972 nos
1293 3914 1568 3986 adoptivi,
1595 3914 1693 3969 sed
1718 3913 1813 3967 ille
1836 3912 2044 3984 salvat,

403 4026 461 4076 et
491 4035 596 4074 nos
628 4014 944 4072 salvamur.
968 4003 1449 4076 Videsquomodo
1475 4019 1581 4057 nos
1603 4001 1973 4072 etconjungit
1993 4005 2048 4056 et

403 4104 708 4165 discernit.
733 4125 760 4152 ‹‹
798 4098 1013 4156 Multos
1047 4095 1216 4162 filios,
1240 4113 1266 4142 ι)
1307 4090 1904 4163 inquit,adducensin
1924 4088 2046 4160 glo-

404 4199 511 4264 ria,
545 4195 639 4250 hic
670 4187 975 4260 conjunxit
1007 4202 1020 4240 :
1055 4207 1076 4234 ι
1109 4185 1442 4251 Auctorem,
1470 4200 1497 4228 ››
1531 4179 1744 4250 inquit,
1783 4199 1810 4230 α
1841 4178 2049 4232 salutis

405 4300 606 4342 eorum
643 4299 655 4349 ;
683 4299 708 4330 ιο
738 4277 832 4332 hic
861 4271 1153 4330 discrevit.

477 4395 506 4422 ‹‹
540 4370 647 4436 Qui
677 4367 830 4424 enim
867 4361 1192 4418 sanctificat
1222 4361 1278 4414 et
1307 4356 1406 4428 qui
1458 4353 1924 4424 sanctiﬁcantur,
1984 4371 2052 4410 ex

405 4478 522 4517 uno
552 4473 774 4515 omnes.
811 4479 832 4506 ι»
873 4457 1013 4506 Ecce
1037 4449 1244 4506 iterum
1279 4445 1570 4515 quomodo
1601 4443 1928 4516 conjungit,
1953 4443 2052 4498 ho—

2157 3295 2267 3348 bus
2297 3293 2420 3365 ipse
2447 3290 2730 3346 Dominus
2763 3289 2876 3344 ait:
2913 3312 2939 3338 ‹‹
2973 3286 3152 3342 Sinite
3183 3285 3454 3358 parvulos
3485 3285 3682 3341 venire
3735 3288 3808 3340 ad

2157 3381 2630 3454 me,quiatalium
2644 3383 2732 3434 est
2745 3393 2984 3448 regnum
2999 3376 3274 3432 cmlorum
3293 3374 3678 3444 (Matth.x1x,l
3697 3377 3808 3446 1).ι›

2230 3497 2254 3522 ‹‹
2282 3472 2428 3537 Quia
2457 3486 2592 3542 ergo
2625 3473 2678 3522 et
2713 3467 2876 3538 pueri
2917 3464 3476 3522 comminicaverunt
3537 3465 3702 3518 carni
3753 3471 3810 3518 et

2154 3560 2532 3634 sanguini;et
2545 3559 2666 3627 ipse
2689 3555 2958 3611 similiter
2987 3553 3353 3626 participavit
3379 3553 3628 3608 eisdem.
3646 3575 3674 3600 υ
3705 3555 3808 3606 At-

2153 3647 2782 3708 tendesimilitudinem
2809 3646 2956 3714 ejus,
2984 3644 3308 3699 secundum
3332 3658 3588 3710 carnem,
3613 3643 3808 3712 inqua

2157 3743 2280 3812 ipse
2312 3755 2444 3793 cum
2477 3736 2672 3808 pueris
2697 3734 3078 3806 participatus
3099 3732 3579 3787 est.Erubescant
3595 3746 3806 3786 omnes

2158 3827 2452 3892 haeretici;
2485 3825 2895 3896 cooperiantur
2925 3821 3287 3888 confusione,
3319 3825 3376 3876 et
3427 3820 3805 3884 verecundia,

2160 3919 2258 3991 qui
2279 3914 2898 3990 putativedicunteum
2913 3910 3239 3978 advenisse,
3274 3913 3331 3964 et
3353 3925 3464 3964 non
3489 3925 3645 3964 vere.
3679 3909 3804 3963 Non

2157 4009 2316 4064 enim
2347 4009 2576 4060 tantum
2601 4002 2765 4066 dix1t,
2789 3999 3066 4071 quoniam
3089 3999 3473 4070 participatus
3495 4002 3584 4053 est
3603 3997 3736 4052 istis
3751 4003 3806 4053 et

2159 4091 2635 4165 tacuit,quamvis
2652 4089 3005 4154 etsidiceret,
3031 4087 3672 4143 sufﬁcientcrdixisset:
3701 4087 3802 4141 sed

2160 4184 2386 4240 addidit
2415 4205 2442 4231 «
2477 4180 2696 4237 eisdem
2722 4196 2735 4246 ;
2769 4201 2796 4228 »
2831 4182 2887 4232 et
2917 4175 3073 4231 aliud
3101 4192 3244 4242 eum
3275 4175 3408 4246 plus
3439 4179 3674 4230 constat
3695 4191 3802 4245 po-

2160 4273 2370 4338 suisse,
2407 4270 2513 4326 hac
2544 4273 2633 4324 est
2663 4266 3006 4338 proximius,
3043 4265 3198 4334 quod
3233 4281 3346 4318 non
3379 4264 3438 4318 in
3473 4263 3804 4335 phantasia,

2161 4379 2274 4416 non
2308 4361 2366 4415 in
2401 4358 2655 4430 imagine
2687 4355 2909 4410 venerit
2938 4353 3209 4420 aliorum,
3265 4353 3366 4407 sed
3423 4369 3622 4408 veram
3681 4353 3806 4421 ejus

2160 4449 2417 4506 ostendit
2448 4445 2868 4502 fraternitatem
2899 4447 2956 4498 et
2985 4442 3410 4498 humanitatem
3457 4441 3516 4495 in
3573 4440 3804 4496 Christe

406 4567 622 4607 norans
639 4551 694 4602 et
713 4541 1047 4608 consolans,
1071 4541 1127 4592 et
1142 4534 1356 4591 Christi
1380 4533 1586 4588 fratres
1602 4548 1698 4586 eos
1717 4533 2050 4598 nominans,
2081 4553 2127 4616 Ι)
2163 4556 2279 4594 non
2313 4539 2528 4592 ﬁctam,
2562 4533 2706 4597 Quia
2738 4533 2890 4588 sicut
2923 4533 3268 4604 puericame
3296 4529 3654 4601 etsanguine
3671 4545 3808 4584 con-

405 4639 730 4696 secundum
764 4632 917 4706 quod
950 4646 1016 4684 ex
1049 4643 1163 4682 uno
1197 4641 1295 4680 eos
1325 4639 1452 4678 esse
1484 4621 1641 4675 dicit.
1675 4621 1888 4675 Deinde
1920 4638 2049 4675 mu-

409 4728 575 4784 niens
596 4738 922 4781 sermonem
951 4733 1124 4774 suum
1152 4709 1838 4780 etostendens,quoniam
1863 4710 1932 4764 de
1959 4726 2046 4778 eo,

407 4815 508 4888 qui
540 4813 860 4870 secundum
896 4822 1128 4863 carnem
1163 4807 1272 4869 est,
1305 4799 1468 4864 dixit,
1504 4797 1702 4852 intulit
1727 4815 1737 4850 :
1764 4797 1870 4860 Qui
1893 4800 2046 4853 cnim

406 4887 752 4967 sanctiﬁcat,
790 4923 810 4947 υ
847 4897 956 4952 hoc
991 4897 1080 4950 est
1109 4891 1412 4958 Christus;
1471 4911 1497 4938 ‹‹
1533 4892 1590 4942 et
1633 4887 1734 4958 qui
1791 4887 2048 4942 sanctifi-

405 4998 636 5058 cantur,
661 5012 690 5040 ››
723 4989 832 5044 hoc
862 4991 949 5042 est
981 5001 1107 5039 nos.
1143 4979 1393 5036 Intueris
1449 4981 1736 5048 quantum
1787 4975 2047 5032 interest.

406 5081 509 5140 Ille
541 5079 780 5152 quidem
815 5073 1186 5139 sanctiﬁcat;
1223 5067 1663 5125 sanctiﬁcamur
1693 5069 1886 5120 autem
1921 5083 2046 5121 nos.

340 5197 346 5202 ·
407 5171 476 5228 Et
505 5168 751 5233 addidit,
786 5189 813 5216 «
846 5183 912 5221 ex
945 5179 1060 5218 uno
1087 5174 1311 5216 omnes.
1348 5177 1375 5206 ››
1403 5155 1564 5211 Unus
1588 5157 1676 5210 est
1696 5154 1850 5209 enim
1873 5155 2048 5222 Deus,

407 5277 441 5315 a
470 5277 585 5330 quo
617 5256 856 5322 omnia;
887 5253 988 5310 sed
1021 5251 1115 5306 ille
1145 5247 1352 5312 aliter;
1386 5244 1552 5300 aliter
1585 5260 1728 5298 nos:
1763 5243 1858 5298 ille
1883 5244 2052 5315 quasi

406 5347 677 5419 proprius
701 5345 918 5400 Filius:
956 5359 1063 5398 nos
1090 5354 1224 5394 vero
1248 5336 1413 5407 quasi
1451 5332 1733 5403 adoptivi:
1795 5337 2052 5386 attamen

406 5449 592 5491 unum
624 5435 913 5490 habemus
943 5437 1124 5487 Deum
1159 5429 1392 5480 Patrem
1420 5438 1432 5475 :
1469 5419 1564 5474 ille
1587 5420 1754 5492 quasi
1783 5421 2054 5493 proprius

405 5521 772 5592 sanctificat;
803 5539 910 5578 nos
941 5520 1096 5576 sicut
1127 5511 1386 5586 adoptivi
1418 5507 1873 5564 sanctiﬁcamur.

477 5611 662 5698 (1396)
697 5611 964 5672 Fortasse
991 5609 1179 5688 ﬁdeles
1211 5598 1527 5678 legendum
1557 5595 1683 5658 loco
1730 5599 1980 5672 ﬁdeliter.

2160 4623 2622 4692 slant,similiter
2651 4627 2706 4677 et
2737 4619 2833 4675 ille
2865 4619 3400 4692 participavitcarni
3427 4624 3484 4674 et
3505 4619 3808 4690 sanguini,

2160 4715 2262 4771 uth
2272 4716 2466 4769 aberet
2479 4712 2632 4766 unde
2644 4713 2904 4782 gustaret
2919 4714 3160 4764 mortem
3176 4726 3278 4780 pro
3291 4723 3604 4780 puerorum
3621 4705 3812 4762 salute

2231 4804 2414 4872 Cujus
2447 4799 2902 4872 diepensationis
2935 4799 3152 4853 alfatim
3184 4815 3422 4852 causam
3483 4795 3814 4866 subjungit,

2160 4891 2402 4948 dicendo
2433 4909 2444 4944 :
2470 4913 2496 4940 «
2531 4889 2601 4944 Ut
2627 4905 2730 4960 per
2761 4893 3008 4942 mortem
3040 4887 3364 4942 destrueret
3393 4902 3528 4941 eum
3561 4885 3656 4956 qui
3701 4883 3812 4938 ha-

2160 4983 2333 5038 bebat
2365 4979 2571 5034 mortis
2600 4978 2936 5048 imperium,
2970 4977 3079 5032 hoc
3109 4979 3216 5044 est,
3252 4976 3568 5030 diabolum.
3597 4996 3621 5020 n
3663 4971 3818 5027 Hinc

2151 5073 2276 5144 jam
2311 5066 2576 5124 mirabile
2609 5065 2888 5138 quiddam
2921 5066 3302 5132 demonstrat,
3338 5064 3478 5135 quia
3509 5080 3610 5134 per
3653 5063 3812 5133 quod

2161 5163 2512 5232 potestatem
2545 5155 2751 5212 habuit
2771 5154 3060 5220 diabolus,
3085 5171 3185 5225 per
3207 5153 3317 5208 hoc
3338 5157 3395 5208 et
3413 5152 3603 5207 victus
3627 5159 3738 5214 est,
3760 5157 3820 5204 et

2163 5266 2344 5318 arma,
2361 5264 2486 5318 quae
2503 5245 2740 5300 fuerunt
2755 5243 2838 5297 illi
2857 5243 3025 5298 fortia
3041 5243 3352 5298 adversum
3372 5241 3690 5304 mundum,
3705 5241 3814 5296 hoc

2164 5342 2270 5402 est,
2305 5353 2483 5402 mors,
2505 5351 2607 5405 per
2635 5349 2703 5388 ea
2735 5331 2902 5388 illum
2935 5332 3201 5388 Christus
3229 5331 3540 5404 percussit.
3563 5331 3668 5384 Hic
3695 5347 3814 5384 ma-

2164 5422 2532 5498 gnitudinem
2564 5420 2934 5491 virtutisejus
2965 5421 3066 5493 qui
3097 5421 3234 5476 vicit
3257 5420 3540 5476 insinuat.
3559 5419 3816 5474 Intueris

2165 5516 2450 5588 quantum
2481 5512 2700 5570 bonum
2734 5515 2974 5584 operata
3001 5513 3092 5568 est
3121 5526 3300 5568 mors.
3335 5531 3363 5562 «
3406 5507 3480 5566 Ut
3534 5506 3816 5570 liberaret
