4020 6178
197 310 309 366 741

760 306 1173 365 EXPOSITIO
1222 306 1295 363 IN
1348 305 1771 364 EI’ISTDLAS
1819 306 2071 366 PAULI.
2110 340 2182 347 --
2238 307 2312 364 ΙΝ
2358 308 2607 366 EPIS'I‘.
2656 308 2759 365 AD
2808 309 3040 366 IIEBR.

3492 313 3605 368 ’742

202 438 439 509 eos,qui
466 438 672 492 timore
690 437 893 491 mortis
916 454 1018 509 per
1040 440 1217 492 totam
1235 436 1407 491 vitam
1434 436 1661 491 obnoxii
1686 441 1849 491 erant
1877 440 1925 504 Α
1962 438 2114 502 fecit,
2150 438 2247 508 qui
2282 439 2445 493 sedet
2478 440 2533 492 in
2559 439 2795 493 dextera
2818 439 3023 494 Patris.
3052 440 3162 494 Iste
3187 444 3604 506 tantus,ettam

206 528 555 583 servituti.»
589 528 773 591 Quare
803 527 1074 593 tremitis,
1101 543 1280 596 quare
1312 526 1529 581 timetis
1570 543 1695 580 eam
1732 544 1857 596 qua)

196 619 328 687 jam
362 617 748 672 condemnata
797 615 929 671 est?
976 618 1106 668 Jam
1143 614 1417 669 terribilis
1467 632 1581 669 non
1614 620 1721 679 est,
1758 615 1853 669 sed

207 705 507 777 optabilis,
541 705 708 776 quasi
728 704 992 759 laborum
1018 703 1151 758 ﬁnis
1174 708 1229 758 et
1250 704 1464 774 requiei
1485 704 1861 759 initium.Cur

208 794 329 850 ait:
366 819 393 845 ‹‹
422 795 654 849 Timore
684 794 888 850 mortis
911 808 1013 863 per
1032 796 1213 847 totam
1238 793 1415 848 vitam
1440 792 1671 848 obnoxii
1696 798 1862 848 erant

208 884 481 939 servituri
511 884 537 937 ἰ)
572 906 598 930 ι)
632 881 786 936 Servi
836 882 1125 952 siquidem
1177 882 1413 937 fuerunt
1461 884 1686 952 mortis,
1722 882 1861 953 quia

212 978 465 1028 mortem
498 971 803 1037 timebant,
836 974 891 1025 et
923 972 1171 1026 necdum
1196 976 1361 1027 erant
1387 972 1561 1027 soluti
1592 989 1624 1025 a
1654 972 1861 1027 timore

213 1061 441 1130 mortis,
465 1060 635 1130 cujus
654 1059 882 1132 legibus
904 1061 1439 1116 tenebantur.Nunc
1459 1062 1652 1133 itaque
1674 1061 1859 1115 sancti

213 1150 483 1207 derident
504 1149 759 1221 eam,qui
783 1165 966 1221 agone
992 1152 1307 1217 transacto,
1324 1155 1379 1205 et
1399 1155 1585 1205 morte
1618 1151 1859 1217 devicta,

214 1240 291 1295 ad
321 1255 564 1309 regnum
616 1238 919 1293 transituri
979 1242 1135 1293 sunt.
1186 1238 1348 1293 Unde
1406 1243 1461 1293 et
1493 1239 1612 1310 ipse
1644 1238 1862 1294 Paulus

216 1327 336 1383 ait:
362 1326 595 1399 «Cupio
617 1326 877 1396 dissolvi,
910 1331 967 1381 et
996 1342 1124 1381 esse
1154 1343 1285 1381 cum
1317 1326 1542 1381 Christo
1568 1327 1794 1399 (Philip.
1823 1344 1859 1397 ι,

214 1417 329 1487 23).
359 1438 385 1462 η
1178 1426 1187 1431 ·

294 1528 321 1555 ‹‹
352 1504 661 1575 Nunquam
687 1504 841 1559 enim
867 1504 1105 1575 angelos
1129 1505 1640 1575 apprehendit,sed
1665 1523 1860 1562 semen

219 1593 463 1649 Abrahae
491 1593 895 1664 apprehendit.
951 1595 1111 1648 Unde
1156 1594 1358 1647 debuit
1395 1611 1496 1665 per
1524 1594 1721 1649 omnia
1750 1596 1862 1649 fra-

222 1683 415 1737 tribus
430 1682 763 1737 assimilari.
792 1704 819 1731 )›
843 1682 1059 1737 Idcirco
1084 1700 1336 1753 namque
1358 1684 1709 1755 Redemptor
1730 1702 1864 1739 nos-

218 1777 332 1835 ter,
358 1788 472 1826 non
497 1771 763 1843 angelus,
787 1772 886 1826 sed
910 1772 1085 1826 homo
1110 1774 1295 1827 factus
1327 1773 1579 1843 est,quia
1601 1773 1708 1828 hoc
1730 1791 1867 1845 pro-
1897 1809 1944 1873 B

222 1859 315 1915 cul
338 1859 517 1914 dubio
541 1860 660 1914 ﬁeri
684 1860 904 1925 debuit,
938 1861 1092 1931 quod
1116 1861 1382 1927 redemit,
1412 1866 1477 1915 ut
1496 1867 1548 1916 et
1571 1864 1865 1933 perditum

224 1948 498 2020 angelum
524 1965 637 2003 non
662 1949 1152 2021 apprehendendo
1175 1951 1548 2015 desereret,et
1570 1952 1868 2008 hominem

220 2038 280 2091 in
298 2037 611 2109 semetipso
626 2038 1114 2109 apprehendendo
1129 2039 1696 2109 repararet.Multam
1712 2042 1865 2096 enim

225 2126 324 2181 Dei
354 2125 811 2181 misericordiam
835 2126 1031 2181 volens
1055 2127 1365 2197 Apostolus
1389 2128 1794 2184 demonstrare
1814 2134 1872 2185 et

224 2214 589 2281 charitatem,
623 2232 800 2286 quam
852 2215 1004 2270 circa
1050 2231 1235 2287 genus
1285 2216 1611 2271 humanum
1644 2217 1871 2287 habuit,

224 2308 535 2375 postquam
560 2303 705 2357 dixit
727 2321 740 2358 :
770 2326 797 2353 «
820 2303 1105 2366 Quoniam
1128 2320 1263 2375 ergo
1285 2303 1448 2375 pueri
1471 2307 1873 2363 communica-

227 2397 437 2447 verunt
467 2392 626 2448 carni
659 2396 715 2446 et
744 2392 1102 2465 sanguini,et
1124 2393 1245 2463 ipse
1267 2392 1541 2448 similiter
1560 2396 1871 2468 participa-

224 2482 311 2535 vit
340 2481 593 2537 eisdem:
631 2507 651 2533 η
681 2482 1017 2553 exsequitur
1038 2482 1294 2552 amplius
1316 2483 1469 2538 hunc
1492 2500 1872 2554 sensum,un-

232 2571 304 2625 de
337 2570 707 2642 participaret
739 2586 969 2625 carnem
1004 2575 1060 2625 et
1089 2571 1459 2641 sanguinem,
1503 2576 1559 2625 et
1589 2575 1670 2627 ait
1700 2590 1711 2627 :
1750 2575 1871 2629 Non

231 2659 387 2715 enim
416 2676 773 2731 quemquam
820 2659 1157 2730 angelorum
1212 2660 1612 2732 apprehendit,
1664 2668 1727 2717 ut
1760 2681 1876 2717 una

231 2764 481 2818 persona
512 2747 611 2801 Dei
652 2746 831 2801 Filius
880 2750 1100 2801 natura:
1149 2764 1348 2801 eorum
1400 2749 1871 2821 conjungeretur,

230 2837 330 2891 sed
364 2836 517 2890 hunc
566 2836 840 2890 honorem
889 2840 945 2889 et
1003 2835 1151 2890 hanc
1199 2836 1541 2907 dignitatem
1604 2838 1872 2893 humanae

232 2930 450 2980 naturae
499 2925 671 2989 Deus,
723 2925 824 2979 Dei
883 2924 1086 2991 Filius,
1147 2926 1433 2993 attribuit,
1494 2931 1557 2980 ut
1612 2931 1759 2981 Deus
1819 2933 1875 2982 et

231 3015 409 3069 homo
441 3031 556 3069 una
613 3017 768 3069 esset
817 3029 1083 3084 persona.
1144 3014 1331 3076 Quare
1387 3030 1501 3067 non
1542 3014 1707 3080 dixit,
1743 3032 1870 3070 sus-

233 3103 430 3175 cepit?
488 3102 717 3158 Scilicet
792 3102 903 3157 isto
960 3102 1132 3156 verbo
1209 3119 1350 3156 usus
1422 3107 1529 3169 est,
1592 3103 1700 3158 hoc
1759 3109 1867 3171 est,

232 3172 637 3265 apprehendit,
699 3191 837 3263 quia
894 3208 1001 3246 nos
1058 3191 1224 3261 quasi
1273 3192 1605 3247 lecedentes
1659 3194 1729 3247 ab
1784 3210 1870 3261 eo,
1906 3172 1947 3238 (ἶ

227 3286 284 3336 et
315 3282 484 3353 longe
515 3281 823 3352 fugientes,
854 3296 1091 3335 eramus
1114 3279 1319 3350 longe;
1355 3280 1655 3336 insecutus
1680 3300 1879 3353 appre-

228 3371 455 3437 hendit,
484 3373 541 3424 et
570 3370 627 3423 in
652 3386 828 3423 unam
856 3385 1163 3439 personam
1188 3374 1397 3424 nostrae
1423 3369 1754 3442 fragilitatis
1774 3389 1876 3426 na-

230 3466 429 3515 turam
462 3458 572 3513 sibi
626 3458 1099 3529 contemperavit.
1152 3458 1297 3513 Mira
1343 3460 1694 3529 conjunctio,
1737 3462 1875 3515 dum

232 3552 448 3603 aeterno
483 3552 539 3601 et
571 3546 882 3602 immortali
919 3547 1180 3602 mortalis
1208 3548 1501 3603 adunatus
1529 3549 1652 3604 est!
1688 3551 1879 3613 Quan-

240 3642 364 3692 tum
395 3635 750 3691 festinaverit
771 3636 923 3691 circa
945 3640 1216 3690 naturam
1240 3636 1877 3705 humanam,ostendit:

237 3729 295 3781 et
324 3724 601 3797 quoniam
625 3724 812 3779 multa
833 3742 971 3779 cura
991 3728 1079 3779 est
1108 3730 1219 3779 Deo
1246 3726 1315 3780 de
1338 3726 1457 3793 illa,
1483 3727 1564 3781 sic
1585 3729 1761 3782 etiam
1786 3729 1880 3784 hic

239 3815 422 3869 multo
450 3814 703 3884 amplius
721 3815 986 3884 est,quod
1017 3814 1177 3885 ponit
1207 3832 1275 3869 ex
1297 3817 1881 3891 comparatione.Non

238 3903 393 3958 enim
426 3903 765 3975 angelorum
790 3920 1145 3974 quemquam
1171 3903 1576 3974 apprehendit,
1602 3909 1657 3960 et
1688 3923 1883 3960 revera

236 4008 518 4063 magnum
532 3996 587 4045 et
605 3990 935 4045 mirarabile
954 3996 1008 4044 et
1025 3997 1260 4062 stupore
1277 3992 1513 4062 plenum
1534 4000 1881 4061 est,carnem

236 4086 497 4135 nostram
530 4096 767 4135 sursum
817 4080 1036 4139 sedere.
1073 4083 1128 4133 et
1177 4080 1406 4134 adorari
1445 4082 1514 4135 ab
1548 4082 1792 4153 angelis,
1828 4087 1885 4136 et

235 4168 626 4241 archangelis,
660 4172 716 4223 et
763 4167 1087 4237 cherubim,
1140 4174 1195 4223 et
1243 4169 1559 4240 seraphim.
1596 4175 1713 4225 Hoc
1747 4188 1883 4242 ergo

237 4259 453 4331 saepius
471 4260 530 4313 in
550 4262 743 4313 mente
762 4257 1111 4313 versandum
1133 4262 1186 4311 et
1205 4257 1564 4314 laudandum
1583 4265 1673 4315 est
1697 4261 1880 4316 valde.

238 4346 388 4412 Quia
417 4363 533 4401 non
564 4345 727 4413 dixit,
760 4345 1053 4410 homines,
1087 4345 1450 4418 simpliciter,
1477 4350 1881 4419 apprehendit,

240 4436 342 4491 sed
380 4452 626 4491 «semen
650 4434 917 4501 Abrahae,
942 4440 1048 4489 net
1078 4434 1325 4489 honorat
1349 4436 1440 4490 hic
1470 4437 1883 4508 patriarcham,

1970 527 2337 593 miserabilis,
2368 532 2422 581 et
2445 531 2559 581 tam
2588 528 3135 599 gloriosus,tantum
3160 533 3368 583 nostra:
3402 530 3611 586 salutis

1968 633 2167 670 curam
2204 615 2404 670 habuit
2436 621 2498 670 ut
2528 618 2702 671 frater
2733 623 2930 671 noster
2960 618 3018 672 in
3052 618 3326 673 omnibus
3360 620 3539 688 ﬁeret,
3557 625 3612 675 et

1968 712 2199 776 propter
2223 704 2329 758 hoc
2349 704 2585 775 angelos
2605 706 3035 775 quodammodo
3060 706 3313 777 reliquit,
3352 707 3612 779 aliasque

1970 794 2243 847 ccelorum
2277 792 2539 857 virtutes,
2603 798 2666 847 ut
2698 810 2801 848 nos
2852 795 3329 865 apprehenderet,
3363 801 3419 851 et
3449 813 3609 852 ovem

1970 884 2277 952 perditam,
2313 882 2579 952 passione
2612 883 3053 952 suainventam,
3079 884 3339 939 humeris
3372 884 3612 956 imposi-

1968 977 2087 1025 tam
2122 974 2439 1041 reportaret
2465 971 2533 1024 ad
2559 971 2849 1025 cmlcstem
2880 973 3129 1042 patriam
3164 975 3312 1043 (Luc.
3346 991 3435 1040 xv,
3461 976 3512 1043 4,
3535 975 3611 1045 5).

1970 1059 2071 1113 Hic
2103 1076 2233 1114 vero
2265 1063 2485 1125 tantus,
2517 1062 2573 1113 et
2606 1060 2737 1113 talis
2760 1061 3030 1115 sacerdos
3056 1064 3251 1116 noster
3282 1062 3403 1116 ﬁeri
3434 1062 3616 1117 voluit

1970 1148 2124 1218 apud
2157 1148 2409 1213 Patrem,
2445 1148 2699 1218 seipsum
2735 1148 2981 1203 offerens
3007 1167 3107 1221 pro
3143 1152 3330 1205 nobis.
3365 1152 3617 1207 Proinde

1972 1240 2207 1291 secutus
2241 1241 2295 1290 et
2327 1236 2533 1290 infert:
2570 1236 2641 1290 Ut
2672 1260 2700 1285 ‹‹
2749 1236 3078 1292 misericors
3112 1240 3293 1306 ﬁeret,
3328 1244 3383 1294 et
3427 1241 3616 1296 ﬁdelis

1971 1326 2288 1396 pontifexa
2322 1332 2448 1391 Deo,
2508 1330 2569 1379 ut
2618 1325 3019 1396 reprnpitiaret
3075 1326 3285 1382 delicta
3331 1327 3548 1400 populi.
3589 1351 3616 1379 ››

1972 1419 2211 1485 Propter
2241 1414 2369 1483 hoc,
2423 1414 2633 1483 inquit,
2694 1431 2928 1469 carnem
2980 1417 3301 1485 assumpsit
3330 1422 3615 1487 nostram,

1972 1510 2208 1575 propter
2223 1503 2679 1557 misericordiam
2700 1502 2881 1557 solam
2895 1508 2977 1566 ,ut
2990 1520 3092 1574 pro
3108 1506 3322 1559 nostris
3346 1508 3617 1577 interpel-

1974 1593 2117 1647 laret
2148 1592 2416 1662 peccatis.
2444 1592 2566 1645 Non
2599 1596 2687 1646 est
2713 1592 2864 1647 enim
2893 1593 3078 1663 magis
3108 1593 3285 1649 totius
3307 1594 3485 1665 hujus
3510 1597 3618 1650 mi-

1975 1681 2159 1734 randa
2190 1680 2648 1750 dispensationis
2700 1698 2876 1735 causa
2908 1698 3086 1750 quam
3132 1682 3254 1737 haec
3287 1683 3428 1738 sola.
3465 1684 3623 1737 Vidit

1977 1770 2191 1841 quippe
2222 1768 2548 1823 humanum
2580 1786 2766 1840 genus
2790 1770 2847 1823 in
2872 1770 2967 1823 irze
2992 1770 3391 1841 fumojacens,
3427 1790 3624 1844 pecca-

1976 1864 2165 1913 torum
2188 1857 2431 1912 vinculis
2451 1857 2895 1928 ligatum,morti
2911 1859 3621 1931 obnoxium,tyrannidem

1978 1947 2227 2019 patiens,
2259 1952 2314 2002 et
2346 1948 2625 2002 misertus
2655 1953 2742 2002 est
2768 1950 2916 2018 ejus,
2950 1948 3100 2002 sicut
3132 1948 3319 2004 ﬁdelis
3344 1953 3618 2020 pontifex.

1978 2038 2100 2091 Non
2133 2036 2332 2107 itaque
2363 2035 2475 2089 alia
2507 2037 2616 2090 fuit
2648 2054 2824 2091 causa
2867 2036 2950 2090 illi
2984 2053 3085 2107 per
3116 2038 3312 2092 omnia
3344 2040 3621 2095 fratribus

1980 2124 2435 2191 assimilari,nisi
2472 2129 2534 2179 ut
2567 2124 2757 2179 ﬁdelis
2788 2126 3041 2195 pontifex
3060 2131 3235 2193 esset,
3275 2148 3300 2179 α
3332 2127 3565 2196 Fidelis,
3594 2152 3621 2179 ››

1980 2213 2140 2279 dicit,
2172 2213 2279 2268 hoc
2310 2219 2418 2279 est,
2448 2230 2617 2268 verus
2650 2219 2705 2268 et
2735 2218 2959 2284 potens.
2986 2214 3372 2270 Ministerium
3406 2218 3622 2289 quippe

1982 2303 2301 2357 sacerdotis
2332 2308 2420 2357 est
2451 2302 2677 2357 ﬁdelem
2720 2319 2845 2357 esse
2892 2307 2955 2356 ut
2988 2304 3168 2373 possit
3218 2321 3336 2375 eos,
3370 2322 3622 2375 quorum

1981 2395 2067 2446 est
2098 2392 2386 2457 sacerdos,
2422 2391 2668 2446 liberare
2702 2408 2735 2444 a
2766 2392 3036 2462 peccatis.

2054 2480 2302 2534 Proinde
2335 2480 2403 2534 de
2432 2481 2559 2549 ejus
2611 2482 2867 2551 potentia
2915 2482 3284 2551 subsecutus,
3318 2483 3620 2552 abjunxit:

1985 2594 2009 2618 ‹‹
2048 2572 2104 2623 In
2140 2586 2203 2623 eo
2237 2570 2414 2631 enim,
2478 2570 2531 2622 in
2590 2586 2703 2639 quo
2762 2587 2972 2640 passus
3021 2575 3109 2624 est
3170 2572 3310 2642 ipse,
3343 2577 3623 2641 tentatus,

1984 2664 2187 2730 potens
2222 2663 2309 2712 est
2339 2663 2395 2712 et
2424 2658 2507 2712 eis
2539 2658 2638 2727 qui
2669 2662 2926 2711 tentatur
2976 2659 3260 2714 auxiliari.
3293 2684 3319 2709 ››
3355 2662 3412 2715 In
3447 2678 3532 2727 eo,
3569 2664 3623 2717 id

1989 2753 2097 2813 est,
2131 2746 2386 2811 homine,
2420 2748 2474 2800 in
2509 2763 2623 2817 quo
2657 2764 2866 2815 passus
2896 2752 3002 2811 est,
3038 2753 3242 2819 potens
3289 2755 3375 2804 est
3404 2751 3628 2805 vinctos

1988 2838 2253 2905 liberare,
2287 2840 2654 2905 tentatosque
2686 2837 2958 2905 adjuvare
3008 2854 3077 2890 ne
3114 2838 3452 2893 vincantur:
3492 2841 3629 2911 quia

1988 2926 2335 2981 tentationes
2369 2929 2598 2978 nostras
2622 2940 2732 2977 non
2766 2923 2954 2978 solum
2979 2924 3130 2979 sicut
3160 2926 3310 2980 Deus
3342 2929 3623 2993 novit,sed

1990 3015 2163 3070 etiam
2197 3014 2350 3068 sicut
2382 3012 2553 3067 homo
2583 3012 2642 3065 in
2676 3012 2866 3084 seipso
2894 3029 2997 3082 per
3036 3015 3497 3085 experimentum
3529 3017 3648 3072 co—'

1988 3103 2204 3174 gnovit.
2237 3103 2305 3155 Et
2333 3100 2466 3156 licet
2508 3107 2657 3156 Deus
2703 3100 2761 3155 in
2821 3119 2928 3157 sua
2977 3106 3189 3158 natura
3220 3104 3631 3176 impassibilis,

1986 3197 2180 3246 tamen
2232 3190 2288 3243 in
2346 3194 2558 3259 nostra,
2613 3206 2789 3261 quam
2844 3192 3186 3262 assumpsit,
3242 3192 3396 3248 idem
3442 3194 3624 3250 Filius

1986 3279 2283 3352 passibilis
2313 3280 2441 3345 fuit,
2477 3284 2649 3350 atque
2682 3286 2891 3333 nostra:
2925 3284 3142 3334 natura:
3174 3281 3519 3338 consimilis.
3565 3285 3629 3337 In

1988 3386 2054 3425 ea
2083 3385 2215 3423 vero
2247 3386 2437 3433 carne,
2489 3385 2666 3439 quam
2709 3369 2980 3439 suscepit,
3033 3369 3217 3425 multa
3249 3388 3395 3426 saeva
3420 3389 3633 3443 passus

1990 3464 2095 3513 est.
2132 3458 2299 3512 Novit
2321 3458 2458 3527 quid
2484 3457 2558 3510 sit
2588 3457 3228 3529 tribulatio,novitquid
3255 3460 3329 3514 sit
3350 3461 3631 3528 tentatio;

1992 3548 2088 3604 sed
2127 3563 2225 3618 per
2256 3546 2597 3618 patientiam
2629 3547 2781 3602 vicit.
2813 3547 2939 3618 Ipse
2971 3564 3101 3602 vero
3124 3554 3385 3605 tentatus
3414 3551 3631 3615 est,sed

1993 3654 2107 3693 non
2137 3640 2466 3707 superatus.
2501 3636 2647 3700 Quid
2700 3652 2835 3707 ergo
2888 3642 2975 3691 est
3022 3639 3175 3706 quod
3210 3638 3386 3694 dicit:
3422 3640 3635 3694 Potens

1993 3743 2112 3787 eos,
2146 3726 2242 3795 qui
2280 3730 2554 3789 tentatur,
2608 3725 2881 3795 adjuvare
2928 3726 3257 3798 ?'l‘anquam
3292 3727 3339 3782 si
3372 3728 3587 3783 diceret
3619 3744 3631 3782 :

1993 3817 2135 3870 Cum
2170 3813 2353 3867 multa
2382 3813 2679 3868 alacritate
2714 3815 3005 3884 protendit
3038 3832 3275 3870 manum
3302 3818 3372 3869 ad
3407 3833 3637 3888 compa-

1992 3903 2279 3957 tiendum.
3718 3970 3723 3975 ι

2065 3992 2219 4061 (CAP.
2256 3991 2377 4057 III.)
2418 4012 2443 4039 ‹‹
2478 3990 2660 4053 Unde,
2697 3991 2901 4045 fratres
2935 3992 3144 4057 sancti,
3179 3993 3492 4047 vocationis
3524 4010 3635 4047 car-

1995 4080 2156 4135 lestis
2206 4078 2538 4149 participes,
2578 4078 2941 4133 considerate
2968 4080 3332 4150 Apostolum,
3362 4085 3417 4135 et
3439 4081 3635 4135 Ponti-

1996 4171 2160 4224 ﬁcem
2195 4166 2576 4222 confessionis
2604 4172 2813 4221 nostra:
2834 4168 3056 4223 Jesum.
3094 4192 3120 4217 »
3147 4169 3348 4224 Adhuc
3372 4170 3546 4224 etiam
3566 4169 3638 4224 de

1995 4256 2414 4313 incarnationis
2444 4256 2655 4310 Christi
2691 4255 2952 4327 loquitur
2979 4258 3273 4329 mysterio.
3319 4259 3463 4313 Nam
3496 4262 3551 4313 et
3581 4258 3640 4313 in

1996 4346 2302 4418 Evangelio
2336 4346 2458 4416 ipse
2482 4350 2729 4400 testatur
2752 4364 2812 4401 se
2839 4347 3089 4402 missum
3118 4364 3233 4402 non
3258 4364 3403 4410 esse,
3431 4347 3543 4402 nisi
3568 4346 3640 4401 ad

1997 4452 2131 4490 oves
2166 4435 2421 4507 perditas
2470 4435 2681 4490 domus
2734 4435 2907 4491 Israel
2958 4438 3177 4506 (Matth.
3220 4454 3312 4507 xv,
3342 4438 3453 4507 24).
3488 4438 3643 4507 Apo-

242 4528 418 4595 atque
451 4540 549 4579 eos
581 4524 680 4595 qui
740 4524 809 4578 de
858 4525 985 4594 ejus
1024 4529 1162 4579 sunt
1207 4540 1435 4596 genere,
1487 4527 1558 4580 ad
1588 4544 1735 4598 quos
1767 4527 1885 4582 haec
1923 4541 1966 4603 ί)
2000 4524 2185 4580 stolus
2216 4524 2395 4595 igitur
2428 4524 2723 4590 Hebraice,
2778 4526 2978 4580 Latine
3030 4526 3244 4579 dicitur
3285 4528 3506 4580 missus.
3540 4528 3643 4578 Co-

243 4612 506 4684 Epistola
527 4613 746 4684 scripta
765 4618 872 4668 est.
896 4612 1325 4669 Commemorat
1346 4615 1416 4669 de
1438 4615 1735 4671 beneﬁciis
1765 4617 1888 4682 Dei,

242 4706 301 4756 et
332 4702 402 4756 de
432 4704 818 4774 propinquate
864 4701 1081 4756 carnali
1112 4703 1181 4756 ad
1215 4703 1533 4769 Christum,
1568 4710 1623 4759 et
1655 4706 1726 4759 de
1758 4723 1889 4776 pro-

244 4792 546 4858 missione,
581 4809 704 4863 quae
737 4792 893 4846 dicta
914 4796 1002 4845 est
1031 4792 1100 4845 ad
1127 4792 1419 4846 Abraham
1446 4811 1458 4851 :
1494 4817 1520 4843 ‹‹
1557 4793 1685 4848 Tibi
1718 4800 1773 4849 et
1804 4812 1888 4850 se-

246 4879 393 4935 mini
424 4885 525 4935 tuo
574 4881 723 4935 dabo
760 4886 971 4936 terram
1032 4880 1181 4933 hanc
1230 4881 1379 4949 (Gen.
1411 4899 1511 4947 xu,
1570 4884 1645 4951 7).
1680 4904 1707 4929 η
1742 4884 1887 4947 Quia

245 4986 314 5024 ex
349 4986 461 5025 uno
495 4987 721 5032 omnes,
754 4970 810 5023 id
843 4973 949 5036 est,
976 4986 1044 5022 ex
1075 4968 1367 5023 Abraham
1392 4970 1657 5025 Christus
1690 4989 1891 5027 secun-

245 5058 387 5113 dum
420 5076 675 5127 carnem,
710 5063 765 5113 et
796 5058 899 5128 illi,
935 5058 1002 5111 ad
1040 5073 1187 5127 quos
1214 5056 1331 5111 haec
1366 5057 1645 5128 loquitur.

323 5168 351 5197 ‹‹
382 5147 544 5203 Unde
576 5148 775 5203 debuit
804 5164 907 5217 per
937 5145 1134 5200 omnia
1184 5147 1459 5201 fratribus
1492 5148 1827 5202 assimilari.
1862 5168 1887 5199 ι)

245 5236 394 5302 Quid
426 5241 536 5304 est,
573 5259 599 5286 ‹‹
632 5253 733 5308 per
761 5236 957 5291 omnia
986 5258 1012 5283 ››
1045 5234 1227 5289 Natus
1259 5240 1363 5300 est,
1388 5236 1891 5304 educatus,crevit,

248 5342 463 5397 passus
493 5330 581 5381 est
610 5326 807 5397 etiam,
832 5330 887 5379 et
911 5328 1198 5386 mortuus,
1235 5327 1299 5377 ut
1331 5340 1429 5393 per
1456 5325 1653 5380 omnia
1685 5326 1896 5382 similis

250 5419 408 5470 esset
439 5415 737 5486 fratribus,
788 5414 887 5485 qui
919 5412 1260 5484 hujusmodi
1301 5412 1618 5468 conditioni
1651 5416 1896 5486 subjecti

254 5507 415 5572 sunt,
449 5504 721 5578 superius
752 5502 908 5559 enim
939 5503 1079 5557 dicit
1110 5501 1479 5573 splendorem
1512 5518 1646 5559 eum
1677 5504 1897 5575 gloriae,

258 5598 314 5657 et
345 5599 597 5671 paternae
630 5591 972 5652 substantiae
1021 5591 1290 5664 ﬁguram,
1341 5606 1442 5663 per
1484 5607 1657 5665 quem
1689 5593 1900 5654 saecula

1998 4613 2255 4685 gnoscite
2289 4613 2426 4683 quid
2463 4617 2551 4667 est
2580 4616 2751 4667 Jesus
2779 4618 2835 4667 et
2867 4613 3076 4684 qualis,
3117 4621 3171 4668 et
3204 4631 3316 4669 non
3348 4612 3646 4669 habebitis

2002 4720 2148 4775 opus
2177 4702 2569 4757 consolatione
2618 4702 2752 4765 alia,
2807 4719 2993 4773 neque
3042 4702 3267 4757 solatio.
3306 4704 3644 4758 Pontiﬁcem

2002 4810 2134 4847 eum
2170 4792 2312 4845 dixit
2343 4790 2721 4844 confessionis
2775 4797 3008 4858 nostrae,
3042 4792 3095 4845 id
3126 4797 3212 4846 est
3245 4793 3377 4847 ﬁdei
3412 4797 3645 4859 nostrae,

2004 4882 2095 4937 cui
2128 4880 2236 4933 iste
2260 4878 2511 4949 populus
2548 4896 2730 4933 novus
2781 4886 2868 4934 est
2899 4881 3435 4947 commissus,sicut
3465 4878 3647 4951 Moysi

2006 4970 2163 5041 prior
2194 4966 2445 5038 pepulns
2472 4967 2528 5019 in
2564 4968 2819 5037 regimen
2871 4970 3041 5023 datus
3074 4976 3177 5024 est.
3212 4970 3321 5024 Sed
3355 4969 3493 5022 huic
3524 4982 3645 5019 ma-

1998 5059 2151 5127 jora,
2186 5054 2269 5108 vel
2311 5055 2477 5124 longe
2526 5055 2763 5110 meliora
2794 5060 3109 5112 commissa
3141 5064 3296 5112 sunt.
3322 5056 3459 5109 Vult
3489 5053 3645 5108 enim

2008 5147 2211 5199 beatus
2228 5141 2443 5197 Paulus
2467 5142 2765 5212 apostolus
2780 5146 2996 5217 erigere
3011 5146 3237 5200 animos
3257 5142 3423 5197 Israel
3436 5142 3647 5195 itarum

2007 5235 2074 5287 ad
2092 5230 2489 5287 excellentiam
2514 5234 2968 5300 promissionum
2994 5234 3185 5297 Dei,ut
3209 5233 3424 5285 intente
3446 5234 3652 5301 parent

2008 5339 2068 5378 se
2102 5321 2381 5390 accipere,
2415 5321 2569 5390 quod
2605 5325 2754 5375 Deus
2806 5322 3053 5392 benigne
3099 5319 3212 5373 illis
3262 5318 3531 5390 promisit
3561 5319 3649 5373 af-

2011 5413 2175 5477 ferre,
2211 5408 2522 5463 nominans
2554 5426 2650 5464 eos
2702 5410 2909 5464 fratres
2940 5408 3338 5473 charissimos,
3370 5408 3443 5485 ad
3475 5406 3651 5463 coale-

2010 5499 2124 5553 stia
2162 5502 2419 5563 vocatos,
2470 5498 2782 5570 participes
2832 5512 2964 5551 cum
3010 5496 3238 5551 Christo
3296 5496 3650 5553 haereditatis

2009 5588 2132 5661 Dei,
2173 5607 2200 5643 α
2229 5587 2328 5662 qui
2356 5586 2545 5646 fidelis
2576 5592 2665 5645 est
2710 5590 2783 5661 ei,
2820 5607 2842 5639 ι
2878 5586 2938 5643 id
2992 5589 3101 5657 est,
3134 5590 3248 5643 Deo
3280 5586 3453 5659 Patri,
3486 5608 3515 5640 α
3549 5586 3649 5665 qui
