4062 6186
398 290 516 350 743

1418 281 1755 342 ATTONIS
1803 281 2387 342 VERCELLENSIS
2432 279 2782 340 EPISCOPI

3690 279 3809 335 744

403 420 536 476 fecit
567 435 720 474 eum.
751 440 776 464 ››
799 417 872 471 De
904 413 1269 469 humanitate
1293 413 1434 469 dicit
1455 416 1711 486 ejus,qui
1741 416 1927 472 factus
1953 417 2041 470 est
2069 418 2124 481 Α
2225 437 2252 463 ‹‹
2287 415 2661 485 Quapropter,
2690 412 2845 466 sicut
2869 411 3010 465 dicit
3033 408 3287 480 Spiritus
3317 411 3560 463 sanctus
3586 425 3598 463 :
3627 408 3806 465 hodie

402 526 472 564 ex
503 507 724 563 semine
756 503 934 560 David
967 504 1289 558 secundum
1315 520 1569 574 carnem,
1593 521 1709 558 non
1742 505 1812 559 de
1843 504 2044 557 divini-

400 602 536 662 tate,
570 612 696 664 quae
727 595 879 649 facta
911 609 1026 648 non
1074 596 1183 660 est,
1233 593 1332 648 sed
1381 591 1578 664 genita
1607 609 1641 648 a
1673 595 1835 649 Patre
1867 594 2042 648 unius

399 683 743 741 substantiae
773 699 908 738 cum
941 698 1026 736 eo.

473 839 501 867 α
533 817 695 874 Sicut
725 820 782 872 et
810 819 1032 887 Moyses
1062 815 1118 869 in
1153 815 1311 869 omni
1333 815 1506 870 domo
1537 816 1695 871 illius
1727 817 1907 888 (Num.
1937 833 2040 884 xu,

397 908 472 980 7).
510 930 539 957 »
574 906 991 978 Praepositurus
1020 921 1152 960 eum
1184 905 1364 976 Moysi
1386 906 1710 960 secundum
1742 922 2041 977 compara-

398 997 617 1053 tionem
649 995 707 1050 in
740 993 864 1066 lege
895 993 1224 1060 sacerdotii,
1251 993 1407 1048 hunc
1438 1011 1767 1049 sermonem
1789 994 2038 1063 induxit,

399 1101 668 1142 asserens
698 1100 832 1140 eum
865 1082 1095 1137 fidelem
1128 1099 1254 1137 esse
1287 1082 1343 1136 in
1391 1083 1563 1138 domo
1595 1101 1721 1138 sua.
1761 1084 2038 1151 Fidelem,

395 1173 453 1228 id
479 1177 586 1239 est,
611 1173 903 1241 devotum,
928 1171 1336 1225 defendentem
1360 1188 1426 1226 ea
1450 1189 1575 1242 quae
1601 1176 1738 1227 sunt
1758 1172 1906 1241 ejus.
1927 1189 2040 1226 non

396 1262 832 1333 permittentem
866 1260 1197 1330 corrumpi;
1232 1277 1356 1330 quae
1413 1261 1621 1315 domus
1672 1279 1778 1316 nos
1811 1279 2040 1325 sumus,

398 1351 550 1407 sicut
578 1352 636 1404 in
671 1350 1056 1421 sequentibus
1088 1349 1230 1403 dicit
1254 1367 1267 1416 ;
1294 1349 1445 1404 sicut
1468 1350 1691 1422 Moyses
1725 1350 1912 1404 fidelis
1936 1351 2044 1404 fuit

395 1440 455 1495 in
488 1441 660 1495 domo
692 1456 821 1505 sua,
855 1438 913 1492 id
946 1442 1052 1503 est,
1100 1437 1313 1509 populo
1369 1439 1577 1504 priore,
1611 1438 2042 1509 Confestimque

398 1533 702 1584 assecutus
735 1526 994 1582 ostendit
1035 1527 1327 1596 quomodo
1362 1527 1571 1581 domus
1603 1526 1762 1582 illius
1793 1545 1918 1582 esse
1950 1529 2042 1583 de-

396 1618 662 1672 beamus.
698 1616 793 1669 Ait
814 1615 1006 1669 enim:
1046 1637 1071 1663 ‹‹
1099 1615 1234 1678 Quae
1257 1615 1468 1670 domus
1501 1633 1708 1670 sumus
1741 1634 1866 1686 nos,
1903 1618 1951 1672 si
1977 1618 2039 1670 fi-

396 1705 628 1760 duciam
653 1708 709 1758 et
734 1703 976 1775 gloriam
1003 1704 1123 1775 spei
1150 1720 1337 1774 usque
1365 1704 1433 1757 ad
1461 1705 1634 1759 finem
1661 1706 1888 1759 ﬁrmam
1911 1706 2042 1761 reti-

396 1810 676 1848 neamus:
717 1815 744 1840 »
777 1791 934 1864 quia,
966 1814 993 1840 ››
1051 1792 1148 1863 qui
1183 1793 1630 1863 perseveraverit
1665 1811 1848 1863 usque
1879 1794 1935 1848 in
1973 1796 2042 1848 Π·
2073 1797 2120 1860 Β

395 1899 550 1949 nem,
585 1881 679 1937 hic
711 1881 907 1937 salvus
931 1880 1040 1936 erit
1064 1883 1282 1949 (Matth.
1310 1899 1366 1952 ι,
1397 1883 1510 1950 22).
1543 1902 1568 1932 »
1611 1883 1860 1938 Domum
1883 1884 2040 1938 enim

394 1971 533 2026 dicit
563 1987 664 2043 pro
695 1970 808 2040 his,
842 1969 942 2042 qui
1001 1971 1058 2024 in
1092 1971 1265 2025 domo
1321 1970 1620 2038 habitant;
1655 1972 1807 2026 sicut
1843 1972 2042 2028 Eccle-

393 2061 541 2117 siam
575 2060 735 2126 dicit,
769 2077 884 2115 non
918 2075 1021 2130 pro
1053 2059 1371 2131 lapidibus,
1404 2060 1490 2114 vel
1523 2060 2039 2132 zedificiis,sed,pro

392 2149 613 2220 his,qui
647 2148 1614 2205 convocanturinecclesiaJntulil:
1645 2173 1670 2197 ‹‹
1705 2150 1804 2205 Dei
1827 2151 2039 2206 domus

392 2255 601 2294 sumus
646 2254 822 2307 nos,»
859 2238 917 2290 id
949 2243 1058 2303 est,
1083 2238 1305 2291 factura
1354 2238 1476 2303 Dei,
1512 2239 1687 2293 creati
1721 2239 1776 2292 in
1812 2239 2038 2294 Christo

389 2327 554 2382 Jesu.
587 2326 710 2381 Huc
743 2341 929 2397 usque
979 2325 1473 2397 comparationem
1506 2328 1640 2382 fecit
1670 2328 1740 2382 de
1770 2329 2036 2383 incarna-

393 2417 551 2472 tione
582 2411 797 2472 Christi
825 2431 956 2469 cum
1010 2415 1222 2486 Moyse.
1253 2415 1468 2470 Dehinc
1495 2433 1555 2470 se
1577 2417 1647 2471 ad
1673 2416 1881 2471 altiora
1910 2418 2038 2487 ejus

394 2506 690 2561 narranda
722 2497 1025 2572 convertit,
1058 2503 1259 2559 dicens
1285 2522 1297 2560 :
1330 2504 1643 2576 Amplioris
1665 2505 1816 2560 enim
1844 2506 2037 2576 gloriae

390 2594 499 2650 iste
530 2611 644 2666 pra
668 2594 895 2664 Moyses
927 2593 1142 2662 dignus
1163 2592 1399 2647 habitus
1420 2598 1529 2663 est,
1554 2599 1772 2664 quanto
1801 2594 2040 2665 amplio-

391 2699 515 2737 rem
547 2683 829 2737 honorem
860 2680 1037 2736 habet
1067 2682 1301 2746 domus,
1335 2682 1433 2751 qui
1470 2682 1771 2736 fabricavit
1800 2682 1981 2738 illam.
2005 2703 2032 2734 ιο

392 2771 515 2826 Non
549 2770 714 2835 dixit,
748 2775 964 2840 quanto
997 2770 1277 2839 majorem
1302 2769 1474 2825 habet
1496 2770 1774 2826 honorem
1799 2771 1870 2826 ab
1903 2789 2037 2844 ope-

393 2860 558 2914 ribus
606 2858 831 2924 artifex,
872 2859 972 2913 sed
1029 2863 1245 2929 quanto
1295 2859 1526 2926 domus,
1577 2860 1675 2930 qui
1712 2860 2040 2914 construxit

393 2965 544 3004 eam.
579 2947 753 3002 Vides
787 2947 1066 3018 quoniam
1121 2965 1235 3003 non
1269 2948 1338 3002 de
1390 2948 1609 3021 templo
1641 2949 1801 3014 dicit,
1836 2950 1932 3003 sed
1969 2950 2038 3004 de

395 3037 552 3093 omni
585 3035 796 3108 populo
825 3057 839 3101 ς
875 3037 1062 3107 primo
1085 3036 1155 3091 de
1178 3035 1302 3103 illo,
1326 3053 1497 3108 quem
1520 3041 1739 3109 Moyses
1773 3039 1840 3092 de
1874 3042 2038 3110 ZEgy-

388 3132 486 3198 pto
518 3126 734 3195 eduxit,
763 3129 820 3179 et
849 3125 1056 3179 deinde
1087 3125 1156 3179 de
1188 3142 1274 3192 eo,
1309 3141 1481 3196 quem
1516 3126 1780 3180 Christus
1811 3128 1882 3180 de
1908 3127 2030 3180 dia-

389 3216 578 3270 bolica
607 3214 872 3270 liberavit
894 3215 1192 3282 servitute,
1221 3214 1452 3285 sibique
1474 3215 1530 3268 in
1554 3215 1795 3269 domum
1829 3215 2031 3286 acqui-

387 3303 541 3360 sivit.

466 3458 487 3486 α
523 3438 726 3493 Omnis
761 3455 1014 3508 namque
1062 3438 1274 3493 domus
1327 3438 1644 3492 fabricatur
1691 3439 1762 3492 ab
1792 3437 1987 3509 aliquo
2017 3456 2029 3506 ;

389 3527 490 3598 qui
522 3531 716 3581 autem
750 3527 947 3580 omnia
976 3527 1207 3592 creavit,
1240 3526 1394 3581 Deus
1417 3530 1524 3580 est.
1560 3549 1587 3574 »
1623 3527 1720 3580 llic
1753 3527 2029 3582 factorem

389 3632 422 3670 a
437 3614 975 3679 facturadiscernit,
991 3614 1295 3683 utriusque
1311 3614 1522 3669 domus
1536 3619 1830 3669 auctorem
1846 3615 2028 3670 Deum

387 3719 517 3759 esse
546 3701 793 3774 intelligi
849 3702 1086 3756 volens:
1138 3703 1237 3757 sed
1269 3701 1438 3756 aliter
1469 3702 1650 3768 illius,
1684 3704 1774 3757 cui
1810 3708 2028 3775 Moyses

385 3791 612 3864 praefuit
639 3809 651 3859 ;
685 3791 854 3846 aliter
884 3790 1061 3857 illius,
1095 3791 1188 3845 cui
1218 3790 1484 3847 Christus
1515 3792 1632 3846 dux
1673 3809 1800 3848 esse
1831 3798 1886 3848 et
1917 3793 2026 3848 D0-

387 3881 583 3936 minus
603 3880 1135 3952 cognoscitur.ldeo
1160 3882 1508 3936 subsecutus
1521 3881 1632 3936 ait:
1666 3901 1687 3929 ι
1713 3882 1781 3935 Et
1801 3881 2027 3953 Moyses

385 3969 623 4042 quidem
653 3968 842 4024 fidelis
871 3973 995 4024 erat
1021 3969 1078 4023 in
1111 3974 1232 4024 tota
1261 3969 1435 4023 domo
1467 3971 1925 4041 ejus,tamquam
1951 3972 2028 4025 fa-

386 4046 602 4126 mulus,
631 4058 691 4112 in
724 4057 1131 4113 testimonium
1163 4073 1365 4112 eorum
1388 4075 1515 4129 quae
1549 4059 1796 4114 dicenda
1825 4065 2027 4126 erant;

382 4147 648 4204 Christus
678 4163 809 4202 vero
858 4152 1142 4217 tanquam
1194 4146 1349 4201 filius
1390 4148 1448 4201 in
1506 4147 1678 4202 domo
1725 4165 1869 4214 sua;
1903 4166 2026 4218 qua

383 4237 593 4290 domus
616 4252 823 4290 sumus
848 4235 1031 4300 nos,si
1056 4235 1328 4289 fiduciam
1353 4241 1409 4290 et
1428 4235 1674 4307 gloriam
1698 4237 1821 4308 spei
1844 4255 2029 4309 usque

2066 3161 2108 3226 C
2148 3169 2475 3234 audieritis,
2510 3185 2580 3222 ne
2612 3169 2915 3224 obduretis
2963 3168 3138 3223 corda
3166 3172 3380 3232 vestra,
3419 3191 3445 3213 ιι

2153 503 2199 558 si
2233 520 2428 558 vocem
2463 504 2592 573 ejus
2625 499 2948 568 audieritis,
2980 515 3051 554 ne
3085 497 3386 554 obduretis
3412 498 3594 553 corda
3613 503 3808 554 vestra

2153 593 2320 663 (Psal.
2359 609 2508 658 XCIV,
2539 592 2714 658 8-11).
2752 613 2779 640 »
2813 590 3066 644 Locutus
3124 591 3213 643 est
3239 587 3448 642 beatus
3487 588 3810 658 Apostolus

2153 683 2222 737 de
2252 698 2354 752 spe
2385 680 2444 734 in
2478 679 2905 752 superioribus,
2969 677 3110 748 quia
3156 680 3382 748 oportet
3428 691 3538 730 nos
3570 692 3810 747 sperare

2153 787 2282 842 quas
2313 771 2507 826 futura
2539 773 2696 825 sunt.
2731 769 2875 839 Spes
2911 771 3108 822 autem
3148 782 3279 836 quae
3305 765 3539 820 videtur
3570 782 3692 821 non
3723 773 3812 822 est

2151 877 2307 931 spes,
2330 858 2586 914 Historia
2605 873 2760 927 vero,
2791 872 2966 928 quam
2993 855 3272 926 Propheta
3302 854 3397 909 hic
3427 862 3806 927 rememorat,

2152 949 2461 1004 notissima
2483 951 2592 1003 est.
2617 947 2761 1001 Cum
2785 946 2940 1001 enim
2968 945 3188 1016 egressi
3217 949 3415 1000 essent
3437 944 3720 999 Israelita
3741 947 3808 1002 de

2151 1041 2307 1093 terra
2335 1037 2560 1109 [Egypti
2593 1037 2774 1106 (Num.
2807 1051 2918 1102 x1v,
2954 1034 3092 1103 1-4),
3116 1038 3174 1088 et
3194 1032 3442 1087 multam
3474 1033 3639 1087 viam
3676 1050 3805 1105 per-

2153 1127 2576 1191 ambulassent,
2608 1130 2663 1179 et
2696 1123 2879 1178 multa
2910 1122 3130 1176 indicia
3149 1121 3381 1176 virtutis
3410 1122 3515 1177 Dei
3550 1122 3804 1194 accepis-

2151 1217 2358 1271 sentin
2381 1217 2645 1285 rligypto,
2666 1214 2724 1267 in
2751 1212 2894 1266 mari
2922 1211 3141 1279 Rubro,
3161 1211 3219 1265 in
3240 1227 3456 1276 eremo,
3487 1211 3803 1266 consilium

2151 1305 2411 1358 fecerunt
2442 1305 2670 1356 mittere
2702 1299 3100 1371 speculatores
3130 1301 3311 1370 (Nam.
3354 1318 3480 1369 xm,
3523 1302 3674 1369 1-4),
3707 1303 3802 1372 qui

2150 1394 2426 1447 deberent
2456 1392 2742 1461 inspicere
2767 1395 3036 1444 naturam
3060 1393 3219 1442 terra:
3243 1405 3368 1459 que
3393 1391 3702 1460 promissa
3719 1397 3802 1444 est

2151 1482 2255 1536 eis.
2289 1480 2374 1535 Illi
2403 1497 2532 1535 vero
2557 1484 2863 1550 pergentes
2888 1477 3100 1532 reversi
3125 1483 3282 1546 sunt,
3305 1483 3529 1532 terram
3565 1480 3801 1550 quidem

2149 1571 2312 1624 valde
2347 1570 2648 1636 mirantes,
2677 1569 2966 1637 majorum
3017 1567 3315 1621 fructuum
3347 1568 3802 1637 procreatricem

2150 1675 2276 1714 esse
2325 1659 2600 1724 dicentes,
2661 1657 2763 1711 sed
2821 1657 3078 1710 virorum
3139 1655 3651 1727 inexpugabilium
3684 1675 3805 1713 esse

2151 1748 2309 1802 illam
2338 1747 2716 1818 provinciam,
2741 1750 2798 1800 et
2819 1745 3077 1799 fortium.
3104 1743 3378 1800 Israelita:
3404 1761 3546 1800 vero
3569 1745 3802 1817 ingrati,

2151 1843 2208 1892 et
2238 1836 2541 1902 insensati,
2575 1852 2720 1906 quos
2764 1835 3067 1905 oportebat
3097 1838 3159 1887 ut
3189 1834 3650 1890 recordarentur
3678 1841 3801 1890 tan-

2148 1931 2343 1980 torum
2375 1925 2473 1979 Dei
2505 1922 2942 1989 beneﬁciorum,
2967 1927 3024 1977 et
3043 1923 3333 1993 quomodo
3357 1939 3460 1978 eos
3494 1923 3802 1980 conclusos

2150 2015 2207 2068 in
2241 2014 2432 2069 medio
2464 2012 2609 2068 tanti
2632 2011 2918 2068 exercitus
2940 2011 3338 2083 zEgyptiorum
3360 2011 3588 2082 eripuit
3609 2013 3682 2068 de
3713 2030 3802 2084 pe-

2151 2101 2370 2170 riculis,
2396 2107 2453 2156 et
2479 2101 2791 2156 fluviorum
2821 2099 3008 2154 fontes
3035 2099 3162 2154 sine
3183 2099 3513 2155 defectione
3546 2102 3803 2167 donavit,

2148 2198 2201 2248 ct
2235 2208 2452 2246 manna
2483 2190 2710 2256 tribuit,
2761 2193 2818 2243 et
2867 2187 2980 2242 alia
3026 2186 3329 2254 miracula,
3364 2205 3498 2260 quae
3534 2195 3806 2260 operatus

2147 2287 2255 2349 est,
2289 2286 2345 2340 et
2375 2280 2670 2336 credimus
2699 2278 2903 2333 fecisse
2927 2283 3108 2332 Deum
3135 2294 3149 2332 :
3175 2277 3256 2331 illi
3280 2294 3388 2334 nec
3410 2278 3608 2334 Deum
3631 2281 3809 2335 credi-

2131 2372 2381 2434 derunt,
2415 2386 2520 2425 nec
2551 2368 2758 2423 horum
2788 2366 3009 2438 aliquid
3067 2367 3442 2422 remernorati
3497 2374 3680 2424 sunt:
3709 2371 3803 2425 sed

2147 2460 2357 2514 timore
2400 2463 2538 2514 sunt
2597 2456 2905 2529 perterriti,
2959 2455 3252 2511 dicentes:
3306 2456 3702 2513 Revertamur
3747 2460 3801 2514 in

2146 2549 2477 2620 Egyptum.
2516 2552 2664 2602 Deus
2687 2546 2867 2617 igitur
2890 2546 3071 2600 iratus
3093 2545 3197 2612 eis,
3226 2546 3365 2615 quia
3387 2546 3475 2601 sic
3504 2547 3622 2602 cito
3644 2548 3800 2602 obliti

2149 2638 2384 2692 fuerunt
2403 2636 2818 2691 beneficiorum
2842 2635 2962 2705 Dei,
2988 2633 3536 2706 miraculorumque
3563 2638 3804 2707 ejus,ju-

2146 2726 2293 2780 ravit
2308 2729 2370 2780 ut
2384 2742 2496 2780 non
2517 2727 2760 2780 intraret
2777 2723 3069 2796 generatio
3087 2722 3186 2778 illa
3200 2723 3258 2778 in
3273 2724 3544 2795 requiem
3561 2726 3803 2797 promis-

2147 2832 2270 2870 sam
2289 2814 2425 2870 olim
2447 2815 2744 2886 patribus;
2769 2817 2826 2867 et
2846 2813 2928 2868 sic
2951 2828 3155 2867 omnes
3174 2811 3480 2883 perierunt
3503 2814 3564 2868 in
3589 2832 3796 2879 eremo,

2148 2909 2357 2975 praeter
2373 2904 2521 2958 duos
2541 2903 2949 2958 tantummodo
2968 2901 3439 2972 homines(i\'um.
3454 2921 3587 2969 xm,
3611 2905 3794 2969 18-34;

2146 3010 2258 3057 x1v,
2288 2993 2471 3063 5-45).
2501 2994 2688 3057 Quare
2720 3007 2856 3062 ergo
2881 2990 3055 3045 David
3087 2989 3207 3044 haec
3232 2995 3439 3062 postea
3469 2992 3642 3059 dixit,
3677 2999 3800 3064 post

2146 3081 2581 3150 generationem
2602 3080 2834 3134 illorum
2854 3080 3128 3149 loquens:
3150 3099 3175 3129 α
3192 3079 3439 3135 Hodiesi
3453 3098 3658 3137 vocem
3676 3083 3796 3150 ejus

3483 3187 3556 3224 ne
3588 3170 3794 3225 similia

2144 3259 2466 3329 patiamini,
2501 3257 2701 3328 qualia
2728 3256 3126 3328 progenitores
3157 3257 3353 3323 vestri,
3382 3275 3454 3313 ne
3487 3260 3793 3330 privemini

2145 3347 2342 3419 requie
2374 3347 2709 3418 promissa?
2738 3347 2882 3410 Quia
2911 3350 2999 3401 est
3019 3346 3285 3416 quaedam
3319 3349 3508 3418 (1398)
3542 3349 3792 3420 requies.

2144 3454 2278 3492 nam
2314 3437 2362 3491 si
2389 3439 2514 3506 jam
2549 3440 2891 3507 acceperant
2923 3435 3342 3506 requiem,qum
3375 3444 3506 3492 erat
3539 3440 3598 3493 in
3632 3438 3804 3493 Pala~

2144 3529 2317 3594 stina,
2348 3544 2523 3596 quare
2544 3526 2628 3582 eis
2648 3527 2859 3581 iterum
2886 3527 3023 3580 dicit
3046 3543 3058 3581 :
3084 3542 3153 3581 ne
3175 3526 3482 3584 obduretis
3504 3530 3680 3584 corda
3700 3547 3798 3584 ve-

2145 3622 2286 3687 stra,
2320 3615 2471 3671 sicut
2505 3621 2694 3687 patres
2720 3617 2892 3670 vestri
2914 3616 2940 3670 Ὺ
2963 3617 3093 3681 Qua:
3115 3631 3251 3687 ergo
3277 3619 3370 3670 est
3393 3616 3512 3672 alia
3543 3620 3797 3690 requies.

2145 3706 2256 3760 nisi
2293 3721 2532 3776 regnum
2565 3703 2864 3772 caelorum,
2915 3705 3084 3775 cujus
3133 3704 3327 3775 imago
3359 3711 3420 3760 et
3468 3708 3678 3762 umbra
3710 3713 3802 3763 est

2146 3795 2468 3850 Sabbatum
2490 3794 2516 3848 ?
2537 3795 2675 3849 Tres
2699 3794 2895 3864 itaque
2919 3793 3485 3865 requies'Apostolus
3509 3803 3802 3850 memorat

2142 3884 2201 3939 in
2229 3884 2338 3938 hac
2371 3883 2627 3954 Epistola
2656 3901 2667 3938 :
2722 3900 2900 3938 unam
2936 3882 3190 3952 Sabbati,
3239 3900 3353 3951 qua
3391 3885 3672 3939 Dominus
3706 3901 3797 3939 re-

2144 3973 2365 4045 quievit
2394 3975 2464 4028 ab
2497 3972 2772 4044 operibus
2803 3973 2969 4039 suis;
3017 3972 3335 4027 secundam
3367 3972 3428 4027 in
3464 3973 3796 4040 Palestina,

2139 4062 2197 4116 in
2231 4079 2406 4133 quam
2438 4062 2688 4134 ingressi
2722 4061 2996 4116 Israelita:
3031 4061 3349 4131 requietnri
3384 4066 3556 4117 erant
3586 4079 3650 4117 ex
3681 4065 3796 4117 mi-

2141 4152 2292 4207 seria
2328 4151 2513 4205 multa
2558 4161 2613 4206 et
2669 4151 3009 4217 laboribus;
3059 4151 3314 4216 tertiam,
3371 4167 3508 4222 quae
3539 4168 3668 4207 vera
3702 4161 3797 4208 est

2139 4240 2507 4312 requies,hoc
2540 4244 2647 4306 est,
2682 4255 2925 4310 regnum
2973 4238 3270 4305 caelorum,
3324 4241 3485 4310 quod
3519 4241 3798 4312 superius

382 4325 452 4379 ad
483 4325 658 4379 finem
693 4324 924 4378 ﬁrmam
971 4324 1352 4379 retineamus.
1390 4346 1418 4373 »
1454 4325 1565 4380 Iste
1597 4331 1815 4393 autem,
1851 4327 1904 4380 id
1940 4330 2030 4382 est
2129 4332 2254 4401 jam
2289 4330 2566 4384 diximus.
2601 4330 2686 4383 Ad
2718 4345 2893 4399 quam
2946 4345 3094 4398 quos
3122 4329 3423 4399 pervenire
3455 4330 3802 4400 contigerit,

379 4413 554 4468 Jesus
585 4413 640 4467 in
672 4418 948 4484 paternas
981 4429 1096 4483 res,
1147 4413 1298 4468 sicut
1347 4413 1503 4468 filius
1536 4415 1894 4486 ingreditur:
1933 4415 2027 4471 ille

2139 4436 2337 4474 revera
2359 4419 2723 4490 requiescent
2743 4436 2776 4472 a
2802 4418 3101 4473 laboribus
3121 4421 3176 4472 et
3196 4417 3622 4474 afﬂictionibus
3640 4420 3801 4488 suis,

381 4508 598 4569 autem,
627 4504 684 4558 id
715 4506 804 4558 est
832 4505 1077 4595 Moyses,
1133 4501 1286 4556 sicut
1330 4502 1586 4558 famulus
1634 4503 1729 4559 Dei
1759 4503 1818 4558 in
1852 4504 2023 4559 domo
2055 4529 2102 4595 Β
2134 4509 2205 4563 de
2227 4525 2344 4579 qua
2366 4508 2650 4579 Propheta
2673 4506 3018 4577 loquiturad
3038 4523 3197 4562 veros
3219 4506 3799 4573 Israelitas,dicens:

381 4608 506 4648 sua.
545 4592 643 4646 llic
670 4592 881 4646 iterum
915 4608 1014 4646 eos
1047 4590 1314 4646 hortatur
1356 4595 1510 4646 stare
1544 4592 1786 4660 fortiter,
1821 4599 1877 4647 et
1908 4610 2022 4648 non

381 4681 606 4735 subrui.
638 4680 858 4736 Domus
885 4681 1101 4752 quippe
1127 4680 1224 4735 Dei
1245 4680 1544 4747 erimus,si
1570 4681 1845 4736 fiduciam
1879 4683 2022 4754 spei,

379 4773 436 4824 et
465 4768 713 4840 gloriam
737 4787 923 4840 usque
944 4769 1001 4823 in
1034 4770 1210 4824 finem
1236 4771 1466 4824 firmam
1492 4769 1766 4825 retineam
1779 4771 2024 4827 us.Bene

379 4858 547 4923 dixit,
579 4857 853 4914 ﬁduciam
881 4859 1003 4928 spei
1046 4865 1254 4914 nostra:
1285 4875 1298 4914 :
1333 4859 1611 4931 quoniam
1644 4861 1844 4915 omnia
1871 4861 2025 4916 bona

378 4949 601 5004 sanctis
633 4949 691 5002 in
723 4947 830 5002 hac
860 4947 976 5002 vita
1006 4947 1064 5002 in
1097 4964 1200 5019 spe
1233 4955 1390 5014 sunt,
1443 4950 1625 5004 donec
1665 4951 1737 5004 ad
1771 4951 2022 5020 speciem

377 5036 718 5110 perveniant
747 5037 1013 5108 perfectae
1045 5037 1460 5094 beatitudinis:
1495 5062 1520 5088 ‹‹
1548 5039 1661 5110 Spe
1689 5040 1844 5094 enim
1880 5039 2023 5095 salvi

377 5121 513 5184 facti
546 5143 752 5182 sumus
775 5126 952 5196 (Rom.
985 5143 1106 5194 VIII,
1128 5127 1240 5196 2/1).
1277 5149 1305 5176 »
1328 5132 1487 5183 Bona
1507 5129 1819 5200 enim,quze
1854 5130 2022 5185 nobis

377 5217 664 5288 promissa
679 5215 792 5272 nisi
817 5215 876 5270 in
897 5220 1083 5286 spe,et
1108 5215 1274 5271 illum
1297 5217 1581 5288 patienter
1597 5223 2020 5290 exspectantes,

379 5323 566 5377 usque
595 5307 665 5361 ad
701 5307 876 5362 finem
908 5306 1140 5362 firmam
1171 5323 1336 5378 spem
1357 5308 1716 5364 retineamus
1741 5309 1948 5380 (1397).

450 5429 632 5502 (1397)
660 5429 1051 5503 Yerba,_spem
1077 5431 1437 5499 retineamus,
1463 5448 1587 5502 qua:
1612 5432 1669 5487 in
1702 5433 1828 5488 ced.
1863 5433 2020 5489 desi-

377 5501 677 5630 derantur,
729 5501 1058 5579 supplenda
1105 5519 1174 5560 ex
1229 5501 1652 5561 Ambrosiastri
1697 5509 1854 5562 textu
1886 5522 2019 5564 cen-

375 5589 467 5635 sui
538 5589 628 5632 us.

2135 4597 2315 4652 Hodie
2331 4597 2379 4651 si
2395 4613 2593 4652 vocem
2608 4597 2736 4666 ejus
2748 4596 3054 4651 audieritis
3069 4612 3138 4650 ne
3153 4595 3462 4652 obduretis
3476 4597 3652 4652 corda
3666 4615 3805 4654 ves—

2134 4691 2242 4742 tra.
2277 4685 2607 4756 Aliquando
2638 4684 2790 4740 enim
2817 4685 3129 4740 audierunt
3151 4689 3346 4755 patres
3376 4686 3560 4741 vestri
3588 4702 3800 4743 vocem

2134 4774 2293 4830 illius
2323 4791 2426 4846 per
2458 4775 2716 4846 Moysen,
2749 4777 2804 4828 et
2834 4774 3106 4829 obdurati
3138 4778 3294 4828 sunt.
3330 4774 3484 4845 Ergo
3514 4780 3653 4829 tunc
3687 4793 3804 4848 per

2133 4881 2455 4936 praconem
2478 4864 2708 4918 locutus
2725 4867 2974 4930 est,cum
2993 4863 3106 4918 Dee
3129 4862 3469 4917 obdurastis
3492 4864 3667 4918 corda
3692 4883 3799 4921 ve-

2134 4958 2273 5008 stra.
2299 4953 2402 5007 Per
2425 4970 2485 5006 se
2507 4968 2662 5006 nunc
2685 4951 2944 5022 loquitur
2967 4970 2980 5007 :
3012 4950 3355 5006 Mollescant
3376 4954 3559 5008 corda
3578 4959 3799 5010 vestra.

2133 5042 2240 5106 Qui
2273 5058 2564 5113 praecones
2595 5046 2730 5096 ante
2777 5041 3068 5107 mittebat,
3114 5040 3241 5112 ipse
3280 5041 3482 5098 venire
3513 5043 3802 5115 dignatus

2132 5137 2237 5187 est.
2275 5133 2383 5186 Ore
2415 5147 2520 5186 suo
2570 5131 2664 5185 hic
2712 5131 2990 5201 loquitur,
3047 5130 3144 5201 qui
3177 5130 3534 5200 loquebatur
3559 5150 3665 5204 per
3692 5151 3799 5190 ora

2132 5221 2569 5292 prophetarum.
2592 5220 2680 5272 Ad
2721 5221 2849 5290 ejus
2887 5236 3106 5285 vocem,
3141 5219 3240 5289 qui
3267 5236 3568 5290 praecones
3605 5221 3797 5288 misit,

2132 5313 2188 5364 et
2216 5325 2373 5365 nunc
2404 5325 2507 5380 per
2536 5325 2598 5364 se
2620 5307 2852 5375 clamat,
2878 5307 3054 5364 nolite
3076 5307 3346 5364 claudere
3367 5309 3549 5364 corda
3573 5319 3794 5366 vestra.
3847 5355 3850 5360 .

2203 5434 2386 5505 (1398)
2419 5433 2743 5488 Desiderari
2794 5433 3028 5489 videtur
3056 5435 3197 5503 alia,
3246 5436 3310 5487 ut
3339 5431 3576 5505 legatur
3597 5452 3615 5488 :
3649 5435 3798 5502 Quia

2128 5509 2206 5587 est
2226 5505 2619 5587 quaedamle
2647 5506 2886 5578 requies,
2913 5505 3139 5564 scilicet
3161 5508 3398 5576 (eterna,
3424 5510 3484 5564 et
3511 5505 3793 5578 caelestis,

2132 5581 2197 5636 ut
2225 5576 2379 5636 intra
2407 5576 2676 5639 habetur.
