4020 6178
202 298 310 357 745

771 296 1185 356 EXPOSlTIO
1228 296 1303 354 ΙΝ
1354 294 1783 355 EPISTULAS
1828 292 2088 353 PAULI.
2118 293 2290 352 —lN
2336 292 2583 354 EPIST.
2633 296 2737 353 AD
2783 294 3016 353 HEBR.

3478 295 3595 354 746

204 427 605 486 Recordamini
632 428 884 500 qualiter
900 427 1527 499 obduratisuntpatres
1560 426 1758 489 vestri,
1784 429 1839 480 et
1868 430 1921 494 Α
1954 424 2030 479 lia
2062 440 2131 478 ne
2162 424 2483 479 obduretur
2536 426 2854 496 quisquam
2904 442 2972 480 ex
3029 424 3215 489 vobis,
3274 426 3599 497 decipiente

204 520 490 591 quomodo
524 535 637 573 non
671 518 1020 572 introierunt
1051 518 1108 571 in
1144 517 1402 586 requiem
1448 517 1795 587 promissam
1825 532 1837 580 ;

202 608 298 662 sed
331 608 631 661 amaricati
658 610 1093 661 murmurantes
1115 611 1315 660 contra
1342 604 1844 675 Deum,perierunt

203 696 257 750 in
290 696 741 751 deserto.Patres
763 694 1133 762 vestrierant,
1168 693 1581 765 quiperierunt
1608 712 1620 759 ;
1667 691 1844 746 nolite

199 784 411 839 imitari
448 800 582 839 eos:
618 788 674 839 et
706 788 900 853 patres
932 783 1106 837 vestri
1140 800 1255 837 non
1279 782 1745 853 erunt,quamvis
1775 781 1845 834 de

200 873 281 928 eis
315 874 432 927 nati
465 874 633 939 sitis;
670 872 919 926 scientes
954 873 1093 943 quia
1128 895 1154 921 «
1178 872 1549 941 Deuspotens
1572 876 1659 925 est
1680 868 1845 923 dela-

203 962 435 1033 pidibus
497 962 749 1015 sucitare
810 961 963 1015 ﬁlios
1019 961 1260 1014 Abrahre
1313 960 1520 1031 (Matth.
1553 977 1673 1024 xm,
1707 960 1782 1029 9).
1818 979 1843 1006 ››

272 1050 701 1121 Quadragintas
722 1050 891 1103 annis
910 1051 1166 1104 offensus
1185 1050 1263 1103 l'ui
1278 1048 1633 1119 generationi
1654 1047 1847 1101 huic.»

204 1138 395 1193 Multis
419 1139 609 1193 modis
632 1154 730 1193 eos
752 1137 1075 1209 castigans;
1098 1138 1419 1209 ipsitamen
1440 1135 1851 1208 sempereorde

205 1232 559 1285 erraverunt.
595 1228 991 1299 Quadraginta
1012 1228 1215 1283 diebus
1240 1227 1522 1281 Dominus
1544 1226 1603 1279 in
1626 1226 1852 1279 deserto

197 1318 501 1390 jejunavit,
539 1321 602 1371 ut
628 1316 1022 1388 triumpharet
1054 1317 1125 1370 de
1155 1332 1242 1379 eo,
1280 1332 1380 1387 per
1411 1331 1584 1385 quem
1609 1312 1692 1367 illi
1717 1329 1857 1382 qua-

205 1406 471 1478 draginta
486 1405 653 1460 annis
680 1408 1411 1460 murmuraveruntcontra
1440 1403 1623 1457 Deum
1658 1401 1717 1455 in
1740 1417 1857 1460 ere.

207 1513 317 1551 mo.
344 1496 673 1565 Postquam
693 1498 1163 1549 consummatam
1199 1495 1257 1547 in
1282 1493 1551 1564 passione
1580 1496 1636 1546 et
1664 1507 1857 1545 resur-

207 1584 458 1638 rectione
482 1588 659 1639 totam
686 1584 941 1637 vietorire
965 1581 1632 1654 gleriam,quadraginta
1654 1580 1860 1634 diebus

204 1674 460 1727 fuitcum
480 1672 1125 1743 discipulis,antequam
1151 1671 1359 1725 ccelum
1375 1666 1861 1726 ascenderet.Pri-

207 1761 315 1816 mis
337 1761 737 1832 quadraginta
770 1761 979 1815 diebus
1000 1761 1385 1815 tentationem
1409 1759 1587 1829 hujus
1609 1756 1863 1829 peregri-

1954 519 2183 584 percato
2208 514 2868 570 inﬁdelitatisAttendis
2883 516 3021 585 quia
3038 514 3380 569 inﬁdelitate
3400 533 3599 587 pecca-

1952 609 2077 657 tum
2115 603 2267 657 facit.
2301 603 2459 657 Sicut
2490 604 2643 658 enim
2695 604 3011 659 inﬁdelitas
3054 604 3374 676 malignam
3418 607 3599 661 vitam

1955 696 2239 764 procreat,
2275 692 2355 747 sic
2383 692 2556 747 etiam
2590 693 2807 763 anima,
2842 711 2975 748 cum
3007 695 3064 747 in
3090 694 3447 765 profundum
3477 711 3602 749 ma-

1957 781 2147 836 lorum
2180 780 2418 847 venerit,
2444 783 2765 836 contemnit
2806 783 2990 853 (Prov.
3040 799 3199 849 xvm,
3232 782 3325 851 3):
3351 786 3607 837 contem-

1959 887 2102 924 nens
2136 874 2353 935 autem,
2389 886 2576 939 neque
2611 870 2843 925 credere
2878 870 3117 941 patitur,
3144 874 3208 924 ut
3239 885 3301 925 se
3335 887 3368 925 a
3395 871 3606 925 timore

1962 960 2169 1013 mortis
2200 963 2489 1029 perpetua:
2515 958 2739 1014 liberet.

2046 1047 2263 1101 Deinde
2296 1048 2471 1101 infert
2498 1046 2811 1118 Apostolus
2833 1064 2844 1101 :
2864 1048 3221 1119 «Participes
3252 1048 3407 1103 enim
3439 1047 3605 1104 Chri-

1964 1136 2037 1190 sti
2070 1136 2257 1190 effecti
2290 1152 2519 1190 sumus.
2552 1154 2575 1186 υ
2617 1137 3043 1207 Partieipamur
3071 1154 3139 1192 ex
3167 1154 3255 1205 eo,
3308 1136 3520 1209 inquit,
3544 1136 3602 1191 id

1968 1230 2078 1291 est,
2094 1241 2279 1279 unum
2302 1225 2437 1279 facti
2460 1241 2666 1279 sumus
2688 1241 2820 1279 cum
2845 1224 3407 1297 illo.Siquidemipse
3430 1229 3607 1298 caput

1965 1318 2073 1380 est,
2107 1319 2163 1367 et
2196 1331 2303 1369 nos
2335 1314 2636 1380 membra;
2670 1313 3018 1384 cohaeredes,
3060 1319 3117 1370 et
3164 1315 3606 1387 concorporales

1966 1402 2072 1469 illi,
2107 1403 2429 1457 secundum
2453 1401 2781 1473 sptritalem
2799 1401 3230 1474 hominem,qui
3269 1409 3498 1460 creatus
3520 1407 3610 1461 est

1968 1492 2027 1545 in
2060 1492 2205 1562 ipso.

2042 1603 2067 1627 «
2104 1580 2162 1634 Si
2194 1585 2390 1633 tamen
2421 1580 2654 1634 initium
2690 1580 3037 1635 substantia:
3068 1581 3195 1650 ejus
3224 1598 3412 1652 usque
3448 1582 3521 1636 ad
3552 1582 3614 1635 ﬁ-

1975 1684 2108 1722 nem
2144 1668 2374 1722 ﬁrmum
2412 1669 2789 1724 retineamus.
2824 1691 2851 1718 »
2894 1669 3043 1732 Quid
3091 1673 3180 1725 est
3212 1670 3448 1725 initium
3480 1670 3615 1725 sub-

1978 1757 2203 1811 stantiae
2223 1756 2250 1810 ?
2285 1757 2480 1811 Fidem
2506 1757 2929 1829 signiﬁcat,per
2949 1774 3126 1829 quam
3149 1759 3617 1829 subsistimus,et

208 1806 315 1816 ⁸⁸⁸⁸⁵¹
339 1806 737 1832 “ι“⁸““⁵““⁵“0¹“⁸“¹“¹”
772 1806 978 1815 “’⁴“¹ν⁸”’“⁴““¹
1006 1806 1385 1815 ‘V""“"V""‘“
1410 1806 1509 1829 ""d
1525 1806 1586 1813 “”“’
1609 1806 1835 1829 1'"'C'_
1979 1806 2201 1811 """""
2231 1806 2242 1810 “
2285 1806 2302 1810 ⁵
2330 1806 2480 1811 ““””’““
2506 1806 2918 1829 “’”Ο’““““’”“⁷Γ“’“
2952 1806 3126 1829 ’1’”“”’““
3149 1806 3616 1829 “⁷““⁷”““““’⁶“““’9““

208 1849 463 1904 nationis
481 1848 735 1904 ostendit
761 1865 772 1901 ε
800 1847 1222 1919 posterioribus
1242 1844 1629 1917 quadraginta
1649 1844 1855 1898 diebus
1895 1806 1941 1869 Β
1975 1846 2089 1901 Deo
2123 1845 2239 1899 nati
2274 1862 2482 1901 sumus
2512 1846 2570 1899 in
2604 1845 2776 1912 ﬁlios,
2810 1850 2866 1900 et
2891 1846 3232 1903 essentiales
3264 1846 3388 1915 ﬁlii,
3423 1853 3488 1902 ut
3534 1847 3616 1902 ita

206 1937 871 2009 consolationem,quam
899 1935 1353 1991 sanctihabituri
1385 1939 1523 1989 sunt
1553 1934 1611 1988 in
1644 1932 1852 2005 patria.

205 2028 430 2100 Corpus
462 2028 619 2083 enim
653 2028 801 2097 ejus,
837 2026 891 2080 id
923 2030 1011 2080 est
1042 2024 1315 2093 Ecclesia,
1350 2041 1582 2079 necesse
1613 2028 1703 2078 est
1734 2026 1855 2077 ten-

203 2119 457 2173 tationes
490 2116 743 2189 patiatur
774 2116 832 2169 in
866 2115 973 2169 hoc
1006 2114 1253 2181 saeculo;
1290 2114 1390 2169 sed
1426 2131 1539 2168 non
1572 2114 1732 2167 deest
1762 2109 1859 2166 ille

204 2205 563 2273 consolator,
597 2206 696 2276 qui
729 2202 911 2258 dixit:
948 2227 975 2255 ‹‹
1026 2204 1187 2270 Ecce,
1235 2219 1339 2274 ego
1397 2202 1696 2257 vobiscum
1726 2216 1858 2255 sum

205 2297 490 2352 omnibus
519 2294 943 2361 diebus,usque
966 2294 1037 2346 ad
1062 2291 1628 2346 consummationem
1662 2287 1857 2344 saeculi

200 2385 425 2456 (Matth.
451 2382 743 2451 xxvuﬂﬁ.)
777 2404 802 2430 ››
839 2381 1267 2451 Quibusjuravi
1292 2378 1859 2452 propterinﬁdelita-

206 2480 319 2529 tem
354 2490 553 2537 suam,
587 2489 703 2525 non
736 2470 1009 2525 introisse
1041 2470 1096 2523 in
1132 2469 1394 2539 requiem
1425 2485 1636 2522 meam.
1672 2465 1859 2536 Loqui

212 2569 412 2628 Deum,
439 2577 721 2632 magnum
747 2564 869 2623 est;
902 2563 1118 2629 quanto
1139 2557 1541 2629 magisjurare
1559 2556 1585 2609 ἱ)
1606 2556 1859 2610 Juratio-

214 2670 345 2707 nem
380 2649 897 2707 conﬁrmationem
932 2647 1057 2701 ﬁeri
1092 2648 1290 2701 voluit.
1324 2646 1619 2717 Perquem
1642 2644 1862 2713 juravit

212 2740 513 2808 Deus,nisi
550 2756 650 2811 per
678 2738 942 2810 seipsum
972 2736 999 2791 ‘I
1028 2736 1151 2791 Non
1185 2735 1341 2791 enim
1374 2734 1549 2789 habet
1579 2734 1859 2802 majorem

214 2847 311 2899 per
342 2845 520 2900 quem
567 2829 744 2898 juret.
797 2827 1067 2898 Seipsum
1121 2826 1428 2879 conﬁrmat
1485 2824 1676 2877 minas
1700 2838 1858 2876 suas.

212 2918 375 2973 Sicut
398 2934 600 2973 verum
636 2921 724 2970 est
746 2915 899 2985 quod
933 2914 1238 2985 promittit,
1255 2913 1336 2967 sic
1356 2916 1577 2965 certum
1600 2916 1687 2964 est
1709 2911 1856 2978 quod

213 3008 494 3062 minatur.
527 3005 773 3070 Juravit,
807 3008 871 3057 ut
903 3019 1015 3056 non
1047 3002 1334 3055 intrarent
1398 3000 1458 3053 in
1490 2999 1749 3071 requiem
1776 2999 1861 3069 ip-

211 3097 334 3152 sius
361 3115 374 3163 ;
410 3102 468 3150 et
502 3100 692 3149 tamen
726 3096 951 3163 oportet
982 3092 1198 3144 intrare
1230 3088 1457 3159 aliquos
1488 3089 1547 3143 in
1599 3087 1859 3159 requiem

1972 1935 2189 1999 dicam,
2222 1935 2357 1988 facti
2389 1951 2619 1989 sumus'
2640 1933 2802 1997 Quod
2837 1934 3284 2006 diligentissime
3309 1936 3616 1990 observan-

1968 2024 2109 2077 dum
2141 2027 2249 2087 est,
2285 2040 2355 2077 ne
2387 2022 2703 2092 cujuslibet
2724 2023 3001 2079 doctrina
3025 2023 3257 2079 macula
3282 2040 3616 2096 corrumpa-

1969 2128 2121 2167 mur.

2040 2201 2258 2256 Deinde
2292 2200 2581 2255 subinfert
2608 2200 2920 2272 Apostolus
2952 2201 3143 2256 adhuc
3173 2203 3244 2257 de
3277 2225 3303 2251 ‹‹
3362 2202 3532 2258 hodie
3582 2226 3607 2257 ι

1970 2291 2195 2345 dicere:
2234 2312 2260 2339 ‹‹
2295 2306 2430 2345 eum
2462 2290 2699 2355 dicitur,
2729 2311 2755 2341 η
2792 2290 3025 2361 inquit:
3068 2314 3087 2339 α
3123 2291 3305 2346 Hodie
3334 2291 3383 2346 si
3413 2308 3612 2348 vocem

1971 2382 2099 2447 ejus
2130 2379 2455 2445 audieritis,
2490 2378 2669 2434 nolite
2700 2380 2986 2435 obdurare
3003 2380 3177 2435 corda
3194 2384 3615 2453 vestra,quem-

1972 2469 2290 2523 admodum
2318 2469 2375 2522 in
2411 2468 2509 2523 illa
2537 2467 2978 2523 exacerbatione
3014 2490 3040 2517 ››
3099 2485 3287 2540 usque
3320 2493 3346 2519 ‹‹
3401 2486 3469 2524 ex
3521 2469 3614 2525 his

1973 2574 2097 2627 qua:
2131 2558 2463 2612 audierunt.
2508 2579 2534 2605 ››
2568 2558 2669 2611 llic
2700 2572 2832 2611 vero
2864 2557 3177 2628 Apostolus
3209 2558 3615 2629 propheticum

1970 2646 2372 2700 testimonium
2396 2646 2572 2700 intrat
2590 2644 2918 2716 explanare,
2935 2647 3089 2716 quod
3106 2647 3375 2717 superius
3398 2647 3615 2719 posuit.

1973 2734 2123 2788 Dixit
2154 2734 2345 2790 enim:
2383 2758 2409 2784 ‹‹
2449 2735 2648 2800 Hodie,
2683 2756 2710 2783 ››
2742 2734 2952 2805 inquit.
2992 2756 3015 2785 α
3050 2735 3097 2789 si
3130 2752 3327 2790 vocem
3358 2736 3486 2807 ejus
3512 2753 3616 2792 au-

1972 2824 2216 2889 dieritis,
2243 2841 2314 2877 ne
2345 2824 2646 2877 obduretis
2678 2825 2852 2877 corda
2873 2828 3065 2878 vestra
3088 2825 3239 2878 sicut
3259 2824 3317 2879 in
3340 2826 3618 2881 amaritu-

1972 2914 2184 2965 dine.»
2249 2915 2508 2976 Quorum
2564 2912 2983 2965 obduratorum
3035 2912 3389 2967 mentionem
3434 2914 3615 2969 iacit?

1972 3001 2173 3055 Nonne
2204 3016 2427 3064 eorum,
2453 3016 2703 3071 quorum
2734 3000 3015 3054 cadavera
3074 3006 3334 3070 prostata
3383 3007 3523 3057 sunt
3552 3003 3612 3058 in

1973 3090 2199 3144 deserto
2221 3088 2248 3142 ?
2278 3090 2436 3152 Quod
2469 3089 2623 3142 enim
2655 3088 2818 3155 dicit,
2850 3088 2965 3143 tale
3004 3095 3103 3144 est
3131 3106 3142 3144 :
3197 3092 3522 3146 Audierunt
3554 3096 3612 3149 et

210 3186 419 3258 ipsius.
454 3184 574 3238 Illis
605 3199 740 3254 ergo
772 3180 1116 3251 reprobatis,
1151 3195 1256 3232 nos
1287 3178 1663 3245 intrabimus,
1726 3178 1864 3248 quia
1893 3167 1935 3232 C
1972 3178 2077 3245 illi,
2112 3178 2321 3248 inquit,
2354 3178 2507 3231 sicut
2535 3182 2590 3231 et
2620 3194 2725 3231 nos
2757 3177 3090 3232 audivimus
3118 3222 3131 3245 ,
3174 3180 3274 3233 sed
3308 3180 3453 3234 nihil
3487 3198 3619 3253 pro-

208 3276 315 3329 etsi
350 3272 539 3343 aliqui
572 3288 639 3326 ex
664 3270 842 3324 ramis
868 3266 1655 3339 propterdissimilitudinem
1688 3271 1745 3320 et
1775 3267 1861 3321 in-

204 3363 557 3418 ﬁdelitatem
592 3358 753 3412 fracti
779 3362 1049 3421 sunt,nos
1073 3361 1306 3427 propter
1330 3355 1501 3410 ﬁdem
1534 3360 1589 3408 et
1620 3355 1862 3409 humili-

204 3456 390 3506 tatem
425 3446 762 3502 inserimur.
793 3445 1068 3515 Sequitur
1097 3444 1251 3498 enim
1284 3443 1603 3499 exhortatio
1630 3449 1862 3515 aposto-

204 3542 321 3596 lica
354 3539 428 3594 ad
466 3536 749 3609 populum
786 3536 856 3589 de
888 3534 1084 3605 requie
1116 3533 1477 3588 introeunda.

278 3627 433 3684 Dicit
458 3625 616 3680 enim
650 3642 662 3678 :
698 3646 725 3673 ‹‹
763 3624 983 3689 Videte,
1020 3624 1242 3693 fratres,
1278 3639 1348 3677 ne
1380 3624 1525 3678 forte
1569 3624 1645 3677 sit
1674 3623 1732 3677 in
1757 3623 1861 3678 ali-

212 3735 328 3791 quo
361 3719 627 3771 vestrum
650 3730 749 3769 cor
771 3712 993 3767 malum
1017 3712 1807 3777 iueredulitatis,discedendi
1831 3730 1863 3767 a

208 3813 320 3863 Deo
353 3806 509 3859 vivo.
548 3826 576 3851 ››
611 3803 835 3874 Quippe
856 3818 924 3856 ex
951 3802 1168 3856 duritia
1189 3800 1503 3856 inﬁdelitas
1526 3802 1789 3857 nascitur
1808 3807 1863 3856 et

202 3896 358 3950 sicut
388 3892 683 3949 obdurata
737 3906 979 3960 corpora
1007 3894 1063 3943 et
1120 3890 1286 3955 dura,
1346 3906 1459 3944 non
1519 3891 1865 3960 obsequitur

206 3985 379 4039 verbo
413 3980 521 4037 Dei
574 3980 778 4050 (1399).
838 3978 893 4031 Si
946 3978 1099 4032 enim
1150 3983 1344 4048 patres
1392 3978 1585 4043 vestri,
1646 3979 1858 4049 inquit,

209 4072 347 4143 quia
381 4088 500 4127 non
532 4071 934 4140 speraverunt,
966 4068 1118 4121 sicut
1149 4068 1449 4138 oportebat
1488 4083 1719 4138 sperare
1744 4067 1863 4122 hme

210 4162 365 4233 passi
400 4164 705 4229 sunt,quae
730 4156 1007 4228 leguntur
1034 4156 1093 4210 in
1118 4156 1558 4226 historia,cujus
1586 4161 1717 4212 ante
1745 4173 1861 4212 me-

215 4251 666 4314 moravimus,et
688 4246 1055 4317 perieruntin
1080 4246 1305 4300 deserto
1331 4250 1566 4316 propter
1588 4246 1862 4301 duritiam

210 4340 401 4396 cordis
430 4358 443 4407 ;
472 4338 663 4393 multo
690 4335 944 4407 amplius
960 4334 1122 4390 vobis
1148 4334 1285 4388 talia
1307 4336 1566 4389 timenda
1585 4336 1861 4391 sunt.sic-

207 4434 269 4484 ut
299 4429 419 4484 illis
448 4427 811 4483 acciderunt.
838 4426 920 4478 Ad
950 4423 1078 4478 illos
1110 4423 1265 4478 enim
1298 4440 1490 4479 sermo
1534 4424 1645 4479 iste
1678 4426 1863 4480 factus

1975 3267 2088 3321 fuit
2116 3266 2233 3321 illis
2265 3283 2457 3320 sermo
2490 3266 2746 3320 auditus.
2782 3266 2905 3321 Non
2940 3282 3075 3338 ergo
3108 3271 3345 3339 putetis,
3379 3270 3516 3341 quia
3548 3288 3618 3326 ex

1974 3356 2178 3410 auditu
2196 3360 2418 3409 tantum
2437 3355 2864 3425 praedicationis
2884 3355 3158 3411 introitus
3175 3357 3249 3411 sit
3266 3359 3335 3412 ad
3354 3360 3617 3430 requiem

1974 3444 2113 3511 Dei;
2150 3445 2289 3514 quia
2319 3448 2374 3499 et
2403 3444 2483 3497 illi
2520 3444 2831 3500 audierunt
2861 3461 2963 3515 per
3001 3449 3234 3517 Moysen
3262 3472 3275 3513 ;
3335 3449 3434 3502 sed
3470 3449 3618 3505 nihil

1976 3532 2243 3587 utilitatis
2274 3550 2341 3587 ex
2370 3534 2573 3587 auditu
2596 3532 2946 3601 habuerunt,
2982 3536 3259 3605 quoniam
3293 3554 3405 3593 non
3439 3539 3623 3594 credi-

1975 3623 2209 3691 derunt,
2244 3638 2347 3676 nec
2381 3638 2571 3677 sermo
2597 3624 2835 3678 auditus
2860 3623 2971 3678 ﬁde
2992 3628 3483 3697 eomtemperatus
3506 3632 3614 3685 est.

1974 3711 2258 3767 Discrevit
2287 3727 2405 3777 eos,
2439 3711 2538 3782 qui
2573 3712 2947 3767 crediderunt
2968 3714 3399 3784 praedicationis
3419 3719 3617 3787 verbo,

1972 3801 2042 3854 ab
2076 3799 2195 3853 illis
2227 3799 2327 3870 qui
2361 3816 2474 3852 non
2507 3799 2898 3854 crediderunt.
2935 3802 3030 3855 Ait
3060 3801 3214 3856 enim
3242 3820 3253 3856 :
3288 3826 3315 3852 «
3353 3804 3463 3859 Sed
3497 3823 3612 3861 non

1971 3889 2247 3943 universi.
2281 3910 2308 3937 »
2344 3887 2515 3943 Caleb
2545 3905 2700 3955 vero,
2734 3894 2791 3943 et
2818 3891 3123 3961 Josue,qui
3161 3908 3273 3946 non
3298 3908 3614 3949 consense-

1972 3982 2108 4031 runt
2140 3977 2493 4043 inﬁdelibus,
2526 3978 2856 4047 effugerunt
2888 3995 3117 4048 poenam
3150 3996 3277 4050 quae
3301 3980 3419 4036 illis
3447 3981 3612 4038 illata

1969 4070 2078 4135 est,
2102 4082 2206 4121 nec
2237 4067 2344 4121 hoc
2373 4065 2562 4120 solum
2590 4066 2707 4121 illis
2735 4068 3017 4122 donatum
3070 4074 3158 4123 est
3204 4075 3450 4127 mortem
3481 4088 3613 4130 eva-

1971 4157 2127 4221 dere,
2160 4172 2277 4227 qua
2304 4156 2491 4211 caeteri
2525 4156 2839 4227 perierunt,
2896 4158 2996 4212 sed
3055 4159 3230 4213 etiam
3290 4161 3492 4217 datum
3527 4167 3616 4219 est

1972 4245 2089 4299 illis
2122 4249 2335 4299 terram
2370 4246 2843 4316 repromissionis
2875 4246 3111 4314 intrare,
3143 4265 3389 4321 eamque
3420 4250 3619 4309 lauda-

1972 4334 2167 4389 biliter
2197 4352 2297 4406 pro
2335 4352 2441 4389 sua
2471 4335 2734 4406 portione
2778 4335 3138 4392 haereditare.
3168 4360 3196 4387 ‹‹
3231 4340 3429 4407 Hodie,
3468 4364 3494 4389 ››
3529 4342 3619 4397 in-

1974 4424 2119 4493 quit,
2158 4447 2183 4471 ‹‹
2217 4422 2265 4477 si
2297 4440 2493 4478 vocem
2538 4424 2666 4493 ejus
2725 4425 3046 4487 audieritis,
3107 4426 3284 4481 nolite
3332 4429 3621 4485 obdurare

207 4524 313 4583 est,
355 4518 459 4590 qui
494 4518 556 4571 in
593 4515 899 4586 prmsentia
930 4515 1184 4579 fuerunt,
1218 4512 1305 4567 vel
1341 4514 1518 4568 futuri
1551 4520 1708 4568 sunt.
1732 4516 1863 4570 Ideo
1897 4538 1943 4601 D
1975 4515 2150 4567 corda
2176 4518 2390 4578 vestra,
2428 4536 2452 4561 ››
2486 4514 2664 4569 Hodie
2695 4514 2851 4568 enim
2884 4531 3115 4585 semper
3143 4521 3249 4571 est.
3294 4517 3407 4572 Nec
3434 4518 3620 4573 obdu-

208 4607 363 4662 dicit.
396 4630 423 4657 ››
490 4605 691 4660 hodie.
728 4628 749 4654 ι
792 4604 971 4658 Hodie
1004 4619 1257 4673 namque
1284 4619 1515 4674 semper
1545 4609 1653 4673 est,
1685 4605 1867 4659 donec

215 4701 443 4751 constat
476 4693 761 4750 mundus.

284 4788 469 4840 Intrat
502 4782 661 4839 enim
698 4783 830 4851 plus
857 4781 1142 4850 dicere,de
1166 4804 1191 4830 ‹‹
1215 4781 1384 4835 hodie
1414 4804 1439 4829 ››
1462 4782 1864 4853 subjungens:

217 4897 241 4923 ‹‹
285 4875 397 4929 Sed
436 4870 1248 4941 adhortaminivosmetipsos
1282 4886 1382 4940 per
1413 4870 1675 4941 singulos
1725 4872 1869 4937 dies,

221 4964 401 5017 donec
434 4961 617 5016 hodie
652 4959 1119 5030 cognominatur,
1145 4964 1207 5011 ut
1236 4976 1347 5013 non
1393 4959 1713 5013 obduretur
1741 4962 1874 5030 quis

223 5066 288 5105 ex
317 5051 485 5106 vobis
521 5047 754 5103 fallacia
786 5046 1023 5118 peccati.
1063 5070 1089 5095 »
1122 5048 1235 5100 Hoc
1267 5052 1355 5101 est
1403 5047 1682 5101 aediﬁcate
1730 5049 1874 5101 invi-

221 5156 368 5207 cem,
404 5136 687 5209 corrigite
717 5152 818 5191 vos
850 5136 1026 5206 ipsos,
1062 5152 1131 5189 ne
1158 5135 1499 5206 contingant
1518 5137 1683 5190 vobis
1716 5136 1876 5190 simi-

294 5301 483 5371 (1399)
520 5297 972 5371 Ambrosjiaster,
1017 5313 1049 5350 a
1081 5312 1194 5366 quo
1253 5295 1583 5371 exemplum
1642 5296 1751 5352 hoc
1802 5298 1883 5353 ita

223 5368 432 5426 habet:
469 5368 517 5425 et
551 5372 695 5424 sicut
724 5368 986 5422 obdurata
1016 5383 1262 5438 corpora,
1297 5371 1341 5420 et
1390 5368 1531 5421 dura
1562 5385 1671 5423 non
1726 5371 1882 5424 obse-

228 5449 478 5512 quuntur
506 5440 770 5496 manibus
801 5440 1152 5512 medicorum,
1184 5440 1262 5493 sic
1290 5442 1339 5493 et
1369 5441 1573 5493 animae
1598 5441 1888 5498 obduratéB

224 5510 331 5570 non
364 5518 749 5588 obsequuntur
803 5510 972 5588 veer
1024 5512 1139 5564 Dei.

291 5580 582 5662 (1400)Ἰῐι
617 5584 746 5641 eod.
810 5584 973 5657 quasi
1010 5580 1165 5653 quod
1199 5585 1483 5655 tanquam
1518 5584 1792 5643 mendam
1823 5601 1892 5644 ex

558 5712 826 5776 PATROL.
871 5706 1195 5774 CXXXIV.

1979 4608 2137 4657 retur
2192 4603 2507 4673 quisquam
2562 4619 2629 4657 ex
2672 4602 2835 4656 vobis
2866 4602 3200 4674 deceptione
3248 4607 3486 4677 peccati,
3521 4612 3624 4664 aut

1980 4693 2315 4764 deceptione
2346 4691 2581 4746 diaboli.
2632 4692 2900 4761 Deceptio
2932 4692 3150 4765 quippe
3180 4699 3269 4749 est
3294 4713 3509 4762 revera,
3560 4702 3625 4752 ut

1983 4781 2127 4835 nihil
2177 4786 2376 4851 speret
2408 4782 2476 4834 de
2510 4782 2995 4850 futuro,putando
3015 4784 3287 4853 quoniam
3312 4786 3382 4839 de
3406 4786 3551 4840 actis
3573 4790 3630 4841 et

1982 4872 2051 4924 de
2083 4871 2247 4924 factis
2280 4869 2656 4939 nostris,quae
2686 4869 2777 4922 hic
2809 4870 3287 4940 agimusmullam
3314 4875 3625 4929 reddemus

1983 4959 2287 5023 rationem,
2322 4958 2438 5012 sive
2470 4959 2605 5029 quia
2632 4959 2976 5015 resurrectio
3010 4961 3170 5015 nulla
3200 4963 3436 5027 erit,seu
3489 4962 3630 5031 quia

1988 5048 2031 5102 si
2052 5050 2301 5117 (l-lOtljiet
2323 5048 2520 5101 ﬁdeles
2534 5052 3129 5113 erant,verumtamen
3148 5050 3215 5104 ad
3227 5050 3337 5104 huc
3381 5050 3628 5104 multam

1990 5137 2340 5191 divotionem
2374 5136 2669 5191 habebant
2700 5137 2851 5192 circa
2882 5138 3138 5210 Moysen.
3192 5139 3254 5193 In
3305 5138 3411 5193 hoc
3451 5138 3629 5193 etiam

1994 5296 2378 5367 sequentibus
2410 5295 2818 5367 corrigendum
2853 5297 3067 5367 putavi.
3106 5296 3185 5349 Ibi
3213 5295 3369 5350 enim
3406 5296 3476 5351 ad
3510 5313 3631 5365 eos,

1996 5386 2142 5438 quos
2174 5368 2340 5421 divus
2368 5367 2587 5439 Paulus
2611 5368 3037 5439 alloquebatur.
3072 5372 3361 5432 Hebraeos,
3418 5368 3637 5425 directa

1998 5440 2178 5494 oratio
2210 5439 2459 5506 videtur,
2495 5438 2615 5510 qui,
2643 5438 2759 5493 etsi
2786 5438 2983 5492 ﬁdeles
3014 5444 3197 5505 erant,
3215 5439 3406 5493 adhuc
3436 5445 3636 5498 tamen

1998 5511 2143 5585 legis
2176 5510 2936 5588 uimisqtenacesnFortasse
2968 5510 3142 5567 etiam
3175 5510 3389 5569 rectius
3424 5512 3639 5588 legere-

1999 5582 2096 5642 tur
2122 5601 2133 5642 :
2164 5599 2260 5641 seu
2284 5584 2380 5657 qui
2407 5584 2511 5641 etsi
2540 5582 2739 5657 ﬁdeles,
2773 5584 2879 5640 etc.

3246 5714 3327 5783 24
