4020 6178
236 303 343 360 749

794 300 1211 362 EXPOSI'I‘IO
1256 300 1332 361 IN
1382 298 1802 361 EPISTOLAS
1848 300 2104 362 PAULl.
2140 332 2216 343 —
2248 298 2323 358 IN
2371 299 2618 361 EPIST.
2665 300 2768 359 AD
2813 299 3049 359 HEBR.

3511 302 3632 363 ’750

235 430 441 487 Volens
470 431 667 502 itaque
696 446 796 487 eos
825 431 897 487 de
922 431 1348 487 resurrectione
1379 431 1688 493 instruere,
1718 434 1775 485 et
1802 431 1873 485 de
1903 440 1950 503 Α
1985 429 2612 500 num,quemjudicem
2636 429 2894 485 habituri
2912 429 3486 487 sumus.Timeamus
3501 433 3631 503 ejus

235 520 423 590 requie
483 521 859 591 sempiterna,
885 543 913 569 ‹‹
970 520 1161 586 hodie,
1192 544 1210 568 ιι
1250 520 1570 589 saepissime
1620 520 1875 589 interpo-

232 608 365 673 suit,
399 613 465 663 ut
496 625 801 678 nunquam
844 610 1223 680 desperarent
1250 626 1312 663 se
1344 609 1682 672 intraturos,
1706 609 1877 679 quasi

234 697 444 752 diceret
475 715 491 750 :
524 697 582 751 Si
616 698 931 768 quisquam
965 696 1287 768 peccaverit
1317 713 1623 768 usquequo
1653 701 1741 751 est
1773 696 1874 750 ho-

233 784 341 853 die,
372 802 537 858 spem
569 785 782 840 habeat
826 785 1173 842 revertendi.
1205 785 1415 841 Nullus
1455 786 1635 858 igitur
1665 786 1874 856 despe-

233 878 333 941 ret,
367 890 673 944 usquequo
704 874 880 929 vivat.

299 961 574 1031 Sequitur
602 977 649 1015 ;‹‹
686 961 1055 1018 Festinemus
1085 980 1220 1034 ergo
1256 963 1479 1035 ingredi
1509 963 1567 1018 in
1596 963 1755 1019 illam
1788 980 1877 1018 re-

233 1051 446 1121 quiem,
471 1055 536 1103 ut
568 1066 638 1115 ne
669 1050 728 1105 in
763 1050 1019 1121 idipsum
1042 1052 1175 1123 quis
1208 1052 1426 1107 incidat
1450 1052 1876 1107 incredulitatis

232 1137 615 1210 exemplum.»
631 1139 839 1211 Magna
857 1141 1095 1208 quidem
1121 1157 1211 1195 res
1233 1145 1322 1195 est
1346 1142 1488 1195 ﬁdes
1508 1146 1565 1196 et
1580 1141 1873 1196 salutaris.

231 1228 360 1281 sine
390 1226 498 1281 hac
530 1243 642 1281 non
676 1233 765 1283 est
794 1228 1001 1283 salvari
1049 1228 1329 1300 possibile
1381 1229 1580 1299 alicui,
1612 1228 1764 1284 sicut
1793 1228 1878 1282 di-

232 1322 385 1371 ctum
418 1321 506 1370 est
533 1331 544 1372 ξ
570 1317 709 1388 quia
732 1339 759 1367 «
792 1317 920 1373 siue
961 1317 1073 1372 ﬁde
1119 1317 1486 1388 impossibile
1534 1322 1622 1372 est
1651 1316 1878 1387 placere

232 1405 340 1460 Deo
380 1405 565 1475 (Hebr.
601 1422 681 1469 xi,
721 1406 831 1474 6).»
868 1405 1117 1461 Proinde
1146 1406 1322 1461 etiam
1355 1404 1569 1460 Paulus
1601 1408 1878 1461 admonet
1911 1450 1921 1461 .

231 1510 326 1549 eos
347 1494 447 1565 qui
469 1494 527 1548 in
550 1493 950 1565 dignationem
977 1494 1388 1563 mysteriorum
1410 1495 1632 1566 suscipi
1656 1510 1877 1551 merue-

231 1583 586 1652 runt(1405),
609 1582 809 1636 dicens
835 1599 880 1636 ;ιι
910 1582 1276 1637 Ιπυινίξηθωυε
1307 1583 1531 1654 ingredi
1567 1583 1626 1637 in
1655 1582 1869 1638 illam.»

233 1671 616 1736 Festinemus,
642 1669 852 1741 inquit,
879 1672 1156 1741 quoniam
1182 1688 1298 1725 non
1324 1671 1542 1725 sufﬁcit
1566 1671 1744 1738 ﬁdes;
1773 1674 1874 1726 sed

232 1760 397 1814 debet
419 1759 554 1814 addi
577 1763 632 1814 et
648 1759 766 1813 vita
788 1759 919 1814 ﬁdei
938 1760 1311 1831 condigna,et
1332 1759 1583 1815 multum
1608 1759 1872 1815 studium

230 1848 400 1903 debet
440 1848 727 1918 adhiberi,
761 1865 831 1902 ne
864 1848 1007 1903 ﬁdes
1038 1848 1115 1903 sit
1146 1849 1355 1904 otiosa.
1381 1848 1441 1902 Si
1471 1848 1630 1903 enim
1660 1853 1875 1903 terram

230 1938 444 1992 intrare
464 1936 550 1990 illi
573 1954 688 1992 non
712 1936 1183 2008 meruerunt,qui
1208 1938 1472 1992 fornicati
1494 1944 1633 1992 sunt
1649 1942 1705 1992 et
1726 1954 1882 1991 mur-

232 2031 609 2081 muraverunt
640 2031 843 2081 contra
863 2026 1070 2093 Deum,
1087 2027 1378 2097 quomodo
1402 2043 1506 2081 nos
1529 2026 1739 2081 caelum
1765 2042 1880 2081 me-

231 2116 491 2170 rebimur
534 2115 773 2181 intrare,
805 2115 1206 2169 indifferenter
1234 2115 1513 2179 viventes,
1537 2116 1691 2170 sicut
1741 2131 1878 2186 gen-

232 2203 356 2259 tes?
374 2203 532 2275 Opus
554 2208 643 2257 est
665 2202 877 2274 quippe
899 2202 1056 2257 omni
1080 2202 1295 2258 volenti
1319 2203 1529 2258 coelum
1558 2204 1876 2276 possidere,

230 2292 404 2347 ﬁdem
436 2291 710 2362 operibus
729 2291 902 2347 bonis
933 2307 1158 2346 ornare.
1182 2292 1299 2347 Nec
1322 2292 1428 2347 hoc
1456 2291 1647 2348 solum
1677 2292 1878 2348 damni

232 2382 406 2437 habet
435 2380 587 2435 male
614 2382 1008 2452 vivens,quod
1040 2398 1156 2436 non
1188 2382 1369 2436 intrat
1394 2382 1452 2435 in
1486 2398 1728 2452 regnum
1759 2382 1876 2447 Dei,

230 2487 429 2526 verum
462 2470 660 2536 etiam,
685 2470 838 2540 quod
867 2470 1107 2540 majoris
1138 2476 1228 2525 est
1258 2471 1521 2536 terroris,
1544 2488 1724 2541 poenis
1749 2488 1877 2543 per-

230 2564 415 2631 petua:
443 2558 830 2629 mancipatur.
858 2558 989 2613 Ideo
1012 2559 1239 2614 addidit
1263 2576 1313 2612 ;‹‹
1342 2559 1415 2614 Ut
1437 2576 1506 2614 ne
1536 2559 1593 2613 in
1616 2559 1877 2631 idipsum

231 2648 364 2718 quis
394 2646 614 2702 incidat
643 2646 1070 2702 incredulitatis
1100 2646 1454 2719 exemplum.
1479 2670 1507 2699 »
1542 2649 1757 2703 Eorum
1787 2650 1873 2703 in-

229 2737 425 2804 teritu,
450 2736 551 2807 qui
598 2736 896 2807 perierunt
926 2736 985 2791 in
1015 2736 1268 2804 deserto,
1296 2738 1504 2792 terruit
1550 2738 1875 2804 audientes,

230 2841 303 2879 ne
333 2826 393 2879 in
424 2825 658 2897 illorum
691 2824 1357 2899 inciderentjudicium,
1381 2827 1551 2897 quasi
1583 2827 1828 2882 dixisset
1860 2844 1872 2881 :

230 2914 597 2968 Sufﬁcienter
616 2930 684 2968 ex
709 2913 1049 2983 parentibus
1069 2912 1285 2967 nostris
1307 2914 1606 2980 docemur,
1633 2931 1703 2968 ne
1734 2914 1783 2969 si
1814 2914 1875 2967 in

229 3002 448 3058 similia
476 3002 829 3069 incidamus,
852 3002 1055 3056 eadem
1097 3001 1412 3072 patiamur,
1437 3018 1562 3071 quas
1604 3000 1685 3055 illi
1719 3000 1877 3071 passi

227 3095 396 3158 sunt;
430 3094 539 3147 hoc
568 3095 656 3146 est
686 3093 743 3144 in
778 3089 1034 3161 idipsum
1067 3089 1396 3160 exemplum
1428 3088 1808 3145 inﬁdelitatis.

1907 1808 1956 1871 B

1988 520 2388 589 praesentiam,
2421 520 2591 588 cuius
2639 520 2943 574 scientiam
2994 518 3333 574 nullatenus
3379 522 3633 593 effugere

1986 607 2267 662 valemus.
2297 609 2455 661 Unde
2485 614 2541 663 et
2571 608 2795 663 addidit
2829 625 2895 663 :«
2916 609 3000 663 Et
3034 614 3125 664 est
3161 609 3447 664 discretor
3476 610 3633 682 cogi-

1987 698 2279 751 tationum
2311 702 2367 750 et
2397 696 2790 751 intentionum
2822 698 3034 752 cordis.
3065 718 3093 747 »
3131 697 3448 770 Distinguit
3475 698 3636 754 enim

1988 785 2089 839 Dei
2139 802 2331 840 sermo
2364 801 2677 857 compages
2723 791 2780 840 et
2828 785 3139 852 medullas,
3173 786 3312 857 quia
3357 786 3639 843 discernit

1987 875 2369 945 cogitationes
2422 878 2480 928 et
2525 872 2879 929 intentiones
2927 874 3141 929 cordis.
3170 879 3278 930 Per
3324 891 3636 948 compages

1988 963 2204 1034 quippe
2235 962 2472 1017 ossibus
2519 978 2656 1017 ossa
2695 963 3055 1034 junguntur.
3087 963 3157 1017 Et
3185 978 3337 1036 saepe
3367 964 3636 1036 quaedam

1986 1053 2129 1106 dum
2188 1056 2342 1106 recta
2391 1050 2740 1122 cogitatione
2797 1050 3050 1123 agimus,
3077 1052 3271 1108 subito
3327 1053 3388 1108 in
3442 1051 3635 1109 laudis

1988 1156 2245 1195 amorem
2274 1139 2663 1209 declinamus,
2686 1145 2861 1211 atque
2888 1141 2997 1196 hoc
3025 1157 3128 1211 pro
3159 1141 3332 1197 laude
3360 1142 3634 1210 facimus,

1987 1230 2142 1300 quod
2175 1230 2337 1299 prius
2367 1231 2555 1284 facere
2587 1245 2690 1299 pro
2720 1229 2960 1284 veritate
2986 1246 3369 1301 coeperamus.
3396 1232 3466 1285 Et
3498 1231 3661 1303 quia,

1986 1318 2371 1389 cogitationes
2389 1318 2845 1389 cogitationibus
2861 1318 3286 1390 adjunguntur,
3300 1320 3470 1390 quasi
3487 1336 3640 1391 que-

1986 1407 2122 1461 dam
2169 1407 2229 1461 in
2273 1406 2481 1478 spiritu
2514 1423 2826 1477 compages
2858 1406 3028 1461 ﬁunt.
3056 1408 3166 1462 Sed
3211 1407 3431 1463 habent
3477 1425 3633 1476 ossa,

1987 1512 2115 1567 quae
2148 1494 2206 1550 in
2230 1511 2511 1566 compage
2528 1497 2736 1566 juncta
2757 1501 2919 1562 sunt,
2940 1495 3116 1551 etiam
3139 1494 3450 1552 medullas.
3473 1496 3637 1559 Quod

1984 1584 2328 1656 praedicator
2355 1587 2595 1638 sanctus
2615 1583 2874 1650 apertius
2901 1582 3122 1653 intulit,
3146 1600 3281 1639 cum
3301 1584 3637 1657 subjuugit:

1986 1696 2012 1723 ‹‹
2045 1674 2114 1727 Et
2142 1679 2232 1728 est
2261 1672 2545 1727 discretor
2569 1672 2988 1744 cogitationum
3012 1677 3069 1727 et
3096 1672 3490 1729 intentionum
3521 1689 3642 1728 cor-

1984 1760 2099 1815 dis.
2126 1782 2153 1809 »
2192 1761 2513 1832 Compages
2564 1759 2721 1814 enim
2775 1763 2987 1814 nostra
3033 1759 3414 1831 cogitationes
3462 1765 3637 1829 sunt;

1991 1848 2259 1905 medullas
2289 1853 2508 1914 autem,
2538 1848 2911 1903 intentiones.
2942 1848 3013 1903 Et
3051 1864 3200 1919 saepe
3231 1847 3388 1903 aliud
3420 1849 3638 1921 cogita-

1991 1956 2145 2004 mus,
2169 1943 2346 2007 atque
2376 1936 2535 1992 aliud
2567 1942 2656 1992 est
2685 1938 2841 2008 quod
2873 1953 2977 2008 per
3001 1936 3414 2008 cogitationem
3443 1937 3633 1992 inten-

1990 2027 2206 2083 dimus.
2240 2028 2385 2081 Nam
2419 2026 2467 2081 si
2502 2027 2636 2097 quis
2666 2042 2771 2097 pro
2804 2041 3115 2080 munerum
3148 2026 3405 2097 praemio,
3428 2025 3637 2098 pupilli

1986 2116 2075 2171 vel
2106 2116 2290 2170 viduae
2324 2132 2562 2171 causam
2610 2115 2906 2183 defendat,
2930 2117 2988 2168 et
3030 2115 3275 2170 fortasse
3318 2115 3635 2171 Eeclesiam

1987 2204 2345 2276 ingrediens,
2377 2204 2435 2258 in
2468 2203 2594 2258 suis
2644 2202 2913 2274 precibus
2952 2207 3066 2258 Deo
3100 2202 3255 2258 dicat
3286 2219 3299 2257 :
3334 2203 3421 2257 Tu
3452 2202 3635 2272 vides,

1988 2293 2129 2363 quia
2158 2309 2397 2348 causam
2429 2290 2638 2363 pupilli
2669 2295 2727 2346 et
2766 2291 2953 2345 viduae
2986 2291 3264 2356 defendo;
3294 2290 3407 2347 iste
3436 2290 3639 2363 procul

1989 2382 2165 2436 dubio
2196 2382 2350 2452 quod
2384 2380 2623 2453 cogitat,
2656 2379 2786 2446 scit,
2820 2380 2922 2435 sed
2954 2396 3069 2450 quo
3100 2379 3366 2435 intendat
3393 2382 3522 2452 ejus
3553 2396 3643 2435 co-

1987 2469 2216 2540 gitatio,
2248 2468 2500 2542 ignorat.
2524 2467 2697 2523 Aliud
2730 2468 2948 2539 quippe
2990 2468 3227 2539 cogitat,
3258 2472 3433 2539 atque
3480 2469 3639 2524 aliud

1987 2558 2261 2612 intendit.
2296 2557 2422 2615 Non
2453 2557 2610 2612 enim
2645 2557 3041 2612 defensionem
3073 2556 3282 2627 pupilli
3314 2556 3403 2612 vel
3431 2557 3640 2628 viduas,

1987 2649 2089 2702 sed
2124 2647 2451 2701 mercedem
2485 2660 2866 2700 nummorum
2892 2645 3119 2716 quaerit.
3143 2644 3292 2700 Nam
3322 2644 3461 2701 tolle
3490 2651 3640 2701 tem-

1988 2734 2185 2807 porale
2216 2735 2549 2806 praemium,
2575 2739 2631 2789 et
2659 2732 2951 2805 pupillum
3000 2750 3067 2789 ac
3112 2733 3349 2789 viduam
3391 2751 3507 2790 non
3539 2735 3638 2791 de-

1986 2826 2201 2879 fendet.
2229 2830 2429 2877 Sermo
2476 2822 2677 2893 itaque
2716 2822 2818 2877 Dei
2866 2822 3150 2878 discretor
3197 2828 3289 2878 est
3334 2823 3635 2895 cogitatio-

1987 2929 2128 2966 num
2161 2917 2217 2966 et
2247 2910 2638 2965 intentionum
2673 2910 2894 2977 cordis;
2925 2909 3065 2980 quia
3095 2927 3209 2965 non
3240 2911 3451 2982 aspicit
3479 2913 3635 2983 quod

1987 3000 2140 3072 apud
2174 2999 2555 3069 semetipsum
2585 2997 2817 3069 cogitat,
2853 2999 2953 3053 sed
2990 3014 3096 3069 per
3129 2998 3448 3055 medullam
3475 3016 3635 3055 com-

1986 3088 2175 3161 pagis,
2207 3087 2267 3142 id
2306 3092 2416 3151 est,
2448 3103 2550 3157 per
2595 3086 2981 3141 intentionem
3031 3088 3399 3158 cogitationis
3446 3093 3636 3145 totum

300 3180 519 3235 Deinde
553 3185 618 3233 ut
644 3178 925 3247 majorem
951 3178 1333 3248 peccantibus
1362 3177 1647 3233 incuteret
1677 3179 1875 3233 formi-
1906 3170 1949 3237 C
1989 3180 2258 3249 penetrat
2309 3174 2630 3230 hominem.
2662 3173 2776 3229 Nec
2823 3176 3040 3230 mirum
3090 3175 3139 3231 si
3187 3181 3344 3231 totus
3391 3178 3633 3250 ubique,

226 3269 449 3339 dinem,
484 3267 790 3338 subjungit
824 3283 837 3323 ;
864 3288 891 3316 ‹‹
922 3267 1093 3321 Vivus
1122 3270 1212 3320 est
1254 3266 1410 3321 enim
1442 3267 1544 3321 Dei
1574 3284 1788 3333 sermo,
1820 3274 1878 3323 et

223 3359 455 3422 efﬁcax,
485 3360 542 3411 et
573 3354 985 3426 penetrabilior
1014 3354 1174 3409 omni
1204 3354 1397 3426 gladio
1427 3355 1687 3427 ancipiti.
1714 3379 1741 3405 n
1772 3357 1877 3413 Hic

220 3448 595 3502 demonstrat
625 3443 903 3515 quoniam
929 3449 986 3497 et
1013 3442 1113 3497 illa
1144 3444 1298 3498 idem
1329 3444 1456 3516 ipse
1485 3451 1758 3516 operatus
1789 3451 1880 3501 est

222 3544 285 3592 et
303 3534 524 3600 vivit,et
544 3550 659 3589 non
677 3532 1086 3603 exstinctus,et
1104 3534 1363 3588 ostendit
1383 3535 1657 3590 eumdem
1682 3536 1876 3606 ipsum

224 3641 336 3680 nos
360 3622 977 3693 haberejudicem,qui
1003 3621 1133 3677 illos
1157 3627 1391 3693 propter
1408 3622 1876 3679 incredulitatem

227 3730 435 3770 eorum
457 3710 934 3766 damnavit.Dixit
953 3709 1111 3764 enim
1130 3726 1181 3764 ζα
1201 3709 1374 3767 Vivus
1393 3717 1482 3767 est
1501 3728 1694 3767 sermo
1717 3713 1877 3769 Dei.»

226 3808 433 3858 Sermo
475 3800 594 3866 Dei,
620 3798 799 3855 Filius
831 3803 919 3853 est
950 3798 1071 3868 Dei,
1096 3800 1196 3870 qui
1228 3800 1297 3853 de
1336 3817 1397 3854 se
1441 3800 1568 3870 ipso
1599 3801 1680 3856 ait
1712 3817 1724 3855 :
1755 3824 1782 3851 «
1819 3802 1879 3857 Si

228 3892 366 3963 quis
389 3905 719 3945 sermonem
743 3904 939 3942 meum
962 3887 1296 3953 servaverit,
1322 3895 1565 3943 mortem
1589 3906 1707 3944 non
1728 3891 1882 3947 vide-

228 3983 321 4036 bit
352 3981 411 4034 in
441 3984 724 4032 aeternum
749 3978 926 4047 (Joun.
950 3993 1077 4043 vm,
1100 3976 1211 4045 31).
1240 3996 1267 4023 ››
1293 3975 1457 4030 Sicut
1485 3976 1590 4043 illi,
1614 3977 1660 4033 si
1694 3996 1882 4035 serva-

225 4074 363 4125 rent
393 4082 724 4123 sermonem
755 4065 877 4130 Dei,
903 4064 1178 4131 viverent,
1203 4069 1535 4135 terramquc
1566 4069 1879 4138 repromis-

224 4157 417 4214 sionis
448 4156 754 4223 intrarent,
778 4153 863 4206 sic
884 4156 940 4205 et
969 4167 1096 4219 nos,
1131 4151 1179 4206 si
1210 4153 1635 4209 servaverimus
1668 4173 1885 4212 sermo-

227 4262 369 4301 nem
400 4244 549 4313 ejus,
572 4241 857 4309 vivemus,
894 4239 1275 4309 requiemque
1309 4237 1605 4295 coelestem
1637 4240 1881 4297 intrabi-

223 4351 388 4389 mus.
417 4354 442 4385 a
463 4331 639 4385 Vivus
670 4334 761 4384 est
791 4328 944 4383 enim
970 4327 1070 4382 Dei
1094 4343 1285 4382 sermo
1308 4332 1366 4381 et
1386 4328 1608 4397 efﬁcax,
1633 4334 1687 4383 et
1715 4346 1884 4401 pene-

221 4422 505 4478 trabilior
527 4418 687 4474 omni
710 4416 903 4489 gladio
925 4415 1186 4487 ancipiti.
1210 4439 1228 4464 ι
1251 4415 1497 4471 Gladius
1514 4416 1670 4472 enim
1692 4424 1887 4489 potest

1985 3271 2166 3320 totam
2200 3281 2369 3319 suam
2403 3263 2669 3335 agnoscit
2716 3268 3067 3334 creaturam,
3101 3263 3219 3320 sive
3248 3265 3633 3337 spiritualem,
3696 3294 3710 3313 κ

1987 3354 2105 3409 sive
2135 3352 2526 3424 corporalem;
2559 3352 2700 3423 quia
2728 3350 2875 3406 nihil
2915 3353 3072 3423 quod
3103 3353 3322 3409 factum
3370 3360 3483 3423 est,
3508 3355 3636 3412 sine

1986 3460 2052 3498 eo
2086 3444 2304 3497 factum
2336 3446 2425 3496 est
2458 3442 2633 3511 (Joan.
2666 3458 2704 3507 ι,
2737 3442 2813 3512 3).

2057 3532 2189 3587 Ideo
2221 3531 2448 3585 addidit
2478 3546 2525 3584 ;‹‹
2544 3529 2659 3585 Nec
2688 3535 2777 3585 est
2799 3528 2917 3584 ulla
2937 3536 3203 3587 creatura
3232 3532 3545 3591 invisibilis
3574 3536 3635 3591 in

1988 3625 2300 3692 conspectu
2334 3619 2521 3689 ejus.»
2550 3619 2695 3674 Hinc
2724 3635 2823 3674 eos
2854 3619 3108 3675 maxime
3137 3623 3363 3688 terruit,
3388 3639 3460 3679 ne
3488 3624 3636 3681 forte

1988 3709 2200 3775 adhuc,
2228 3708 2438 3779 inquit,
2464 3708 2523 3761 in
2554 3708 2667 3762 ﬁde
2697 3712 2941 3777 stantes,
2964 3726 3079 3764 non
3113 3726 3246 3765 cum
3282 3711 3511 3783 integra
3538 3730 3633 3769 sa-

1986 3797 2319 3854 tisfactione
2364 3796 2708 3867 perﬁcerent
2736 3796 2869 3850 ﬁdei
2907 3814 3111 3867 opera:
3158 3799 3297 3868 quia
3327 3800 3471 3872 ipse,
3504 3820 3631 3873 quae

1990 3888 2046 3940 in
2077 3885 2252 3941 corde
2293 3890 2451 3951 sunt,
2476 3883 2754 3938 discernit
2781 3901 2795 3938 :
2828 3882 2909 3937 ibi
2939 3886 3253 3953 examinat,
3288 3888 3387 3942 ubi
3437 3891 3631 3946 consi-

1962 3975 2177 4038 ,derat,
2211 3971 2458 4026 reddens
2489 3971 2805 4041 unicuique
2842 3973 3167 4027 secundum
3201 3991 3376 4045 opera
3405 3994 3529 4032 sua.

2068 4083 2090 4112 ι
2127 4058 2335 4115 Omnia
2366 4064 2561 4113 autem
2588 4059 2745 4113 nuda
2775 4064 2832 4113 et
2850 4066 3051 4130 aperta
3071 4067 3212 4117 sunt
3240 4063 3424 4120 oculis
3454 4068 3640 4137 ejus.»

1992 4152 2154 4221 Saepe
2184 4149 2245 4202 in
2276 4146 2541 4202 exteriori
2573 4163 2746 4218 opere
2768 4154 2901 4203 ante
2931 4148 3131 4205 oculos
3154 4150 3458 4209 hominum
3484 4157 3646 4213 inor-

1994 4239 2183 4293 dinati
2215 4252 2495 4308 apparere
2541 4237 2890 4306 metuimus;
2926 4243 2984 4292 et
3029 4237 3087 4292 in
3132 4239 3394 4296 interiori
3425 4246 3645 4317 cogita-

1994 4328 2174 4395 tione,
2201 4325 2362 4381 illius
2394 4330 2722 4396 respectum
2748 4342 2863 4380 non
2892 4326 3235 4395 metuimus,
3260 4346 3434 4400 quem
3456 4333 3648 4389 viden-

1994 4424 2111 4473 tem
2143 4416 2343 4471 omnia
2376 4432 2489 4469 non
2522 4415 2809 4469 videmus.
2834 4414 3014 4470 Multo
3038 4416 3192 4471 enim
3226 4420 3414 4490 magis
3446 4420 3649 4477 intrin-

223 4511 501 4567 membra
531 4507 788 4563 dividere
818 4522 852 4560 a
882 4520 1146 4576 corpore,
1171 4508 1228 4558 et
1254 4510 1557 4575 penetrare
1578 4512 1800 4562 secreta
1829 4512 1888 4563 et
1920 4538 1966 4601 Β
1999 4521 2168 4561 secus
2199 4503 2339 4571 Deo,
2363 4519 2543 4574 quam
2582 4502 2943 4558 extrinsecus
2976 4504 3316 4561 hominibus
3346 4511 3647 4581 conspica-

220 4598 579 4658 abscondita
615 4596 838 4662 carnis;
872 4595 973 4650 sed
1024 4611 1090 4648 eo
1142 4593 1325 4648 multo
1360 4595 1774 4664 penetrabilior
1800 4602 1891 4652 est

222 4706 429 4746 sermo
454 4688 572 4754 Dei,
590 4709 617 4737 ‹‹
642 4684 983 4757 pertingens
1007 4699 1194 4753 usque
1217 4682 1287 4736 ad
1310 4682 1656 4739 divisionem
1681 4686 1888 4741 animas

222 4795 299 4835 ac
323 4778 592 4849 spiritus,
611 4788 1101 4845 compagumque,
1117 4775 1173 4825 et
1194 4770 1609 4829 medullarum.
1630 4796 1657 4822 »
1680 4774 1891 4830 Anima

222 4864 728 4936 vivimus,spiritu
751 4858 1280 4933 intelligimus,vita
1299 4861 1468 4915 nobis
1486 4862 1736 4918 carnalis
1753 4880 1888 4918 cum

218 4956 442 5012 bestiis
473 4952 805 5009 communis
830 4954 948 5017 est;
982 4949 1126 5003 ratio
1158 4947 1440 5019 spiritalis
1475 4966 1608 5003 cum
1642 4950 1884 5023 angelis.

218 5047 379 5101 Tam
408 5044 613 5098 efﬁcax
638 5047 728 5097 est
750 5039 1040 5112 judicium
1069 5037 1189 5103 Dei,
1217 5042 1277 5090 ut
1309 5038 1603 5093 discernat
1632 5040 1890 5095 carnalia

221 5139 474 5207 peccata
503 5138 559 5188 et
590 5129 899 5202 spiritalia,
927 5127 1062 5198 quis
1093 5143 1207 5197 quo
1240 5131 1373 5197 agat
1403 5128 1621 5196 animo,
1655 5128 1741 5183 vel
1774 5146 1889 5199 quo

219 5222 527 5278 desiderio
549 5221 764 5276 serviat
786 5221 843 5273 in
868 5218 1037 5272 corde
1063 5233 1075 5271 :
1103 5221 1222 5270 tam
1252 5215 1631 5287 penetrabilis
1653 5223 1742 5271 est
1764 5219 1892 5288 ejus

219 5310 585 5376 intuitus,ut
598 5307 796 5365 omnia
812 5312 1169 5377 nostra,quaa
1190 5304 1422 5376 agimus
1435 5303 1522 5360 vel
1543 5305 1893 5378 cogitamus,

219 5401 455 5457 certius
478 5402 791 5471 cognoscat
825 5412 1002 5468 quam
1034 5412 1139 5450 nos
1174 5394 1306 5465 ipsi.
1339 5393 1509 5448 Illum
1533 5411 1761 5466 semper
1790 5396 1893 5451 ha-

222 5492 453 5547 bemus
468 5486 871 5545 testimonium
886 5489 1125 5540 actuum
1144 5488 1477 5537 nostrorum
1492 5481 1580 5538 vel
1598 5483 1895 5556 cogitatio-

2001 4593 2148 4649 biles
2178 4610 2407 4648 sumus.
2442 4592 2602 4647 Unde
2631 4586 2817 4647 sancti
2850 4608 3055 4648 omnes
3084 4593 3223 4649 foris
3254 4611 3337 4668 se,
3371 4597 3649 4672 intusque

2001 4681 2585 4752 circumspiciunt,et
2612 4679 2701 4734 vel
2750 4681 3226 4751 reprehendendo
3264 4701 3328 4740 se
3369 4689 3645 4758 exterius,

2000 4771 2087 4826 vel
2120 4772 2179 4826 iu
2210 4786 2325 4840 quo
2348 4786 2409 4824 se
2440 4768 2687 4823 interius
2717 4768 2897 4823 videri
2929 4769 3297 4828 invisibiliter
3327 4774 3551 4832 timent.
3578 4778 3649 4833 Et

2003 4860 2158 4930 quod
2190 4858 2441 4912 dicimus
2479 4858 2548 4910 de
2590 4856 2950 4926 hominibus,
2982 4876 3048 4914 ac
3094 4861 3143 4915 si
3194 4862 3434 4934 angelos
3465 4866 3648 4929 dicas,

2001 4965 2067 5002 ac
2100 4947 2146 5002 si
2181 4944 2562 5017 archangelos
2592 4946 2773 5015 dicas,
2800 4962 2867 5001 ac
2896 4948 2943 5001 si
2976 4949 3292 5017 Cherubin,
3318 4970 3383 5007 ac
3414 4953 3462 5007 si
3488 4959 3651 5008 Sera-

2004 5036 2189 5109 phim,
2222 5034 2423 5105 sicque
2469 5032 2643 5088 aliam
2700 5034 3026 5105 quamlibet
3072 5045 3420 5108 creaturam,
3453 5041 3652 5096 omnia

2002 5124 2256 5179 revelata
2306 5129 2447 5178 sunt
2494 5122 2680 5177 oculis
2729 5123 2908 5192 illius,
2932 5126 3130 5181 omnia
3179 5131 3320 5181 sunt
3369 5133 3568 5198 aperta
3595 5132 3653 5183 et

2006 5213 2336 5278 manifesta,
2360 5228 2465 5266 nec
2487 5216 2575 5266 est
2603 5212 2757 5282 quod
2780 5229 2915 5267 eum
2945 5214 3133 5285 possit
3162 5213 3368 5270 latere.
3395 5236 3423 5264 «
3442 5214 3654 5273 Omnia

2006 5302 2183 5371 nuda,
2217 5306 2273 5356 et
2323 5304 2522 5372 aperta
2552 5299 2737 5355 oculis
2768 5302 2896 5372 ejus
2943 5306 3103 5372 sunt,
3137 5301 3209 5356 ad
3258 5318 3433 5371 quem
3483 5304 3653 5362 nobis

2005 5407 2195 5446 sermo
2218 5395 2306 5445 est
2330 5407 2380 5445 :»
2403 5389 2512 5445 hoc
2540 5394 2651 5457 est,
2675 5388 2789 5461 ipsi
2815 5389 3098 5444 reddituri
3128 5407 3336 5446 sumus
3367 5392 3652 5452 rationem

2006 5484 2248 5536 actuum
2282 5484 2642 5535 nostrorum.

325 5596 516 5683 (1405)
546 5597 609 5655 In
637 5591 1052 5653 Ambrosiastri
1081 5588 1381 5649 codicibus
1411 5588 1534 5649 hac
1564 5591 1849 5669 expositio
1879 5591 1961 5650 ita
1982 5590 2140 5673 jacet
2170 5604 2183 5645 :
2215 5588 2315 5669 qui
2340 5586 2503 5671 digne
2534 5586 2909 5660 ministerium
2927 5587 3202 5667 suscipere
3229 5596 3580 5656 meruerunt.
