4044 6180
465 311 568 382 751

1485 321 1821 379 AT'I‘QNIS
1869 320 2447 380 VERCELLENSIS
2499 321 2848 383 EPISCOPI

3751 325 3876 386 ’152

535 476 564 504 (ι
593 454 878 508 Habentes
917 469 1022 525 ego
1072 454 1402 525 pontiﬁcem
1459 470 1758 520 magnum,
1795 452 1892 521 qui
1929 469 2097 521 penc-
2130 458 2178 520 Α
2213 469 2466 522 agnosce
2498 460 2551 508 et
2585 459 2642 508 tu
2682 454 2955 508 similem.
2990 455 3114 510 Non
3149 455 3284 510 inde
3314 455 3689 517 dissimilem,
3720 456 3879 510 unde

461 542 632 598 travit
661 541 856 607 caelos,
889 542 1091 597 Jesum
1127 541 1333 596 Filium
1372 541 1486 595 Dei.
1515 564 1540 589 ››
1567 541 1741 594 Paulo
1775 541 1928 608 enim
1971 545 2102 594 ante

457 632 527 685 de
559 631 862 686 divinitate
901 632 1028 701 ejus
1074 631 1389 697 disserens,
1413 631 1496 684 ait
1519 645 1567 684 τοι
1602 629 1811 684 Omnia
1844 630 2018 696 nuda,
2048 633 2104 682 et

455 723 657 791 aperta
702 724 844 774 sunt
893 719 1077 774 oculis
1123 719 1250 788 ejus
1285 735 1298 772 :
1331 742 1357 768 »
1391 735 1545 772 nunc
1594 723 1809 786 autem,
1844 718 1982 788 quia
2031 717 2100 772 de

455 824 629 864 carne
675 809 954 880 loquitur,
989 809 1058 863 de
1113 808 1384 880 pontiﬁce
1433 808 1696 878 disputat
1745 806 1924 875 illius,
1961 805 2100 877 quia

453 897 835 968 semetipsum
872 897 1147 952 offerebat
1178 901 1386 952 nostrae
1415 913 1592 951 causa
1623 895 1848 962 salutis,
1874 900 1929 950 et
1959 912 2097 966 quo-

456 986 628 1041 modo
653 986 841 1057 primo
873 987 1135 1041 omnium
1169 987 1448 1042 intrasset
1481 985 1537 1038 in
1569 985 1887 1055 requiem.«
1912 985 2093 1039 liabe-

454 1090 606 1144 mus,
647 1074 858 1145 inquit,
907 1076 1240 1146 pontiticem
1291 1091 1592 1146 magnum,
1628 1073 1728 1144 qui
1778 1074 2097 1145 penetravit

453 1162 646 1218 caelos.
676 1185 704 1212 »
736 1165 885 1236 Ergo
919 1165 1147 1236 Moyses
1187 1167 1394 1220 ductor
1437 1162 1657 1234 populi,
1682 1163 1773 1216 cui
1808 1162 2098 1233 promissa

451 1256 540 1306 est
587 1252 815 1323 requies
863 1253 1218 1320 transitoria,
1262 1270 1377 1308 non
1429 1252 1666 1306 intravit
1708 1251 1767 1305 in
1812 1251 2095 1322 requiem,

453 1357 629 1412 quam
661 1341 874 1413 szepius
904 1342 1119 1414 p0pulo
1149 1343 1436 1414 promisit.
1466 1343 1580 1395 Iste
1612 1359 1742 1394 vero
1775 1345 1972 1394 noster
2003 1357 2097 1394 sa-

451 1431 655 1486 cerdos
682 1431 940 1486 melioris
964 1431 1370 1503 promissionis
1393 1446 1658 1501 sponsor,
1680 1429 1832 1484 viam
1857 1429 2093 1496 faciens,

450 1519 824 1575 credentibus
854 1520 912 1574 in
946 1537 1028 1589 se,
1058 1521 1286 1592 primus
1335 1520 1572 1574 intravit
1608 1519 1668 1573 in
1701 1518 1961 1589 requiem
1995 1535 2096 1588 po-

449 1608 585 1678 pulo
606 1608 716 1663 sibi
735 1609 952 1664 credito
975 1609 1350 1680 promissam.
1371 1607 1637 1663 Ostendit
1657 1623 1790 1662 eum
1815 1623 2095 1679 magnum

447 1698 831 1763 sacerdotem,
859 1698 997 1769 quia
1017 1697 1439 1770 sempiternum
1471 1698 1646 1751 habet
1679 1697 2090 1764 sacerdotium,

447 1802 680 1857 semper
699 1785 895 1841 vivens
912 1787 982 1841 ad
1009 1785 1495 1858 interpellandum
1515 1803 1618 1856 pro
1638 1785 1914 1838 nobis..El,
1937 1784 2093 1838 hunc

447 1875 640 1946 ipsum
676 1874 885 1930 Filium
916 1875 1016 1930 Dei
1049 1876 1322 1944 ostendit,
1347 1877 1487 1929 dum
1522 1874 1666 1928 dixit
1693 1891 1746 1927 ια
1770 1874 1973 1928 Jesum
2011 1873 2092 1927 Fi-

445 1964 590 2018 lium
623 1964 722 2019 Dei
751 1981 808 2019 ε»
833 1965 987 2034 quod
1022 1981 1313 2035 nusquam
1347 1965 1416 2018 de
1443 1964 1638 2035 Moyse
1671 1962 1860 2017 dicere
1892 1962 2095 2031 voluit,

444 2054 547 2108 sed
579 2070 713 2108 eum
745 2053 1032 2108 famulum
1062 2054 1420 2125 praterebat,
1451 2054 1507 2107 in
1541 2052 1942 2123 superioribus
1974 2056 2096 2105 tes-

444 2142 676 2195 tiﬁcans
707 2141 791 2196 eis
822 2143 930 2196 sub
963 2143 1200 2196 nomine
1229 2143 1391 2209 Jesu,
1418 2143 1572 2212 quod
1603 2157 1816 2195 nomen
1851 2139 2094 2212 angelus

454 2245 489 2283 a
518 2229 633 2283 Deo
664 2229 921 2286 directus
948 2229 1172 2301 Virgini
1204 2229 1573 2285 annuntiavit
1601 2229 1809 2283 Filium
1839 2231 1936 2284 Dei
1968 2245 2096 2284 esse

455 2304 678 2384 verum,
704 2321 760 2372 et
788 2318 918 2373 ideo
947 2335 1226 2389 magnum
1260 2320 1643 2374 sacerdotem.

525 2429 552 2457 α
587 2407 915 2463 Teneamus
955 2408 1402 2464 confessionem.
1430 2431 1450 2456 ι»
1487 2407 1728 2470 Qualem
1777 2407 2093 2462 confessio-

450 2511 584 2551 nem
607 2496 787 2552 dicit?
819 2497 1104 2561 Quoniam
1131 2497 1306 2552 Filius
1339 2497 1438 2552 Dei
1463 2501 1568 2568 est,
1594 2497 1870 2568 quoniam
1896 2497 2092 2551 Chris-

444 2589 542 2641 tus
581 2585 736 2641 Deus
787 2590 894 2655 est,
928 2586 1204 2656 quoniam
1253 2603 1464 2657 passus
1512 2591 1622 2650 est,
1673 2584 1936 2656 sepultus
1981 2589 2087 2654 est,

445 2675 762 2730 resurrexit
789 2675 962 2730 tertia
1010 2675 1122 2741 die,
1156 2674 1418 2729 ascendit
1447 2675 1505 2728 in
1538 2673 1771 2740 ccelum,
1807 2673 1966 2728 sedet
2017 2673 2089 2727 ad

444 2765 735 2820 dexteram
787 2763 994 2831 Patris,
1027 2763 1162 2819 inde
1212 2767 1492 2818 venturus
1535 2762 1803 2833 judicare
1843 2762 2001 2816 vivos
2035 2765 2091 2816 et

443 2856 734 2920 mortuos;
768 2868 871 2923 per
900 2867 1072 2921 quem
1097 2851 1296 2906 omnia
1319 2851 1471 2906 bona
1501 2851 1808 2915 habemus,
1831 2850 2090 2920 redemp-

439 2941 680 3009 tionem,
712 2940 1220 3010 resurrectionem,
1247 2939 1643 2995 hmreditatem
1675 2956 1807 2994 cum
1841 2956 1906 2994 eo
1938 2954 2088 2993 sem-

440 3031 729 3104 piternam
764 3049 777 3086 :
811 3029 931 3085 haec
976 3031 1376 3085 conﬁteamur.
1407 3030 1553 3094 Quia
1599 3046 1730 3085 vero
1780 3029 1900 3083 hac
1929 3045 2083 3095 vera,

440 3118 818 3176 manifestum
859 3136 926 3175 ex
976 3136 1041 3175 eo
1091 3119 1245 3190 quod
1296 3119 1553 3191 pontifex
1599 3120 1657 3173 in
1707 3118 2082 3173 interioribus

2213 541 2486 607 similem,
2513 544 2610 597 sed
2645 542 2758 597 alia
2789 559 2966 598 causa
2996 543 3165 609 illud,
3188 548 3244 598 et
3267 543 3380 598 alia
3411 543 3577 598 illud.
3605 544 3766 598 Dum
3801 550 3881 598 ta-

2214 646 2346 684 men
2380 639 2694 702 utrumque
2744 633 3233 688 demonstremus.
3271 632 3589 688 Dissimilis
3643 633 3876 687 homini

2212 717 2655 790 Christus,quia
2686 720 2858 786 Deus,
2885 720 3168 791 scriptum
3201 726 3289 776 est
3310 722 3464 776 enim
3499 722 3571 775 de
3602 721 3876 793 illo,quia

2211 810 2300 861 est
2329 825 2504 879 super
2536 809 2733 863 omnia
2785 810 2934 863 Deus
2981 809 3322 864 benedictus
3353 811 3411 864 in
3444 809 3668 865 saecula
3700 811 3870 880 (Hom.

2208 912 2287 961 Ix,
2313 897 2392 965 5').
2420 898 2485 950 Et
2526 896 2734 951 similis
2768 897 2991 951 homini
3023 897 3309 966 Christus,
3331 899 3470 970 quia
3493 900 3703 965 homo,
3730 917 3871 971 quo-

2208 984 2363 1038 niam
2406 987 2475 1039 de
2523 985 2619 1040 illo
2672 986 2986 1040 identidem
3020 989 3302 1058 scriptum
3336 993 3422 1042 est
3457 1007 3469 1043 :
3499 1011 3525 1037 «
3583 989 3870 1045 Mediator

2207 1072 2305 1127 Dei
2335 1079 2392 1128 et
2416 1073 2719 1129 hominum
2748 1074 3216 1142 homo'Christus
3239 1077 3409 1132 Jesus
3433 1077 3577 1148 (Gal.
3607 1095 3701 1144 ιη,
3733 1080 3863 1148 19).-

2209 1163 2523 1219 Dissimilis
2548 1165 2834 1235 peccatori
2859 1164 3146 1229 Christus,
3172 1167 3309 1236 quia
3331 1183 3565 1236 semper
3587 1173 3867 1224 Sanctus:

2206 1256 2262 1306 et
2317 1252 2528 1307 similis
2588 1253 2874 1325 peccatori
2924 1253 3377 1325 Christus,quia
3433 1259 3588 1311 Deus
3655 1255 3867 1311 Filium

2207 1356 2380 1394 suum
2415 1342 2572 1396 misit
2602 1343 2661 1395 in
2689 1341 3140 1397 similitudinem
3182 1344 3374 1398 carnis
3421 1345 3676 1416 peccati,
3717 1351 3785 1398 ut
3810 1347 3871 1401 de

2206 1435 2440 1499 peccato
2489 1431 2794 1486 damnaret
2838 1435 3137 1501 peccatum
3179 1431 3237 1486 in
3284 1448 3476 1487 carne.
3513 1433 3764 1488 Homini
3812 1449 3871 1488 ex

2205 1519 2357 1574 coitu
2399 1523 2532 1574 nato
2565 1518 2872 1575 dissimilis
2912 1519 3200 1590 Christus,
3227 1520 3284 1574 in
3317 1524 3610 1592 quantum
3643 1538 3720 1576 ex
3753 1522 3871 1577 Vir-

2205 1607 2338 1678 gine
2366 1613 2566 1676 natus;
2602 1609 2703 1664 sed
2752 1607 2976 1663 homini
3028 1612 3163 1664 nato
3212 1607 3423 1664 similis
3475 1608 3785 1674 Christus,
3817 1611 3869 1666 in

2205 1689 2492 1767 quantum
2525 1707 2580 1752 et
2609 1697 2733 1769 ipse
2782 1714 2850 1751 ex
2893 1696 3110 1751 femina
3142 1701 3315 1752 natus
3347 1702 3454 1768 est,
3489 1698 3586 1753 cui
3635 1700 3865 1754 dictum

2203 1790 2391 1841 cst:«
2441 1787 2602 1849 Quod
2650 1790 2924 1841 nascetur
2979 1802 3048 1839 ex
3098 1791 3153 1840 te
3213 1789 3505 1851 sanctum,
3560 1788 3870 1843 vocabitur

2210 1876 2388 1930 Filius
2430 1875 2526 1929 Dei
2562 1875 2772 1946 (Matth.
2807 1893 2843 1941 Ι,
2875 1876 2973 1941 20;
3017 1876 3143 1930 Luc.
3180 1893 3217 1943 Ι,
3246 1876 3357 1945 35).
3388 1901 3408 1926 ι
3449 1876 3695 1930 Homini
3733 1894 3868 1949 pro-

2205 1970 2334 2036 pter
2365 1969 2666 2036 peccatum
2701 1981 2875 2019 suum
2900 1968 3131 2018 mortuo
3152 1963 3460 2019 dissimilis
3487 1964 3789 2036 Christus,
3811 1966 3866 2020 in

2207 2061 2491 2124 quantum
2516 2053 2640 2108 sine
2663 2057 2990 2124 peccato,et
3012 2051 3245 2124 propria
3274 2056 3566 2124 potestate
3592 2059 3868 2110 mortuus

2205 2147 2316 2204 est,
2339 2143 2440 2198 sed
2473 2159 2678 2197 rursus
2710 2141 2934 2196 homini
2969 2146 3199 2196 mortuo
3232 2140 3444 2196 similis
3477 2142 3783 2214 Christus,
3812 2143 3868 2199 in

2205 2235 2493 2302 quantum
2527 2235 2582 2284 et
2613 2231 2738 2301 ipse
2767 2247 2899 2285 vera
2935 2234 3121 2285 morte
3151 2231 3410 2301 corporis
3443 2236 3728 2287 mortuus
3761 2238 3867 2288 est.

2204 2321 2333 2374 Haec
2365 2329 2449 2375 est
2480 2320 2744 2382 tentatio,
2779 2336 2894 2390 qua
2936 2322 3194 2374 tentatus
3237 2324 3346 2373 est.
3383 2318 3867 2376 Persecutionem

2203 2408 2593 2480 plurimorum
2628 2424 2836 2479 passus
2884 2410 2990 2476 est,
3026 2412 3196 2478 sputa
3229 2408 3509 2478 suscepit,
3545 2416 3867 2466 accusatus

2202 2504 2308 2564 est,
2334 2497 2751 2553 detractionem
2776 2496 3078 2566 sustinuit,
3105 2495 3462 2551 calumniam
3497 2514 3725 2568 passus
3757 2506 3863 2566 est,

2200 2584 2474 2658 repulsus
2507 2589 2593 2640 est
2626 2603 2658 2639 a
2689 2584 2925 2656 pr0pria
2953 2588 3145 2656 gente,
3169 2585 3227 2639 in
3252 2585 3365 2640 ﬁne
3396 2587 3722 2642 cruciﬁxus
3757 2594 3864 2644 est.

2199 2677 2373 2731 Juxta
2404 2674 2874 2741 similitudinem,
2899 2673 3110 2744 inquit,
3136 2673 3259 2728 sine
3295 2679 3556 2746 peccato.
3586 2675 3746 2734 Dum
3780 2678 3862 2732 di-

2199 2765 2295 2833 cit,
2323 2765 2381 2818 in
2413 2763 2860 2819 similitudinem
2890 2763 3104 2827 carnis,
3141 2780 3252 2818 non
3284 2762 3392 2819 hoc
3423 2764 3592 2831 dicit,
3615 2766 3763 2836 quia
3792 2767 3863 2820 si-

2198 2853 2465 2908 militudo
2493 2853 2764 2924 putativaa
2785 2851 2976 2907 carnis
3000 2851 3110 2907 fuit
3133 2852 3190 2906 in
3215 2868 3303 2922 eo,
3328 2853 3427 2908 sed
3452 2853 3597 2923 quia
3619 2870 3857 2910 carnem

2197 2943 2456 3014 suscepit
2502 2959 2719 2996 veram.
2754 2944 2940 3005 Quare
2986 2957 3121 3012 ergo
3153 2941 3316 3008 dixit,
3349 2942 3408 2997 in
3459 2941 3857 2999 similitudine

2195 3031 2427 3086 carnis?
2484 3031 2707 3086 Natura
2751 3046 2906 3095 vero,
2956 3046 3133 3101 quam
3183 3029 3463 3101 suscepit,
3498 3030 3722 3087 similis
3772 3037 3861 3088 est

2196 3119 2355 3174 carni
2389 3124 2630 3187 nostrae;
2665 3123 2969 3190 peccatum
3010 3134 3142 3173 vero
3193 3135 3567 3190 nequaquam
3622 3119 3856 3188 habuit,

436 3208 744 3264 velaminis
775 3207 1128 3264 constitutus
1157 3212 1264 3278 est,
1286 3207 1466 3262 intrat
1496 3208 1651 3262 enim
1681 3207 1966 3278 sanguine
1999 3224 2086 3263 as-
2115 3197 2156 3262 C
2197 3209 2350 3280 quod
2383 3213 2582 3265 nostra
2603 3225 2736 3264 caro
2759 3209 2829 3262 de
2861 3207 3201 3279 parentibus
3225 3207 3532 3262 contraxit.
3559 3209 3713 3273 Quia
3747 3209 3861 3264 tale

437 3314 659 3371 persus,
691 3299 947 3370 proprio,
977 3315 1097 3373 non
1144 3296 1354 3363 alieno,
1390 3296 1542 3353 sicut
1589 3296 1896 3367 pontifices
1927 3297 2081 3368 prio-

436 3404 549 3456 res,
584 3388 683 3458 qui
715 3387 1000 3458 sanguine
1030 3402 1214 3440 vaccae
1247 3387 1434 3440 rubrae
1466 3385 1943 3456 aspergebantur.

508 3498 535 3525 ‹‹
568 3476 693 3530 Non
725 3475 879 3530 enim
912 3475 1200 3529 habemus
1231 3473 1586 3545 pontiﬁcem,
1617 3474 1715 3544 qui
1750 3491 1864 3528 non
1896 3474 2081 3545 possit

435 3565 690 3636 compati
720 3563 1158 3618 inﬁrmitatibus
1192 3562 1426 3618 nostris.
1453 3584 1479 3611 »
1508 3563 1654 3628 Non,
1686 3563 1894 3633 inquit,
1919 3563 2078 3634 igno-

434 3659 526 3709 rat
547 3671 673 3725 quaz
704 3657 905 3708 nostra
927 3655 1086 3706 sunt.
1108 3650 1281 3706 Venit
1311 3651 1466 3706 enim
1500 3667 1602 3722 per
1620 3651 1772 3705 viam
1806 3651 2074 3706 humana:

431 3742 803 3809 conditionis,
838 3759 939 3812 per
984 3739 1181 3796 omnia
1228 3741 1354 3796 sine
1393 3745 1646 3812 peccato,
1680 3740 1824 3795 nihil
1876 3757 2072 3797 secum

433 3833 698 3900 atterens,
733 3831 887 3886 unde
945 3829 1116 3885 morti
1171 3829 1399 3885 debitor
1444 3834 1619 3897 esset,
1654 3830 1804 3884 sicut
1855 3830 1981 3902 ipse
2015 3831 2070 3885 in

420 3919 738 3993 'Evangelio
770 3924 1042 3990 testatur,
1069 3919 1306 3974 dicens:
1340 3942 1364 3969 ‹‹
1396 3918 1570 3973 Venit
1601 3919 1754 3973 enim
1798 3919 2071 3991 princeps

429 4011 609 4082 hujus
641 4009 869 4076 mundi,
897 4014 952 4064 et
978 4009 1036 4063 in
1069 4026 1161 4063 me
1193 4025 1307 4063 non
1338 4008 1513 4063 habet
1539 4008 1859 4079 quidquam
1885 4009 2069 4080 (Joan.

427 4119 544 4168 xw,
568 4101 716 4171 30).»
739 4099 903 4155 Multi
932 4098 1235 4170 pontiﬁces
1262 4097 1531 4169 ignorant
1553 4113 1650 4154 eos
1673 4099 1770 4169 qui
1806 4099 1859 4153 in
1888 4100 2068 4153 tribu-

425 4185 744 4242 lationibus
775 4185 1078 4241 constituti
1108 4189 1266 4252 sunt,
1292 4202 1478 4256 neque
1506 4203 1630 4256 qua:
1663 4186 1738 4239 sit
1769 4186 2068 4244 tribulatio

425 4275 486 4330 in
537 4275 798 4347 quolibet
851 4275 1044 4330 sciunt
1075 4291 1088 4330 :
1119 4273 1482 4346 impossibile
1523 4275 1738 4346 quippe
1784 4280 1871 4330 est
1919 4277 2068 4334 scire

424 4365 767 4421 afﬂictiones
793 4363 1163 4428 afﬂictarum,
1197 4364 1268 4431 ei,
1297 4366 1393 4434 qui
1426 4363 1884 4434 experimentum
1918 4367 2067 4440 afﬂi-

421 4454 631 4510 ctionis
664 4471 777 4509 non
808 4453 1033 4520 habuit,
1067 4457 1120 4508 et
1154 4451 1510 4508 sensibiliter
1556 4453 1752 4507 omnia
1782 4471 1895 4509 non
1929 4472 2063 4510 sus-

2193 3298 2300 3353 fuit
2332 3297 2610 3370 originale
2640 3301 2944 3367 peccatum
2975 3296 3034 3350 in
3065 3311 3238 3352 carne
3269 3296 3444 3368 primi
3480 3295 3775 3362 hominis,
3798 3303 3861 3352 ut

2189 3388 2326 3443 inde
2357 3392 2412 3443 et
2455 3403 2642 3459 poena,
2675 3391 2733 3442 et
2779 3385 3102 3440 remedium
3152 3385 3272 3440 ﬁeri
3326 3386 3638 3457 potuisset.
3675 3386 3859 3442 Pcena

2189 3481 2245 3532 et
2295 3481 2596 3547 peccatum
2645 3475 2704 3529 in
2758 3474 2916 3530 omni
2966 3473 3224 3529 humano
3274 3490 3509 3545 genere,
3543 3480 3765 3547 praeter
3797 3476 3854 3531 in

2189 3566 2437 3635 Christo,
2471 3565 2529 3619 in
2563 3581 2677 3635 quo
2711 3563 2872 3619 salus
2903 3567 2960 3617 et
3007 3563 3331 3619 remedium
3367 3564 3492 3619 fuit.
3525 3564 3652 3619 Non
3689 3565 3852 3621 enim

2186 3655 2563 3726 prmjudicata
2591 3659 2680 3708 est
2723 3669 2856 3708 caro
2889 3653 3196 3724 peccatrix,
3231 3657 3296 3707 ut
3326 3653 3461 3708 inde
3511 3654 3851 3710 remedium

2186 3745 2310 3799 ﬁeri
2342 3760 2456 3798 non
2488 3743 2793 3814 potuisset.
2827 3741 3172 3796 Prassciebat
3202 3741 3464 3813 potentia
3494 3742 3612 3808 Dei,
3634 3744 3850 3814 quali-

2182 3837 2270 3888 ter
2290 3851 2358 3888 ex
2380 3834 2582 3888 eadem
2608 3848 2822 3900 massa,
2849 3829 3104 3901 justitia,
3130 3829 3398 3902 mquitas,
3425 3835 3480 3885 et
3511 3832 3851 3888 misericor-

2183 3924 2299 3993 dia,
2332 3926 2504 3994 atque
2537 3921 2722 3994 pietas
2753 3919 3053 3992 provenire
3082 3919 3386 3991 potuisset.

2257 4035 2284 4061 ‹‹
2313 4012 2610 4066 Adeamus
2640 4025 2774 4081 ergo
2805 4026 2939 4063 cum
2963 4009 3178 4063 ﬁducia
3209 4009 3279 4063 ad
3303 4009 3578 4064 thronum
3613 4013 3846 4082 gratia,

2182 4106 2245 4157 ut
2266 4098 2728 4158 misericordiam
2751 4114 3200 4168 consequamur,
3229 4101 3283 4152 et
3304 4097 3556 4169 gratiam
3583 4097 3849 4154 invenia-

2182 4210 2311 4246 mus
2363 4191 2420 4245 in
2471 4188 2686 4244 auxilio
2735 4193 3081 4259 opportuno.
3109 4209 3136 4236 ››
3164 4187 3457 4242 Adeamus
3511 4204 3651 4259 ergo
3701 4205 3843 4243 cum

2178 4281 2412 4346 ﬁducia,
2435 4279 2543 4334 hoc
2565 4282 2654 4334 est
2673 4278 2954 4333 adeamus
2980 4293 3081 4348 per
3102 4276 3276 4330 ﬁdem
3301 4276 3370 4330 ad
3395 4275 3675 4331 thronum
3704 4294 3842 4348 gra-

2177 4370 2266 4424 tiae
2299 4370 2445 4439 ejus.
2481 4368 2813 4422 Habeamus
2865 4364 3158 4431 ﬁduciam,
3182 4365 3449 4436 quamvis
3493 4371 3839 4437 peccatores

2176 4458 2383 4524 simus,
2401 4474 2502 4528 per
2523 4457 2649 4525 ejus
2672 4454 2922 4525 gratiam
2946 4453 3302 4507 reconciliari
3327 4469 3526 4523 posse;
3557 4453 3609 4509 si
3632 4459 3837 4510 tamen

418 4543 615 4598 tinuit.
649 4542 903 4599 Pontifex
927 4546 1121 4598 autem
1154 4546 1353 4597 noster
1383 4546 1776 4612 competenter
1807 4543 2062 4615 primum
2094 4566 2140 4630 D
2172 4548 2398 4602 fructus
2429 4546 2639 4616 dignos
2670 4543 2983 4598 fecerimus
3023 4541 3394 4613 poenitentiae,
3420 4545 3478 4596 et
3515 4541 3695 4598 ﬁdem
3732 4545 3835 4598 ﬁr-

420 4632 618 4686 omnia
675 4632 977 4694 sustinuit,
1013 4649 1139 4702 quae
1200 4634 1435 4686 fuerunt
1493 4630 1761 4684 humanae
1819 4633 2062 4687 miseria:

417 4718 583 4775 illata
631 4726 762 4792 post
811 4724 1112 4791 peccatum
1163 4719 1332 4792 primi
1382 4719 1660 4785 hominis,
1699 4724 1755 4774 et
1802 4724 1941 4775 tunc
1991 4723 2060 4777 ad

417 4808 697 4864 interiora
721 4808 1024 4864 velaminis
1052 4810 1123 4864 ad
1148 4809 1423 4865 thronum
1456 4813 1706 4882 paternas
1739 4812 2061 4880 majestatis

417 4897 701 4953 ascendit.

486 5011 516 5038 ‹‹
549 4988 862 5042 Tentatum
892 4991 1084 5042 autem
1134 5003 1236 5058 per
1279 4987 1475 5042 omnia
1522 5005 1624 5060 pro
1675 4987 2058 5045 similitudine

411 5075 634 5149 absque
667 5080 919 5148 peccato.
950 5099 976 5127 »
1013 5077 1294 5131 Tentatus
1325 5082 1520 5132 autem
1554 5077 1841 5149 siquidem
1877 5079 2059 5134 diver-

410 5167 492 5222 sis
525 5166 734 5236 modis,
783 5167 882 5222 sed
935 5183 1049 5220 non
1103 5171 1432 5236 superatus.
1464 5167 1526 5219 In
1575 5167 2054 5224 tribulationibus

407 5255 711 5325 probatus,
737 5256 954 5327 ubique
991 5256 1174 5310 victor
1203 5254 1510 5326 gloriosus.
1538 5257 1818 5311 Tentatus
1865 5261 1953 5312 est
2005 5258 2053 5313 si

406 5344 641 5413 quidem
673 5363 775 5416 pro
807 5344 1191 5401 similitudine
1214 5345 1406 5399 carnis
1436 5345 1656 5415 absque
1681 5350 1933 5416 peccato.
1959 5347 2051 5402 Si-

405 5431 737 5490 militudine
767 5435 963 5507 itaque
1011 5433 1203 5490 carnis
1236 5433 1486 5505 peccati;
1521 5435 1620 5488 sed
1671 5439 1866 5490 tamen
1916 5453 2049 5493 caro

401 5517 560 5575 illius
584 5522 804 5595 absque
826 5525 984 5579 omni
1013 5526 1246 5597 peccato
1274 5522 1401 5578 fuit.
1427 5523 1785 5595 Quapropter
1806 5526 1875 5581 de
1905 5526 2047 5581 scri-

399 5609 590 5692 pturis
636 5628 888 5688 agnosco
927 5612 1307 5684 dissimilem;
1343 5611 1414 5669 de
1461 5612 1766 5686 scripturis
1815 5631 2044 5672 mecum

2177 4653 2332 4690 mam
2366 4651 2551 4704 usque
2589 4633 2647 4687 in
2683 4633 2859 4687 ﬁnem
2909 4637 3234 4686 teneamus.
3269 4631 3432 4685 Nunc
3480 4647 3619 4686 vero
3669 4633 3833 4688 sedet

2172 4724 2431 4798 pontifex
2461 4722 2851 4778 nosterJesus
2887 4721 3060 4775 Filius
3083 4721 3373 4798 inthrono
3396 4720 3630 4792 gratia;
3667 4739 3830 4792 para-

2170 4797 2266 4870 tus
2284 4818 2371 4869 est
2393 4811 2695 4884 indulgere
2717 4809 2970 4882 peccatis
2994 4797 3208 4865 nostris
3235 4809 3292 4863 in
3316 4813 3648 4880 opportuno
3672 4810 3827 4864 auxi-

2169 4904 2266 4960 lio.
2291 4903 2697 4975 Opportunum
2720 4906 2952 4970 tempus
2975 4903 3062 4953 est
3087 4897 3307 4967 auxilii,
3331 4903 3386 4953 et
3403 4898 3823 4955 misericordia

2121 4972 2125 4976 ”
2167 4972 2356 5060 illius,
2382 4972 2535 5048 sicut
2582 4991 2692 5045 iste
2723 4991 2924 5044 doctor
2970 4988 3239 5060 egregius
3287 4987 3399 5042 alio
3449 4988 3599 5043 dixit
3652 4990 3816 5044 loco:

2169 5085 2371 5138 «Ecce
2422 5097 2578 5135 nunc
2625 5083 2857 5150 tempus
2904 5076 3278 5148 acceptabile,
3315 5093 3444 5132 ecce
3493 5095 3656 5133 nunc
3701 5079 3818 5133 dies

2166 5172 2372 5227 salutis
2398 5171 2474 5240 (Il
2504 5169 2622 5224 Cor.
2645 5186 2724 5233 VI,
2751 5168 2827 5238 2).
2860 5189 2885 5214 »
2916 5167 2983 5220 Et
3016 5165 3297 5236 propheta
3327 5163 3515 5220 multo
3547 5176 3684 5222 anle
3717 5166 3815 5221 hoc

2164 5263 2320 5316 idem
2351 5258 2550 5314 auxilii
2583 5256 2892 5328 opportuni
2940 5259 3172 5325 tempus
3205 5254 3546 5326 signiﬁcans
3571 5273 3625 5309 ;‹‹
3656 5257 3815 5310 Tem-

2162 5367 2319 5421 pore,
2345 5348 2557 5420 inquit,
2583 5351 2908 5419 opporluno
2936 5344 3200 5399 exaudivi
3223 5349 3298 5411 te,
3325 5348 3380 5399 et
3411 5344 3468 5398 in
3493 5343 3589 5399 die
3612 5344 3814 5400 salutis

2161 5438 2354 5510 adjuvi
2387 5443 2443 5493 te
2470 5439 2593 5508 (lsa.
2617 5453 2767 5500 xux,
2800 5436 2875 5503 8).
2899 5453 2924 5485 π
2964 5435 3035 5488 Et
3065 5450 3219 5488 nunc
3267 5438 3398 5505 post
3445 5433 3811 5504 baptismum

2157 5531 2464 5600 peccantes
2510 5524 2765 5580 invenire
2815 5522 3299 5593 misericordiam,
3323 5522 3372 5578 si
3406 5523 3813 5595 paenitentiam

2157 5616 2396 5690 egerint,
2418 5615 2616 5690 gratia:
2638 5617 2725 5672 est
2751 5612 2910 5670 illius
2945 5612 3043 5694 qui
3071 5613 3220 5672 sedit
3249 5612 3306 5668 in
3334 5612 3550 5671 throno
3580 5614 3800 5688 gratiis,
