4020 6178
216 345 344 406 757

796 344 1214 411 EXPOSITIO
1255 347 1336 410 IN
1381 347 1813 410 EPISTOLAS
1854 345 2116 409 PAULI.
2147 377 2223 392 -
2252 345 2331 409 ΙΝ
2375 347 2626 411 EPIST.
2673 349 2778 410 AD
2823 348 3059 411 HEBR.

3512 347 3632 410 758

229 498 256 527 ι
275 476 534 535 Verbum
562 494 696 535 caro
719 479 936 536 factum
958 485 1046 537 est
1062 480 1750 554 (Joan.l,14),»quomodo
1773 497 1872 551 po-
1902 483 1957 550 Α
1987 483 2044 535 et
2071 496 2245 552 opera
2275 481 2480 537 mortis
2501 499 2604 554 per
2631 482 3029 554 paenitentiam
3062 497 3310 556 purgare
3338 485 3395 538 et
3423 480 3508 539 sic
3537 498 3634 539 ac-

218 572 345 623 test
365 568 435 623 ad
448 568 819 625 altitudinem
842 571 972 641 ejus
994 570 1283 627 sermonis
1304 569 1730 643 pervenire,ubi
1750 569 1832 624 ait
1860 585 1873 624 :

222 679 254 707 ‹‹
289 662 354 712 In
388 658 675 730 principio
705 664 830 715 erat
879 659 1157 728 Verbum,
1190 666 1247 716 et
1281 661 1536 716 Verbum
1570 664 1693 715 erat
1722 659 1876 730 apud

218 746 501 814 Deum,et
516 754 665 804 Deus
678 748 1059 804 eratVerbum
1074 749 1141 803 ?»
1159 750 1376 821 (Ibz'd.,l
1392 752 1428 821 .)
1442 749 1682 805 «Omnis
1694 749 1874 818 enim,

220 838 330 907 qui
350 834 517 892 lactis
535 842 623 892 est
643 838 1163 911 particeps,expers
1178 844 1266 895 est
1285 839 1574 895 sermonis
1587 838 1832 911 justitiae
1859 855 1872 905 ;

218 925 507 997 parvulus
537 926 692 981 enim
723 931 830 983 est.
878 928 1271 984 Perfectorum
1302 933 1498 984 autem
1531 932 1620 984 est
1649 928 1875 984 solidus

217 1013 393 1069 cibus
423 1030 625 1069 eorum
659 1015 758 1085 qui
791 1033 894 1087 pro
943 1017 1365 1073 consuetudine
1395 1017 1736 1073 exercitatos
1767 1016 1869 1070 ha-

215 1103 364 1158 bent
382 1119 594 1158 sensus
613 1104 680 1158 ad
702 1104 1115 1160 discretionem
1134 1106 1269 1161 boni
1289 1124 1354 1162 ac
1374 1106 1533 1161 mali.
1556 1127 1584 1157 »
1605 1105 1870 1161 Palatum

215 1191 380 1247 enim
413 1208 652 1263 sapores
681 1193 961 1249 discernit
980 1194 1243 1250 ciborum
1271 1216 1285 1265 ;
1310 1195 1508 1250 anima
1527 1209 1659 1249 vero
1679 1192 1871 1248 varia-

212 1298 350 1337 rum
375 1281 584 1353 probat
604 1298 906 1338 sermones
928 1284 1429 1357 doctrinarum,de
1460 1282 1674 1354 quibus
1696 1282 1755 1336 in
1780 1298 1869 1336 se-

214 1371 538 1440 quentibus
564 1370 742 1441 hujus
776 1372 1039 1444 Epistolae
1094 1374 1277 1428 dicit:
1316 1394 1343 1423 ι(
1374 1371 1665 1428 Doctrinis
1694 1371 1869 1426 variis

213 1459 399 1515 nolite
427 1460 639 1515 abduci
670 1461 886 1532 (Hebr.,
916 1478 1033 1530 xvr,
1085 1462 1162 1532 9).
1196 1461 1357 1517 Sicut
1402 1461 1557 1515 enim
1592 1458 1868 1530 parvulus

213 1548 375 1604 inter
402 1548 600 1603 cibum
634 1553 691 1604 et
745 1549 944 1604 cibum
1000 1549 1328 1605 discernere
1377 1548 1581 1611 nescit,
1633 1551 1689 1602 et
1719 1563 1869 1618 saepe

212 1636 410 1693 noxiis
440 1654 682 1694 sumens
714 1637 1092 1709 periclitatur,
1121 1638 1168 1693 si
1194 1655 1307 1693 non
1341 1637 1685 1709 prohibetur
1713 1654 1746 1690 a
1778 1652 1866 1689 se-

210 1725 494 1793 niore,ita
522 1726 791 1784 indoctus
822 1727 1095 1799 quisque,
1126 1726 1537 1782 discretionem
1571 1724 1865 1780 doctrina-

210 1831 349 1869 rum
382 1815 668 1884 nesciens,
694 1815 860 1871 facile
889 1815 1177 1887 decipitur
1196 1818 1253 1871 et
1274 1815 1332 1869 in
1358 1814 1450 1868 via
1474 1814 1687 1869 erroris
1716 1813 1866 1884 peri-

209 1903 470 1959 clitatur.
504 1905 670 1970 Quod
703 1904 761 1959 in
793 1903 945 1960 lacte
974 1909 1031 1960 et
1062 1904 1121 1959 in
1154 1903 1342 1959 solido
1374 1903 1525 1969 cibo,
1558 1902 1667 1957 hoc
1698 1901 1757 1957 in
1784 1901 1869 1955 in-

210 1992 386 2048 docto
418 1996 476 2048 et
495 1992 757 2065 sapiente
782 1992 994 2048 differt.
1021 1992 1185 2048 Sicut
1207 1991 1297 2047 lac
1320 1990 1576 2064 parvulis
1598 1989 1868 2062 congruit

209 2085 274 2139 et
301 2081 527 2138 solidus
549 2081 716 2137 cibus
742 2085 907 2137 aetate
932 2080 1227 2153 perfectis,
1249 2081 1329 2136 ita
1349 2080 1601 2136 indoctis
1623 2078 1868 2135 humilis

209 2187 409 2227 sermo
432 2177 490 2228 et
505 2171 875 2244 sapientibus
897 2187 1177 2226 arcanum
1199 2169 1302 2226 Dei
1324 2170 1668 2242 mysterium
1696 2185 1868 2224 nosse

208 2260 505 2328 convenit,
538 2261 640 2333 qui
681 2260 1026 2315 exercitatos
1074 2259 1290 2315 habere
1331 2259 1607 2314 videntur
1632 2274 1864 2314 sensus.

208 2350 515 2414 Quomodo
564 2348 745 2421 igitur
792 2352 1067 2421 poterunt
1113 2364 1325 2403 sensus
1357 2347 1541 2403 nostri
1568 2346 1866 2403 exercitati

210 2438 383 2493 esse?
400 2437 610 2509 Utique
632 2454 701 2493 ex
726 2453 836 2492 usu
860 2441 918 2493 et
944 2437 1235 2509 frequenti
1254 2436 1504 2492 lectione
1525 2442 1864 2492 sanctarum

212 2526 674 2599 Scripturarum.
707 2526 871 2583 Unde
899 2526 1140 2582 beatum
1171 2526 1360 2581 virum
1392 2525 1708 2582 Psalmista
1726 2524 1868 2580 dicit

212 2631 367 2681 esse,
401 2616 501 2687 qui
530 2616 592 2671 in
620 2615 750 2688 lege
781 2615 1010 2671 Domini
1057 2615 1438 2671 meditabitur
1480 2614 1573 2670 die
1603 2631 1670 2670 ac
1701 2621 1867 2670 nocte

214 2706 392 2774 (Psal.
426 2723 464 2772 1,
495 2706 571 2776 2).

287 2794 447 2865 (CAP.
488 2794 603 2866 VI.)
627 2816 655 2845 ‹‹
679 2796 1040 2866 Quapropter
1058 2792 1516 2849 intermittentes
1537 2791 1864 2847 inchoatio-

215 2884 312 2939 nis
340 2881 557 2938 Christi
591 2899 943 2950 sermonem,
969 2882 1040 2938 ad
1065 2882 1479 2954 perfectionem
1503 2882 1682 2951 (1407)
1717 2880 1863 2935 fera-

216 2989 372 3028 mur.
398 2994 428 3021 »
453 2971 901 3043 Quapropter,id
921 2971 1179 3041 est,quia
1205 2970 1548 3025 exercitatos
1573 2985 1782 3024 sensus
1804 2969 1864 3022 in

216 3060 345 3133 lege
375 3059 608 3116 Domini
652 3061 819 3115 decet
845 3076 947 3115 vos
1000 3059 1234 3128 habere,
1286 3059 1744 3113 intermittamus
1774 3057 1863 3111 in-

220 3148 548 3205 choationis
568 3147 784 3204 Christi
805 3164 1159 3204 sermonem.
1182 3146 1289 3212 Qui
1310 3151 1399 3202 est
1419 3162 1611 3202 sermo
1634 3145 1866 3200 inchoa-

1988 567 2188 622 cedere
2218 568 2290 623 ad
2322 568 2522 624 Deum.

2058 679 2084 705 «
2111 656 2535 728 Baptismatum
2554 660 3375 732 doctrinarum,impositionis
3394 677 3628 734 quoque

1985 761 2290 815 manuum,
2324 763 2389 801 ac
2442 749 2883 806 resurrectionis
2928 755 3296 806 mortuorum
3338 754 3395 806 et
3416 750 3628 821 judicii

1981 834 2201 889 aeterni.
2239 858 2265 884 ››
2296 835 2421 890 Non
2456 837 2608 893 enim
2642 840 2861 895 sufﬁcit
2881 840 3235 912 poenitentiae
3262 841 3515 896 mundos
3541 841 3629 896 fa-

1983 940 2111 979 cere
2141 930 2491 996 peccatores,
2516 926 2629 982 nisi
2652 929 2955 985 confestim
2987 930 3624 1002 baptizentur,sicutin

1979 1013 2220 1068 Actibus
2242 1015 2638 1085 apostolorum
2654 1017 2888 1073 beatum
2906 1023 3140 1074 Petrum
3158 1019 3371 1091 populo
3385 1035 3624 1091 respon-

1981 1100 2136 1156 disse
2167 1102 2414 1173 legitur:
2459 1127 2486 1154 ‹‹
2540 1105 2944 1162 Paenitentiam
2975 1107 3127 1179 agite
3158 1109 3391 1174 fratres,
3439 1114 3496 1164 et
3526 1109 3624 1164 ba-

1979 1189 2229 1260 ptizetur
2259 1194 2667 1265 unusquisque
2714 1201 2970 1251 vestrum
3020 1198 3079 1250 in
3122 1197 3357 1252 nomine
3388 1197 3621 1253 Domini

1978 1279 2113 1348 (Act.
2148 1298 2208 1350 Π,
2240 1282 2352 1352 38),
2387 1305 2407 1330 ι
2470 1283 2610 1354 quia
2655 1285 2806 1355 quod
2864 1285 3229 1357 impossibile
3276 1292 3365 1342 est
3393 1287 3621 1359 operari

1978 1367 2275 1424 hominem
2300 1387 2401 1442 per
2421 1389 2501 1437 se,
2535 1372 2643 1428 hoc
2674 1390 2775 1444 per
2796 1374 2893 1428 Dei
2914 1375 3163 1446 gratiam
3185 1376 3242 1431 in
3266 1376 3618 1447 baptismate

1978 1458 2238 1528 accipere
2270 1461 2631 1529 potest.Quid
2663 1466 2753 1517 ost
2779 1479 3033 1534 namque
3062 1464 3487 1535 baptismatum
3513 1467 3620 1521 do-

1977 1548 2165 1601 ctrina
2181 1546 2208 1601 ?
2228 1547 2646 1619 Nontanquam
2664 1549 2985 1606 multorum
3005 1552 3430 1623 baptismatum
3450 1553 3625 1609 debet

1977 1634 2247 1707 intelligi,
2280 1637 2381 1692 sed
2430 1637 2625 1705 unius,
2682 1638 2821 1710 quia
2869 1640 3023 1695 sicut
3062 1658 3182 1697 una
3223 1642 3366 1696 ﬁdes
3397 1646 3507 1711 est,
3537 1642 3621 1697 ita

1976 1741 2160 1779 unum
2192 1726 2486 1797 baptisma
2514 1731 2604 1782 est
2652 1728 2864 1799 (Ephes.
2907 1746 2980 1795 IV,
3013 1729 3107 1802 5):
3164 1730 3266 1786 sed
3300 1748 3402 1802 pro
3433 1731 3620 1787 varie-

1976 1816 2092 1868 tate
2123 1813 2554 1885 accipientium,
2571 1816 2993 1888 baptismatum
3015 1818 3160 1873 dixit
3182 1835 3195 1874 :
3220 1819 3619 1891 Impositionis

1978 1917 2211 1974 quoque
2243 1920 2549 1971 manuum,
2574 1922 2677 1976 per
2697 1922 2876 1977 quam
2896 1906 3152 1978 Spiritus
3173 1913 3412 1964 sanctus
3436 1909 3621 1981 accipi

1976 1991 2269 2047 creditur:
2294 1994 2448 2064 quod
2473 1999 2605 2065 post
2625 1994 2989 2066 baptismum
3019 1997 3092 2052 ad
3114 1997 3619 2054 conﬁrmationem

1979 2079 2219 2135 unitatis
2239 2080 2298 2135 in
2322 2081 2578 2137 Ecclesia
2606 2082 2822 2138 Christi
2845 2102 2878 2139 a
2902 2084 3277 2156 pontificibus
3298 2086 3422 2141 ﬁeri
3448 2089 3617 2143 solet.

1978 2167 2077 2223 His
2108 2168 2287 2240 igitur
2315 2171 2566 2241 perfecte
2605 2171 2663 2225 in
2714 2172 2972 2228 Ecclesia
3014 2173 3322 2244 perceptis,
3356 2174 3501 2230 ﬁdes
3530 2191 3620 2230 re-

1976 2257 2355 2314 surrectionis
2402 2263 2458 2315 et
2494 2260 2707 2330 judicii
2748 2260 2931 2316 futuri
2974 2262 3244 2317 habenda
3274 2266 3381 2317 est.
3415 2263 3620 2319 Vivere

1976 2345 2191 2418 quippe
2222 2349 2373 2403 sicut
2402 2349 2614 2421 angeli,
2648 2354 2704 2405 et
2750 2349 2913 2406 nullo
2945 2366 3113 2422 egere
3143 2368 3368 2423 eorum,
3401 2369 3527 2424 quae
3558 2352 3619 2409 in

1975 2434 2091 2490 ista
2119 2436 2235 2491 vita
2259 2436 2607 2509 sunt,hujus
2637 2438 2764 2493 vitae
2798 2440 3108 2511 promissio
3140 2440 3310 2496 nobis
3358 2441 3509 2497 facta
3534 2446 3625 2497 est

1975 2540 2080 2594 per
2105 2524 2389 2596 Spiritum
2438 2531 2727 2582 sanctum.
2782 2528 3029 2584 Fructus
3087 2534 3283 2585 autem
3322 2529 3502 2601 hujus
3533 2534 3623 2586 est

1975 2613 2678 2686 promissionis,ejusdem
2708 2617 3019 2688 praesentia
3041 2618 3169 2673 vitae
3198 2636 3211 2685 ;
3236 2635 3367 2690 qua:
3391 2619 3527 2687 duo,
3562 2619 3621 2675 id

1973 2701 2234 2771 est,ﬁdes
2264 2707 2320 2757 et
2340 2703 2655 2773 judicium,
2689 2705 2871 2761 semel
2903 2706 3200 2777 baptizato
3225 2710 3468 2775 restant,
3502 2724 3618 2764 non

1972 2789 2188 2845 iterum
2211 2790 2513 2861 baptizari.
2554 2813 2577 2841 ι
2612 2793 2678 2848 Et
2706 2792 2816 2849 hoc
2846 2793 3205 2862 faciemus,si
3228 2794 3467 2867 quidem
3490 2812 3619 2867 per-

1975 2877 2202 2933 miserit
2234 2879 2408 2935 Deus.
2444 2902 2472 2929 »
2507 2882 2567 2935 In
2599 2881 2709 2936 hac
2731 2881 2948 2953 quippe
2978 2882 3093 2938 ﬁde
3122 2883 3619 2954 baptismatis,re-

1973 2966 2350 3022 surrectionis
2380 2971 2437 3022 et
2460 2968 2664 3037 judicii
2698 2970 2897 3038 futuri,
2921 2987 3044 3037 vos,
3078 2975 3190 3026 Deo
3223 2972 3615 3042 permittente,

1973 3053 2222 3126 pleniter
2249 3054 2632 3113 instruemus.

2044 3143 2127 3198 Ne
2140 3160 2272 3199 vero
2290 3143 2582 3201 ullatenus
2606 3146 2740 3218 quis
2753 3148 3097 3216 secundum,
3111 3147 3197 3204 vel
3210 3148 3448 3204 tertium
3465 3150 3621 3205 testi-

216 3238 398 3293 tionis
429 3237 662 3305 Christi,
696 3236 809 3291 nisi
841 3236 976 3291 ﬁdei
1008 3234 1241 3290 initium
1268 3235 1296 3289 ‘I
1328 3234 1490 3290 Sicut
1521 3233 1677 3289 enim
1709 3250 1865 3302 eum,
1900 3217 1941 3283 C
1980 3236 2310 3304 maretpost
2323 3237 2558 3305 peccata
2583 3217 2754 3306 posse
2769 3236 2892 3291 ﬁeri
2912 3236 3625 3309 baptisma,moxsubjun-

219 3326 323 3398 qui
354 3327 427 3381 ad
459 3325 785 3381 doctrinam
837 3324 1164 3380 litterarum
1214 3323 1544 3391 adducitur,
1578 3322 1869 3378 elementa

215 3414 480 3486 primum
511 3418 744 3485 oportet
776 3412 997 3484 audire,
1049 3413 1133 3468 sic
1178 3417 1235 3468 et
1279 3412 1645 3468 Christianus
1676 3413 1865 3484 primo

218 3503 489 3557 omnium
521 3502 634 3557 ﬁde
664 3501 955 3558 catholica
984 3500 1201 3557 erudiri
1232 3501 1423 3568 debet,
1441 3502 1595 3572 quod
1617 3505 1705 3557 est
1734 3502 1864 3555 fun-

216 3591 561 3645 damentum
593 3590 802 3646 salutis
836 3596 1067 3647 nostra}.
1105 3591 1159 3645 Si
1194 3596 1388 3646 autem
1421 3607 1569 3661 opus
1599 3590 1771 3645 habet
1796 3590 1866 3644 de

218 3679 331 3735 ﬁde
360 3679 576 3747 doceri,
607 3679 858 3735 necdum
888 3681 1340 3735 fundamentum
1374 3679 1567 3734 habet.
1603 3679 1863 3734 Firmum

219 3769 375 3825 enim
406 3772 635 3840 oportet
663 3773 721 3824 et
770 3769 953 3823 ﬁxum
985 3785 1114 3825 esse
1165 3769 1273 3824 hoc
1322 3768 1774 3823 fundamentum
1806 3768 1867 3821 in

220 3857 393 3913 corde
420 3857 763 3924 Christiani,
796 3862 862 3912 ut
892 3858 1028 3913 inde
1075 3858 1291 3929 dignus
1330 3858 1434 3912 ﬁat
1462 3858 1534 3912 ad
1565 3856 1865 3928 perfectio-

222 3962 357 4003 nem
386 3946 634 4002 aliarum
666 3946 973 4001 transferri
1021 3946 1333 4000 virtutum.
1382 3945 1440 4001 Si
1474 3950 1669 4000 autem
1702 3945 1867 4015 quis-

225 4051 398 4106 quam
430 4035 674 4091 verbum
706 4033 967 4089 veritatis
998 4033 1221 4089 audivit
1248 4039 1305 4089 et
1331 4032 1661 4104 baptizatus
1683 4037 1791 4103 est,
1816 4036 1872 4088 et

225 4127 355 4195 post
376 4140 562 4180 annos
583 4123 809 4195 aliquot
825 4123 896 4178 de
915 4123 1026 4177 ﬁde
1044 4122 1256 4178 iterum
1280 4124 1480 4177 audire
1501 4138 1649 4194 opus
1672 4121 1866 4188 habet,

225 4212 364 4285 quia
393 4213 626 4269 credere
655 4215 882 4285 oportet
910 4228 1046 4267 eum
1077 4212 1148 4267 de
1194 4212 1326 4281 ﬁde,
1359 4216 1417 4266 et
1446 4211 1871 4267 resurrectione

225 4306 283 4357 et
309 4302 506 4356 futuro
538 4300 771 4372 aesculo,
797 4304 1049 4356 necdum
1072 4300 1518 4356 fundamentum
1547 4299 1872 4365 habet,rur-

226 4406 360 4445 sum
391 4388 626 4445 initium
650 4389 1105 4445 Christianitatis
1132 4388 1358 4461 quaerit.
1383 4388 1529 4454 Quia
1550 4389 1705 4443 enim
1729 4388 1874 4442 ﬁdes

230 4478 682 4534 fundamentum
713 4484 821 4549 est,
845 4483 1054 4535 caetera
1084 4495 1236 4546 vero,
1262 4477 1872 4550 superaadiﬁcationes,

233 4567 388 4638 quod
419 4567 628 4623 beatus
646 4566 960 4638 Apostolus
983 4567 1370 4639 sequentibus
1390 4565 1578 4621 verbis
1599 4565 1874 4632 ostendit,
1906 4586 1955 4652 D

228 4654 473 4711 dicendo
497 4673 511 4711 :
537 4678 565 4705 ‹‹
589 4655 715 4710 Non
740 4672 977 4711 rursum
993 4657 1261 4725 jacentes
1283 4656 1732 4710 fundamentum
1757 4671 1874 4726 pa:-

234 4743 488 4799 nitentia:
519 4744 593 4799 ab
624 4743 900 4816 operibus
947 4745 1217 4813 mortuis,
1248 4748 1306 4799 et
1337 4743 1471 4799 ﬁdei
1503 4745 1575 4799 ad
1605 4743 1811 4798 Deum.
1847 4764 1875 4792 »

230 4832 556 4889 Perfectum
577 4833 734 4888 enim
757 4832 925 4888 illum
950 4850 1248 4903 vocamus,
1272 4834 1373 4904 qui
1404 4850 1538 4888 cum
1564 4832 1677 4888 ﬁde
1697 4832 1876 4887 vitam

228 4920 403 4976 habet
427 4926 669 4976 rectam.
698 4921 759 4977 Si
782 4925 977 4976 autem
1000 4921 1213 4976 horum
1242 4938 1426 4976 unum
1455 4922 1759 4993 quodlibet
1780 4922 1875 4976 de-

230 5009 339 5065 erit
367 5012 665 5082 perlectus
695 5027 811 5065 non
844 5010 973 5065 erit.
1018 5010 1078 5065 Si
1122 5027 1252 5066 vero
1285 5012 1458 5065 ambo
1485 5012 1718 5076 desunt,
1751 5026 1877 5065 me-

234 5099 341 5155 rito
370 5100 656 5172 parvulus
679 5099 792 5155 dici
821 5102 1053 5171 potest;
1079 5104 1135 5154 et
1152 5098 1321 5170 quasi
1340 5099 1533 5153 infans
1555 5097 1877 5164 litteris,sic

232 5188 405 5244 etiam
430 5189 542 5245 iste
570 5188 632 5243 in
666 5189 780 5245 ﬁde
812 5189 1027 5244 iterum
1077 5188 1436 5243 erudiendus
1464 5191 1570 5243 est.
1606 5188 1879 5243 Latenter

233 5283 424 5334 autem
454 5278 644 5351 legem
674 5278 959 5333 inﬁrmari
991 5276 1118 5333 vult
1155 5282 1212 5332 et
1259 5278 1331 5333 ad
1380 5276 1628 5350 gratiam
1657 5276 1875 5333 Christi

231 5383 367 5423 suos
398 5383 603 5423 vocare
634 5366 951 5423 auditores.
985 5365 1093 5431 Qui
1123 5369 1319 5422 autem
1350 5366 1422 5420 ad
1453 5366 1727 5421 virtutem
1766 5365 1876 5420 itu-

231 5473 329 5512 rus
359 5456 735 5529 est,primum
765 5455 1052 5511 malitiam
1074 5456 1246 5511 debet
1266 5455 1574 5528 culparum
1598 5455 1873 5526 abjicere,

301 5634 487 5708 (1407)
517 5632 692 5707 Vulg.
718 5630 1064 5707 perfectiora.

1976 3321 2081 3392 git,
2115 3321 2351 3377 dicens:
2386 3345 2413 3372 «
2452 3323 2819 3394 Impossibile
2845 3329 2933 3380 est
2962 3326 3118 3380 enim
3150 3342 3271 3395 eos,
3313 3325 3413 3397 qui
3443 3327 3626 3383 semel

1977 3409 2868 3483 suntilluminati,gustaverunt
2881 3413 3058 3468 etiam
3088 3414 3308 3469 donum
3326 3413 3555 3471 cmleste
3571 3421 3629 3471 et

1976 3498 2287 3570 participes
2301 3503 2439 3554 sunt
2456 3501 2585 3555 facti
2601 3500 2854 3566 Spiritus
2871 3501 3467 3575 sancti,gustaverunt
3480 3503 3628 3559 nihi-

1978 3586 2237 3642 lominus
2261 3589 2479 3642 bonum
2503 3589 2604 3643 Dei
2627 3590 2867 3645 verbum
2891 3589 3250 3662 virtutesque
3272 3591 3470 3647 saeculi
3489 3609 3624 3648 ven-

1976 3675 2116 3745 turi,
2152 3681 2207 3730 et
2232 3675 2490 3748 prolapsi
2522 3681 2678 3745 sunt,
2714 3678 2974 3734 renovari
2997 3697 3204 3735 rursus
3234 3681 3305 3735 ad
3337 3680 3625 3752 poeniten-

1978 3765 2121 3820 tiam
2137 3781 2371 3819 rursum
2388 3765 2795 3837 cruciﬁgentcs
2809 3767 3193 3840 sibimetipsis
3224 3768 3629 3836 FiliumDei,et

1979 3853 2234 3909 ostentui
2250 3853 2554 3909 habentes.
2579 3876 2607 3903 ››
2626 3854 3458 3927 Impossibileest,inquit,non
3477 3858 3627 3913 difﬁ-

1981 3942 2110 3997 cile.
2146 3940 2515 4013 Impossibile
2546 3942 2937 4013 est,inquit,in
2966 3943 3369 4015 desperatione
3389 3961 3488 4001 eos
3510 3946 3624 4001 mi-
3664 3958 3669 3962 ‘

1981 4031 2341 4095 sit,secundo
2354 4029 2637 4100 baptizari
2653 4047 2823 4101 posse
2837 4030 2976 4100 quia
2992 4030 3359 4102 impossibile
3371 4037 3457 4087 est
3470 4034 3625 4103 quod

1982 4119 2105 4174 ﬁeri
2139 4134 2252 4172 non
2285 4122 2510 4189 potest;
2558 4116 2794 4173 difﬁcile
2842 4119 3159 4189 vero,quod
3194 4118 3460 4190 quamvis
3492 4135 3626 4175 cum

1980 4208 2200 4275 labore,
2233 4207 2355 4261 ﬁeri
2386 4211 2581 4262 tamen
2612 4210 2823 4278 potest.
2849 4206 3279 4279 Semel,inquit,
3306 4206 3627 4264 illuminati

1983 4297 2122 4353 estis
2152 4313 2250 4368 per
2280 4295 2530 4368 gratiam
2578 4295 2766 4351 sancti
2826 4294 3167 4366 Spiritus,et
3208 4296 3493 4368 gustastis
3525 4298 3627 4352 do-

1985 4403 2127 4443 num
2163 4384 2413 4452 cmleste,
2465 4385 2573 4439 hoc
2644 4388 2754 4453 est,
2815 4384 3222 4440 remissionem
3254 4389 3628 4457 peccatorum

1985 4474 2317 4547 accepistis,
2346 4478 2403 4529 et
2445 4473 2756 4547 participes
2804 4473 2939 4530 facti
2989 4474 3130 4529 estis
3161 4474 3413 4545 Spiritus
3442 4473 3630 4530 sancti

1984 4566 2044 4620 in
2075 4563 2488 4619 distributione
2550 4562 2837 4617 donorum
2896 4560 3018 4628 Dei,
3078 4578 3205 4632 quae
3261 4562 3320 4616 in
3371 4561 3632 4634 Epistola

1986 4654 2197 4726 prima,
2228 4670 2326 4720 x11,
2360 4652 2521 4721 8-10,
2554 4651 2624 4705 ad
2647 4647 2975 4705 Corinthios
2998 4649 3152 4704 idem
3184 4649 3392 4706 beatus
3414 4649 3630 4707 Paulus

1986 4746 2314 4806 enumerat,
2374 4745 2430 4795 et
2485 4741 2704 4795 bonum
2754 4738 3006 4810 gustatis
3061 4739 3303 4794 verbum
3351 4739 3474 4795 Dei.
3526 4739 3630 4795 Hic

1988 4831 2311 4887 doctrinam
2361 4828 2502 4883 dicit
2543 4827 2975 4899 evangelicam;
3034 4830 3091 4881 et
3131 4827 3377 4883 virtutes
3405 4827 3629 4884 venturi

1988 4918 2182 4975 saeculi
2233 4915 2604 4989 cognovistis.
2666 4917 2797 4981 Quas
2847 4919 2936 4971 est
2982 4915 3167 4972 virtus
3200 4916 3378 4971 futuri
3409 4915 3630 4983 saeculi,

1988 5008 2101 5064 nisi
2131 5006 2476 5063 resurrectio
2507 5010 2562 5060 et
2590 5005 2708 5059 vita
2736 5006 2906 5059 beata
2936 5022 3063 5077 qua:
3090 5005 3309 5061 sanctis
3340 5002 3628 5077 promitti-

1986 5097 2124 5153 tur?
2159 5098 2283 5150 Haec
2330 5094 2529 5150 omnia
2557 5094 2615 5148 in
2666 5093 2933 5149 doctrina
2980 5094 3135 5163 ﬁdei,
3179 5093 3240 5147 in
3289 5091 3477 5165 gratia
3506 5089 3625 5147 Dei.

1986 5203 2090 5259 per
2115 5184 2479 5257 baptismum
2501 5182 2819 5237 illuminati
2840 5182 3149 5254 accepistis
3168 5185 3225 5236 et
3249 5178 3626 5251 cognovistis.

1986 5276 2201 5331 Scitote
2229 5273 2574 5341 certissime,
2633 5271 2683 5328 si
2739 5271 2799 5326 in
2849 5274 3083 5343 peccata
3140 5270 3351 5323 iterum
3386 5266 3626 5336 cadetis,

1984 5363 2349 5436 impossibile
2379 5379 2505 5419 esse
2538 5378 2639 5417 vos
2682 5359 2943 5416 renovari
2991 5358 3202 5413 iterum
3234 5356 3305 5411 ad
3342 5355 3625 5429 paeniten-

1983 5456 2148 5510 tiam.
2180 5455 2265 5509 Ad
2298 5451 2697 5526 pmnitentiam
2729 5447 2894 5512 dixit,
2928 5446 3035 5501 hoc
3068 5449 3176 5517 est,
3208 5461 3312 5518 per
3339 5445 3627 5518 pmniten-
