4062 6186
345 261 466 338 159

1365 261 1702 340 ATTONIS
1750 263 1797 319 V
1811 261 2208 321 EliCELLEN
2221 261 2335 322 Slb‘
2382 261 2732 324 EPISCOPI

3645 264 3773 325 760

344 392 671 466 tiam.Quid
694 412 828 468 ergo
848 395 876 450 ?
897 395 1145 452 Exclusa
1166 400 1254 452 est
1273 397 1610 468 pcenitentia
1631 400 1762 468 post
1783 395 2003 466 baptis-
2034 397 2090 460 Α
2122 394 2448 450 Fructit‘cra:
2481 399 2646 450 terras
2679 395 3015 452 coelestibus
3045 395 3336 452 imbribus
3371 396 3636 468 irrigans
3663 399 3776 452 ad-

353 505 517 544 mum
545 487 573 540 ?
603 485 793 540 Absit.
825 485 938 540 Sed
983 485 1277 540 renovatio
1310 502 1412 557 per
1443 487 1591 541 sacri
1627 486 1999 557 baptismatis

351 578 648 634 lavacrum
679 575 933 630 secunda
979 575 1100 630 vice
1132 575 1253 631 fieri
1306 593 1422 631 non
1455 578 1684 648 poterit.
1720 581 2002 634 Renovari

355 667 501 721 dixit
528 665 638 720 hoc
668 669 776 733 est,
827 681 1042 719 novum
1095 665 1240 719 fieri.
1297 666 1520 720 Novum
1567 667 1783 738 quippe
1817 669 2006 723 facere

353 754 655 811 hominem
682 754 832 810 sacri
874 753 1248 826 baptismatis
1281 760 1388 823 est,
1421 756 1493 811 de
1543 772 1657 826 quo
1691 757 2004 828 Propheta-

358 844 477 900 ait:
508 866 529 893 ι
564 843 960 898 Renovabitur
990 843 1143 898 sicut
1173 844 1681 916 aquilasjuventus
1703 850 1804 901 tua
1833 849 2006 918 (Psal.

359 951 458 1004 cu,
490 934 566 1004 5).
599 951 625 983 υ
679 933 859 1003 Cujus
911 933 1117 999 virtus,
1164 934 1219 987 id
1273 941 1380 998 est,
1432 935 1806 1005 baptismatis
1837 937 2007 1005 sacri,

363 1024 424 1079 in
484 1037 652 1078 cruce
710 1025 768 1077 et
824 1021 1127 1093 sepultura
1181 1023 1390 1077 Christi
1452 1028 1700 1079 constat.
1747 1027 2012 1083 ,Proindc

366 1111 706 1182 subjunxit:
765 1133 793 1162 «
846 1112 1101 1166 Rursum
1156 1113 1566 1182 crucitigentes
1625 1115 2013 1188 sibimetipsis

368 1201 580 1258 Filium
613 1199 734 1268 Dei,
768 1205 824 1256 et
853 1203 1108 1256 ostentui
1157 1202 1464 1258 habentes.
1499 1226 1526 1253 ‹‹
1561 1205 1677 1259 Ηοο
1707 1209 1814 1275 est,
1848 1209 2015 1262 vetus

367 1289 542 1345 homo
593 1293 793 1345 noster
839 1289 1016 1344 simul
1075 1291 1390 1347 crucifixus
1446 1298 1532 1347 est
1580 1309 1714 1347 cum
1747 1294 2013 1351 Christo:

371 1379 524 1434 sicut
555 1379 666 1434 alio
698 1379 780 1433 ait
805 1376 929 1434 loco
960 1397 972 1434 :
1007 1402 1034 1428 «
1070 1379 1408 1436 Conformes
1455 1381 1608 1436 enim
1642 1383 1774 1437 facti
1811 1401 2019 1441 sumus

373 1468 581 1525 mortis
611 1468 740 1539 ejus
771 1469 945 1536 (Rom.
980 1485 1103 1537 VIII,
1133 1470 1245 1540 29).
1282 1491 1308 1518 ››
1345 1475 1410 1524 Et
1441 1471 1653 1526 iterum
1684 1490 1696 1529 :
1748 1493 1768 1520 ι
1802 1473 2020 1531 Conse-

375 1557 526 1630 pulti
549 1555 704 1612 enim
727 1557 870 1612 estis
901 1557 949 1612 ei
976 1575 1075 1629 per
1105 1558 1402 1630 baptisma
1430 1559 1490 1614 in
1519 1566 1767 1618 mortem
1790 1564 1932 1635 (Col.
1959 1583 2022 1630 ιι,

379 1647 490 1718 12).
527 1669 548 1695 ι
585 1645 748 1701 Sicut
775 1646 932 1701 enim
966 1647 1328 1718 impossibile
1359 1653 1446 1705 est
1471 1654 1730 1708 secundo
1761 1654 2024 1727 crucifigi

2113 484 2363 555 zequavit
2383 485 2782 555 proﬁcientem
2805 486 3058 540 animam
3086 487 3144 540 in
3161 485 3402 541 ﬂoribus
3425 490 3776 542 sanctorum

2115 572 2468 643 germinum,
2503 574 2706 628 dicens
2735 592 2747 629 :
2783 597 2809 623 «
2843 575 3020 629 Terra
3066 576 3223 630 enim
3254 591 3405 646 saepe
3433 575 3776 631 venientem

2117 677 2295 732 super
2325 678 2387 716 se
2410 663 2656 718 imbrem
2683 663 2908 719 bibens.
2939 687 2964 713 »
2997 665 3099 720 Hic
3125 665 3382 720 declarat
3404 667 3560 736 quod
3587 665 3672 731 hi,
3703 666 3776 720 ad

2119 766 2266 820 quos
2297 751 2345 804 ei
2397 768 2587 807 sermo
2640 753 2768 819 fuit,
2822 760 3206 825 susceperunt
3254 759 3312 810 et
3359 754 3780 810 combiberunt

2117 839 2360 894 verbum
2393 841 2644 897 caelestis
2696 843 2992 910 doctrinae,
3048 847 3104 898 et
3152 844 3366 915 saepius
3425 861 3532 915 per
3558 843 3778 914 legem,

2120 945 2223 999 per
2252 929 2565 1000 prOpbetas
2599 938 3000 1003 perceperunt,
3039 939 3094 988 et
3125 949 3230 988 nec
3269 934 3316 989 si
3350 933 3613 1005 prompti
3647 934 3780 988 facti

2123 1022 2261 1071 sunt
2280 1018 2544 1089 germina
2567 1020 2700 1074 fidei
2733 1023 3008 1092 proferre.
3035 1022 3240 1079 Adhuc
3263 1022 3492 1078 addidit
3523 1021 3598 1077 de
3631 1023 3782 1077 bona

2123 1109 2299 1174 terra,
2331 1106 2389 1161 in
2422 1125 2600 1179 quam
2651 1110 2860 1166 cecidit
2909 1128 3105 1166 semen
3133 1113 3293 1167 verbi
3329 1111 3445 1167 Dei.
3485 1134 3514 1160 ‹‹
3546 1111 3777 1166 Germi-

2128 1211 2295 1260 nans,
2352 1196 2451 1262 ait,
2515 1198 2756 1253 herbam
2815 1205 3280 1271 opportunam.»
3319 1199 3478 1255 Nihil
3539 1202 3626 1255 sic
3682 1217 3781 1272 op-

2127 1288 2472 1353 portunum,
2505 1286 2655 1341 sicut
2688 1289 2832 1344 ﬁdes
2878 1289 2934 1342 in
2969 1289 3110 1344 Filio
3140 1289 3260 1354 Dei,
3294 1294 3352 1345 et
3380 1290 3505 1344 vita
3533 1289 3776 1361 optima.

2130 1371 2259 1426 Hase
2290 1389 2424 1428 vero
2455 1374 2594 1431 talis
2640 1381 2794 1432 terra
2825 1377 3036 1449 accipit
3083 1378 3553 1434 benedictionem
3587 1394 3621 1432 a
3651 1377 3782 1446 Deo,

2131 1465 2198 1515 ut
2229 1461 2373 1516 ferat
2397 1464 2786 1534 tricesimum,
2822 1467 3274 1538 sexagesimum,
3298 1467 3477 1522 etiam
3512 1472 3573 1522 et
3597 1470 3784 1521 cente-

2135 1549 2348 1604 simum
2384 1553 2638 1609 fructum
2669 1555 2878 1625 (Matth.
2909 1574 3033 1624 xm,
3065 1557 3175 1628 23).
3209 1557 3278 1610 Et
3317 1556 3430 1612 hoc
3460 1556 3783 1611 notandum

2136 1644 2226 1694 est
2256 1641 2411 1711 quod
2443 1644 2634 1698 omnis
2667 1644 3027 1700 abundantia
3048 1645 3106 1700 in
3139 1645 3408 1717 frugibus
3443 1650 3615 1700 terrae
3646 1650 3703 1698 et
3731 1643 3787 1698 in

380 1735 677 1792 Christum
710 1735 840 1806 (hoc
872 1736 1028 1790 enim
1060 1740 1145 1792 est
1175 1739 1430 1792 ostentui
1461 1755 1594 1794 eum
1626 1741 1882 1814 habere),
1925 1745 2025 1815 qui
2060 1761 2107 1826 Β
2139 1728 2430 1826 fimi-tibus
2463 1733 2760 1826 ᾶΐῦίξτυῐῖξν
2817 1750 2938 1826 ηοιξ
2985 1733 3172 1826 alii”,
3206 1735 3320 1790 Πίεί
3352 1751 3458 1806 ΡθΓ
3485 1734 3588 1826 Dei
3622 1734 3788 1788 bene‘

384 1826 640 1881 secundo
663 1841 726 1880 se
747 1825 1027 1897 baptizari
1052 1842 1223 1898 posse
1246 1831 1434 1899 putat,
1459 1831 1714 1886 secundo
1731 1832 2031 1888 Christum

389 1914 651 1986 crucifigi
679 1914 942 1986 requirit,
976 1915 1074 1986 qui
1108 1917 1286 1972 semel
1318 1918 1629 1974 cruciﬁxus
1661 1925 1770 1986 est,
1803 1927 1860 1977 et
1881 1939 2032 1978 mor-

387 2009 548 2072 tuus,
582 2008 639 2059 et
666 2005 848 2060 victor
870 2005 1076 2061 mortis
1107 2007 1443 2077 resurrexit,
1469 2012 1642 2080 atque
1665 2027 1800 2065 cum
1828 2011 2036 2066 trium-

386 2093 502 2165 pbo
533 2092 730 2166 gloriae
764 2093 937 2149 cmlos
967 2095 1249 2150 ascendit.
1284 2097 1448 2152 Sicut
1473 2098 1627 2153 enim
1661 2100 1841 2155 semel
1872 2101 2036 2158 Chri-

388 2187 515 2238 stus
541 2186 810 2237 mortuus
831 2187 921 2237 est
943 2200 1115 2239 carne
1137 2184 1196 2238 in
1220 2186 1501 2251 cruce,sic
1525 2205 1630 2242 nos
1655 2189 1835 2244 semel
1855 2192 2037 2246 mori-

389 2287 524 2325 mur
552 2270 611 2324 in
643 2270 1013 2340 baptismate,
1047 2289 1161 2327 non
1196 2290 1388 2342 carne,
1422 2276 1519 2329 sed
1557 2282 1810 2346 peccato.
1853 2281 2041 2349 Atque

391 2359 544 2414 sicut
575 2358 672 2414 ille
705 2359 852 2414 mori
901 2377 1016 2414 non
1065 2361 1298 2431 poterit,
1357 2362 1437 2418 ita
1467 2381 1573 2419 nec
1626 2383 1727 2420 nos
1757 2367 2041 2437 baptizari

391 2464 732 2521 possumus,
766 2449 879 2503 nisi
912 2449 1179 2505 fortassis
1210 2449 1485 2523 lacrymis
1517 2453 1889 2524 pcenitentiae,
1924 2473 2041 2510 non

391 2536 604 2593 lavacri
636 2537 1094 2608 regeneratione.
1128 2539 1276 2610 Ergo
1317 2540 1538 2611 inquis,
1589 2559 1704 2596 non
1736 2548 1825 2598 est
1854 2545 2042 2614 paeni—

393 2626 580 2681 tentia
604 2626 632 2680 ?
663 2629 778 2680 Est.
799 2626 910 2680 Sed
933 2627 1227 2697 baptisma
1250 2627 1409 2682 aliud
1442 2646 1558 2684 non
1581 2635 1687 2686 est.
1704 2632 2044 2689 Poenitentia

395 2731 531 2770 vero
563 2717 674 2779 est,
705 2717 763 2768 et
791 2714 1040 2770 multam
1089 2715 1264 2771 habet
1317 2718 1739 2787 fortitudinem,
1775 2722 1951 2776 etiam
1985 2723 2044 2777 in

400 2819 536 2858 eum
571 2802 672 2873 qui
699 2803 951 2874 peccatis
993 2803 1158 2859 valde
1205 2805 1497 2862 dimersus
1547 2813 1652 2863 est.
1685 2810 1744 2865 Si
1774 2810 2043 2879 voluerit,

401 2895 596 2966 potest
627 2891 860 2946 liberari
895 2892 964 2948 ab
998 2909 1173 2948 onere
1203 2900 1570 2966 peccatorum
1625 2902 1682 2954 et
1713 2900 2045 2971 periclitan-

401 2985 518 3037 tem
551 2980 610 3036 in
643 2984 768 3036 tuto
799 2981 1174 3047 constituere,
1208 2983 1440 3038 etiamsi
1467 2986 1538 3040 ad
1569 2986 1764 3058 ipsum
1801 2989 2044 3045 fundum

400 3070 731 3144 iniquitatis
760 3071 1107 3142 pervenerit.
1134 3073 1199 3126 Et
1220 3072 1329 3128 boc
1352 3090 1420 3129 ex
1440 3074 1646 3131 multis
1667 3079 2046 3135 manifestum

2145 1818 2483 1886 dictionem,
2517 1821 2841 1877 cultoribus
2872 1824 2943 1878 ad
2994 1824 3352 1880 voluntatem
3387 1823 3675 1895 proficere
3696 1838 3790 1893 po-

2144 1906 2298 1962 terit.
2334 1908 2531 1979 Neque
2563 1911 2720 1966 enim
2748 1911 3135 1982 agricolarum
3158 1913 3268 1968 fuit
3296 1917 3523 1968 terram
3556 1911 3800 1967 excitare

2147 1996 2219 2050 ad
2254 1996 2499 2066 fructus,
2532 1999 2630 2054 sed
2663 1999 2974 2072 imperium
3000 2001 3098 2057 Dei
3133 2002 3284 2057 sicut
3305 2001 3449 2058 alibi
3473 2002 3636 2057 idem
3673 2002 3803 2056 Pau-

2150 2084 2245 2140 lus
2279 2086 2359 2139 ait
2387 2103 2398 2140 ε
2444 2108 2470 2138 σι
2500 2089 2618 2158 Ego
2651 2089 2906 2159 plantavi
2938 2115 2952 2158 ;
2982 2090 3186 2162 Apollo
3209 2091 3459 2163 rigavit;
3489 2091 3596 2147 sed
3627 2091 3804 2145 incre-

2152 2180 2411 2229 mentum
2488 2177 2642 2233 Deus
2699 2179 2858 2234 dedit
2913 2181 2960 2247 (1
3013 2184 3138 2237 Cor.
3194 2199 3280 2249 ιιι,
3335 2182 3417 2251 6).
3485 2204 3513 2229 ››
3573 2180 3688 2236 Hoc
3740 2181 3805 2235 de

2150 2263 2348 2318 anima
2380 2265 2621 2321 ﬂorente
2677 2268 2734 2322 in
2791 2269 3126 2338 virtutibus,
3178 2274 3235 2325 et
3264 2270 3366 2325 Dei
3396 2270 3804 2325 benedictione

2151 2353 2325 2425 digne
2358 2355 2598 2424 protulit
2629 2358 2984 2429 exemplum.
3020 2360 3267 2431 Moxque
3303 2360 3623 2430 subjunxit
3651 2359 3802 2415 aliud

2153 2443 2496 2515 paradigma
2521 2444 2717 2517 (14:28)
2748 2447 2820 2501 de
2850 2464 2937 2514 ea,
2988 2448 3090 2519 qui
3143 2466 3309 2504 suam
3362 2448 3624 2521 negligit
3655 2448 3805 2503 salu-

2154 2535 2293 2597 tem,
2326 2531 2526 2587 dicens
2555 2550 2566 2588 :
2609 2557 2629 2582 ι
2665 2536 2972 2592 Proferens
2993 2543 3191 2592 autem
3215 2538 3418 2609 spinas
3443 2554 3514 2593 ac
3537 2536 3804 2602 tribulos,

2155 2620 2402 2690 reproba
2422 2626 2510 2676 est
2530 2626 2585 2676 et
2608 2622 2913 2678 maledicto
2939 2626 3401 2697 proxima,cujus
3428 2643 3807 2682 consumma-

2155 2706 2235 2761 tio
2268 2707 2326 2761 in
2359 2710 2847 2766 combustionem.
2897 2737 2924 2763 »
2960 2714 3102 2780 Quis
3151 2731 3410 2786 namque
3453 2721 3548 2771 est
3581 2717 3657 2771 ab
3687 2716 3807 2771 istis

2157 2795 2340 2865 spinis
2373 2799 2630 2854 mundus
2652 2800 2679 2853 ?
2709 2807 2789 2856 Ac
2821 2802 2868 2856 si
2914 2818 3180 2859 essemus
3217 2805 3446 2871 mundi,
3503 2822 3700 2877 neque
3731 2805 3806 2859 sic

2157 2891 2656 2958 praesumptuosos
2704 2907 2809 2945 nos
2859 2897 3150 2963 oporteret
3193 2909 3347 2960 esse,
3379 2895 3486 2948 sed
3519 2894 3729 2949 timere
3758 2899 3807 2948 et

2156 2978 2426 3041 tremere,
2461 2994 2532 3032 ne
2559 2978 2702 3033 forte
2735 2979 3022 3050 pullulent
3053 2982 3112 3036 in
3135 2983 3305 3039 nobis
3331 2984 3521 3056 spina:
3555 2989 3810 3056 peccato-

2161 3078 2312 3116 rum.
2348 3065 2646 3128 Quomodo
2670 3068 2884 3138 anima,
2920 3073 3006 3126 vel
3034 3087 3165 3126 caro
3187 3071 3378 3142 spinis
3405 3072 3589 3144 plena
3620 3087 3810 3142 super-

401 3164 490 3216 est
518 3159 893 3216 testimoniis.
921 3160 1198 3231 Nunquid
1223 3161 1378 3218 enim
1405 3163 1502 3235 qui
1531 3165 1828 3234 cadit,non
1853 3183 2039 3224 resur-

2162 3150 2285 3206 bire
2334 3154 2589 3222 poterit?
2649 3129 2922 3229 Nunquid
2981 3176 3096 3215 non
3155 3129 3361 3231 majori
3405 3129 3812 3216 sollicitudine

402 3249 486 3322 git
506 3249 534 3304 ?
554 3249 725 3320 (Psal.
743 3250 924 3320 xL,9.)
957 3251 1071 3305 Aut
1091 3250 1193 3321 qui
1214 3252 1512 3319 avertitur,
1541 3271 1654 3309 non
1687 3261 2004 3312 revertetur
2024 3259 2052 3313 ?

402 3339 577 3408 (Psal.
612 3355 738 3405 xm,
769 3339 844 3410 7).
879 3339 1057 3402 Quale
1084 3356 1220 3412 ergo
1251 3345 1342 3396 est
1371 3341 1526 3396 istud
1561 3343 2050 3401 medicamentum

404 3427 779 3497 pmnitentiaz,
807 3432 906 3482 aut
930 3427 1184 3497 qualiter
1205 3429 1514 3484 conficitur
1537 3435 1558 3485 Ρ
1579 3432 1840 3489 Primum
1865 3435 2054 3490 excul-

406 3515 605 3585 pando
637 3514 872 3585 propria
901 3519 1154 3586 peccata.
1202 3517 1599 3588 lniquitatem,
1641 3520 1833 3592 inquit
1863 3539 2052 3580 meam

412 3619 529 3657 non
560 3602 824 3668 celavi,et
845 3603 1237 3674 pronuntiabo
1261 3606 1539 3661 adversus
1567 3625 1661 3663 me
1682 3608 2053 3681 iniquitatem

411 3690 679 3746 Domino.
711 3697 767 3746 et
814 3696 875 3745 tu
929 3691 1224 3747 abstulisti
1284 3693 1644 3766 impietatem
1695 3700 1886 3755 cordis
1917 3702 2052 3758 mei.

414 3780 703 3846 Secundo,
738 3780 924 3836 multa
977 3780 1308 3838 humilitate
1340 3783 1613 3856 plangere
1661 3794 1897 3857 peccata
1927 3808 2052 3858 sua,

413 3869 755 3940 fructusque
779 3868 987 3941 dignos
1018 3871 1224 3926 exinde
1273 3872 1459 3927 facere
1486 3875 1835 3945 pmnitentiae
1861 3896 1873 3933 :
1909 3896 2058 3950 qua-

409 3962 583 4014 tenus
617 3957 956 4015 nullatenus
977 3959 1035 4013 in
1067 3960 1271 4015 eadem
1292 3961 1506 4018 iterum
1539 3971 1772 4021 corruat
1802 3975 2055 4038 peccata.

410 4047 627 4102 Deinde
658 4046 859 4102 multis
912 4047 1298 4121 eleemosynis
1356 4051 1642 4108 redimere
1689 4072 1750 4110 se
1795 4056 2054 4128 incipiat,

410 4135 511 4206 qui
543 4135 736 4190 saeculi
772 4135 946 4190 habet
989 4140 1333 4207 potestatem
1363 4157 1375 4194 :
1426 4141 1579 4196 sicut
1609 4144 1892 4215 scriptum
1926 4153 2053 4203 est:

412 4248 435 4276 ι
466 4224 686 4278 Divitias
715 4224 846 4291 viri,
894 4225 1213 4296 redemptio
1262 4228 1468 4282 animas
1519 4229 1678 4286 illius
1710 4239 1848 4288 sunt
1873 4237 2056 4305 (Prov.

410 4329 538 4377 x111,
571 4313 647 4382 8).
685 4334 712 4360 »
746 4312 1045 4368 Postremo
1094 4330 1242 4384 opus
1299 4320 1388 4370 est
1436 4318 1579 4372 nulli
1641 4319 1836 4386 irasci,
1870 4340 2058 4394 neque

413 4399 635 4455 malum
697 4417 800 4471 pro
878 4400 1031 4455 malo
1112 4402 1370 4470 reddere,
1432 4405 1708 4461 omnibus
1768 4408 2059 4465 dimittere

2162 3241 2482 3312 exstirpare
2529 3260 2628 3299 eos
2681 3263 2827 3317 opus
2886 3247 3127 3304 haberet
3147 3249 3174 3302 ‘?
3223 3250 3357 3313 Quae
3402 3255 3550 3306 sunt
3589 3250 3810 3322 spinae?

2164 3329 2482 3386 Audiamus
2513 3332 2809 3389 Christum
2841 3336 2912 3391 de
2941 3337 3126 3408 spinis
3159 3338 3475 3406 dicentem,
3506 3339 3656 3410 quia
3683 3355 3810 3394 cura

2165 3418 2357 3472 saeculi
2392 3419 2568 3490 hujus
2600 3426 2655 3476 et
2686 3424 2944 3495 deceptio
2977 3425 3308 3481 divitiarum
3341 3427 3674 3498 prazfocant
3703 3443 3811 3481 ver-

2164 3506 2327 3577 bum,
2361 3513 2418 3563 et
2463 3509 2894 3568 infructuosum
2955 3515 3218 3571 efficiunt
3265 3517 3475 3585 (Matth.
3532 3534 3663 3582 xm,
3708 3517 3808 3584 29}.

2165 3595 2488 3666 Proferens,
2514 3599 2662 3654 dixit
2707 3602 2928 3672 spinas,
2955 3621 3070 3658 non
3087 3620 3396 3676 generans,
3414 3605 3810 3662 maledictioni

2167 3686 2429 3754 proxima
2460 3691 2567 3741 est.
2603 3687 2646 3743 Ο
2679 3696 2962 3760 quantam
3011 3692 3185 3748 habet
3226 3693 3700 3749 consolationem
3731 3693 3813 3748 hic

2167 3773 2397 3828 sermo!
2435 3774 2848 3843 Maledictioni,
2906 3781 3118 3851 inquit,
3167 3784 3437 3853 proxima
3483 3800 3608 3838 non
3640 3782 3810 3838 male-

2169 3861 2497 3929 dictaQuia
2520 3871 2715 3920 autem
2737 3869 2984 3924 necdum
3009 3870 3067 3925 in
3092 3870 3569 3928 maledictionem
3597 3871 3811 3937 incidit,

2169 3952 2269 4006 sed
2301 3953 2755 4024 proximitatem,
2789 3963 2845 4012 et
2866 3957 3036 4031 longe
3069 3961 3190 4014 ﬁeri
3215 3960 3469 4031 poterit;
3502 3967 3563 4016 et
3595 3978 3701 4016 nec
3729 3977 3812 4015 so-

2169 4038 2288 4094 lum
2321 4044 2658 4099 consolatus
2689 4051 2796 4113 est,
2823 4049 2922 4102 sed
2957 4049 3129 4103 etiam
3158 4049 3214 4102 in
3247 4066 3313 4104 eo
3343 4051 3502 4120 quod
3533 4050 3811 4121 sequitur.

2168 4129 2290 4182 Non
2323 4131 2477 4184 enim
2514 4133 2654 4186 dixit
2681 4151 2692 4187 :
2725 4135 3010 4206 Reproba,
3033 4143 3091 4192 et
3122 4137 3524 4193 maledictioui
3558 4139 3812 4210 proxima

2168 4219 2582 4277 comburetur:
2617 4223 2716 4277 sed
2767 4224 2904 4295 quid
2928 4226 2955 4280 ?
3001 4248 3028 4277 ‹‹
3060 4225 3241 4297 Cujus
3290 4229 3726 4283 consummatio
3755 4227 3812 4281 in

2167 4308 2654 4367 combustionem.
2681 4317 2864 4368 «Hzec
2885 4315 3214 4371 combustio
3237 4331 3352 4370 non
3373 4317 3506 4384 erit,
3527 4318 3643 4372 nisi
3666 4317 3816 4388 quis-

2167 4412 2280 4463 que
2313 4414 2498 4468 usque
2528 4400 2584 4453 in
2642 4402 2814 4456 tinem
2879 4409 3216 4473 permaneat
3262 4405 3321 4460 in
3382 4407 3644 4476 peccatis
3673 4407 3814 4461 suis.

413 4489 791 4562 peccantibus
823 4489 882 4544 in
915 4506 997 4557 se,
1045 4488 1271 4545 dicente
1319 4491 1446 4563 ipsa
1473 4493 1750 4552 veritate:
1793 4516 1813 4544 «
1848 4498 2056 4555 Dimit-
2090 4495 2136 4558 D
2170 4483 2314 4546 Quia
2343 4486 2402 4539 in
2435 4504 2786 4560 quacunque
2826 4491 2918 4546 die
2963 4509 3275 4548 conversus
3318 4494 3495 4549 fuerit
3525 4499 3813 4566 Ρθοεδίοτο

412 4578 537 4645 tite,
569 4583 623 4633 et
655 4577 982 4633 dimittetur
1011 4578 1173 4634 vobis
1204 4580 1356 4649 (Luc.
1390 4598 1464 4650 vr,
1497 4581 1609 4652 37).
1645 4605 1673 4632 »

486 4687 516 4717 ‹‹
551 4668 729 4722 Terra
760 4667 914 4722 enim
948 4684 1099 4739 saepe
1129 4669 1454 4725 venientem
1505 4688 1682 4742 super
1713 4689 1774 4728 se
1805 4673 2054 4731 imbrem

413 4753 642 4821 bibens,
677 4759 734 4809 et
786 4772 1069 4827 generans
1119 4757 1362 4813 herbam
1407 4765 1799 4831 opportunam
1855 4762 1990 4830 illis,
2027 4782 2060 4820 a

410 4842 628 4915 quibus
661 4841 890 4911 colitur;
914 4845 1125 4916 accipit
1145 4846 1602 4903 benedictionem
1636 4867 1670 4905 a
1701 4855 1833 4906 Deo.
1864 4852 2057 4908 Profe-

407 4949 543 4990 rens
593 4936 790 4986 autem
842 4933 1063 5004 spinas,
1114 4939 1172 4988 et
1230 4936 1499 5004 tribulos,
1562 4940 1806 5010 reproba
1865 4946 1953 4997 est
2003 4947 2060 4998 et

406 5021 714 5078 maledicto
738 5021 1024 5092 proxima,
1053 5024 1677 5094 cujusZconsummatio
1701 5028 1758 5083 in
1785 5031 2056 5087 combus-

403 5113 645 5167 tionem.
683 5132 712 5160 »
744 5113 886 5165 Cum
918 5114 1168 5167 tremore
1193 5118 1387 5169 autem
1413 5116 1724 5173 audiamus
1755 5136 2057 5177 sermones

406 5201 522 5255 Dei.
556 5201 678 5255 Non
712 5205 851 5255 sunt
899 5199 983 5254 hae
1015 5201 1186 5256 minae
1238 5202 1422 5271 Pauli,
1473 5222 1585 5260 non
1630 5212 1770 5262 sunt
1800 5207 2057 5266 hominis

407 5289 618 5356 verba;
653 5288 906 5360 Spiritus
938 5289 1124 5344 sancti
1154 5296 1312 5356 sunt,
1351 5291 1562 5347 Christi
1597 5299 1736 5350 sunt
1764 5296 2057 5368 loquentis

409 5377 467 5430 in
503 5376 698 5430 Paulo.
751 5377 1260 5449 Comparationem
1315 5380 1572 5449 hicﬂ'ecit
1620 5385 1691 5438 de
1724 5387 2058 5455 proficiente

413 5464 611 5518 anima
639 5465 691 5518 in
727 5465 992 5521 doctrina
1017 5469 1133 5536 Dei,
1159 5473 1215 5523 et.
1241 5469 1568 5540 negligente
1590 5471 1839 5530 salutem
1863 5492 2050 5532 suam.

487 5570 670 5643 (1408)
701 5571 897 5629 Οιωοθ,
925 5590 1032 5629 vox
1058 5592 1070 5631 :
1105 5575 1230 5632 scil.
1264 5577 1578 5650 exemplar.

2173 4591 2198 4618 ι(
2229 4574 2348 4629 vita
2378 4576 2548 4643 vivet,
2582 4584 2638 4634 et
2686 4597 2799 4634 non
2853 4582 3132 4637 morietur
3171 4582 3396 4654 (Ezech.
3448 4601 3614 4650 xvm,
3643 4585 3754 4652 21).
3788 4607 3808 4632 υ

2167 4665 2225 4719 Si
2257 4682 2387 4720 vero
2414 4668 2832 4726 abscindamus
2850 4672 3076 4742 spinas,
3101 4689 3202 4743 per
3227 4672 3634 4743 paenitentiam
3659 4678 3814 4745 pote-

2171 4753 2356 4809 rimus
2388 4755 2547 4811 mille
2606 4758 2776 4812 bonis
2835 4761 3073 4831 perfrui,
3133 4765 3188 4816 et
3241 4761 3365 4816 fieri
3397 4761 3732 4832 probabiles
3761 4767 3814 4816 et

2169 4844 2592 4901 benedictionis
2616 4847 2712 4902 Dei
2740 4849 3395 4922 participes.Postquam
3419 4856 3621 4906 autem
3644 4852 3814 4905 incre-

2168 4935 2327 5005 pavit
2353 4951 2452 4990 eos
2485 4937 2862 5004 sufficienter,
2895 4943 2952 4992 et
2983 4939 3191 4994 terruit
3219 4945 3278 4994 et
3309 4941 3627 5011 percussit,
3653 4946 3815 4995 curat

2167 5039 2266 5078 eos
2297 5024 2531 5089 iterum,
2558 5043 2628 5082 ne
2657 5027 2992 5097 desperatos
3012 5028 3185 5083 faciat
3209 5047 3221 5095 ;
3247 5045 3435 5100 neque
3457 5030 3516 5084 in
3541 5031 3813 5085 omnibus

2168 5112 2461 5180 adulatur,
2498 5131 2684 5186 neque
2715 5115 2773 5170 in
2816 5117 3090 5172 omnibus
3130 5118 3402 5189 percutit.
3439 5118 3558 5173 Nec
3590 5119 3704 5174 hoc
3730 5118 3808 5172 di-

2167 5202 2359 5258 cimus
2385 5203 2563 5258 veluti
2597 5209 2870 5276 putantes
2893 5223 2995 5260 vos
3016 5207 3202 5277 spinis
3230 5207 3453 5279 plenos,
3479 5209 3582 5264 sed
3606 5208 3806 5263 timen-

2166 5296 2254 5345 tes
2287 5309 2357 5347 ne
2389 5291 2533 5348 tales
2565 5293 2920 5349 et'ticiamini.
2953 5294 3160 5351 Melius
3191 5303 3279 5351 est
3307 5297 3465 5352 enim
3491 5297 3688 5353 verbis
3715 5313 3807 5352 vos

2168 5385 2402 5447 terrere,
2437 5399 2508 5436 ne
2539 5383 2712 5438 rebus
2742 5383 2884 5454 ipsis
2918 5383 3180 5441 deleatis.

2239 5491 2263 5517 α
2303 5469 2667 5526 Conﬁdimus
2698 5476 2914 5540 autem,
2964 5472 3352 5540 dilectissimi,
3389 5473 3461 5530 de
3492 5476 3664 5532 vobis
3695 5491 3802 5530 me-
