4044 6180
274 385 385 444 ⁸761

852 382 1269 444 EXPOSITIO
1312 380 1390 442 IN
1438 372 1866 442 EPISTOLAS
1910 377 2169 441 PAULI.
2203 379 2386 440 -—IN
2432 379 2675 440 EPIST.
2726 377 2827 438 AD
2874 372 3111 436 HEBR.

3552 368 3685 437 762.

280 514 446 584 liora,
478 517 535 569 et
565 513 845 570 viciniora
870 513 1067 576 saluti,
1129 513 1361 569 tametsi
1412 514 1493 569 ita
1543 511 1861 583 loquimur.
1890 532 1917 559 ››
1948 511 2003 578 Α
2034 512 2279 582 adeptus
2311 516 2401 566 est
2424 511 2893 582 promissionem.
2922 530 2949 558 »
2984 506 3132 563 Mira
3162 502 3460 577 sapientia
3517 500 3671 558 beati

282 603 429 667 Quia
460 604 669 659 beatus
701 604 916 658 Paulus
948 620 1061 658 non
1096 603 1303 657 habuit
1334 603 1487 657 unde
1520 618 1638 667 eos,
1675 601 1744 654 ad
1776 616 1921 670 quos

280 692 539 764 scripsit,
572 694 640 748 de
673 693 1057 764 praesentibus
1084 693 1366 759 laudaret,
1389 692 1591 762 incipit
1612 707 1710 745 eos
1730 690 1798 743 de
1821 704 1923 759 spe

280 782 481 837 futura
512 782 844 853 pradicare,
878 782 1115 837 dicens:
1152 782 1533 847 Conﬁdimus,
1569 780 1795 843 fratres,
1854 778 1924 830 de

280 872 445 926 vobis
478 871 735 933 meliora,
760 878 813 925 et
835 871 1119 925 viciniora
1146 872 1340 937 saluti,
1368 870 1637 941 quamvis
1661 870 1742 921 ita
1769 867 1925 919 dica-

280 976 444 1027 mus;
480 964 647 1031 quasi
680 960 921 1015 dixisset
950 977 962 1015 :
987 962 1476 1033 Optimaquazque
1508 960 1576 1013 de
1600 958 1763 1012 vobis
1786 974 1924 1010 con-

279 1049 540 1115 ﬁdimus,
573 1054 627 1103 et
658 1068 783 1120 quae
817 1049 991 1105 saluti
1024 1055 1226 1105 vestra
1259 1049 1601 1120 proﬁciant;
1642 1064 1755 1101 non
1809 1044 1921 1099 uti-

278 1154 413 1209 que,
449 1138 603 1208 quod
637 1138 911 1209 superius
934 1140 1135 1194 dixide
1155 1140 1400 1209 reproba
1424 1144 1576 1192 terra
1602 1142 1659 1191 et
1685 1134 1924 1189 combu-

278 1226 456 1282 stioni
489 1229 772 1298 proxima,
807 1229 876 1283 de
907 1228 1071 1283 vobis
1086 1229 1192 1282 hoc
1216 1228 1493 1293 diximus,
1524 1227 1661 1297 quia
1686 1223 1926 1278 meliora

278 1317 351 1371 de
382 1317 542 1371 vobis
574 1316 889 1373 credimus.

352 1405 607 1459 Adduxit
628 1407 958 1477 quoqueeis
984 1406 1041 1460 in
1071 1406 1414 1460 memoriam
1436 1404 1748 1476 praterita,
1773 1405 1837 1456 ut
1859 1418 1926 1456 ex

280 1496 592 1566 praeteritis
620 1511 719 1551 eos
751 1495 1007 1550 alliceret
1038 1497 1109 1550 ad
1140 1496 1294 1550 bona
1326 1511 1589 1565 quaeque.
1622 1494 1753 1547 Ideo
1786 1492 1925 1546 sub-

270 1586 471 1655 junxit
501 1602 512 1639 :
548 1608 575 1635 ‹‹
609 1586 734 1641 Non
766 1586 922 1639 enim
954 1586 1215 1655 injustus
1248 1590 1419 1651 Deus,
1455 1590 1518 1637 ut
1551 1581 1927 1637 obliviscatur

280 1676 472 1744 operis
504 1675 681 1730 vestri
713 1680 768 1729 et
807 1674 1156 1740 dilectionis,
1216 1692 1391 1746 quam
1452 1672 1813 1737 ostendistis,
1866 1672 1924 1724 in

280 1763 518 1819 nomine
544 1764 752 1835 ipsius,
778 1765 875 1835 qui
902 1764 1248 1819 ministratis
1273 1764 1514 1833 sanctis,
1549 1767 1606 1817 et
1630 1761 1923 1815 ministra-

280 1851 377 1906 tis.
408 1874 428 1900 ιι
474 1852 616 1907 Ecce
677 1853 969 1923 quomodo
1016 1852 1291 1908 recreavit
1339 1852 1570 1907 animas
1619 1866 1820 1906 eorum
1872 1853 1927 1904 et
1960 1881 2005 1946 Β

282 1941 652 2009 confortavit,
680 1941 919 2012 antiqua
951 1941 1034 1996 eis
1090 1941 1148 1995 in
1201 1946 1455 1996 mentem
1509 1956 1821 1995 revocans:
1874 1942 1930 1992 et

281 2030 419 2084 fecit
447 2046 565 2100 eos,
620 2034 683 2084 ut
735 2047 850 2084 non
904 2031 1259 2085 aestimarent
1309 2029 1569 2084 oblivisci
1628 2034 1828 2098 Deum,
1875 2030 1930 2081 et

282 2119 573 2191 praterita
603 2120 731 2190 ejus
760 2120 1041 2174 beneﬁcia
1069 2119 1128 2173 in
1161 2136 1278 2174 eos.
1326 2120 1573 2174 Necesse
1630 2122 1718 2173 est
1773 2117 1927 2171 enim

282 2222 417 2261 eum
454 2223 709 2277 peccare,
744 2208 835 2262 cui
877 2223 1011 2279 spes
1058 2207 1242 2263 deerit
1299 2209 1654 2262 futurorum.
1712 2206 1930 2261 Deinde

283 2295 555 2351 hortatur
585 2312 684 2351 eos
708 2297 763 2350 in
797 2298 1071 2352 omnibus
1090 2314 1322 2368 sperare
1342 2298 1557 2351 futura.
1584 2298 1728 2351 Eum
1748 2296 1927 2361 enim,

284 2384 385 2456 qui
417 2385 687 2455 desperat
718 2386 787 2439 de
818 2386 1203 2454 praesentibus
1235 2386 1533 2440 beneﬁciis
1565 2386 1684 2453 Dei,
1709 2386 1862 2455 quod
1898 2402 1931 2440 a

283 2473 399 2528 Deo
431 2490 544 2527 non
578 2473 808 2539 habeat,
836 2475 905 2529 de
930 2474 1143 2529 futuris
1166 2476 1490 2529 confortare
1509 2475 1641 2545 quis
1674 2474 1930 2546 poterit?

284 2562 486 2618 Simile
519 2563 657 2633 quid
690 2562 910 2618 Galatis
931 2566 1058 2633 v,7,
1083 2564 1458 2635 improperat,
1484 2564 1717 2619 dicens:
1745 2565 1928 2619 «Cur-

286 2652 507 2707 rebatis
539 2653 704 2707 bene.
740 2654 1020 2718 Quisnam
1054 2670 1154 2708 vos
1188 2654 1538 2709 fascinavit?
1562 2675 1591 2705 ι
1624 2659 1810 2724 Atque
1833 2654 1930 2709 ite-

286 2758 419 2795 rum
444 2757 456 2795 :
493 2764 519 2791 «
555 2743 740 2796 Tanta
770 2744 928 2813 passi
958 2742 1098 2798 estis
1130 2743 1255 2798 sine
1276 2744 1496 2798 causa?
1522 2766 1548 2792 ››
1576 2744 1716 2812 (Gul.
1746 2760 1827 2812 ιιι,
1854 2743 1929 2813 4.)

286 2830 359 2885 Ut
415 2835 610 2885 tamen
666 2830 961 2902 mitigaret
1015 2833 1279 2887 eamdem
1358 2833 1731 2901 sententiam,
1797 2850 1928 2887 mox

285 2918 593 2989 subjungit
627 2937 638 2973 :
676 2942 702 2968 ι(
734 2919 793 2973 Si
844 2924 1037 2974 tamen
1100 2920 1225 2975 sine
1282 2937 1479 2975 causa.
1518 2944 1543 2968 ››
1603 2921 1694 2975 Sic
1754 2923 1929 2975 etiam

287 3006 395 3062 hoc
454 3007 579 3062 loco
637 3007 981 3079 temperavit
1038 3008 1386 3063 sententiam
1444 3025 1634 3075 suam,
1696 3009 1925 3063 dicens:

284 3095 409 3151 Non
470 3095 626 3151 enim
686 3097 945 3165 injustus
1003 3101 1174 3161 Deus,
1237 3102 1300 3151 ut
1353 3096 1728 3151 obliviscatur
1801 3114 1931 3167 ope-

286 3185 369 3239 ris
398 3185 596 3250 vestri,
628 3186 769 3240 dum
802 3191 1026 3240 tantam
1088 3186 1431 3239 charitatem
1483 3186 1821 3241 ostendistis
1871 3186 1928 3240 in

2033 600 2213 655 Pauli.
2252 603 2355 656 Per
2403 602 2556 656 vices
2614 600 2890 656 laudibus
2949 597 3170 654 extollit
3226 612 3344 660 eos,
3406 592 3475 647 ad
3525 607 3672 663 quos

2033 690 2272 757 scribit;
2307 707 2408 762 per
2435 691 2586 745 vices
2618 690 2941 745 terroribus
2972 684 3370 743 antecedentis
3412 681 3669 737 historia

2034 784 2205 834 terret
2238 797 2357 845 eos,
2391 798 2461 834 ne
2509 780 2774 835 inﬁdeles
2825 782 3041 839 essent,
3102 780 3158 831 et
3208 775 3404 829 minus
3454 767 3671 825 creduli

2035 869 2407 938 promissioni
2424 868 2523 924 Dei
2549 887 2561 933 ;
2584 886 2685 939 per
2701 868 2851 923 vices
2866 884 2999 924 vero
3024 881 3225 921 eorum
3239 859 3519 932 exemplis
3540 859 3675 913 hor-

2033 962 2196 1011 tatur
2227 960 2296 1012 ad
2331 958 2671 1029 patientiam
2704 964 2758 1012 et
2808 958 3003 1026 ﬁdem,
3054 959 3110 1011 et
3158 958 3224 1008 ut
3271 950 3672 1007 indubitanter

2035 1048 2291 1115 credant,
2326 1064 2438 1101 non
2473 1046 2661 1101 solum
2694 1048 2808 1101 Deo
2842 1045 3077 1112 dicenti,
3109 1058 3311 1098 verum
3355 1040 3530 1105 etiam
3572 1038 3671 1108 ju-

2035 1136 2183 1190 ranti
2214 1153 2313 1207 per
2342 1138 2744 1207 semetipsum.
2772 1138 2838 1191 Et
2859 1138 2997 1190 dum
3022 1134 3070 1189 ei
3096 1132 3281 1187 multa
3300 1128 3675 1201 suppeterent

2034 1225 2297 1296 exempla
2328 1231 2687 1291 sanctorum,
2722 1225 2821 1297 qui
2853 1241 2954 1295 per
2984 1222 3325 1295 patientiam
3367 1216 3673 1273 haredita-

2034 1318 2172 1369 runt
2203 1315 2621 1385 promissiones
2654 1314 2773 1381 Dei,
2808 1314 3095 1385 pracipue
3126 1310 3314 1366 ﬁdelis
3352 1305 3671 1370 Abraham,

2035 1408 2269 1474 propter
2297 1404 2638 1476 dignitatem
2675 1421 2933 1476 persona
2966 1420 3102 1471 sua,
3136 1407 3190 1456 et
3239 1403 3472 1471 propter
3518 1394 3671 1465 quod

2036 1493 2289 1547 maxime
2319 1494 2377 1548 in
2410 1511 2473 1548 eo
2506 1494 2661 1549 istud
2721 1492 3051 1565 contigerit,
3112 1491 3208 1561 qui
3259 1486 3674 1559 longanimiter

2035 1582 2225 1636 ferens
2260 1584 2503 1654 adeptus
2531 1588 2619 1639 est
2651 1584 2707 1637 in
2740 1582 2877 1637 ﬁliis
2910 1580 3328 1654 promissiones
3360 1592 3475 1630 non
3501 1574 3672 1629 modo

2035 1671 2307 1742 prateriti
2340 1673 2775 1744 temporis,qua
2799 1673 2855 1726 in
2881 1670 3092 1743 populo
3116 1668 3215 1725 Dei
3235 1666 3486 1739 impleta
3513 1666 3675 1729 sunt,

2036 1761 2136 1815 sed
2167 1761 2352 1833 magis
2384 1762 2558 1816 etiam
2580 1760 2639 1815 in
2663 1761 2950 1827 futurum,
2976 1757 3395 1831 promissiones
3419 1755 3477 1809 in
3502 1751 3674 1817 ﬁlios,

2037 1866 2183 1920 quos
2208 1850 2435 1905 bonitas
2448 1849 2549 1906 Dei
2570 1851 2640 1905 de
2661 1848 2955 1921 lapidibus
2982 1847 3247 1919 gentium
3274 1841 3597 1908 suscitavit,
3622 1842 3679 1895 et

2040 1938 2173 1993 fecit
2202 1955 2300 1994 eos
2332 1940 2389 1994 in
2418 1940 2528 1995 ﬁde
2559 1956 2687 1994 esse
2718 1938 2866 1994 ﬁlios
2898 1937 3163 1992 Abrahae.
3218 1931 3676 1989 Promissionem

2038 2027 2217 2093 enim,
2251 2029 2397 2096 dico,
2433 2033 2669 2099 operata
2699 2033 2788 2083 est
2817 2025 3237 2099 longanimitas
3268 2019 3581 2083 audientis,
3623 2020 3681 2070 et

2038 2117 2425 2188 exspectantis
2439 2118 2831 2173 hareditatem
2848 2116 3221 2188 promissam,
3236 2128 3413 2184 quam
3437 2106 3677 2181 pusilla-

2040 2206 2227 2261 nimes
2259 2211 2313 2261 et
2342 2207 2622 2262 increduli
2652 2208 2826 2262 verbo
2858 2206 2957 2261 Dei
3014 2222 3128 2259 non
3176 2203 3413 2258 fuerunt
3462 2195 3677 2268 adepti,

2039 2294 2190 2349 sicut
2212 2295 2475 2367 plurima
2506 2296 2738 2351 illorum
2770 2296 2829 2351 in
2860 2296 3089 2351 deserto
3123 2291 3293 2365 periit
3340 2286 3677 2343 multitudo.

2039 2384 2223 2447 Quam
2258 2386 2503 2457 impium
2526 2391 2613 2440 est
2640 2384 2994 2454 Deojuranti
3020 2400 3134 2438 non
3163 2380 3395 2435 credere
3418 2377 3431 2432 l
3456 2374 3680 2430 Juravit

2038 2474 2191 2527 enim
2224 2474 2378 2530 Deus
2410 2492 2511 2547 per
2542 2475 2945 2545 semetipsum,
2980 2473 3117 2543 quia
3148 2469 3442 2525 neminem
3473 2462 3681 2520 habuit

2039 2564 2342 2633 majorem,
2378 2582 2477 2634 per
2509 2581 2684 2636 quem
2708 2564 2953 2634 juraret.
2980 2564 3177 2617 Potest
3197 2558 3291 2614 hic
3319 2570 3588 2629 persona,
3618 2552 3678 2606 in

2038 2651 2147 2707 hoc
2173 2653 2525 2722 juramento,
2559 2653 2656 2708 Dei
2682 2652 2868 2708 Patris
2891 2650 3157 2721 intelligi,
3184 2648 3284 2721 qui
3306 2647 3377 2702 de
3402 2644 3545 2700 Filio
3572 2656 3678 2696 suo

2037 2742 2226 2798 eidem
2258 2734 2595 2814 patriarcha
2629 2742 2916 2812 promisit,
2949 2740 3186 2795 dicens:
3220 2739 3289 2792 Et
3343 2735 3404 2790 in
3455 2733 3679 2789 semine

2036 2835 2136 2886 tuo
2170 2833 2587 2887 benedicentur
2618 2848 2822 2887 omnes
2876 2834 3076 2901 gentes
3122 2832 3286 2882 terra
3331 2824 3484 2896 (Gen.
3537 2836 3675 2889 x111,

2042 2921 2150 2989 18).
2174 2942 2199 2971 ››
2231 2921 2355 2975 Non
2389 2920 2529 2975 dicit
2564 2940 2589 2971 α
2618 2920 2675 2974 in
2710 2918 3059 2983 seminibus,
3086 2940 3112 2965 »
3146 2922 3211 2971 ut
3232 2917 3438 2971 beatus
3461 2911 3679 2967 Paulus

2040 3010 2097 3063 in
2134 3009 2245 3063 alia
2276 3010 2639 3064 demonstrat
2669 3007 2929 3080 Epistola
2959 3007 3112 3078 (Gal.
3148 3022 3233 3071 ιιι,
3271 3005 3393 3074 16):
3420 3002 3543 3067 sed,
3568 3022 3594 3049 «
3620 3000 3677 3054 in

2040 3098 2261 3153 semine
2293 3103 2411 3163 tuo,
2448 3120 2474 3146 ››
2509 3098 2615 3153 hoc
2649 3102 2757 3166 est,
2789 3096 2848 3151 in
2889 3095 3141 3151 Christo.
3201 3093 3372 3149 Jurat
3420 3088 3576 3145 enim
3625 3090 3683 3142 et

2041 3186 2195 3241 idem
2230 3186 2497 3242 Christus
2525 3186 2583 3241 in
2617 3185 2945 3257 Evangelio,
2978 3184 3215 3239 dicens:
3251 3204 3277 3231 α
3302 3183 3485 3236 Amen
3508 3192 3679 3233 amen

286 3274 530 3329 sanctis.
562 3273 850 3329 Volumus
874 3273 1029 3328 enim
1061 3290 1162 3328 vos
1195 3274 1517 3329 imitatores
1547 3291 1748 3329 eorum
1779 3290 1929 3341 esse,
1962 3246 2004 3312 Ο
2043 3275 2170 3329 dico
2197 3275 2389 3342 vobis;
2425 3300 2446 3327 ι›
2485 3274 2685 3346 etipse
2717 3291 2817 3345 per
2838 3272 3242 3343 semetipsum,
3270 3270 3409 3342 quia
3433 3283 3539 3329 nec
3560 3267 3683 3337 ipse

288 3362 389 3435 qui
420 3379 522 3434 per
553 3363 725 3417 ﬁdem
758 3366 815 3417 et
849 3362 1189 3433 patientiam
1226 3362 1543 3417 hareditati
1574 3364 1755 3434 (1409)
1797 3367 1935 3419 sunt

289 3451 739 3524 promissiones.

366 3542 553 3605 Quare
579 3556 711 3595 vero
743 3539 1098 3595 desiderium
1132 3540 1369 3596 haberet
1400 3542 1470 3595 de
1499 3540 1687 3597 salute
1710 3559 1934 3609 eorum,

289 3629 561 3700 sequenti
592 3630 846 3684 ostendit
875 3628 1243 3700 allegatione,
1299 3630 1537 3685 dicens:
1593 3654 1619 3681 α
1654 3632 1937 3703 Cupimus

289 3718 448 3773 enim
480 3734 961 3788 unumquemque
1015 3722 1275 3772 vestrum
1328 3720 1595 3773 eamdem
1645 3724 1937 3775 ostentare

290 3805 744 3862 sollicitudinem
777 3807 847 3859 ad
881 3805 1269 3877 expiationem
1303 3808 1423 3877 spei
1447 3825 1631 3878 usque
1654 3808 1711 3862 in
1736 3810 1936 3875 ﬁnem,

291 3900 357 3948 ut
388 3910 501 3949 non
535 3910 742 3966 segnes
782 3894 1188 3949 efﬁciamini.»
1224 3894 1640 3951 Desideramus
1660 3913 1818 3963 vero,
1845 3898 1935 3951 in-

291 3982 441 4054 quit,
476 3998 590 4037 non
624 3987 854 4037 tantum
886 3983 1040 4037 circa
1068 3983 1262 4053 verba,
1297 3984 1397 4039 sed
1420 3984 1595 4038 etiam
1630 3986 1686 4039 in
1709 3985 1939 4041 virtuti-

290 4073 403 4127 bus
434 4072 785 4138 conversari,
820 4088 935 4125 non
968 4072 1135 4141 quasi
1170 4073 1366 4142 priora
1395 4077 1582 4127 vestra
1614 4073 1937 4145 culpantes,

291 4162 390 4216 sed
424 4165 491 4215 ut
520 4162 590 4215 de
622 4160 836 4215 futuris
867 4160 1102 4215 solliciti
1136 4160 1265 4216 sitis
1289 4162 1693 4232 admonentes,
1719 4163 1825 4218 hoc
1852 4169 1941 4219 est

291 4249 495 4320 quales
528 4249 724 4304 fuistis
756 4250 1037 4320 primum,
1073 4249 1220 4304 tales
1252 4268 1351 4305 vos
1384 4252 1658 4321 cupimus
1691 4257 1748 4307 et
1770 4254 1939 4307 modo

290 4354 421 4394 esse
451 4342 506 4393 et
556 4339 613 4392 in
648 4340 936 4392 futurum.
990 4339 1057 4392 Et
1091 4356 1205 4393 non
1242 4338 1405 4409 dixit,
1439 4340 1589 4410 volo,
1639 4342 1794 4412 quod
1855 4347 1943 4395 est

288 4426 660 4482 auctoritatis
694 4426 993 4493 doctrina;
1030 4428 1130 4481 sed
1164 4429 1320 4498 quod
1353 4433 1475 4483 erat
1506 4434 1759 4500 paterna
1792 4429 1940 4485 dile-

285 4515 525 4573 ctionis.
560 4516 679 4570 Hoc
711 4520 821 4583 est,
851 4516 1124 4587 cupimus
1160 4534 1644 4588 unumquemque
1682 4522 1940 4574 vestrum

2044 3364 2543 3434 habuitmajorem
2568 3381 2670 3436 per
2696 3363 3131 3435 quemjuraret.
3157 3382 3185 3410 «
3211 3359 3563 3415 Benedicens
3584 3355 3684 3411 be-

2047 3453 2311 3506 nedicam
2337 3456 2412 3518 te,
2449 3475 2476 3501 ››
2508 3453 2615 3508 hoc
2647 3453 2705 3507 in
2740 3451 2923 3508 stellis
2955 3449 3105 3516 cali,
3155 3464 3257 3519 per
3301 3464 3449 3518 quas
3497 3444 3685 3501 sancti

2048 3542 2428 3611 designantur
2459 3542 2529 3597 de
2560 3544 2689 3613 ejus
2719 3541 2941 3597 semine
2972 3537 3173 3607 futuri,
3208 3535 3455 3606 intelligi
3498 3536 3689 3607 potest

2048 3632 2291 3687 dictum.
2319 3654 2345 3680 ‹‹
2377 3631 2773 3704 Multiplicans
2804 3628 3207 3701 multiplicabo
3240 3630 3314 3693 te,
3344 3648 3370 3674 »κ
3402 3628 3460 3681 et
3490 3624 3600 3681 hoc
3631 3623 3688 3677 in

2049 3737 2223 3775 arena
2255 3720 2453 3787 maris,
2504 3737 2603 3792 per
2660 3736 2836 3792 quam
2897 3721 3226 3791 peccatores
3281 3714 3482 3787 populi
3528 3712 3691 3769 illius

2048 3810 2344 3879 designari
2374 3816 2624 3881 possunt
2648 3828 2660 3875 ;
2686 3815 2931 3880 utraque
2958 3808 3112 3863 enim
3136 3806 3448 3862 Dominum
3476 3803 3694 3859 dixisse

2050 3898 2286 3967 legitur,
2321 3898 2421 3951 ubi
2452 3898 2567 3952 ait:
2606 3920 2631 3947 ‹‹
2660 3899 2729 3951 Et
2760 3896 2863 3951 erit
2896 3912 3095 3952 semen
3130 3899 3299 3949 tuum
3327 3894 3480 3948 sicut
3511 3890 3692 3946 stella

2050 3987 2196 4053 cali,
2230 3990 2285 4040 et
2316 3987 2471 4041 sicut
2500 4002 2675 4040 arena
2706 4002 2833 4055 qua
2865 3989 2953 4040 est
2984 3984 3044 4038 in
3076 3983 3273 4038 littore
3306 3981 3488 4037 maris
3535 3980 3690 4051 (Gen.

2050 4093 2187 4141 xxu,
2218 4077 2326 4145 17).
2354 4096 2381 4123 ››

2127 4186 2154 4215 ‹‹
2187 4164 2465 4218 Homines
2497 4163 2653 4217 enim
2687 4178 2789 4233 per
2815 4162 3095 4231 majorem
3138 4175 3311 4214 suum
3364 4159 3588 4228 jurant,
3640 4160 3697 4211 et

2052 4254 2245 4309 omnis
2273 4252 2677 4307 controversia
2710 4267 2908 4306 eorum
2940 4249 3075 4305 ﬁnis
3098 4249 3168 4303 ad
3192 4248 3695 4302 conﬁrmationem

2052 4347 2140 4398 est
2164 4344 2590 4412 juramentum.
2616 4364 2641 4390 ››
2676 4341 2734 4396 Si
2766 4340 2943 4412 igitur
2974 4338 3314 4394 hominibus
3348 4336 3406 4391 in
3430 4336 3694 4390 futurum

2052 4432 2409 4487 credendum
2442 4437 2551 4496 est,
2583 4432 2653 4484 de
2684 4429 2897 4501 quibus
2928 4428 3144 4483 dicitur
3176 4443 3276 4498 per
3303 4424 3687 4496 Prophetam:

2054 4544 2081 4571 «
2115 4520 2318 4575 Omnis
2350 4520 2525 4575 homo
2582 4518 2832 4574 mendax
2879 4518 3050 4588 (Psal.
3111 4532 3234 4581 cxv,
3266 4515 3415 4585 2)»:
3478 4518 3698 4585 quanto

284 4604 582 4670 eamdem,
614 4621 791 4675 quam
818 4604 955 4660 olim
988 4605 1301 4675 habuistis,
1362 4605 1820 4662 sollicitudinem
1870 4608 1941 4662 ad
1974 4611 2020 4675 D
2055 4610 2245 4680 magis
2278 4610 2376 4664 Dei
2401 4611 2740 4680 juramento
2773 4607 2927 4661 credi
2960 4606 3150 4674 debet,
3183 4603 3283 4676 qui
3323 4606 3411 4659 est
3466 4602 3700 4668 veritas,
3738 4652 3747 4661 κ

285 4692 678 4763 expletionem
710 4693 855 4763 spei,
890 4693 947 4747 id
966 4698 1073 4763 est,
1104 4693 1318 4749 habere
1333 4695 1555 4749 debetis
1582 4694 1640 4749 in
1666 4699 1941 4751 aternam

286 4782 807 4837 resurrectionem.
870 4804 896 4830 ‹‹
930 4781 1147 4836 Vcrum
1192 4783 1795 4849 imitatores.eorum,
1841 4786 1942 4855 qui

288 4872 406 4927 ﬁde
437 4876 495 4925 et
523 4870 809 4942 patientia
837 4870 1266 4926 bareditabunt
1288 4874 1774 4943 promissiones.»
1801 4874 1944 4929 Hor-

286 4964 450 5015 tatur
479 4959 634 5013 enim
669 4959 968 5013 auditores
1002 4976 1163 5025 suos,
1228 4966 1298 5015 ut
1356 4962 1470 5015 ﬁde
1528 4980 1642 5016 non
1704 4963 1839 5017 ﬁcta
1891 4968 1947 5017 et

288 5047 575 5119 patientia
606 5048 863 5119 perfecta
894 5052 1231 5118 exspectent
1262 5048 1687 5118 promissiones
1731 5050 1831 5104 Dei
1891 5054 1947 5104 et

286 5137 662 5193 hareditates
696 5154 843 5208 quas
873 5137 1094 5191 sanctis
1127 5136 1252 5191 suis
1296 5137 1586 5207 promisit.

362 5230 431 5279 Et
462 5226 570 5281 hoc
604 5227 836 5281 ﬁrmius
866 5226 1151 5297 exemplis
1182 5226 1555 5281 corroborare
1586 5226 1812 5295 nititur,
1856 5228 1944 5281 di-

288 5331 431 5371 cens
458 5332 469 5369 :
498 5338 525 5364 ‹‹
552 5315 799 5369 Abraha
823 5332 1080 5387 namque
1094 5314 1440 5386 promittens
1464 5319 1636 5380 Deus,
1662 5316 1941 5387 quoniam

286 5405 588 5460 neminem
614 5405 839 5475 habuit,
864 5421 965 5475 per
994 5405 1435 5476 quemjuraret,
1463 5407 1765 5475 majorem,
1784 5407 1944 5476 jura-

286 5496 370 5549 vit
397 5511 498 5565 per
529 5494 937 5565 semetipsum,
972 5494 1206 5549 dicens:
1243 5492 1588 5548 Benedicam
1616 5500 1761 5561 te,et
1785 5496 1940 5550 mul-

288 5582 563 5654 tiplicans
588 5582 1077 5654 multiplicabote.
1106 5581 1267 5635 Etsic
1289 5580 1704 5654 longanimiter
1726 5585 1937 5657 ferens,

2055 4698 2151 4769 qui
2181 4715 2283 4753 nec
2315 4698 2460 4763 falli,
2494 4713 2597 4752 nec
2630 4694 2861 4749 mentiri
2895 4694 3123 4765 potest?
3144 4692 3422 4753 Homines
3444 4708 3547 4763 per
3576 4707 3699 4746 ma-

2046 4788 2237 4857 jorem
2263 4787 2352 4841 sui
2369 4788 2573 4855 jurant
2594 4802 2606 4852 ;
2627 4788 2684 4839 et
2706 4782 2899 4839 omnis
2924 4782 3325 4838 controversia
3346 4798 3547 4837 eorum
3565 4780 3699 4838 ﬁnis

2056 4877 2126 4931 ad
2156 4874 2661 4930 conﬁrmationem
2695 4877 2787 4928 est
2809 4873 3238 4943 juramentum,
3272 4874 3445 4943 prout
3474 4870 3524 4925 si
3553 4869 3703 4925 dice-

2056 4973 2181 5019 ret:
2219 4966 2297 5017 Ex
2328 4964 2434 5017 hoc
2466 4962 2715 5017 solvitur
2759 4962 2936 5017 totius
2992 4959 3391 5017 controversia
3442 4959 3701 5028 discepta

2054 5053 2156 5119 tio,
2190 5069 2304 5106 non
2337 5050 2851 5121 uniuscujuslibet,
2888 5051 2987 5105 sed
3010 5050 3209 5106 totius.
3234 5047 3549 5120 Oportebat
3568 5045 3699 5116 qui-

2056 5144 2187 5198 dem
2221 5141 2345 5195 sine
2367 5141 2705 5210 juramento
2738 5141 2971 5196 credere
3001 5140 3137 5207 Deo,
3172 5139 3489 5208 sedjurare
3514 5134 3698 5189 Deum

2055 5232 2215 5287 dicit.

2126 5344 2151 5369 ‹‹
2188 5321 2249 5373 In
2284 5335 2396 5389 quo
2428 5318 2829 5373 abundantius
2858 5316 3057 5372 volens
3082 5320 3229 5369 Deus
3251 5313 3555 5368 ostendere
3574 5310 3698 5382 pol-

2051 5407 2400 5463 licitationes
2430 5407 2784 5472 haredibus,
2816 5403 3408 5473 immobilitatemque
3464 5399 3698 5456 consilii

2054 5498 2165 5552 sui.
2194 5518 2221 5545 ››
2254 5496 2559 5566 Propterea
2588 5496 2764 5551 etiam
2792 5494 2973 5563 hujus
3006 5489 3414 5563 promissionis
3446 5490 3694 5546 mentio-

2052 5602 2183 5642 nem
2215 5585 2370 5653 facit,
2405 5601 2531 5655 qua
2565 5586 2636 5639 ad
2670 5601 2777 5638 nos
2804 5580 3138 5637 communis
3181 5578 3332 5634 facta
3384 5584 3508 5634 est:
3568 5603 3597 5629 «
3634 5579 3696 5636 In

360 5681 544 5753 (1409)
572 5682 654 5737 Ex
682 5685 973 5753 aequent,
1007 5684 1062 5735 et
1091 5679 1507 5738 Ambrosiastri
1540 5686 1715 5754 textu,
1749 5682 2062 5755 legendum
2094 5689 2248 5743 esset
2277 5683 2681 5741 hareditautri.
