4044 6180
346 376 464 443 ’163

1359 387 1701 450 ATTONIS
1747 386 2334 451 VERCELLENSIS
2379 386 2730 457 EPlSCOPI

3625 389 3745 449 764

346 516 634 589 terposuit
645 518 1088 591 jusjurandum,
1114 541 1142 571 »
1157 522 1432 593 quoniam
1450 522 1603 579 enim
1629 524 1781 596 apud
1795 523 1984 579 homi-
2015 525 2069 588 Α
2099 522 2239 578 tifex
2269 522 2457 579 factus
2484 528 2570 579 est
2590 523 2916 580 secundum
2974 520 3241 578 ordinem
3291 517 3746 577 Melchisedech.

349 623 452 662 nes
484 608 591 663 hoc
620 609 849 665 videtur
878 611 1047 668 ﬁdele
1066 630 1214 685 esse,
1239 632 1371 671 cum
1393 617 1988 688 juramentuminter-

348 696 523 751 fuerit
552 701 965 756 controversiis
998 719 1220 759 eorum.
1251 705 1375 761 Non
1408 712 1604 762 tamen
1638 708 1857 779 aequale
1904 713 1991 764 est

346 785 645 843 hominem
680 806 780 859 per
809 808 871 845 se
893 794 1115 863 jurare,
1149 799 1206 849 et
1240 796 1441 851 Deum.
1474 797 1657 851 Homo
1688 796 1842 851 enim
1895 798 1989 852 sui

345 880 699 945 potestatem
732 895 847 933 non
908 881 1128 950 habet;
1189 883 1342 939 Deus
1394 888 1589 939 autem
1642 891 1987 956 potestatem

347 964 525 1020 habet
554 967 819 1022 omnium
851 985 978 1039 qua:
1012 975 1169 1025 sunt.
1204 972 1314 1027 Sed
1346 974 1484 1042 quia
1514 973 1876 1029 incredulum
1903 979 1993 1028 est

347 1053 674 1110 humanum
707 1073 914 1127 genus,
947 1061 1358 1115 condescendit
1386 1062 1455 1116 ad
1491 1079 1616 1116 nos.
1652 1063 1813 1118 Sicut
1833 1065 1985 1117 enim

340 1144 505 1213 jurat
536 1151 774 1217 propter
820 1164 947 1218 nos,
983 1150 1251 1219 quamvis
1308 1150 1617 1222 indignum
1651 1152 1700 1206 ei
1746 1153 1823 1207 sit
1877 1171 1988 1207 non

348 1232 524 1300 credi,
551 1233 635 1288 sic
654 1236 925 1306 superius
948 1237 1170 1291 dictum
1189 1244 1312 1294 est:
1335 1263 1359 1287 ‹‹
1380 1240 1441 1293 Et
1457 1240 1840 1295 didicitexhis
1864 1258 1990 1312 quae

348 1338 560 1392 passus
584 1328 712 1378 est:
742 1345 770 1372 »
789 1324 1065 1395 quoniam
1096 1326 1366 1381 homines
1385 1327 1491 1381 hoc
1515 1333 1721 1398 putant
1740 1330 1991 1385 maxime

347 1426 475 1465 esse
505 1411 749 1479 dignum
782 1414 915 1483 ﬁde,
951 1418 1014 1468 ut
1046 1431 1149 1485 per
1176 1416 1639 1487 experimentum
1673 1418 1773 1488 qui
1806 1424 1991 1473 trans-

348 1504 440 1554 eat
469 1501 541 1554 ad
576 1501 772 1556 ﬁdem.

426 1607 449 1636 ι
482 1588 554 1644 Ut
583 1605 686 1660 per
714 1590 862 1646 duas
893 1607 985 1647 res
1012 1592 1364 1665 immobiles,
1398 1594 1991 1667 quibusimpossibile

347 1680 437 1732 est
463 1677 694 1732 mentiri
720 1681 1314 1746 Deum,fertissimum
1340 1684 1616 1738 solatium
1644 1684 1988 1749 habeamus,

347 1766 449 1836 qui
468 1766 921 1839 confugimusad
937 1771 1247 1826 tenendam
1262 1773 1619 1843 propositam
1634 1778 1794 1845 spém
1814 1791 1990 1845 quam

348 1853 831 1912 sicutanchoram
865 1857 1152 1914 habemus
1176 1860 1585 1915 animaetutam
1604 1878 1670 1916 ac
1693 1862 1986 1917 ﬁrmam.»
2022 1889 2070 1952 B

345 1942 502 1997 Duas
533 1960 624 1999 res
656 1944 819 2016 dicit,
853 1946 1192 2018 signiﬁcans
1218 1950 1319 2004 Dei
1350 1949 1537 2006 Patris
1569 1940 1987 2022 promissiones

346 2032 417 2087 de
440 2031 581 2088 Filio
606 2040 792 2099 suoet
813 2037 1128 2092 adventum
1155 2036 1281 2093 Filii
1310 2039 1368 2092 in
1396 2038 1552 2094 hunc
1574 2040 1859 2094 mundum
1888 2057 1988 2111 pro

345 2120 533 2177 salute
563 2127 782 2178 nostra.
819 2124 1120 2196 Proposita
1150 2143 1282 2182 vero
1311 2144 1445 2198 spes
1502 2128 1713 2184 veritas
1771 2134 1859 2184 est
1900 2146 1990 2184 re-

346 2226 475 2263 rum
510 2215 830 2282 gestarum,
864 2229 992 2283 quas
1023 2213 1373 2285 patriarchis
1404 2217 1706 2287 promissae
1739 2222 1899 2287 sunt,
1934 2223 1992 2273 et

344 2297 607 2368 redditae,
641 2303 706 2352 ut
735 2315 803 2354 ex
833 2301 1151 2356 transactis
1186 2302 1382 2357 futura
1411 2304 1742 2359 credamus.
1806 2305 1987 2368 Quam

346 2401 512 2457 spem
544 2386 697 2442 sicut
723 2388 1063 2455 anchoram,
1088 2390 1299 2462 inquit,
1332 2391 1653 2449 habeamus
1675 2392 1881 2448 animae
1904 2398 1993 2448 tu-

345 2477 467 2530 tam
494 2492 560 2530 ac
592 2476 842 2532 ﬁrmam.
879 2478 1044 2534 Sicut
1073 2479 1230 2535 enim
1262 2480 1753 2553 anchorajactata
1793 2483 1989 2537 navim

349 2580 463 2619 non
498 2565 782 2636 permittit
810 2567 1197 2636 circumferri,
1225 2569 1362 2625 licet
1389 2570 1543 2626 venti
1590 2577 1994 2627 commoveant

349 2668 499 2719 eam,
533 2654 635 2709 sed
657 2655 881 2724 jactata
910 2656 1142 2712 ﬁrmam
1174 2659 1315 2713 facit
1346 2659 1571 2726 navim;
1606 2661 1689 2715 sic
1740 2665 1797 2715 et
1848 2662 1993 2717 ﬁdes

351 2755 454 2812 spe
500 2741 771 2797 roborata
831 2743 1150 2800 introducit
1208 2763 1313 2802 nos
1369 2747 1429 2801 in
1488 2765 1683 2803 rerum
1741 2750 1994 2821 speciem

351 2845 531 2901 quam
563 2831 737 2886 modo
768 2831 883 2887 ﬁde
912 2836 967 2887 et
997 2849 1101 2905 spe
1131 2837 1422 2891 tenemus.

423 2918 557 2974 Ideo
588 2919 835 2989 addidit,
868 2921 1069 2978 dicens
1095 2942 1107 2979 :
1133 2948 1159 2974 «
1194 2926 1261 2979 Et
1292 2925 1660 2982 incedentem
1706 2944 1891 2999 usque
1922 2929 1993 2983 ad

350 3006 630 3064 interiora
658 3009 983 3068 velaminis.
1010 3034 1039 3061 »
1066 3014 1409 3086 Tempestas
1437 3015 1617 3082 enim,
1668 3021 1724 3072 et
1772 3010 1995 3072 multus

353 3095 543 3152 imber
569 3104 897 3155 commovet
922 3106 1106 3156 ratem
1134 3121 1147 3169 ;
1184 3103 1440 3160 anchora
1470 3109 1665 3161 autem
1698 3124 1815 3162 non
1866 3123 1994 3177 per-

353 3184 535 3240 mittit
564 3201 693 3242 eam
723 3188 1003 3262 demergi.
1037 3191 1131 3247 Sic
1163 3192 1338 3248 etiam
1372 3198 1572 3249 nostra
1603 3211 1758 3266 spes,
1817 3211 1995 3267 quam

2099 612 2336 684 Oportet
2366 613 2561 684 itaque
2591 618 2645 668 et
2670 613 2825 680 illos,
2858 628 3109 684 quorum
3139 610 3402 667 Pontifex
3448 614 3557 677 est,
3616 624 3747 663 me-

2097 700 2272 757 liores
2301 719 2465 769 esse;
2500 708 2557 757 et
2587 708 2873 773 quantum
2906 707 2995 756 est
3024 700 3177 755 inter
3215 702 3406 754 Aaron
3466 702 3523 753 et
3580 696 3746 752 Chri-

2100 796 2284 858 stum,
2342 797 2573 846 tantum
2636 797 2725 847 est
2783 790 3216 862 quodammodo
3277 789 3427 843 inter
3508 787 3746 842 Judaaos

2100 884 2157 934 et
2187 879 2550 935 Christianos
2582 880 2893 951 Superiora
2923 880 3097 934 etiam
3121 882 3177 934 et
3225 876 3532 933 sacriﬁcia.
3583 874 3747 930 Talia

2098 968 2370 1024 videlicet
2400 970 2736 1040 offeramus,
2772 987 2897 1040 quae
2929 969 2987 1023 in
3021 967 3120 1023 illo
3138 968 3475 1023 sanctuario
3499 964 3744 1029 ccelesti,

2100 1060 2289 1113 oﬁ‘erri
2319 1063 2566 1130 possunt
2590 1075 2701 1113 non
2730 1060 2855 1129 jam
2889 1058 3141 1130 pecudes
3168 1061 3224 1112 et
3247 1057 3440 1121 boves,
3471 1071 3588 1109 non
3611 1070 3751 1109 san-

2099 1148 2335 1219 guinem
2370 1153 2426 1203 et
2455 1149 2707 1219 adipem.
2741 1148 2951 1202 Omnia
2981 1146 3101 1200 haec
3133 1145 3328 1202 soluta
3344 1148 3503 1214 sunt,
3531 1148 3589 1198 et
3644 1160 3750 1214 pro

2100 1238 2184 1291 eis
2212 1237 2610 1292 introductum
2642 1242 2729 1292 est
2760 1234 3104 1292 rationabile
3154 1234 3503 1305 obsequium
3563 1233 3748 1303 (Rom.

2100 1342 2199 1395 xu,
2235 1327 2287 1393 1)
2338 1326 2499 1388 Quod
2542 1332 2738 1380 autem
2797 1331 2887 1380 est
2943 1323 3287 1379 rationabile
3346 1320 3752 1392 obsequium?

2100 1414 2275 1468 etiam
2296 1414 2446 1485 quod
2477 1431 2580 1485 per
2596 1413 3047 1483 animam,quod
3073 1429 3175 1483 per
3199 1411 3471 1483 spiritum
3500 1410 3753 1464 oﬁ'ertur

2101 1508 2235 1557 Deo.
2268 1526 2293 1551 ‹‹
2329 1503 2583 1574 Spiritus
2616 1508 2722 1570 est,
2764 1523 2783 1549 α
2820 1502 3031 1573 inquit,
3094 1523 3122 1549 ‹‹
3154 1501 3329 1567 Deus,
3372 1504 3429 1554 et
3470 1514 3593 1564 eos,
3644 1497 3749 1568 qui

2101 1591 2347 1646 adorant
2375 1608 2532 1658 eum,
2564 1591 2623 1645 in
2656 1590 2865 1662 spiritu
2918 1595 2974 1645 et
3031 1588 3269 1644 veritate
3318 1592 3545 1658 oportet
3603 1587 3750 1640 adlo—

2068 1676 2229 1734 ‘rare
2264 1682 2444 1751 (Joan.
2484 1697 2556 1749 1v,
2588 1682 2699 1749 24).
2736 1702 2765 1729 ››
2816 1680 2962 1743 Quid
3020 1683 3130 1747 est,
3181 1682 3360 1738 Deum
3414 1674 3475 1729 in
3530 1673 3749 1746 spiritu

2102 1768 2363 1836 adorare,
2397 1768 2510 1824 nisi
2544 1769 2602 1822 in
2635 1768 2940 1834 charitate,
2975 1770 3031 1823 et
3078 1766 3193 1820 ﬁde
3236 1764 3511 1836 perfecta,
3544 1768 3602 1817 et
3643 1777 3752 1834 spe

2103 1857 2344 1912 indubia
2364 1862 2421 1912 et
2442 1857 2659 1923 sanctis
2681 1857 2887 1911 animas
2908 1854 3248 1924 virtutibus,
3268 1869 3415 1924 quas
3427 1850 3751 1923 Apostolus

2102 1945 2214 2002 alio
2244 1946 2370 2001 loco
2404 1947 2774 2001 abundanter
2795 1948 3102 2001 enumerat
3126 1949 3149 2000 Ρ

2171 2036 2325 2105 (CAP.
2357 2036 2502 2107 VII.)
2532 2058 2559 2084 «
2596 2035 2699 2090 Hic
2729 2034 2884 2089 enim
2944 2030 3393 2096 Melchisedech,
3428 2054 3451 2084 ι
3505 2028 3748 2099 Melchi,

2099 2141 2248 2185 rex;
2280 2125 2489 2179 sedech
2520 2141 2651 2179 vero
2692 2125 2935 2195 justitiae
2986 2122 3425 2194 interpretatur.
3488 2120 3559 2174 Et
3605 2119 3752 2190 quid

2100 2212 2261 2268 aliud
2294 2218 2402 2279 est,
2435 2230 2533 2269 rex
2572 2213 2843 2283 justitiaa,
2903 2212 3016 2267 nisi
3076 2211 3360 2267 Dominus
3419 2212 3622 2264 noster
3663 2207 3758 2263 Je-

2103 2320 2204 2357 sus
2233 2302 2525 2368 Christus,
2557 2303 2627 2357 de
2662 2319 2777 2373 quo
2798 2302 2926 2373 jam
2957 2316 3138 2373 supra
3167 2299 3392 2355 dictum
3415 2302 3533 2353 est:
3591 2319 3622 2346 ι(
3656 2295 3758 2351 Di-

2100 2391 2290 2447 lexisti
2315 2391 2635 2462 justitiam,
2668 2395 2726 2447 et
2748 2391 2924 2446 odisti
2956 2389 3330 2461 iniquitatem
3370 2387 3544 2459 (Pml.
3602 2402 3758 2452 xuv,

2101 2482 2177 2553 8).
2203 2503 2230 2530 »
2254 2481 2375 2536 Rex
2399 2480 2612 2536 Salem.
2647 2481 2717 2535 Et
2739 2480 2849 2536 hoc
2888 2478 3237 2534 vocabulum
3290 2477 3534 2533 sortitus
3565 2480 3659 2531 est
3690 2492 3763 2529 ex

2104 2569 2335 2625 civitate
2366 2585 2542 2640 quam
2604 2566 2972 2623 inhabitavit.
3028 2567 3175 2622 Nam
3229 2565 3435 2633 salem,
3496 2563 3609 2619 hoc
3669 2569 3764 2619 est

2098 2661 2272 2731 pacis,
2319 2659 2476 2730 quod
2533 2658 2746 2714 iterum
2802 2656 3058 2729 pertinet
3110 2656 3181 2711 ad
3240 2654 3562 2711 Christum.
3628 2652 3761 2724 Ipse

2104 2764 2359 2820 namque
2391 2748 2704 2817 nosjustos
2735 2746 2945 2815 efﬁcit;
2980 2747 3104 2818 ipse
3138 2742 3466 2817 paciﬁcavit
3513 2758 3649 2814 quae
3697 2741 3761 2796 in

2104 2835 2285 2906 ccelis,
2319 2840 2376 2891 et
2405 2852 2534 2906 quae
2562 2835 2621 2890 in
2654 2836 2827 2891 terris
2858 2838 3031 2901 sunt;
3076 2834 3177 2905 qui
3206 2837 3296 2889 est
3326 2848 3437 2904 pax
3466 2837 3671 2886 nostra
3701 2834 3761 2885 et

2104 2925 2240 2980 fecit
2270 2930 2516 2996 utraque
2548 2941 2733 2980 unum
2768 2924 2986 2995 (Ephes.
3023 2941 3084 2993 ιι,
3119 2922 3229 2993 14).
3268 2943 3290 2973 ι
3326 2921 3615 2977 Sacerdos
3660 2921 3759 2974 Dei

2104 3014 2345 3070 summi.
2382 3036 2404 3064 ι
2441 3013 2723 3070 Sacerdos
2754 3013 2856 3069 Dei
2888 3012 3107 3068 summi
3126 3027 3255 3067 esse
3273 3010 3493 3065 dicitur
3515 3007 3761 3064 Melchi-

2104 3104 2313 3159 sedech
2338 3106 2408 3157 ad
2433 3102 2773 3158 distinction
2786 3117 2875 3157 em
2900 3100 3151 3156 aliorum
3169 3100 3437 3165 deorum,
3469 3102 3534 3153 ut
3563 3112 3759 3153 saceru

2107 3194 2215 3248 dos
2246 3192 2343 3247 Dei
2376 3192 2683 3258 Creatoris,
2718 3208 2833 3246 non
2866 3190 3156 3246 idolorum
3209 3203 3338 3245 esse
3395 3187 3758 3242 crederetur.

353 3273 640 3331 habemus
664 3276 837 3333 ﬁxam
860 3254 1999 3350 ininterioravelaminis,nullainﬁdeli-
2028 3254 2071 3322 δ
2114 3303 2135 3333 ι
2173 3280 2280 3348 Qui
2312 3281 2565 3336 obviavit
2619 3280 2865 3335 Abrahae
2896 3295 3162 3350 regresso
3193 3294 3227 3333 a
3257 3277 3411 3333 caade
3458 3291 3692 3348 regum.
3732 3297 3760 3322 υ

353 3364 473 3419 tate
500 3365 680 3434 mergi
701 3367 930 3437 poterit,
977 3368 1026 3424 si
1049 3386 1181 3425 cum
1207 3370 1491 3443 PrOpheta
1518 3374 1799 3429 veraciter
1840 3372 1999 3429 dica-

358 3469 527 3509 mus:
555 3474 583 3503 ‹‹
603 3453 773 3510 Jacta
803 3456 863 3511 in
897 3462 1079 3513 Deum
1110 3476 1308 3515 curam
1333 3465 1518 3531 tuam,
1544 3467 1597 3516 et
1620 3463 1745 3532 ipse
1775 3466 1831 3516 te
1862 3478 2002 3516 enu-

357 3541 494 3595 triet
523 3542 692 3613 (Psal.
727 3561 837 3611 LIV,
897 3546 1009 3617 23),
1040 3567 1067 3595 »
1128 3551 1185 3602 et
1232 3564 1345 3603 non
1405 3548 1710 3619 habentes,
1761 3549 2001 3605 omnino

359 3628 614 3685 demersi
646 3647 903 3699 eramus,
928 3651 1040 3689 non
1072 3638 1303 3691 tantum
1345 3636 1404 3691 in
1462 3637 1848 3708 spiritalibus,
1900 3639 2001 3693 sed

360 3716 537 3773 etiam
569 3718 627 3773 in
650 3720 1008 3790 carnalibus,
1030 3724 1188 3795 quia,
1214 3746 1243 3776 ‹‹
1271 3726 1371 3797 qui
1395 3731 1588 3794 arat,»
1632 3726 1823 3798 inquit
1849 3729 2002 3799 Apo-

361 3805 574 3873 stolus,
606 3829 634 3857 ‹‹
666 3808 724 3863 in
757 3826 860 3882 spe
891 3816 1017 3867 arat
1048 3830 1061 3880 ;
1109 3818 1166 3869 et
1213 3814 1406 3870 omnis
1456 3813 1620 3871 labor
1663 3819 1859 3872 noster
1903 3832 2005 3887 spe

361 3897 649 3953 mercedis
681 3899 997 3969 cuiuslibet
1040 3902 1375 3959 consolatur
1430 3905 1478 3975 (I
1534 3906 1651 3961 Cor.
1712 3923 1787 3959 ιχ.
1841 3906 1999 3977 10).»

361 3985 506 4056 Spes
535 4002 668 4042 vero
700 3995 966 4061 penetrat
986 3991 1266 4048 interiora
1285 3993 1614 4062 velaminis,
1648 3995 1787 4049 dum
1837 3994 2005 4049 coale-

362 4074 479 4131 stia
506 4075 729 4147 absque
747 4076 867 4132 ulla
881 4078 1240 4136 dubitatione
1258 4082 1521 4148 credit,ct
1544 4087 1739 4153 sperat
1750 4087 1805 4137 et
1824 4087 2003 4151 amat,

367 4164 643 4236 cperibus
666 4166 923 4222 ostendit
939 4167 1078 4239 quid
1103 4174 1282 4238 amet,
1312 4175 1369 4225 et
1398 4171 1537 4241 quid
1571 4172 1768 4226 credat
1788 4174 1844 4226 et
1866 4171 2007 4242 quid

364 4257 576 4325 speret.

436 4345 503 4395 Et
532 4345 597 4396 ut
616 4341 935 4399 ﬁrmiorem
958 4345 1130 4403 nobis
1151 4363 1314 4418 spem
1352 4348 1613 4416 adderet,
1663 4348 2005 4419 subjunxit:

365 4448 394 4482 ι
415 4429 525 4486 Ubi
547 4445 870 4502 pracursor
888 4449 991 4504 pro
1023 4433 1191 4490 nobis
1226 4434 1448 4490 introiit
1466 4436 1659 4507 Jesus,
1679 4438 2007 4493 secundum

363 4519 628 4576 ordinem
652 4519 1074 4577 Melchisedech
1093 4522 1359 4579 Pontifex
1376 4524 1635 4581 factusin
1657 4530 1959 4582 eternum.
1979 4547 2007 4575 »

2110 3368 2377 3426 Tradunt
2405 3369 2625 3425 Hebraei
2660 3368 2818 3424 hunc
2848 3384 2977 3423 esse
3004 3371 3137 3423 Sem
3170 3365 3356 3421 ﬁlium
3387 3364 3528 3431 Noe,
3573 3369 3634 3419 et
3690 3380 3762 3419 eo

2108 3464 2392 3531 tempore,
2428 3474 2544 3529 quo
2566 3462 2730 3513 ortus
2760 3461 2851 3513 est
2878 3456 3199 3524 Abraham,
3233 3454 3513 3510 habuisse
3568 3452 3764 3507 astatis

2112 3564 2297 3604 annos
2326 3552 2614 3603 trecentos
2644 3546 2963 3618 nonaginta
2993 3546 3141 3600 duos
3172 3544 3374 3615 (1410),
3409 3546 3466 3598 et
3505 3546 3764 3629 eotem-

2112 3653 2270 3709 pore,
2303 3652 2419 3707 quo
2443 3640 2715 3690 mortuus
2728 3633 3339 3701 Abraham,habuisse
3352 3631 3544 3687 aetatis
3569 3646 3765 3685 annos

2114 3725 2465 3797 quingentos
2496 3724 2799 3796 sexaginta
2829 3724 3110 3795 quinque,
3144 3727 3200 3778 et
3228 3723 3310 3777 ita
3364 3719 3765 3792 supervixisse

2112 3814 2405 3869 Abraham
2430 3829 2613 3868 annos
2637 3812 3028 3885 quadraginta
3048 3807 3766 3882 quinque,quibusexple-

2114 3902 2212 3973 tis,
2247 3901 2379 3957 facti
2412 3905 2551 3957 sunt
2573 3918 2777 3957 omnes
2808 3901 2929 3956 dies
2960 3901 3090 3955 vitae
3122 3900 3252 3970 ejus
3308 3896 3590 3954 sexcenti.
3644 3896 3765 3951 Nec

2115 4007 2243 4048 esse
2276 3991 2514 4057 mirum,
2548 3990 2596 4045 si
2628 3989 3049 4046 Melchisedech
3082 3988 3283 4044 victori
3311 3985 3609 4043 Abraham
3658 3986 3766 4040 ob-

2114 4080 2269 4136 viam
2300 4080 2666 4153 processerit,
2701 4084 2757 4133 et
2797 4079 2855 4133 in
2918 4077 3316 4143 refectionem,
3368 4081 3492 4131 tam
3549 4074 3766 4147 ipsius,

2118 4185 2294 4241 quam
2314 4173 2705 4241 pugnatorum
2728 4169 3098 4240 ejus,panem
3120 4166 3443 4237 vinumque
3458 4162 3763 4231 obtulerit,

2117 4263 2174 4314 et
2203 4258 2561 4313 henedixerit
2586 4258 2660 4323 ei,
2692 4258 2847 4329 quod
2871 4256 3143 4329 abnepoti
3161 4272 3268 4312 suo
3282 4256 3417 4327 jure
3443 4253 3767 4327 paternita-

2116 4348 2193 4403 tis
2223 4348 2479 4412 deberet,
2508 4350 2564 4401 et
2594 4347 2888 4402 decimaas
2917 4346 3125 4416 praeda:
3154 4348 3331 4417 atque
3375 4342 3634 4398 victoriae
3690 4341 3768 4396 ab

2118 4437 2245 4509 ipso
2267 4435 2571 4507 acceperit.
2598 4435 2708 4490 Sed
2725 4436 2795 4489 de
2818 4434 2926 4489 hoc
2948 4434 3019 4488 ad
3046 4432 3305 4488 litteram
3336 4430 3573 4503 longius
3602 4429 3771 4484 labo-

2119 4542 2247 4581 rare
2260 4541 2497 4580 necesse
2525 4540 2637 4579 non
2662 4528 2769 4591 est,
2791 4523 2929 4596 quia
2949 4523 3009 4579 in
3032 4521 3472 4578 commentariis
3495 4519 3631 4575 libri
3664 4518 3774 4575 Ge-

364 4608 696 4665 Praacursor
725 4613 922 4665 autem
944 4612 1339 4682 quorumdam
1357 4616 1446 4667 est
1470 4630 1811 4685 praecursor,
1837 4612 2009 4670 sicuti
2041 4621 2086 4686 Ι)
2120 4630 2345 4681 neseos,
2384 4630 2529 4683 qums
2553 4614 2622 4668 de
2645 4612 2852 4683 spiritu
2876 4619 2929 4667 et
2951 4611 3144 4668 littera
3164 4616 3298 4667 ante
3312 4609 3535 4681 aliquot
3553 4608 3771 4679 scripsi

363 4696 621 4753 Joannes
647 4698 883 4755 Christi.
915 4699 1041 4755 Non
1072 4701 1226 4757 enim
1260 4702 1405 4757 dixit
1452 4702 1818 4774 simpliciter,
1859 4728 1886 4754 «
1920 4704 2010 4759 in-

363 4784 550 4852 troiit,
585 4811 611 4833 u
642 4788 765 4855 sed,
804 4811 824 4838 ι
851 4788 949 4844 ubi
982 4806 1307 4861 prmoursor
1337 4808 1439 4864 pro
1480 4792 1650 4848 nobis
1707 4792 1949 4863 introiit,
1978 4815 2007 4845 »

364 4874 464 4929 ubi
479 4874 893 4947 absquedubio
908 4895 1013 4934 nos
1027 4884 1289 4950 oporteat
1306 4882 1577 4953 prosequi
1590 4899 2007 4954 praecursorem

365 4968 654 5020 nostrum.
690 4968 1115 5023 Prmcursorem
1138 4969 1453 5040 siquidem,
1478 4974 1533 5025 et
1554 4976 2008 5042 consequentem

365 5052 425 5107 in
458 5054 665 5109 eadem
697 5054 874 5109 etiam
901 5056 993 5109 via
1014 5073 1140 5111 esse
1161 5058 1448 5113 convenit.
1474 5059 1591 5115 Hoc
1609 5066 1805 5115 autem
1829 5061 1899 5115 de
1922 5078 2009 5125 eo,

368 5143 469 5214 qui
500 5142 828 5199 secundum
847 5161 1080 5200 carnem
1105 5150 1215 5216 est,
1240 5147 1472 5219 dicitur,
1497 5148 1597 5219 qui
1625 5150 2010 5221 semetipsum

364 5231 579 5287 obtulit
606 5233 964 5289 sacriﬁcium
998 5238 1114 5290 Deo
1148 5236 1207 5291 in
1240 5236 1476 5291 odorem
1500 5239 1828 5295 suavitatis.
1855 5240 2004 5295 Pon-

439 5392 623 5465 (1410)
655 5394 1352 5451 Ambrosiasterducentos
1398 5400 1723 5465 nonaginta.
1757 5398 1859 5453 Hic
1889 5398 2013 5454 obi-

370 5467 459 5539 ter
480 5463 919 5522 observabimus
933 5467 1083 5523 hanc
1101 5468 1434 5539 opinionem
1458 5463 2013 5539 Melchisedech,sci-

370 5534 505 5590 licet
524 5539 795 5593 eumdem
818 5556 945 5593 esse
968 5556 1031 5592 ac
1055 5534 1208 5605 Sefn,
1228 5538 1443 5593 multos
1468 5543 1642 5595 etiam
1682 5559 1750 5596 ex
1786 5534 2013 5597 moder-

372 5607 465 5683 nis
488 5606 740 5683 fautores
761 5610 1257 5683 habere.Siplura
1277 5610 1595 5680 desideres,
1623 5614 1717 5668 adi
1736 5614 2016 5669 dictione-

370 5678 524 5735 rium
546 5677 684 5735 hist.
717 5680 859 5737 bibl.
891 5686 957 5736 Ρ.
988 5677 1213 5739 Calinet
1244 5684 1314 5740 ad
1366 5677 2013 5757 vocab.'Mclchiscdcch,

2121 4719 2329 4769 annos,
2354 4701 2713 4756 sufﬁcienter
2733 4700 3064 4771 expositum
3086 4704 3176 4755 est
3195 4698 3402 4771 (1411).
3427 4720 3456 4749 ‹‹
3487 4698 3559 4753 Et
3586 4696 3773 4752 bene-

2121 4791 2267 4847 dixit
2288 4789 2361 4846 ei.
2387 4812 2414 4840 »
2447 4788 2556 4854 Qui
2585 4789 2742 4844 enim
2768 4789 3061 4844 benedicit
3090 4789 3280 4859 major
3305 4791 3398 4843 est
3425 4801 3607 4858 quam
3667 4784 3773 4857 qui

2120 4878 2502 4937 benedicitur.
2536 4878 2698 4934 Unde
2727 4881 2784 4933 et
2809 4877 3139 4933 sacerdotes
3169 4892 3239 4932 ex
3268 4876 3493 4932 semine
3526 4874 3772 4929 Abraha

2120 4970 2261 5038 nati,
2297 4968 2507 5023 fratres
2536 4983 2676 5022 suos
2704 4966 3149 5037 benedicebant,
3178 4964 3236 5020 id
3266 4969 3377 5029 est,
3412 4963 3569 5018 ﬁlios
3590 4961 3769 5017 Israel

2121 5058 2339 5131 quibus
2360 5056 2456 5111 isti
2481 5055 2738 5111 decimas
2761 5054 3332 5122 dabant,secundum
3352 5051 3498 5125 legis
3525 5050 3775 5106 manda-

2119 5153 2246 5204 tum
2278 5162 2409 5201 vere
2442 5150 2507 5200 ut
2540 5143 2869 5214 majoribus
2898 5148 2958 5199 et
2986 5142 3476 5199 eminentioribus
3506 5140 3648 5195 sibi.

2196 5259 2223 5288 «
2256 5235 2357 5291 Cui
2389 5234 2650 5290 decimas
2682 5232 2946 5289 omnium
2979 5231 3175 5288 divisit
3202 5230 3519 5287 Abraham.
3546 5251 3576 5279 »
3601 5227 3775 5285 Nullo

2122 5397 2222 5454 ubi
2246 5412 2449 5452 omnes
2472 5395 2590 5451 fere
2614 5393 2939 5467 opiniones,
2958 5407 3279 5465 earumque
3297 5393 3569 5447 auctores
3587 5388 3774 5445 hacin

2123 5487 2183 5526 re
2212 5468 2491 5524 invenies.

2194 5542 2313 5613 (Hi
2330 5542 2377 5613 1)
2400 5537 2708 5613 Asseritse
2725 5537 2782 5592 in
2798 5536 2858 5592 in
2880 5535 3099 5592 librum
3113 5535 3775 5613 Geneseos‘commenta-

2123 5604 2211 5669 ria
2242 5604 2566 5684 scripsisse.
2603 5609 2836 5665 Utinam
2862 5612 3024 5667 tanto
3055 5607 3378 5682 potiremur
3394 5604 3705 5662 thesauro.
