4062 6186
240 415 369 477 7δῦ

835 412 1253 476 EXPOSITIO
1296 410 1377 473 IN
1422 405 1855 471 EPISTULAS
1902 408 2174 472 PAULI.
2211 440 2288 456 -
2315 410 2396 474 IN
2429 411 2679 475 EPIST.
2723 412 2826 473 AD
2871 412 3105 474 HEBR.

3562 403 3683 468 766

243 549 427 605 modo
446 545 601 604 enim
626 544 887 602 dedisset
908 546 1204 602 Abraham
1239 545 1572 618 alienigena
1602 540 1914 599 Melchise-
1943 547 2004 611 Α
2038 548 2197 600 esset
2225 562 2237 601 :
2263 568 2292 596 «
2314 548 2491 619 Cujus
2512 552 2706 604 autem
2729 547 3022 619 generatio
3044 562 3160 602 non
3185 545 3606 601 annumeratur
3621 539 3683 595 in

241 638 396 694 dech
422 635 707 693 sacerdoti
742 635 1157 691 incircumciso
1179 636 1456 704 decimas,
1482 633 1593 689 nisi
1621 633 1748 703 ejus
1778 630 1912 703 plu-

242 726 441 782 rimus
468 726 655 781 honor
694 729 872 779 esset.

320 815 542 871 Deinde
574 813 814 868 alteram
848 813 1239 869 differentiam
1280 813 1622 876 introducit,
1655 810 1859 867 dicens
1897 830 1909 869 :

243 926 275 956 ‹‹
306 904 446 959 Sine
488 908 668 975 patre,
705 902 833 956 sine
865 907 1072 967 matre,
1110 903 1238 958 sine
1271 902 1630 973 genealogis.
1668 923 1694 951 ιν
1749 901 1810 955 In
1843 919 1910 957 eo

239 995 405 1051 enim
440 994 594 1065 quod
628 992 824 1047 subito
857 1008 1071 1046 nomen
1102 992 1232 1060 ejus
1266 992 1583 1059 inducitur,
1608 994 1667 1045 et
1695 1007 1763 1045 ex
1792 1007 1910 1061 qua

238 1085 433 1155 stirpe
452 1084 531 1137 sit
549 1084 887 1152 procreatus
904 1097 1280 1151 nequaquam
1309 1080 1677 1151 ponitur,nec
1694 1080 1910 1136 indica-

236 1177 342 1228 tur
373 1173 446 1226 de
479 1171 646 1225 initio
678 1169 807 1225 vita
839 1169 972 1237 ejus
1000 1170 1086 1224 vel
1122 1171 1255 1236 ﬁne,
1287 1186 1392 1224 nec
1424 1175 1577 1233 ante,
1609 1185 1715 1223 nec
1748 1173 1905 1238 post-

238 1261 491 1316 modum
519 1258 840 1329 quidquam
869 1259 1140 1324 refertur,
1166 1258 1294 1313 ideo
1317 1259 1624 1330 adjungit:
1662 1258 1908 1329 «Neque

233 1349 481 1405 initium
514 1348 763 1411 dierum,
797 1361 991 1416 neque
1022 1349 1199 1401 tinem
1232 1348 1358 1400 vita
1392 1347 1636 1401 habens.
1676 1369 1703 1394 ››
1754 1349 1905 1411 Quo-

236 1438 422 1493 modo
465 1451 570 1490 nec
620 1436 857 1490 initium
898 1434 1150 1499 dierum,
1189 1453 1376 1506 neque
1425 1436 1601 1489 ﬁnem
1652 1434 1908 1489 habuit?

234 1526 573 1593 Quomodo,
598 1525 711 1579 nisi
742 1523 881 1595 quia
907 1540 1023 1577 non
1056 1530 1278 1591 narrat,
1304 1524 1457 1579 sicut
1483 1524 1754 1595 superius
1778 1524 1905 1593 jam

232 1615 527 1678 diximus,
546 1613 849 1684 Scriptura
870 1611 1000 1681 ejus
1023 1612 1426 1683 genealogiam
1443 1612 1471 1665 ?
1491 1611 1651 1666 Sicut
1671 1616 1727 1667 et
1746 1610 1909 1665 Chri-

233 1708 372 1759 stus
403 1702 538 1773 ipsa
569 1705 781 1755 natura
813 1699 940 1754 sine
971 1700 1141 1755 initio
1174 1705 1231 1755 et
1275 1702 1388 1755 ﬁne
1418 1704 1526 1755 est.
1559 1700 1720 1754 Sicut
1749 1700 1906 1753 enim

231 1794 417 1849 istius
442 1791 744 1847 nescimus
767 1805 956 1859 neque
976 1789 1208 1844 initium
1234 1790 1486 1856 dierum,
1512 1806 1703 1860 neque
1730 1789 1904 1843 ﬁnem

232 1883 398 1947 vita,
433 1885 671 1950 propter
702 1878 857 1949 quod
889 1894 1002 1933 non
1036 1883 1126 1933 est
1154 1879 1466 1949 scriptum,
1491 1878 1575 1932 ita
1606 1878 1906 1933 nescimus

234 1968 372 2026 Filii
409 1968 505 2023 Dei
538 1966 797 2035 initium,
820 1965 907 2020 vel
940 1967 1137 2021 ﬁnem.
1170 1967 1299 2037 Ipse
1332 1972 1422 2021 est
1451 1966 1606 2021 enim
1641 1966 1803 2021 solus
1832 1966 1904 2020 de

237 2062 418 2113 Patre
448 2056 576 2111 sine
606 2059 791 2110 matre
821 2055 1057 2126 genitus
1088 2072 1191 2126 per
1220 2055 1584 2110 divinitatem
1616 2073 1629 2122 ;
1675 2055 1801 2126 ipse
1831 2055 1904 2109 de

242 2147 435 2202 Matre
466 2144 594 2200 sine
626 2148 787 2215 patre
828 2160 930 2215 per
972 2143 1447 2212 humanitatem;
1495 2144 1622 2215 ipse
1672 2160 1905 2215 quoque

239 2234 534 2291 Sacerdos
565 2237 839 2299 aeternus,
863 2233 934 2287 ad
969 2249 1143 2304 quem
1169 2233 1387 2287 dicitur
1411 2246 1441 2288 :‘
1462 2257 1482 2281 α
1512 2234 1595 2287 Tu
1630 2249 1692 2288 es
1720 2249 1906 2288 sacer-

237 2323 354 2378 dos
385 2322 445 2375 in
478 2326 760 2375 aternum
793 2322 1117 2375 secundum
1150 2321 1417 2376 ordinem
1450 2321 1900 2377 Melchisedech.

234 2409 626 2467 Assimilatus
650 2413 739 2464 est
759 2414 950 2464 autem
976 2408 1119 2464 Filio
1142 2409 1263 2464 Dei.
1291 2432 1318 2458 »
1352 2409 1685 2465 Similitudo
1707 2410 1818 2465 hoc
1839 2411 1899 2464 in

236 2497 372 2555 loco
404 2515 521 2553 non
554 2515 657 2568 pro
696 2497 1050 2569 aqualitate,
1086 2499 1185 2553 sed
1221 2515 1323 2569 pro
1357 2499 1543 2570 ﬁgura
1570 2499 1760 2570 posita
1788 2503 1896 2554 est.

238 2589 413 2645 Sicut
443 2588 599 2643 enim
648 2586 707 2640 in
759 2587 1142 2657 imaginibus,
1175 2588 1397 2658 aliquid
1431 2588 1641 2655 simile,
1675 2588 1897 2659 aliquid

240 2676 540 2733 dissimile
571 2677 848 2747 ponitur;
877 2676 1206 2731 similitudo
1232 2681 1320 2732 est
1354 2676 1411 2731 in
1445 2676 1729 2747 positione
1751 2676 1900 2733 colo-

239 2774 474 2832 rum,el
495 2765 579 2820 sic
598 2765 925 2821 differentia
944 2766 1258 2820 manifesta
1276 2770 1658 2834 monstratur,
1675 2771 1731 2820 et.
1750 2783 1901 2837 qua-

242 2856 388 2910 dam
421 2853 658 2925 quidem
691 2853 925 2925 similis,
950 2856 1219 2924 quadam
1242 2859 1437 2910 autem
1469 2855 1795 2921 dissimilis,
1820 2856 1902 2911 ita

243 2944 466 2999 umbra
486 2947 544 2997 et
573 2943 807 3010 veritas,
832 2944 1021 3015 ﬁgura
1049 2948 1107 2999 et
1136 2945 1288 3015 quod
1317 2945 1702 3015 signiﬁcatur.
1738 2966 1764 2993 ς(
1788 2946 1903 3000 Ma-

246 3037 356 3089 net
385 3032 669 3087 Sacerdos
703 3032 757 3085 in
792 3036 1161 3104 perpetuum.
1196 3055 1223 3082 »
1278 3032 1396 3087 Hoc
1426 3034 1497 3088 dc
1528 3032 1757 3087 Christo
1792 3034 1902 3088 Do-

244 3120 438 3185 mino,
463 3137 580 3175 non
602 3121 672 3175 de
694 3119 1115 3176 Melchisedech
1138 3120 1385 3192 intelligi
1407 3121 1534 3176 vult
1551 3120 1900 3192 Apostolus:

243 3208 393 3282 quia
417 3209 530 3264 iste
552 3213 915 3276 mortuus,et
936 3225 1051 3264 non
1074 3209 1185 3263 fuit
1206 3210 1475 3265 sacerdos
1499 3211 1556 3265 in
1581 3215 1901 3279 aeternum;

240 3300 445 3369 ﬁgura
472 3301 670 3352 tamen
700 3298 829 3367 ejus
858 3297 999 3352 vivit
1029 3297 1088 3352 in
1109 3297 1338 3352 Christo
1366 3298 1425 3353 in
1459 3303 1825 3370 perpetuum.

318 3386 487 3442 Unde
506 3391 565 3441 et
594 3387 861 3457 sequitur
884 3402 897 3440 :
934 3409 962 3436 «
990 3386 1304 3442 Intuemini
1330 3390 1526 3441 autem
1552 3392 1809 3458 quantus
1830 3388 1907 3445 sit

237 3477 370 3543 hic,
396 3475 491 3529 cui
522 3479 577 3529 et
596 3475 856 3531 decimas
880 3475 1042 3529 dedit
1063 3476 1133 3530 de
1160 3475 1468 3548 pracipuis
1491 3476 1786 3531 Abraham
1813 3494 1908 3549 pa-

236 3564 528 3621 triarcha.
557 3583 585 3612 »
618 3564 778 3627 Quod
807 3580 940 3619 vero
973 3563 1305 3634 patriarcha
1337 3581 1588 3636 magnus
1616 3565 1906 3621 Abraham

237 3653 510 3711 decimas
529 3653 869 3708 substantia
886 3669 1004 3707 sua
1020 3652 1445 3708 Melchisedech
1471 3654 1755 3710 sacerdoti
1780 3658 1911 3725 post

240 3741 719 3799 benedictionem
752 3741 933 3811 dedit,
967 3742 1157 3796 sciens
1201 3741 1450 3811 qualiter
1479 3743 1688 3798 melius
1719 3758 1907 3798 sacer-

244 3830 481 3887 dotium
501 3831 760 3884 futurum
777 3830 835 3884 in
855 3828 1069 3901 populo
1084 3830 1905 3902 gentium,quamLeviticum,

242 3918 412 3991 quod
438 3919 494 3973 in
518 3917 695 3974 Israel
718 3919 788 3973 de
809 3919 937 3989 ipso
960 3922 1085 3973 erat
1110 3919 1475 3973 nasciturum
1500 3920 1906 3991 futurumque,

243 4014 317 4063 ut
344 4006 740 4062 sacerdotium
762 4006 1033 4062 Ecclesia
1055 4006 1280 4061 habens
1304 4008 1659 4079 praeputium
1682 4007 1911 4063 benedi-

242 4098 412 4151 ceret
428 4094 788 4149 inAbraham
807 4093 1155 4149 circumciso
1170 4095 1908 4168 sacerdotiumSynagoga.

243 4186 322 4241 Et
355 4184 465 4240 hoc
495 4182 794 4255 apostolus
815 4182 1031 4238 Paulus
1053 4183 1297 4248 Judais,
1320 4185 1392 4239 ad
1426 4200 1573 4256 quos
1603 4184 1755 4239 hanc
1777 4184 1908 4257 Epi-

244 4271 473 4328 stolam
496 4271 831 4338 destinavit,
855 4269 1113 4326 inculcat
1139 4276 1197 4326 et
1225 4271 1403 4327 dicit:
1436 4273 1714 4344 Aspicite,
1736 4279 1793 4329 et
1821 4274 1909 4328 in-

241 4359 505 4433 telligite
532 4377 710 4431 quam
744 4376 997 4431 magnus
1044 4359 1141 4414 hic
1184 4363 1458 4418 sacerdos
1486 4361 1908 4419 Melchisedech

242 4454 366 4515 est,
390 4448 493 4521 qui
524 4450 773 4521 ﬁguram
796 4449 1007 4505 Christi
1041 4450 1345 4520 gestabat;
1380 4450 1471 4507 cui
1504 4455 1627 4506 tam
1658 4467 1912 4523 magnus

246 4537 593 4612 patriarcha
618 4537 912 4593 Abraham
936 4538 1193 4593 decimas
1216 4538 1378 4594 dedit
1402 4540 1471 4595 de
1502 4540 1832 4612 pracipuis,
1852 4541 1909 4595 id

248 4632 375 4693 est,
407 4627 479 4682 de
508 4626 854 4683 melioribus
882 4626 1057 4682 rebus
1086 4643 1214 4698 qua
1246 4626 1517 4685 habebat.

331 4738 363 4764 ‹‹
397 4720 466 4769 Et
496 4715 733 4787 quidem
767 4716 838 4770 de
871 4714 1006 4770 liliis
1040 4716 1169 4770 Levi
1200 4718 1593 4774 sacerdotium
1624 4719 1913 4791 accipien-

251 4809 375 4869 tes,
393 4804 741 4859 mandatum
764 4803 985 4859 habent
1009 4804 1268 4860 decimas
1289 4822 1522 4862 sumere
1544 4825 1577 4862 a
1597 4808 1811 4880 populo
1834 4825 1917 4864 se-

254 4893 531 4949 cundum
555 4892 838 4963 legem,id
863 4898 1019 4959 est,a
1042 4893 1320 4949 fratribus
1342 4896 1486 4962 suis,
1502 4913 1837 4968 quanquam
1861 4902 1919 4951 et

250 4980 378 5053 ipsi
400 4980 649 5036 exierint
668 4982 739 5036 de
766 4980 985 5036 lumbis
1006 4981 1274 5037 Abrahae.
1304 5006 1324 5032 υ
1361 4984 1548 5038 Tanta
1571 4984 1787 5058 quippe
1808 4991 1915 5051 est,

252 5068 480 5140 inquit,
515 5070 827 5125 sacerdotii
859 5069 1220 5137 excellentia,
1254 5076 1318 5125 ut
1347 5072 1523 5126 etiam
1561 5073 1664 5143 qui
1695 5074 1919 5130 similes

253 5164 466 5215 essent
498 5159 990 5230 progenitoribus,
1013 5163 1071 5214 et
1100 5161 1372 5215 eumdem
1405 5161 1684 5216 haberent
1714 5178 1916 5234 proge-

254 5249 543 5317 nitorem,
557 5253 755 5304 tamen
773 5247 958 5303 multo
972 5247 1228 5319 amplius
1246 5248 1515 5305 meliores
1534 5242 1919 5321 essejudicati

256 5340 426 5406 sunt,
464 5353 498 5392 a
528 5338 745 5408 quibus
775 5338 1092 5408 accipiunt.
1126 5337 1195 5391 Et
1240 5338 1508 5409 quamvis
1556 5354 1590 5393 a
1642 5338 1918 5394 fratribus

257 5424 393 5481 suis
426 5427 760 5482 sacerdotes
791 5426 864 5481 de
893 5426 1048 5480 tribu
1083 5426 1215 5481 Levi
1247 5426 1504 5482 decimas
1535 5434 1794 5498 sumant,
1828 5434 1915 5484 ta-

260 5530 405 5569 men
440 5513 535 5569 hic
565 5516 837 5572 sacerdos
869 5516 939 5570 de
968 5513 1123 5569 tribu
1159 5514 1287 5570 Levi
1320 5531 1434 5569 non
1469 5523 1610 5585 erat,
1633 5520 1731 5589 qui
1761 5519 1918 5573 deci-

260 5619 397 5657 mas
430 5604 501 5657 ab
524 5603 818 5659 Abraham
852 5603 1126 5675 sumpsit.
1150 5602 1397 5659 Proinde
1429 5606 1589 5662 nullo
1619 5609 1792 5663 modo
1824 5608 1920 5664 de-

261 5692 457 5747 disset
478 5691 816 5766 alienigena
834 5693 1117 5759 decimas,
1134 5693 1246 5748 nisi
1270 5694 1398 5764 ejus
1422 5694 1715 5768 plurimus
1732 5696 1918 5754 honor

2031 632 2141 701 eis,
2164 656 2185 681 ι»
2213 635 2268 690 id
2294 640 2402 704 est,
2424 636 2481 691 in
2508 636 2643 692 ﬁliis
2664 636 2829 705 Levi;
2859 633 3305 699 Melchisedech,
3325 636 3391 687 ut
3410 629 3683 702 superius

2031 724 2137 791 ait,
2162 746 2190 773 ‹‹
2217 724 2341 780 sine
2363 730 2567 795 matre,
2592 730 2647 781 et
2676 726 2799 782 sine
2826 724 3161 797 genealogia
3184 745 3213 772 »
3240 740 3253 778 :
3289 721 3439 792 signi
3450 718 3682 774 ﬁcativo

2029 816 2227 870 autem
2262 815 2456 881 modo,
2480 814 2693 869 Christi
2717 815 3012 886 generatio
3038 831 3140 886 per
3169 811 3532 867 divinitatem
3560 822 3680 861 non

2025 905 2658 974 annumeratur,juxta
2678 904 2821 959 illud
2848 923 2860 960 :
2890 926 2916 956 ι
2934 903 3374 960 Generationem
3394 900 3523 968 ejus
3541 896 3682 968 quis

2022 993 2321 1049 enarrabit
2337 994 2365 1048 ‘2
2386 1016 2413 1041 ››
2441 994 2709 1048 Decimae
2731 994 2985 1066 sumpsit
3005 992 3269 1058 Abraha,
3291 989 3547 1055 ethunc,
3573 984 3678 1057 qui

2018 1082 2277 1137 habebat
2303 1083 2812 1154 repromissiones,
2837 1081 3148 1137 benedixit.
3170 1080 3304 1134 Sine
3331 1077 3453 1133 ulla
3478 1080 3673 1131 autem

2017 1172 2506 1238 contradictione,
2532 1173 2688 1242 quod
2710 1171 2906 1226 minus
2928 1175 3036 1237 est,
3062 1188 3095 1225 a
3124 1168 3361 1224 meliore
3379 1163 3677 1221 benedici-

2015 1265 2115 1315 tur
2143 1261 2296 1332 (1δαὶ.
2332 1279 2451 1329 LIII,
2485 1262 2562 1329 8).
2597 1261 2697 1315 His
2731 1264 2926 1314 autem
2958 1258 3189 1313 duobus
3220 1255 3410 1309 modis
3432 1250 3675 1308 Melchi-

2016 1350 2228 1405 sedech
2263 1349 2657 1404 sacerdotium
2691 1352 2811 1403 toto
2840 1347 3065 1402 Veteris
3093 1342 3453 1400 Testamenti
3485 1354 3675 1395 sacer-

2016 1439 2177 1493 dotio
2199 1438 2518 1510 praecellit:
2546 1440 2824 1509 primum,
2842 1436 2982 1508 quia
3001 1435 3259 1489 decimas
3280 1430 3352 1486 ab
3374 1428 3671 1484 Abraham

2015 1527 2285 1583 omnium
2313 1528 2686 1582 sacerdotum
2717 1530 2881 1597 patre
2903 1524 3165 1605 accipere
3190 1519 3423 1583 meruit,
3447 1522 3505 1572 et
3533 1515 3676 1587 quia

2014 1616 2198 1686 hunc,
2226 1615 2328 1687 qui
2356 1615 2845 1688 repromissiones
2868 1615 3188 1684 acceperat,
3212 1605 3528 1665 benedixit.
3553 1608 3675 1658 Hoc

2018 1705 2193 1759 modo
2227 1705 2286 1758 in
2308 1705 2505 1760 Veteri
2528 1706 2904 1761 Testamento
2926 1699 3225 1756 Christum
3248 1694 3508 1767 apertius
3532 1708 3678 1765 pra-

2016 1792 2273 1864 ﬁgurare
2331 1810 2446 1849 non
2504 1792 2718 1865 potuit,
2772 1807 2950 1863 quam
3002 1783 3452 1844 Melchisedech.
3510 1781 3672 1847 Quod

1937 1916 1984 1979 B
2019 1898 2152 1936 vero
2186 1880 2519 1951 patriarcha
2548 1897 2802 1953 magnus
2825 1878 3086 1934 decimas
3108 1872 3302 1972 omnis
3329 1868 3674 1979 substantia

2016 1986 2134 2025 sua
2161 1969 2586 2027 Melchisedech
2612 1968 2899 2025 sacerdoti
2933 1969 3066 2038 post
3086 1961 3547 2019 benedictionem
3571 1958 3672 2013 de-

2015 2059 2120 2125 dit,
2145 2058 2339 2114 sciens
2370 2059 2735 2131 spiritaliter,
2763 2061 2829 2113 ut
2857 2056 3140 2119 diximus,
3164 2049 3377 2106 melius
3402 2047 3674 2104 sacerdo-

2015 2147 2166 2202 tium
2192 2147 2457 2202 futurum
2493 2148 2549 2201 in
2586 2145 2802 2219 populo
2834 2144 3127 2217 gentium,
3152 2155 3329 2212 quam
3354 2137 3672 2204 leviticum,

2016 2237 2171 2304 quod
2219 2236 2278 2289 in
2323 2236 2502 2292 Israel
2534 2237 2607 2291 de
2634 2235 2766 2307 ipso
2797 2238 2921 2290 erat
2952 2230 3347 2299 nasciturum,
3379 2229 3675 2285 futurum-

2014 2340 2148 2396 que,
2180 2328 2247 2379 ut
2299 2324 2698 2381 sacerdotium
2732 2322 2999 2378 Ecclesia
3045 2320 3277 2376 habens
3323 2318 3673 2393 praputium

2012 2412 2385 2468 benediceret
2431 2414 2492 2468 in
2538 2413 2843 2468 Abraham
2887 2410 3244 2468 circumciso
3287 2407 3675 2468 sacerdotium

2013 2517 2343 2573 synagoga.

2084 2613 2112 2640 α
2146 2597 2193 2643 Α
2224 2589 2464 2646 meliore
2493 2590 2897 2659 benedicetur,
2930 2612 2958 2642 ››
2992 2590 3052 2645 id
3086 2594 3201 2659 est,
3236 2610 3270 2648 a
3298 2592 3537 2664 majore.
3576 2590 3678 2645 Be-

2011 2679 2264 2735 nedictio
2296 2679 2679 2736 abundantia
2710 2685 2818 2737 est.
2854 2681 2987 2737 Ideo
3028 2684 3229 2736 autem
3279 2698 3450 2737 nemo
3498 2682 3675 2737 bene-

2011 2769 2202 2824 dicere
2233 2773 2443 2840 potest,
2477 2770 2592 2824 nisi
2641 2771 2744 2841 qui
2791 2771 2979 2841 major
3023 2774 3136 2839 est,
3171 2775 3228 2825 et
3277 2787 3447 2827 nemo
3496 2772 3677 2827 bene—

2010 2857 2121 2912 dici
2174 2863 2386 2929 potest,
2432 2857 2546 2913 nisi
2597 2860 2702 2930 qui
2753 2860 2946 2914 minor
2992 2862 3103 2913 est.
3155 2860 3331 2917 Vides
3380 2865 3674 2932 quantum

2012 2946 2259 3001 interest
2305 2946 2458 3001 inter
2506 2946 2811 3003 Abraham
2860 2952 2917 3002 et
2970 2945 3424 3014 Melchisedech,
3458 2949 3559 3019 qui
3610 2948 3676 3002 fi-

2012 3050 2222 3106 guram
2273 3035 2513 3105 gerebat
2561 3035 2881 3090 Salvatoris
2932 3034 3140 3089 nostri.
3173 3036 3550 3106 Approbatur
3578 3035 3675 3090 hic

2013 3122 2223 3178 melior
2252 3122 2682 3178 Melchisedech
2726 3140 2874 3191 esse,
2910 3139 3088 3195 quam
3118 3124 3439 3193 Abraham,
3471 3130 3532 3180 et
3577 3140 3672 3179 sa-

2015 3211 2338 3267 cerdotium
2366 3213 2515 3283 ejus,
2539 3228 2722 3283 quam
2752 3213 3080 3269 levitarum.
3102 3213 3478 3283 Approbatur
3503 3211 3670 3268 Chri-

2017 3305 2145 3355 stus
2190 3298 2396 3354 melior
2426 3298 2882 3367 Melchisedech,
2914 3304 2973 3356 et
3020 3299 3297 3356 omnibus
3344 3300 3673 3372 prophetis,

2015 3387 2136 3443 sive
2179 3386 2553 3459 patriarchis,
2584 3387 2675 3442 vel
2729 3387 3005 3443 omnibus
3053 3386 3296 3443 sanctis.
3332 3386 3432 3442 Isti
3480 3384 3671 3443 sancti

2016 3477 2171 3531 sicut
2202 3475 2494 3539 homines,
2525 3474 2629 3530 ille
2660 3476 2813 3532 sicut
2845 3482 3019 3541 Deus,
3051 3481 3108 3531 et
3138 3475 3315 3531 homo
3341 3494 3354 3543 ;
3390 3475 3489 3531 isti
3518 3476 3674 3530 sicut

2016 3563 2121 3618 ﬁlii
2152 3563 2432 3634 adoptivi,
2467 3563 2563 3618 ille
2596 3569 2663 3619 ut
2696 3564 2969 3637 proprius
2999 3564 3199 3620 Filius.
3226 3565 3294 3619 Et
3321 3564 3474 3635 hanc
3503 3564 3669 3619 diffe-

2016 3652 2267 3708 rentiam
2318 3668 2419 3723 per
2465 3656 2657 3708 totum
2702 3659 2924 3709 textum
2964 3653 3235 3725 Epistola
3266 3652 3447 3724 hujus
3479 3653 3670 3708 disse-

2020 3740 2228 3805 minat,
2241 3740 2573 3810 etjaculatu
2583 3760 2630 3811 r,
2644 3742 2846 3798 volens
2863 3743 3266 3798 demonstrare
3284 3748 3570 3814 quantum
3588 3742 3672 3796 in-

2017 3828 2187 3884 tersit
2214 3830 2365 3882 inter
2387 3828 2707 3893 Christum,
2732 3837 2789 3886 et
2811 3830 3193 3901 patriarchas,
3214 3831 3302 3886 vel
3329 3830 3669 3903 prophetas.

2019 3919 2085 3973 Et
2108 3923 2341 3989 prOpter
2370 3917 2480 3971 hoc
2510 3919 2835 3989 assumpsit
2854 3918 3302 3984 Melchisedech,
3326 3919 3486 3991 quia,
3514 3918 3669 3973 sicut

2010 4006 2138 4076 jam
2169 4003 2448 4070 diximus,
2479 4005 2613 4077 plus
2643 4006 2925 4077 apertius,
2948 4011 3005 4061 et
3040 4006 3411 4062 manifestius
3432 4006 3670 4078 gerebat

2018 4095 2267 4165 ﬁguram
2326 4093 2643 4150 Salvatoris
2702 4094 2908 4162 nostri,
2960 4098 3016 4149 et
3066 4097 3133 4148 ut
3185 4093 3313 4165 ipse
3360 4095 3664 4166 approbat,

2022 4204 2051 4233 ‹‹
2081 4182 2209 4237 sine
2232 4181 2353 4237 ulla
2375 4183 2853 4247 contradictione,
2881 4184 3037 4254 quod
3060 4182 3259 4238 minus
3288 4187 3398 4247 est,
3425 4204 3454 4232 ››
3482 4183 3665 4237 Abra-

2018 4270 2179 4339 ham,
2233 4293 2259 4320 «
2295 4288 2330 4326 a
2383 4270 2622 4328 meliore
2671 4272 3069 4339 benedicetur,
3101 4293 3131 4321 »
3183 4270 3241 4326 id
3284 4276 3395 4338 est,
3429 4269 3667 4326 Melchi-

2019 4359 2253 4415 sedech.
2278 4360 2572 4436 Abraham
2603 4361 2822 4434 quippe
2850 4360 3108 4417 decimas
3138 4360 3323 4425 dedit,
3354 4360 3507 4432 quod
3540 4374 3667 4431 per-

2018 4449 2167 4503 tinet
2189 4449 2261 4503 ad
2285 4450 2645 4505 sacerdotem
2666 4449 3110 4505 Melchisedech.
3125 4448 3550 4505 Melchisedech
3572 4449 3671 4503 ite-

2020 4554 2153 4593 rum
2188 4538 2503 4605 benedicit,
2536 4540 2689 4611 quod
2723 4543 2813 4595 est
2844 4538 3103 4594 melioris
3134 4537 3504 4593 excellentia.

1944 4647 1991 4711 D
2096 4627 2257 4682 Istud
2291 4628 2555 4683 scribens
2585 4626 2922 4699 Apostolus,
2955 4631 3012 4682 et
3051 4625 3415 4691 examinans,
3446 4625 3673 4681 fortiter

2026 4717 2457 4788 condemnavit,
2489 4722 2547 4773 et
2595 4716 2842 4773 exclusit
2886 4715 3164 4771 Judaicas
3210 4714 3486 4771 rationes.
3533 4714 3671 4769 Pro-

2025 4809 2223 4876 pterea
2250 4805 2481 4861 dicebat
2514 4823 2526 4861 :
2568 4824 2589 4853 σ
2622 4805 2768 4870 Quia
2797 4803 3121 4860 imbecilles
3150 4803 3286 4860 facti
3315 4804 3457 4860 estis
3486 4803 3669 4875 (Hebr.

2025 4910 2078 4961 v,
2110 4895 2198 4961 11)
2222 4910 2235 4960 ;
2263 4916 2283 4944 ι
2324 4893 2461 4963 quia
2491 4893 2601 4948 hoc
2621 4897 2875 4948 evertere
2904 4892 3155 4960 volebat,
3178 4908 3250 4948 ne
3280 4892 3673 4964 gloriarentur

2025 4981 2083 5037 in
2137 4983 2241 5037 eis.
2296 4982 2452 5038 Talis
2502 4988 2592 5037 est
2639 4984 2798 5037 enim
2848 4981 3138 5053 sapientia
3192 4981 3355 5037 Pauli
3403 4979 3669 5051 apostoli.

2026 5071 2346 5143 Perstrepit
2374 5072 2655 5143 primum,
2687 5075 2744 5126 et
2771 5076 2910 5126 tunc
2938 5071 3265 5145 ingreditur
3300 5071 3371 5126 ad
3419 5085 3505 5135 ea,
3541 5084 3668 5140 qua

2026 5159 2153 5216 vult
2181 5161 2507 5232 ostendere,
2535 5164 2592 5216 et
2620 5160 2761 5215 dicit
2790 5178 2803 5217 :
2845 5180 2865 5207 α
2901 5162 2970 5217 Et
2998 5162 3091 5217 hic
3122 5160 3384 5232 quidem,
3410 5156 3668 5213 decimas

2028 5252 2342 5306 morientes
2364 5249 2632 5305 homines
2652 5248 2963 5322 accipiunt.
2987 5272 3011 5302 ι
3044 5249 3357 5305 Morientes
3377 5245 3667 5317 homines,

2025 5338 2081 5393 id
2116 5345 2223 5406 est,
2258 5339 2410 5396 ﬁlios
2441 5342 2631 5396 Aaron
2663 5340 2992 5397 sacerdotes
3040 5340 3110 5392 de
3156 5336 3310 5391 tribu
3341 5335 3474 5391 Levi
3504 5335 3664 5403 dicit,

2027 5428 2164 5499 quia
2196 5428 2472 5485 mortales
2502 5435 2688 5499 erant,
2721 5452 2749 5479 ‹‹
2782 5428 2861 5483 ibi
2893 5434 3085 5481 autem
3116 5429 3496 5492 contestatur,
3528 5423 3668 5495 quia

2027 5518 2181 5573 vivit.
2219 5540 2240 5567 ι
2292 5518 2399 5588 lbi,
2430 5519 2487 5573 id
2520 5523 2626 5591 est,
2662 5520 2720 5573 in
2752 5518 2898 5580 loco,
2931 5531 3046 5581 quo
3078 5514 3309 5581 dicitur,
3343 5514 3664 5571 sacerdotio

2025 5606 2442 5664 Melchisedech
2492 5611 2869 5671 contestatur,
2903 5603 3042 5673 quia
3087 5604 3247 5671 vivit,
3280 5603 3420 5660 dum
3467 5603 3659 5660 dixit:

2029 5719 2057 5748 (ι
2087 5697 2171 5752 Tu
2202 5714 2264 5754 es
2295 5698 2565 5755 sacerdos
2596 5698 2655 5753 in
2682 5699 2983 5762 aeternum,
3012 5712 3041 5743 ››
3072 5696 3179 5750 etc.
3212 5712 3238 5747 α
3267 5693 3334 5750 Et
3362 5694 3450 5768 (ut
3476 5692 3558 5750 ita
3580 5692 3663 5749 di-
