4044 6180
321 375 439 440 767

1337 377 1674 440 ATTONIS
1718 375 2306 438 VERCELLENSIS
2353 374 2707 437 EPISCOPI

3607 366 3728 428 768

325 527 486 581 ctum
519 522 617 598 sit)
668 539 771 596 per
798 524 1115 595 Abraham,
1147 529 1202 583 et
1235 525 1390 596 Levi,
1423 527 1521 599 qui
1566 528 1822 584 decimas
1870 544 1964 583 ac-
1994 511 2048 576 Α
2077 512 2136 567 id
2168 516 2274 581 est,
2308 511 2568 584 corporis
2599 514 2664 584 et
2700 505 3007 581 sanguinis
3035 505 3166 577 ejus
3197 505 3631 560 sacramentum
3665 501 3729 558 in

327 615 495 686 cepit,
546 614 868 672 decimatus
916 621 1086 672 est.»
1145 619 1408 674 Decimae
1463 620 1706 692 accepit,
1747 619 1802 673 id
1858 624 1966 688 est,

324 703 453 759 Levi
485 705 554 759 de
587 705 869 762 fratribus
900 707 1024 762 suis
1075 730 1102 757 «
1134 707 1458 763 decimatus
1498 712 1603 776 est,
1642 731 1664 757 ›τ
1718 709 1825 763 hoc
1857 714 1968 774 est,

331 812 356 845 ι
386 792 445 847 in
469 791 690 850 lumbis
714 796 979 860 Abrahae,
1005 818 1032 846 »
1067 796 1205 866 quia
1226 797 1515 852 Abraham
1544 797 1966 854 Melchisedech

326 882 584 939 decimas
609 884 786 939 dedit.
824 885 1073 940 «Adhuc
1096 885 1250 941 enim
1276 887 1334 941 in
1369 887 1588 941 lumbis
1613 888 1795 958 patris
1822 892 1966 953 erat,

326 987 460 1026 cum
484 971 733 1027 obviavit
758 973 806 1028 ei
835 974 1317 1030 Melchisedech.»
1347 978 1644 1040 Quomodo
1669 976 1726 1030 in
1753 976 1970 1030 lumbis

327 1060 520 1116 adhuc
568 1067 710 1130 erat,
763 1080 897 1118 cum
954 1065 1004 1119 ei
1058 1065 1312 1121 obviavit
1357 1066 1972 1121 Melchisedech?Hoc

327 1155 436 1217 est,
473 1151 529 1206 in
562 1168 627 1206 eo
659 1156 782 1207 erat
811 1154 963 1218 Levi,
998 1171 1335 1226 quanquam
1371 1161 1545 1210 natus
1576 1173 1688 1210 non
1723 1161 1897 1211 esset.

401 1241 584 1311 (1412)
636 1265 662 1291 ‹‹
698 1242 755 1296 Si
799 1259 934 1314 ergo
963 1245 1389 1299 consummatio
1436 1262 1537 1314 per
1584 1246 1971 1300 sacerdotium

328 1329 624 1386 leviticum
657 1336 780 1386 erat
809 1333 1084 1405 (populus
1116 1333 1272 1388 enim
1314 1335 1422 1389 sub
1465 1335 1591 1405 ipso
1639 1335 1825 1405 legem
1877 1352 1974 1390 ac-

331 1420 525 1491 cepit).
550 1443 578 1469 »
604 1419 840 1490 llicjam
867 1421 1072 1493 incipit
1089 1422 1475 1477 differentiam
1499 1425 1803 1478 ostendere
1825 1424 1977 1479 inter

329 1506 520 1579 legem
574 1514 630 1564 et
681 1509 889 1580 legem,
925 1515 982 1565 et
1030 1511 1419 1567 sacerdotium
1463 1517 1518 1567 et
1561 1515 1974 1583 sacerdotium,

330 1596 440 1653 hoc
499 1602 608 1663 est,
637 1598 822 1671 legem
875 1600 1079 1672 Moysi,
1111 1604 1167 1656 et
1213 1600 1398 1673 legem
1450 1601 1761 1673 Evangelii,
1796 1607 1852 1657 et
1885 1620 1978 1658 sa-

332 1687 658 1742 cerdotium
699 1689 910 1754 Aaron,
943 1693 1000 1743 et
1043 1691 1431 1746 sacerdotium
1463 1691 1700 1746 Christi.
1733 1691 1978 1755 Astruit,

333 1772 626 1844 siquidem
669 1776 885 1843 omnia,
919 1793 1046 1847 quae
1095 1777 1192 1833 ille
1243 1778 1494 1850 populus
1545 1782 1862 1850 acceperat,
1895 1779 1979 1834 si-

334 1861 669 1934 gniﬁcativo
701 1865 872 1920 modo
906 1866 1041 1922 data
1071 1871 1228 1922 sunt.
1263 1867 1564 1938 Siquidem
1607 1871 1662 1923 et
1710 1869 1977 1924 tabernas
2008 1879 2056 1943 Β

333 1950 554 2016 culum,
605 1956 661 2008 et
707 1953 1013 2023 sacriﬁcia,
1056 1960 1114 2010 et
1162 1959 1369 2011 caetera
1421 1956 1538 2012 alia
1584 1958 1783 2012 omnia
1827 1958 1978 2028 Apo-

333 2041 521 2098 stolus
552 2043 876 2115 ﬁguraliter
921 2045 981 2100 in
1031 2044 1210 2116 hujus
1259 2049 1416 2102 textu
1467 2047 1734 2119 Epistolas
1766 2046 1978 2102 intelli-

334 2132 437 2204 git.
471 2133 633 2198 Quod
681 2149 816 2188 vero
871 2133 1058 2189 dicit:
1119 2157 1140 2186 α
1177 2136 1431 2207 Populus
1482 2137 1591 2191 sub
1634 2135 1760 2207 ipso
1791 2136 1980 2207 legem

335 2221 575 2291 accepit,
611 2245 634 2274 ι
690 2223 748 2277 id
804 2227 913 2293 est,
965 2225 1075 2279 sub
1130 2225 1252 2280 suis
1304 2225 1614 2297 nepotibus
1663 2229 1874 2297 Moyse,
1927 2229 1984 2280 et

335 2313 552 2377 Aaron,
602 2311 700 2382 qui
749 2311 807 2366 in
867 2317 1077 2382 quarta
1128 2318 1498 2384 generatione
1555 2315 1735 2368 futuri
1794 2318 1978 2370 erant.

339 2421 368 2450 «
404 2399 550 2465 Quid
575 2400 767 2456 adhuc
789 2402 1182 2458 necessarium
1207 2403 1336 2467 fuit,
1365 2405 1686 2458 secundum
1717 2404 1981 2459 ordinem

339 2487 762 2546 Melchisedech
787 2490 967 2545 alium
1001 2507 1238 2563 surgere
1260 2493 1643 2559 sacerdotem,
1668 2496 1725 2547 et
1754 2509 1862 2548 non
1893 2509 1982 2547 se-

339 2577 599 2633 cundum
633 2578 896 2634 ordinem
927 2580 1116 2634 Aaron
1160 2580 1323 2634 dici?
1355 2603 1382 2629 »

413 2689 443 2716 «
477 2666 786 2722 Translato
816 2667 970 2723 enim
1003 2670 1349 2734 sacerdotio,
1383 2685 1620 2724 necesse
1669 2673 1775 2739 est,
1818 2673 1884 2724 ut
1932 2672 1989 2723 et

341 2754 489 2827 legis
519 2755 829 2810 translatio
859 2757 981 2811 ﬁat.
1019 2778 1046 2806 »
1078 2757 1454 2813 Translatum
1486 2759 1873 2813 sacerdotium
1909 2758 1989 2812 di-

344 2843 441 2911 cit,
474 2843 534 2898 id
565 2847 674 2908 est,
708 2844 840 2900 Levi
873 2849 930 2901 et
967 2847 1156 2902 Aaron
1201 2848 1273 2902 ad
1325 2847 1622 2902 Christum
1653 2866 1667 2914 ;
1721 2848 1829 2903 hoc
1877 2852 1988 2913 est,

345 2931 591 2989 exclusit
620 2933 1012 2990 sacerdotium
1043 2938 1229 2991 Aaron
1262 2953 1275 2990 :
1311 2952 1684 3008 nequaquam
1718 2937 1874 2992 enim
1907 2952 1993 2990 se-

2077 603 2433 658 sacriﬁcium
2469 602 2805 656 oﬁ‘cramus.

2155 716 2174 741 α
2207 694 2276 746 Et
2300 691 2552 761 amplius
2576 690 2766 744 adhuc
2795 686 3169 742 manifestum
3196 686 3304 748 est,
3329 682 3378 738 si
3400 681 3730 737 secundum

2079 782 2522 839 similitudinem
2558 775 2979 834 Melchisedech
3027 777 3302 845 exsurget
3345 771 3496 826 alius
3527 786 3729 826 sacer-

2081 875 2206 929 dos.
2234 894 2260 922 »
2295 873 2362 926 Et
2385 869 2639 941 amplius
2663 868 2869 928 adhuc,
2895 866 3003 920 hoc
3027 869 3137 930 est,
3165 880 3281 918 non
3306 860 3499 916 solum
3521 861 3593 915 de
3615 859 3733 914 alia

2080 962 2257 1030 tribu,
2293 960 2392 1014 sed
2425 956 2848 1013 excellentioris
2878 955 3138 1023 honoris,
3173 957 3230 1008 et
3277 951 3603 1007 secundum
3635 967 3732 1004 or-

2083 1051 2279 1105 dinem
2312 1046 2731 1103 Melchisedech
2767 1045 3072 1101 manifeste
3102 1045 3396 1113 exsurget,
3430 1040 3584 1095 facta
3630 1056 3735 1094 sa-

2082 1138 2321 1195 cerdotii
2373 1136 2828 1208 comparatione,
2869 1132 3295 1189 Melchisedech
3349 1147 3477 1185 esse
3526 1129 3737 1183 melio-

2084 1247 2227 1299 rem,
2281 1244 2458 1300 quam
2508 1227 2660 1292 Levi,
2712 1225 2812 1295 qui
2861 1224 2919 1278 in
2971 1221 3286 1293 imaginem
3329 1219 3734 1291 pontiﬁcatus,

2086 1335 2258 1391 quem
2296 1318 2353 1370 in
2387 1320 2666 1370 aeternum
2702 1318 3088 1384 suscepturus
3128 1316 3251 1365 erat
3281 1309 3568 1375 Christus,
3599 1312 3740 1362 ante

2085 1406 2401 1481 praecessit.
2441 1428 2467 1454 «
2499 1404 2605 1468 Qui
2632 1421 2746 1458 non
2771 1402 3095 1458 secundum
3117 1399 3306 1471 legem
3330 1397 3590 1452 mandati
3615 1413 3742 1450 car-

2086 1497 2237 1552 nalis
2270 1499 2450 1550 i'actus
2485 1498 2592 1562 est,
2627 1494 2727 1548 sed
2760 1492 3085 1546 secundum
3132 1488 3407 1542 virtutem
3459 1485 3589 1540 vitae
3644 1485 3739 1539 in-

2088 1585 2378 1642 solubilis.
2416 1606 2442 1633 ››
2497 1585 2708 1638 Factus
2755 1585 2863 1646 est,
2897 1578 3110 1650 inquit,
3140 1577 3413 1632 sacerdos
3443 1575 3738 1638 Christus,

2089 1693 2204 1730 non
2229 1674 2551 1729 secundum
2574 1672 2760 1743 legem
2786 1668 3055 1741 praecepti
3079 1664 3352 1722 carnalis.
3378 1665 3492 1720 Lex
3515 1663 3742 1734 quippe

2089 1781 2157 1820 ex
2188 1762 2375 1818 multa
2404 1764 2566 1833 parte
2597 1758 2849 1814 carnalis
2880 1761 3024 1812 erat.
3056 1755 3204 1820 Quid
3238 1758 3346 1823 est,
3397 1776 3425 1803 «
3463 1752 3742 1830 prfecepti

2090 1853 2341 1910 carnalis
2361 1853 2388 1906 ‘I
2412 1874 2439 1901 »
2473 1848 2906 1917 Circumcidite,
2929 1845 3140 1916 inquit,
3167 1859 3399 1899 carnem
3422 1860 3436 1910 ;
3465 1841 3600 1896 lava
3620 1857 3744 1896 car-

2090 1959 2221 1998 nem
2250 1967 2263 2008 ;
2298 1940 2520 1995 munda
2543 1953 2798 1994 carnem.
2825 1934 3251 1991 Promissiones
3272 1936 3458 2000 erant,
3483 1931 3742 1986 multum

2088 2032 2296 2096 vivere,
2350 2029 2437 2084 lac
2495 2032 2552 2083 et
2608 2026 2742 2096 mel,
2795 2043 2924 2097 pax.
2978 2024 3061 2078 Ex
3117 2022 3226 2077 hac
3281 2021 3408 2092 lege
3467 2019 3744 2076 sacerdo-

2090 2122 2239 2176 tium
2287 2117 2546 2189 suscepit
2592 2118 2802 2170 Aaron.
2837 2113 3125 2178 Christus,
3161 2110 3375 2181 inquit,
3408 2109 3742 2178 secundum

2090 2211 2367 2264 virtutem
2389 2208 2516 2260 vita
2540 2203 2893 2260 insolubilis.
2916 2201 3253 2258 Secundum
3274 2199 3553 2254 virtutem
3577 2197 3745 2262 dicit,

2094 2316 2207 2353 non
2239 2297 2564 2352 secundum
2595 2293 2804 2365 legem.
2840 2294 2903 2347 In
2937 2291 3063 2362 lege
3093 2289 3251 2345 enim
3284 2287 3602 2342 inﬁrmitas
3634 2286 3749 2340 fuit

2093 2387 2318 2443 Veteris
2366 2383 2746 2450 Testamenti,
2780 2382 2920 2453 quia
2963 2380 3174 2434 umbra
3219 2381 3364 2442 crat,
3397 2380 3453 2431 et
3504 2377 3637 2432 ideo
3690 2376 3749 2430 in

2093 2495 2160 2534 ea
2188 2476 2374 2530 virtus
2403 2478 2558 2529 stare
2590 2490 2703 2528 non
2745 2469 2954 2544 potuit.
2988 2473 3119 2523 Hac
3172 2472 3369 2522 autem
3415 2465 3534 2520 vita
3583 2464 3748 2520 inso-

2093 2565 2294 2622 lubilis
2330 2569 2436 2630 est,
2472 2563 2610 2632 quia
2659 2579 2773 2616 non
2832 2561 3041 2632 ﬁgura,
3095 2557 3194 2612 sed
3247 2555 3464 2611 veritas
3513 2557 3624 2609 est.
3680 2554 3754 2608 Et

2095 2656 2224 2710 ideo
2273 2655 2332 2708 in
2386 2651 2693 2723 Evangelio
2737 2667 2852 2705 non
2897 2646 3233 2716 inﬁrmitas,
3264 2645 3366 2701 sed
3397 2643 3586 2699 virtus
3619 2657 3750 2698 esse

2098 2746 2343 2809 constat,
2377 2745 2433 2796 et
2478 2738 2870 2796 insolubilitas
2902 2737 3230 2793 secundum
3261 2733 3562 2789 virtutem.

2173 2852 2200 2882 «
2231 2833 2600 2885 Contestatur
2630 2829 2787 2882 enim
2820 2841 2834 2881 :
2879 2825 3165 2890 Quoniam
3195 2828 3259 2879 tu
3289 2839 3353 2878 es
3383 2819 3658 2878 sacerdos
3688 2817 3754 2873 in

2100 2926 2402 2986 aternum,
2419 2919 2744 2974 secundum
2764 2915 3027 2972 ordinem
3044 2910 3536 2968 Melchisedech.»
3555 2913 3623 2962 In
3641 2907 3756 2962 hoc

346 3023 605 3078 cundum
620 3022 879 3079 ordinem
899 3023 1319 3082 Melchisedech
1336 2999 1552 3082 diceret
1568 3043 1804 3098 surgere
1821 3025 1992 3081 nobis
2103 3010 2304 3064 ordine
2326 3005 2751 3062 Mclchisedech
2774 3003 3044 3059 ChPiStUS
3075 3001 3346 3058 sacerdos
3376 2999 3436 3053 in
3466 3002 3757 3052 ωῐθτῐιυω

347 3112 730 3181 sacerdotem,
763 3112 812 3166 si
861 3112 1006 3168 illud
1051 3115 1445 3170 sacerdotium
1484 3085 1706 3172 melius
1727 3119 1897 3170 esset.
1932 3113 1994 3169 Si
2103 3101 2498 3169 nuncupatur,
2533 3096 2670 3168 (Ιυίθ
2717 3094 2812 3148 ille
2860 3091 3123 3149 carnales
3161 3089 3430 3145 ViCtimas
3459 3103 3579 3142 non
3612 3085 3755 3139 039‘

347 3201 527 3274 igitur
554 3174 946 3258 sacerdotium
975 3202 1266 3258 introduci
1300 3204 1443 3259 illud
1478 3207 1722 3276 oportet,
1756 3222 1994 3262 necesse
2025 3249 2065 3276 η
2105 3189 2289 3253 What:
2325 3187 2436 3242 ηίδί
2471 3203 2676 3258 Panem
2710 3188 2768 3240 et
2795 3184 2998 3239 Vinum
3032 3199 3046 3236 ε
3092 3181 3174 3236 Sic
3204 3183 3262 3235 et
3291 3174 3760 3276 Christus‘obla-

348 3249 456 3361 erat,
489 3292 554 3344 ut
600 3293 657 3344 et
705 3289 852 3362 legis
899 3249 1996 3366 translatio“ﬁatfbl‘eqhe-ehim‘p‘o‘t‘e‘s‘t
2024 3249 2066 3316 C
2106 3249 2325 3333 “0119i”
2376 3249 2545 3346 Pariis
2593 3279 2649 3330 θι
2696 3273 2814 3328 Vini
2865 3271 3115 3327 οῘῩθΓθῐιε
3161 3273 3276 3324 Deo
3309 3265 3504 3366 ‘Pau‘ia
3537 3263 3595 3318 id
3643 3266 3756 3332 θεῖ»

350 3379 622 3435 sacerdos
655 3378 781 3434 sine
813 3384 1164 3436 testamento
1193 3397 1341 3449 esse,
1370 3386 1427 3436 et
1458 3383 1582 3438 sine
1613 3382 1759 3456 lege,
1782 3354 1840 3440 et
1871 3385 1991 3441 sine

2109 3384 2317 3438 corpus
2337 3369 2394 3421 et
2416 3363 2762 3434 sanguinem
2787 3377 2964 3417 suum
2989 3377 3002 3415 :
3033 3375 3211 3430 quam
3233 3354 3592 3412 oblationem
3617 3368 3760 3423 quo-

352 3467 676 3540 praeceptis.
710 3468 1084 3524 Translatum
1133 3474 1222 3525 est
1267 3471 1702 3539 sacerdotium;
1757 3489 1892 3545 ergo
1941 3476 1999 3529 et

352 3555 447 3611 lex
475 3555 766 3612 translata
795 3561 902 3612 est.

434 3663 456 3693 ι
489 3645 553 3700 In
585 3661 699 3716 quo
728 3645 884 3700 enim
916 3645 1039 3701 haic
1077 3646 1372 3712 dicuntur,
1400 3647 1471 3702 de
1521 3647 1636 3702 alia
1683 3649 1838 3704 tribu
1887 3652 1996 3719 est,

358 3734 429 3789 de
461 3749 578 3804 qua
604 3732 804 3788 nullus
834 3732 1040 3789 altario
1071 3738 1283 3806 praesto
1315 3736 1444 3791 fuit.
1484 3736 1862 3792 Manifestum
1912 3741 2001 3793 est

360 3820 537 3888 enim,
572 3820 727 3892 quod
769 3837 838 3876 ex
881 3821 1034 3877 Juda
1082 3827 1244 3879 ortus
1293 3825 1370 3879 sit
1422 3824 1707 3880 Dominus
1757 3831 2000 3881 noster:

359 3910 419 3966 in
455 3927 571 3982 qua
599 3909 753 3966 tribu
788 3909 934 3965 nihil
975 3911 1046 3966 de
1089 3912 1488 3969 sacerdotibus
1520 3913 1746 3984 Moyses
1775 3913 2004 3970 locutus

361 4001 470 4054 est.
504 4018 532 4048 ››
567 3998 631 4052 In
663 4013 778 4068 quo
807 3997 965 4052 enim
998 3997 1119 4054 haac
1149 3999 1443 4070 dicuntur,
1467 4000 1526 4056 id
1558 4001 1748 4071 est,~in
1779 4001 2005 4057 Christo

361 4085 648 4144 translata
691 4089 749 4142 et
795 4085 906 4151 lex,
937 4086 1088 4142 sicut
1130 4089 1256 4158 jam
1289 4089 1454 4157 dixit,
1487 4089 1833 4146 translatam
1868 4091 2008 4146 dicit

365 4192 494 4233 esse
523 4180 579 4232 et
610 4175 848 4231 tribum.
882 4174 1197 4247 Oportebat
1226 4178 1441 4250 quippe
1492 4184 1555 4234 ut
1603 4179 1773 4235 etiam
1817 4180 2010 4234 tribus

367 4268 714 4321 mutaretur.
757 4264 824 4318 Et
870 4266 1162 4335 quomodo
1213 4267 1561 4322 translatum
1611 4273 1698 4323 est
1745 4269 2012 4324 sacerdo-

368 4355 521 4409 tium
543 4353 572 4407 ?
620 4352 699 4407 Ex
743 4352 902 4407 tribu
946 4354 1018 4409 ad
1062 4354 1306 4425 tribum,
1339 4356 1410 4411 de
1440 4357 1784 4413 sacerdotali
1817 4359 1885 4412 ad
1920 4375 2013 4414 re-

372 4442 587 4516 galem,
619 4446 686 4497 ut
731 4443 932 4497 eadem
984 4442 1114 4513 ipsa
1161 4444 1239 4497 sit
1284 4448 1341 4499 et
1388 4445 1621 4516 regalis,
1655 4451 1713 4501 et
1750 4448 2016 4502 sacerdo-

373 4533 535 4591 talis.
569 4533 636 4587 Et
683 4532 911 4587 intuere
956 4532 1323 4604 mysterium.
1358 4534 1554 4589 Primo
1609 4535 1720 4590 fuit
1769 4536 2013 4608 regalis;

2104 3457 2246 3512 tidie
2276 3455 2577 3511 offerimus
2609 3467 2785 3523 super
2816 3449 3016 3518 altare,
3049 3451 3106 3504 et
3146 3445 3464 3502 sumimus.

2181 3567 2209 3595 ‹‹
2241 3543 2588 3614 Reprobatio
2637 3540 2877 3611 quidem
2933 3539 2999 3592 ﬁt
3046 3535 3422 3608 praecedentis
3464 3528 3760 3596 mandati,

2111 3638 2344 3708 propter
2363 3631 2765 3686 inﬁrmitatem
2785 3629 2913 3700 ejus
2936 3631 2992 3682 et
3011 3625 3412 3682 inutilitatem.
3427 3619 3586 3708 Nihil
3605 3618 3767 3674 enim

2111 3705 2182 3779 ad
2215 3721 2538 3793 perfectum
2571 3717 2816 3773 adduxit
2864 3714 2976 3770 lex.
3014 3735 3041 3764 »
3095 3709 3448 3783 Reprobatio
3503 3705 3608 3762 illa
3656 3709 3768 3771 est,

2113 3814 2183 3868 de
2214 3827 2330 3882 qua
2359 3809 2540 3865 Isaias
2561 3807 2702 3862 dicit
2727 3822 2739 3862 :
2775 3826 2803 3855 «
2837 3804 2920 3860 Ne
2946 3801 3203 3858 oﬁ‘eratis
3224 3798 3380 3855 ultra
3405 3795 3770 3854 sacriﬁcium

2112 3902 2376 3956 frustra:
2430 3898 2737 3953 incensum
2787 3891 3178 3950 abominabile
3220 3892 3309 3945 est
3335 3884 3771 3942 mihi.Neome-

2117 3991 2298 4060 niam,
2326 3993 2382 4046 et
2410 3988 2754 4056 Sabbatum,
2779 3989 2835 4040 et
2865 3982 3214 4040 festivitates
3239 3978 3382 4035 alias
3407 3992 3525 4032 non
3548 3974 3771 4037 feram;

2116 4079 2304 4152 iniqui
2336 4083 2475 4134 sunt
2504 4081 2683 4132 castus
2715 4074 2892 4129 vestri
2926 4089 2939 4128 :
2993 4069 3276 4128 Calendas
3305 4071 3529 4123 vestras
3574 4066 3635 4118 et
3671 4077 3775 4115 so-

2118 4150 2450 4226 lemnitates
2480 4169 2702 4221 vestras
2735 4163 2917 4218 odivit
2947 4160 3146 4218 anima
3175 4173 3306 4214 mea
3335 4156 3484 4227 (Isai.
3517 4169 3558 4219 i,
3596 4150 3705 4220 13).
3741 4171 3772 4197 ››

2120 4259 2223 4315 Hic
2254 4257 2617 4313 contendunt
2646 4252 2849 4324 aliqui,
2872 4251 3028 4323 quod
3059 4248 3241 4304 dixit:
3274 4269 3302 4296 «
3336 4245 3581 4316 Propter
3613 4239 3779 4296 inﬁr-

2123 4349 2388 4403 mitatem
2416 4347 2542 4418 ejus
2569 4362 2581 4400 :
2617 4365 2645 4393 ››
2677 4359 2815 4399 nam
2848 4345 2904 4397 et
2928 4339 3066 4396 alibi
3091 4334 3345 4394 ostendit
3365 4329 3776 4387 inﬁrmitatem

2127 4438 2277 4509 ejus,
2311 4453 2446 4492 cum
2501 4433 2642 4489 dicit
2674 4451 2686 4487 :
2744 4454 2772 4482 ‹‹
2807 4436 2870 4485 In
2925 4446 3039 4501 quo
3076 4424 3488 4483 inﬁrmabatur
3519 4436 3624 4492 per
3652 4434 3781 4472 car-

2131 4545 2265 4584 nem
2299 4529 2478 4599 (Rom.
2513 4543 2637 4593 vui,
2671 4524 2722 4593 3)
2758 4538 2771 4578 :
2805 4543 2832 4572 »
2857 4537 2972 4577 non
3006 4536 3140 4591 ergo
3170 4517 3300 4588 ipsa
3329 4513 3632 4568 inﬁrmata
3665 4511 3780 4574 est,

376 4627 579 4698 postea
607 4622 760 4677 facta
790 4625 880 4676 est
910 4601 1308 4678 sacerdotalis.
1339 4622 1430 4678 Sic
1459 4623 1635 4678 etiam
1667 4601 1938 4681 Christus
1967 4601 2024 4682 et
2053 4623 2099 4686 D
2132 4618 2231 4672 sed
2283 4613 2429 4669 nihil
2483 4611 2720 4684 perfecit
2770 4610 2898 4678 lex;
2940 4607 3078 4680 quia
3107 4622 3212 4662 nec
3244 4601 3782 4698 obedientemnper-

377 4729 477 4768 rex
496 4715 618 4767 erat
639 4727 903 4783 semper;
929 4711 1200 4766 sacerdos
1223 4716 1420 4768 autem
1446 4713 1634 4770 factus
1655 4717 1761 4783 est,
1787 4715 2021 4785 quando

377 4816 612 4857 carnem
644 4799 924 4871 suscepit,
950 4800 1078 4855 sine
1107 4800 1306 4872 aliqua
1335 4802 1512 4856 etiam
1545 4803 1891 4858 sacerdotali
1923 4821 2019 4876 ge-

380 4887 669 4960 nealogia,
699 4888 877 4944 homo
906 4889 1125 4944 exstitit
1154 4906 1223 4944 ex
1249 4890 1592 4947 hominibus
1617 4909 1630 4960 ;
1665 4897 1863 4964 utpote
1908 4910 2023 4948 non

378 4996 449 5036 ex
494 4978 650 5034 tribu
702 4978 856 5044 Levi,
891 4978 991 5032 sed
1041 4993 1110 5033 ex
1161 4977 1314 5033 tribu
1364 4981 1517 5035 Juda
1571 4985 1758 5050 ortus,
1791 4998 1858 5036 ex
1911 4999 2026 5054 qua

378 5068 535 5125 tribu
565 5066 711 5122 nihil
741 5067 812 5122 de
841 5067 1188 5123 sacerdotali
1220 5073 1504 5141 praecepto
1532 5070 1790 5142 accepit:
1823 5071 2026 5143 utique

382 5162 617 5230 propter
663 5156 1008 5230 mysterium
1061 5159 1435 5226 sacramenti,
1475 5159 1630 5230 quod
1679 5160 2028 5216 Christianis

383 5245 1058 5320 celebraregpraaceptum
1091 5251 1202 5316 est,
1236 5251 1300 5300 ut
1331 5264 1444 5302 non
1480 5249 1804 5302 secundum
1837 5251 2026 5304 Aaron

383 5336 673 5407 pecudum
708 5336 1000 5405 victimas,
1034 5336 1136 5390 sed
1167 5335 1522 5392 oblationem
1555 5337 1748 5408 panis,
1780 5342 1837 5394 et
1883 5337 2026 5406 vini,

459 5549 643 5622 (1412)
675 5549 775 5604 Hic
805 5550 972 5605 initio
1004 5550 1184 5620 hujus
1213 5548 1378 5604 lineae
1408 5548 1644 5621 legitur,
1679 5551 1831 5606 lectio
1863 5553 2030 5620 septi-

386 5639 500 5693 ma,
532 5637 667 5693 cum
691 5626 891 5693 tamen
926 5622 1135 5678 nullibi
1166 5623 1300 5678 aliae
1323 5639 1425 5678 sex
1452 5623 1739 5678 adnotatas
1773 5623 1910 5678 sint.

460 5691 646 5768 (1413)
673 5691 984 5767 Jungenda
1030 5695 1171 5767 hac,
1221 5712 1349 5769 quae
1396 5695 1468 5752 de
1513 5695 1703 5767 gratia
1749 5699 1805 5751 et
1853 5695 2032 5750 libero

2133 4708 2346 4761 fectum
2381 4704 2566 4757 facere
2597 4704 2822 4773 poterat
2857 4718 2869 4756 :
2931 4698 3032 4754 sed
3081 4712 3186 4752 nec
3216 4695 3520 4766 peccatum
3550 4685 3780 4751 tollere,

2130 4810 2234 4850 nec
2283 4796 2528 4848 mortem
2578 4790 2811 4845 vincere
2865 4786 3231 4860 przevalebat.
3263 4782 3376 4839 Sed
3431 4792 3615 4850 quare
3661 4774 3782 4828 im-

2135 4883 2291 4956 plere
2322 4899 2437 4938 non
2471 4879 2676 4954 possit,
2705 4879 2763 4933 in
2791 4895 2904 4949 quo
2930 4875 3342 4931 inﬁrmabatur
3370 4886 3472 4942 per
3492 4878 3732 4922 carnem
3761 4878 3776 4915 :

2127 4971 2388 5044 jubendo
2417 4951 2573 5026 enim
2606 4969 2930 5032 inﬁrmum,
2962 4969 3020 5020 et
3066 4981 3184 5020 non
3230 4955 3583 5032 adjuvando,
3614 4951 3782 5008 inﬁr-

2135 5041 2369 5128 matur;
2421 5059 2561 5132 quia
2611 5075 2715 5131 per
2760 5071 3018 5121 carnem,
3069 5054 3125 5109 id
3179 5057 3287 5119 est,
3341 5065 3444 5122 per
3496 5041 3784 5113 concupi-

2138 5152 2390 5208 scentias
2407 5149 2601 5206 carnis
2617 5164 2685 5204 ex
2705 5152 2938 5219 peccato
2958 5143 3278 5208 venientes,
3294 5155 3441 5212 quas
3457 5133 3582 5193 solo
3597 5133 3785 5189 libero

2138 5242 2378 5298 arbitrio
2409 5241 2584 5295 homo
2632 5237 2863 5292 vincere
2915 5251 3032 5290 non
3079 5237 3292 5306 potest,
3326 5231 3439 5288 nisi
3469 5247 3604 5286 cum
3640 5246 3784 5302 prie-

2139 5333 2376 5388 cedente
2407 5329 2615 5402 gratia,
2647 5327 2794 5399 legis
2824 5326 3008 5381 factor
3037 5339 3164 5380 esse
3196 5339 3313 5378 non
3344 5321 3558 5395 poterit
3577 5320 3784 5392 (1413).

2142 5545 2380 5603 arbitrio
2420 5543 2716 5607 dicuntur,
2750 5540 2843 5596 his
2897 5556 3024 5612 quas
3072 5539 3286 5611 saepius
3340 5538 3410 5593 de
3463 5537 3678 5593 iisdem
3724 5535 3784 5590 in

2141 5617 2498 5692 expositione
2528 5613 2798 5689 Epistolas
2849 5612 2920 5669 ad
2968 5612 3282 5670 Romanos.
