4062 6186
408 342 523 400 ’171

1425 331 1767 392 ATTONIS
1812 330 2398 392 VEHCELLENSIS
2445 330 2794 391 EPISCOPI

3698 329 3812 387 772

409 498 438 525 «
476 473 683 529 Filium
716 467 986 524 autemin
1006 469 1285 522 aeternum
1306 464 1625 537 perfectum
1653 489 1667 529 ;
1703 486 1730 512 ››
1756 480 1871 518 non
1896 481 2051 518 nunc
2080 464 2134 530 Α
2166 480 2285 534 qua
2316 461 2629 518 Psalmista
2660 462 2740 517 ait
2767 479 2778 515 :
2817 484 2844 511 «
2878 461 3165 528 Quoniam
3197 459 3501 516 abscondit
3520 477 3619 515 me
3651 461 3709 515 in
3741 464 3817 518 ta-

409 561 600 618 solum
633 560 758 614 sine
787 556 1153 629 peccato,sed
1176 570 1406 625 semper
1431 569 1763 623 :nunquam
1797 552 2055 623 peccavit

400 650 499 705 ille
526 650 583 703 in
615 646 1010 704 sacerdotium
1042 643 1265 699 electus
1294 661 1308 700 :
1338 643 1465 697 sine
1514 646 1746 713 peccato
1770 642 1881 696 luit
1912 642 2053 711 quia

400 742 704 811 peccatum
736 752 850 791 non
882 734 1222 797 habuit,nee
1236 731 1509 786 inventus
1539 736 1629 786 est
1673 730 1844 786 dolus
1875 731 1934 785 in
1955 747 2051 786 ore

402 829 532 899 ejus
558 826 731 900 (Psal.
764 840 917 891 χχχι,
951 822 1034 893 2).
1739 864 1743 868 .

473 918 629 989 (CAP.
664 914 836 985 Vlll.)
868 933 897 963 ‹‹
929 910 1264 982 Capitulum
1295 913 1490 964 autem
1521 924 1699 979 super
1718 923 1785 962 ea
1807 924 1935 978 quae
1967 907 2049 962 di-

398 1003 837 1062 cuntur.Talem
870 1001 1157 1056 habemus
1179 998 1570 1053 Pontiﬁcem.»
1600 996 1933 1067 Capitulum
1957 996 2044 1050 di-

398 1092 749 1149 minutivum
780 1094 908 1146 est:
940 1087 1184 1159 accipite
1216 1088 1435 1141 dictum
1465 1104 1478 1153 ;
1512 1086 1569 1140 id
1616 1089 1725 1151 est,
1759 1085 1830 1139 de
1860 1085 2046 1155 capite

396 1180 898 1253 recapitulandum
947 1185 1055 1243 est,
1117 1192 1244 1248 qua:
1277 1191 1457 1245 supra
1515 1172 1790 1227 diximus.
1820 1173 2042 1243 Talem,

394 1273 604 1344 inquit,
633 1270 920 1325 habemus
952 1266 1310 1338 pontiﬁcem,
1345 1263 1576 1334 qualem
1607 1260 1831 1316 scilicet
1875 1260 2043 1315 illum

392 1378 572 1433 supra
601 1357 860 1415 ostendit
888 1356 998 1411 hoc
1027 1358 1115 1410 est
1140 1352 1481 1409 secumdum
1511 1351 1773 1406 ordinem
1805 1349 2044 1405 Melchi-

392 1448 645 1505 sedech:
680 1469 708 1497 «
742 1446 844 1518 qui
875 1443 1139 1499 consedit
1169 1442 1227 1496 in
1280 1443 1516 1496 dextera
1545 1440 1703 1494 sedis
1748 1438 2043 1509 magnitu-

392 1537 549 1594 dinis
579 1537 638 1592 in
682 1534 867 1603 caelis,
930 1538 1268 1588 sanctorum
1328 1529 1619 1594 minister,
1669 1533 1726 1582 et
1768 1527 2046 1582 taberculi

390 1627 531 1691 veri,
564 1625 720 1697 quod
752 1623 877 1677 ﬁxit
909 1627 1079 1685 Deus,
1110 1625 1165 1676 et
1195 1636 1310 1675 non
1368 1618 1563 1672 homo.
1587 1638 1614 1667 ››
1676 1618 1740 1670 In
1798 1616 2034 1670 dextere

387 1714 570 1787 Igitur
601 1713 820 1781 sedere,
853 1698 1007 1783 quod
1040 1709 1200 1777 dicit,
1235 1706 1592 1779 prosperitas
1648 1709 1873 1759 aeternas
1906 1704 2030 1758 vitae

389 1803 768 1875 intelligitur:
804 1823 832 1849 ‹‹
893 1803 1232 1855 sanctorum
1293 1795 1579 1862 minister,
1634 1816 1661 1842 ι›
1724 1793 1877 1848 unde
1912 1792 2035 1863 ipse

390 1892 677 1948 Dominus
735 1888 914 1945 dicit:
945 1910 973 1938 «
1034 1886 1211 1942 Filius
1240 1884 1497 1940 hominis
1528 1900 1642 1938 non
1672 1882 1830 1937 venit
1860 1881 2037 1935 mini-

388 1980 585 2050 strari,
643 1979 743 2034 sed
794 1976 1131 2032 ministrare
1175 1974 1383 2045 (Matth.
1420 1990 1512 2035 xx,
1534 1973 1645 2040 23).
1679 1992 1708 2021 ››
1743 1970 2040 2025 Taberna-

386 2069 587 2126 eulum
617 2067 727 2123 hoc
753 2066 978 2133 inloco,
1010 2064 1221 2119 coelum
1253 2062 1414 2125 dicit,
1439 2061 1593 2133 quod
1625 2060 1749 2114 ﬁxit
1770 2059 1943 2125 Deus,
1976 2063 2042 2113 ut

386 2159 674 2231 scriptum
705 2160 830 2212 est:
866 2177 893 2205 ‹‹
928 2155 991 2209 In
1026 2151 1314 2226 principio
1344 2151 1559 2206 creavit
1579 2150 1733 2204 Deus
1755 2147 1965 2203 coelum
1984 2154 2040 2202 et

385 2254 600 2303 terram
633 2246 785 2318 (Sen.
821 2261 881 2310 1,,
920 2247 987 2311 ι).
1023 2264 1050 2291 ››
1088 2243 1157 2296 Et
1187 2241 1315 2295 ideo
1339 2256 1538 2294 verum
1573 2236 2036 2301 tabernaculum,

387 2336 528 2408 quia
556 2334 841 2390 Dominus
872 2331 1018 2386 illud
1050 2330 1195 2396 ﬁxit,
1229 2334 1286 2383 et
1316 2345 1430 2382 non
1480 2326 1822 2398 ﬁguraliter,
1885 2326 2038 2380 sicut

382 2424 553 2480 illud.
586 2423 742 2494 quod
776 2421 959 2493 Moysi
991 2418 1264 2474 manibus
1294 2420 1597 2488 operatum
1657 2420 1746 2471 est
1773 2432 1787 2481 ;
1821 2418 1875 2469 et
1904 2413 2035 2468 ideo

382 2514 601 2569 dicitur
628 2513 749 2567 veri
778 2509 919 2582 quia
948 2509 1137 2579 ﬁgura
1168 2523 1283 2561 non
1314 2506 1444 2560 fuit.

456 2625 477 2650 α
513 2600 719 2657 Omnis
749 2599 910 2653 enim
945 2596 1201 2668 pontifex
1228 2595 1298 2649 ad
1349 2594 1646 2648 oﬂ‘eranda
1704 2608 1950 2646 munera
1979 2594 2037 2644 et

381 2690 606 2746 hostias
636 2687 1032 2742 constituitur.
1068 2706 1095 2733 »
1132 2690 1205 2737 De
1236 2682 1556 2738 sacerdotio
1612 2680 1837 2736 levitico
1870 2678 2030 2745 dicit,

384 2776 523 2849 quia
550 2775 775 2831 hostias
804 2771 1068 2828 carnales
1084 2787 1188 2843 pro
1221 2770 1345 2825 suis
1374 2776 1429 2825 et
1450 2768 1652 2841 populi
1693 2767 1920 2823 delictis
1952 2765 2034 2821 of-

382 2866 667 2922 ferebant.

452 2976 480 3006 «
514 2954 678 3010 Unde
708 2967 944 3006 necesse
975 2953 1063 3005 est
1091 2953 1149 3004 et
1191 2948 1348 3002 hunc
1380 2948 1590 3002 habere
1622 2948 2029 3023 aliquid,quod

380 3044 600 3101 offerat.
636 3064 665 3092 »
726 3040 890 3097 Unde
946 3054 1186 3094 necesse
1240 3042 1329 3092 est
1359 3036 1658 3092 Christum
1684 3038 1895 3095 habere
1925 3040 2028 3095 ali-

377 3133 542 3204 quid,
573 3131 729 3204 quod
763 3130 986 3196 oﬁ‘erat,
1020 3128 1129 3182 hoc
1158 3130 1268 3193 est,
1302 3142 1514 3196 corpus
1546 3143 1742 3196 suum,
1775 3135 1825 3182 et
1892 3146 2024 3184 san-

376 3200 614 3294 guinem
646 3236 749 3291 per
779 3219 1042 3273 membra
1071 3233 1177 3271 sua
1203 3215 1494 3270 offerendo
1514 3215 1861 3286 quotidie,in
1894 3219 2022 3288 qui-
2056 3200 2097 3266 C

377 3311 509 3381 bus,
525 3314 591 3365 ut
621 3312 701 3364 sit
724 3308 994 3363 sacerdos
1023 3305 1191 3361 nobis
1222 3321 1457 3360 necesse
1484 3310 1593 3360 est.

452 3422 471 3448 α
507 3399 567 3454 Si
598 3414 736 3470 ergo
766 3400 921 3451 esset
950 3411 1127 3466 super
1146 3400 1498 3462 terram,nec
1528 3398 1682 3449 esset
1707 3397 1978 3451 sacerdos
2006 3416 2020 3464 ;

375 3504 512 3543 eum
536 3490 735 3542 essent
753 3484 853 3555 qui
875 3481 1688 3551 oﬁ’errentsecundumlegem
1712 3499 1973 3538 munera.
1993 3507 2020 3533 η

379 3576 440 3630 Si
501 3574 785 3629 Dominus
842 3569 1152 3626 carnaliter
1209 3573 1266 3623 et
1312 3567 1622 3623 visibiliter
1651 3569 1745 3624 hic
1775 3570 1833 3624 in
1870 3576 2023 3626 terra

379 3663 553 3718 modo
574 3661 884 3726 habitaret,
911 3674 1146 3713 necesse
1175 3660 1330 3712 esset
1358 3656 1669 3711 carnaliter
1696 3661 2018 3716 secundum

377 3751 567 3823 legem
598 3750 928 3806 sacerdotes
956 3762 1103 3801 esse.
1128 3745 1252 3799 Non
1285 3748 1478 3800 autem
1506 3751 1773 3816 poterant
1802 3749 2017 3803 auferri

375 3838 772 3913 signiﬁcantia
795 3834 1455 3906 sacriﬁcia,priusquam
1486 3833 1629 3888 illud
1665 3835 2015 3892 sacriﬁcium

373 3929 653 3985 Sanctum
676 3932 1038 3990 sanctorum,
1071 3924 1225 3994 quod
1258 3939 1470 3994 corpus
1510 3923 1638 3993 ejus
1669 3929 1778 3993 est,
1814 3924 2019 3981 fuisset

371 4017 658 4074 oblatum.
683 4016 955 4072 Nondum
986 4013 1142 4069 enim
1179 4011 1469 4067 obtulerat
1491 4012 1548 4065 in
1568 4012 1839 4083 passione
1860 4014 2017 4069 holo-

367 4114 639 4163 eaustum
672 4123 868 4162 suum.
897 4104 1024 4159 Non
1057 4108 1251 4157 autem
1282 4101 1583 4173 oportebat
1614 4103 1882 4157 umbram
1916 4121 2015 4158 au-
2062 4175 2065 4179 _

366 4196 525 4264 ferri,
557 4197 899 4267 priusquam
932 4192 1100 4257 illud,
1135 4191 1289 4261 quod
1322 4190 1785 4261 signiﬁcabatur,
1808 4194 2014 4247 conﬁr-

366 4289 588 4339 matum
614 4288 768 4338 esset
798 4280 1221 4337 contestatione
1250 4277 1651 4350 apostolorum
1700 4282 2015 4351 praedican-

366 4373 516 4428 tium
551 4377 609 4427 et
639 4371 751 4426 ﬁde
781 4367 1140 4425 credentium
1171 4366 1546 4438 populorum.

441 4459 579 4526 «Qui
611 4457 927 4530 exemplari
955 4462 1011 4511 et
1038 4455 1257 4509 umbra:
1280 4455 1615 4509 deserviunt
1662 4457 2007 4513 caelestium.

363 4551 528 4607 Sicut
556 4564 905 4621 responsum
938 4549 1028 4601 est
1056 4545 1258 4617 Moysi,
1291 4560 1425 4598 cum
1458 4552 1895 4602 consummaret
1927 4554 2012 4603 ta-
2040 4574 2089 4638 D

361 4637 739 4694 bernaeulum
784 4654 797 4692 :
854 4636 1021 4702 Vide,
1062 4633 1274 4706 inquit,
1324 4633 1523 4687 omnia
1577 4633 1749 4689 facito
1798 4653 2006 4691 secun-

361 4729 504 4782 dum
536 4725 691 4797 quod
722 4725 827 4780 tibi
864 4728 1164 4779 ostensum
1196 4726 1286 4777 est
1316 4722 1376 4775 in
1418 4725 1617 4777 monte
1647 4723 1842 4793 (Exod.
1874 4744 2005 4795 xxv,

361 4817 472 4886 40).
510 4836 537 4863 ››
570 4813 779 4868 Omnia
810 4811 1124 4882 siquidem.
1152 4810 1271 4866 sive
1302 4810 1715 4882 sacerdotium,
1750 4814 1868 4869 sive
1921 4821 2006 4870 ta-

358 4901 767 4965 bernaculum,
830 4901 948 4955 sive
1007 4900 1313 4966 sacriﬁcia,
1373 4899 1591 4957 umbra:
1648 4901 1902 4969 fuerunt,
1949 4909 2007 4960 et

356 4989 750 5063 exemplaria:
785 4988 1107 5044 caelestium
1135 4989 1382 5058 ﬁguram
1415 4988 1818 5053 ostendebant,
1844 4993 2007 5049 coele-

354 5082 507 5136 tium
540 5079 757 5152 quippe
786 5076 1122 5133 deserviunt
1151 5076 1334 5147 (1414)
1361 5095 1374 5143 ;
1408 5077 1464 5132 id
1498 5083 1607 5145 est,
1632 5078 1770 5133 Novi
1801 5080 2002 5137 Testa-

359 5168 540 5225 menti
569 5184 765 5241 opera,
800 5184 927 5238 qum
962 5166 1227 5221 Ecclesiae
1279 5167 1538 5222 ccnlestia
1588 5176 2004 5240 nuncupantur

354 5274 551 5330 opera,
584 5257 723 5329 quia
751 5272 819 5312 ex
848 5272 918 5311 ea
948 5254 1204 5310 coelestia
1234 5259 1661 5326 promerentur.
1693 5258 1776 5311 Ad
1807 5275 2000 5315 exem-

354 5346 519 5418 plum
551 5345 770 5418 quippe
800 5343 1159 5400 tabernaculi
1208 5342 1469 5399 Ecclesia
1523 5350 1859 5403 constructa
1889 5354 1996 5419 est,

356 5434 497 5506 quia
514 5433 667 5488 sicut
693 5433 1143 5490 tabernaculum
1176 5433 1235 5488 in
1265 5448 1460 5488 eremo
1483 5432 1821 5491 institutum
1869 5444 1995 5511 est;

352 5523 437 5582 ita
469 5520 757 5585 Ecclesia.
778 5524 839 5578 in
880 5523 1061 5595 hujus
1090 5522 1219 5579 vita:
1242 5537 1437 5578 eremo
1467 5527 1556 5578 est
1580 5524 1999 5600 constituta,de

427 5627 612 5717 (1414)
634 5627 868 5688 Scilicet
894 5630 1126 5692 umbrw.

2164 551 2479 606 bernaculo
2512 569 2618 606 suo
2651 551 2707 606 in
2743 551 2836 606 die
2858 549 3145 604 malorum
3178 550 3349 617 (Paul.
3381 550 3668 617 xxv1,3).»
3707 550 3814 606 Va-

2161 640 2262 695 riis
2281 640 2778 712 igiturspeeiebus
2794 638 3810 710 instruiturtabernaculum,partim

2159 730 2453 800 pretiosis,
2483 728 2695 801 partim
2712 728 3049 783 vilioribus:
3079 744 3183 799 per
3203 728 3356 798 quod
3375 728 3813 784 demonstratur

2159 816 2306 872 alios
2338 824 2595 883 sanctos,
2632 817 2781 873 alios
2810 833 2938 872 esse
2972 820 3305 888 peccatores
3338 817 3395 871 in
3426 816 3714 883 Ecclesia,
3742 818 3810 873 ﬁ-

2158 907 2318 961 deles
2351 911 2547 961 autem
2580 922 2804 969 omnes,
2838 911 2894 960 et
2948 904 3103 959 intra
3132 921 3342 976 corpus
3375 905 3653 965 Ecclesia:
3685 923 3809 961 con-

2157 994 2414 1050 stitutos.

2229 1106 2257 1133 ‹‹
2287 1084 2454 1138 Nune
2486 1088 2682 1138 autem
2714 1081 2926 1137 melius
2952 1082 3196 1137 sortitus
3226 1088 3313 1138 est
3344 1083 3746 1139 ministerium
3777 1107 3801 1134 ω

2154 1178 2373 1243 quanto
2406 1178 2469 1228 et
2495 1172 2752 1227 melioris
2775 1171 3115 1226 testamenti
3139 1172 3424 1227 mediator
3445 1175 3726 1243 est,quod
3748 1175 3799 1228 in

2153 1262 2494 1317 melioribus
2524 1261 3077 1333 repromissionibus
3120 1266 3373 1316 sanitum
3409 1267 3523 1317 est.
3548 1284 3575 1309 ››
3600 1262 3801 1319 Melius

2155 1351 2550 1405 ministerium
2607 1349 2852 1404 sortitus
2909 1354 2999 1405 est
3049 1349 3336 1416 Christus,
3378 1352 3538 1422 quod
3582 1352 3798 1421 Moyses

2154 1440 2546 1495 ministrabat.
2605 1439 2802 1506 Vides,
2866 1438 3079 1509 inquit,
3140 1444 3356 1510 quanto
3416 1440 3632 1495 melior
3690 1442 3797 1497 hac

2151 1527 2252 1583 illa
2274 1528 2700 1594 celebratione;
2735 1527 3028 1597 siquidem
3059 1526 3203 1582 illud
3236 1528 3561 1601 exemplar,
3594 1534 3654 1585 et
3694 1532 3796 1585 t'or-

2155 1634 2270 1681 ma,
2304 1618 2416 1672 ista
2444 1634 2577 1672 vero
2607 1616 2842 1671 veritas.
2869 1617 3075 1681 Tanto,
3107 1616 3601 1687 inquit,melioris
3631 1624 3796 1674 testa-

2160 1707 2339 1760 menti
2373 1706 2658 1760 mediator
2676 1708 2895 1776 quanto
2927 1704 3391 1760 meliussortitus
3422 1712 3516 1761 est
3548 1707 3799 1763 ministe-

2154 1797 2327 1862 rium,
2362 1794 2702 1850 testamenti
2726 1793 2985 1862 novi,ubi
3011 1798 3473 1862 peccata,nostra
3498 1796 3800 1852 remittun-

2151 1890 2268 1950 tur,
2303 1888 2360 1939 et
2378 1884 2499 1939 vita
2530 1890 2745 1938 aeterna
2767 1879 3144 1954 promittitur.
3178 1883 3406 1953 Melius,
3426 1884 3571 1956 quia
3591 1885 3651 1939 in
3680 1885 3795 1958 lege

2148 1973 2326 2028 veteri
2359 1972 2931 2044 requiescebant,sed
2955 1972 3027 2026 ad
3055 1977 3308 2044 tempus,
3342 1978 3400 2028 et
3425 1979 3668 2045 peccata
3689 1992 3794 2030 non

2104 2100 2115 2111 η
2148 2062 2593 2120 remittebantur
2621 2079 2634 2128 ;
2659 2061 2760 2116 sed
2792 2064 2857 2115 ut
2885 2058 3179 2116 auditores
3202 2060 3332 2132 plus
3357 2063 3677 2120 laetiﬁcaret
3696 2066 3794 2133 ,di-

2149 2151 2261 2207 cit:
2297 2174 2324 2201 ‹‹
2384 2151 2545 2215 Quod
2579 2149 2638 2204 in
2671 2148 3013 2204 melioribus
3044 2151 3608 2222 repromissiouibus
3640 2155 3795 2210 sani-

2150 2246 2274 2295 tum
2332 2241 2513 2312 (1115)
2559 2244 2665 2294 est.
2698 2258 2724 2289 η
2774 2237 2938 2293 Unde
2984 2238 3092 2293 hoc
3123 2245 3343 2295 eertum
3397 2247 3487 2296 est
3517 2259 3588 2298 ex
3643 2243 3793 2311 illis;

2148 2330 2427 2401 quoniam
2457 2329 2601 2383 illud
2634 2327 2871 2400 quidem
2903 2328 3207 2383 exclusum
3240 2334 3347 2398 est,
3390 2331 3553 2386 istud
3604 2338 3792 2389 autem

2146 2436 2251 2491 pro
2284 2419 2384 2473 illo
2416 2418 2815 2473 introductum
2848 2422 2955 2472 est.
3004 2418 3310 2489 Propterea
3341 2420 3499 2475 enim
3559 2423 3793 2488 eminet,

2146 2509 2286 2580 quia
2317 2506 2528 2562 melius
2558 2509 2665 2571 est,
2700 2529 2725 2555 ‹‹
2754 2506 3032 2561 Sanctum
3065 2510 3173 2573 est,
3212 2530 3232 2558 ι
3268 2506 3501 2578 inquit;
3548 2509 3661 2565 hoc
3689 2518 3792 2581 est,

2144 2597 2405 2652 sanctius
2429 2596 2526 2651 illo
2557 2599 2922 2661 testamento,
2958 2599 3015 2649 et
3049 2594 3253 2650 melior
3283 2595 3384 2651 illa
3417 2601 3793 2669 repromissio

2145 2703 2271 2758 quae
2293 2685 2472 2740 vitam
2504 2688 2777 2739 {sternam
2826 2683 3114 2755 promittit
3144 2701 3320 2755 quam
3354 2703 3483 2757 quae
3508 2688 3665 2744 bona
3688 2694 3795 2745 ter-

2142 2792 2283 2830 rena
2313 2773 2618 2846 promittit.

2215 2887 2243 2913 ί(
2272 2864 2418 2918 Nam
2451 2863 2499 2917 si
2527 2861 2685 2917 aliud
2720 2861 2884 2933 prius
2918 2860 3089 2933 culpa
3118 2867 3404 2931 vacasset,
3447 2882 3568 2919 non
3594 2867 3791 2937 utique

2139 2953 2380 3009 secundi
2409 2951 2571 3007 locus
2614 2950 3026 3021 inquireretur.
3061 2970 3091 3002 ››
3123 2950 3181 3005 Si
3215 2951 3304 3006 lex
3344 2955 3558 3008 veteris
3617 2959 3791 3010 testa-

2141 3042 2322 3099 menti
2354 3040 2558 3113 culpas
2593 3048 2821 3095 nostras
2851 3043 3259 3107 sanasset,non
3294 3044 3559 3097 secunda
3591 3043 3682 3099 lex
3712 3061 3791 3100 re-

2138 3132 2485 3204 quireretur,
2521 3129 2673 3184 sicut
2702 3129 2794 3183 hic
2826 3129 2965 3183 dicit
2996 3128 3316 3200 propheta:

2209 3243 2235 3268 ‹‹
2265 3219 2615 3291 Vituperans
2637 3216 2791 3272 enim
2823 3234 2942 3283 eos,
2977 3217 3119 3271 dicit
3149 3234 3160 3271 :
3197 3218 3340 3273 Ecce
3364 3219 3491 3274 dies
3523 3221 3787 3288 veniunt,

2134 3308 2655 3377 dicitDominus,et
2676 3306 3099 3361 consummabo
3123 3322 3302 3376 super
3317 3307 3564 3363 domum
3592 3310 3786 3378 Israel,

2132 3402 2188 3452 et
2246 3413 2422 3467 super
2481 3396 2721 3450 domum
2754 3395 2909 3449 Juda
2951 3397 3372 3450 testamentum
3406 3413 3628 3453 novum
3661 3401 3786 3467 (Jer.

2129 3504 2281 3554 xxx1,
2316 3486 2427 3553 31).
2468 3506 2494 3533 »
2527 3484 2764 3555 PrOpter
2791 3482 3002 3537 veteris
3038 3483 3194 3538 enim
3228 3483 3489 3541 hominis
3552 3504 3785 3558 noxam,

2131 3594 2257 3648 qua:
2285 3573 2657 3646 perlitteram
2682 3572 3011 3642 jubentem,
3045 3575 3100 3627 et
3140 3572 3467 3629 minantem
3542 3576 3785 3632 minime

2130 3661 2689 3729 sanabatur,dicitur
2710 3660 2851 3715 illud
2875 3665 3295 3717 testamentum
3317 3667 3482 3718 vetus
3508 3681 3522 3718 :
3556 3664 3667 3720 hoc
3690 3683 3787 3721 au-

2129 3758 2245 3807 tem
2281 3768 2492 3806 novum
2530 3755 2763 3822 propter
2789 3750 3103 3804 novitatem
3136 3751 3405 3822 spiritus,
3431 3770 3564 3825 quae
3598 3755 3784 3811 homi-

2127 3858 2261 3897 nem
2292 3857 2504 3895 novum
2532 3844 2700 3894 sanat
2728 3857 2762 3894 a
2791 3838 2929 3893 vitio
2959 3840 3291 3895 vetustatis.

2199 3930 2457 4000 Denique
2488 3929 2718 3983 attende
2742 3928 2893 3998 quod
2918 3929 3221 4000 sequitur:
3255 3951 3275 3978 ι
3302 3930 3427 3984 Non
3452 3935 3783 3988 secundum

2124 4022 2564 4085 testamentum,
2626 4016 2779 4087 quod
2830 4015 3020 4087 pepigi
3080 4033 3212 4072 cum
3259 4018 3530 4089 patribus
3560 4039 3785 4086 eorum,

2126 4106 2261 4177 (Jer.
2302 4106 2624 4175 xxx1v,-13.)
2652 4128 2678 4154 ››
2702 4104 2848 4168 Quia
2873 4104 3016 4159 illud
3049 4110 3215 4161 vetus
3247 4112 3391 4175 erat,
3425 4108 3542 4164 hoc
3574 4127 3786 4165 novum

2123 4199 2231 4249 est.
2268 4194 2571 4260 Quomodo
2606 4192 2953 4263 igiturillud
2989 4198 3184 4261 vetus,
3219 4194 3328 4249 hoc
3360 4212 3609 4264 novum,
3650 4215 3782 4253 cum

2120 4282 2212 4337 lex
2245 4283 2450 4337 eadem
2480 4280 2798 4352 impleatur
2828 4297 2931 4352 per
2962 4285 3379 4337 testamentum
3402 4302 3785 4358 novum,qua

2121 4371 2267 4425 dixit
2322 4371 2379 4425 in
2432 4369 2626 4425 Veteri
2655 4386 2667 4424 :
2706 4391 2732 4417 ‹‹
2782 4369 2906 4424 Non
2940 4370 3285 4442 concupices
3311 4372 3514 4441 (Exod.
3549 4393 3645 4441 xx,
3680 4376 3742 4430 Π
3771 4395 3784 4443 ;

2120 4460 2277 4515 Deut.
2336 4476 2389 4528 ν,
2442 4459 2618 4529 27),»
2670 4458 2780 4511 nisi
2838 4459 2977 4529 quia
3034 4460 3183 4530 quod
3228 4458 3307 4514 ibi
3340 4462 3671 4533 prohibuit,
3694 4464 3787 4518 hic

2120 4547 2411 4620 implevit?

2191 4660 2218 4686 «
2254 4639 2316 4691 In
2353 4636 2465 4704 die,
2490 4652 2608 4707 qua
2638 4635 2994 4707 apprehendi
3018 4654 3256 4692 manum
3277 4637 3621 4706 illorum,ut
3642 4641 3785 4695 edu-

2118 4742 2307 4781 cerem
2346 4724 2477 4779 illos
2534 4725 2605 4779 de
2661 4730 2815 4779 terra
2862 4727 3113 4797 zEgypti.
3148 4748 3175 4775 »
3228 4728 3505 4783 Deﬁnivit
3564 4731 3783 4802 quippe

2117 4819 2373 4886 tempus,
2407 4813 2562 4884 quod
2594 4817 3014 4868 testamentum
3045 4816 3216 4870 dicat.
3250 4816 3375 4871 Non
3411 4819 3577 4874 enim
3613 4818 3778 4886 dixit,

2116 4907 2559 4966 testamentum,
2595 4902 2749 4973 quod
2784 4903 2887 4957 t‘eci
2921 4905 3186 4974 patribus
3243 4922 3475 4969 eorum,
3529 4925 3604 4962 ne
3635 4908 3779 4963 forte

2115 4991 2283 5062 illud,
2320 4992 2474 5063 quod
2508 4991 2578 5045 ad
2602 4991 2895 5045 Abraham
2931 4997 3032 5046 aut
3063 4993 3179 5049 Noe
3211 4995 3432 5049 factum
3457 4997 3779 5067 est,ipsum

2114 5098 2241 5135 esse
2271 5081 2647 5133 aestimarent.
2685 5080 2816 5133 Ideo
2849 5079 3048 5135 intulit
3077 5100 3089 5136 :
3126 5082 3234 5136 «In
3266 5082 3360 5136 die
3410 5100 3533 5154 qua
3566 5101 3779 5156 appre-

2112 5176 2289 5233 hendi
2323 5194 2563 5233 manum
2592 5176 2852 5245 illorum,
2889 5183 2952 5232 ut
2981 5180 3285 5233 educerem
3321 5179 3458 5235 illos
3521 5182 3596 5237 de
3624 5188 3781 5236 terra

2110 5267 2360 5339 Egypti.
2393 5288 2420 5314 »
2480 5266 2627 5337 Ergo
2684 5265 2829 5321 illud
2880 5273 3044 5322 vetus
3073 5273 3212 5331 erat,
3249 5269 3389 5339 quia
3412 5269 3527 5325 hoc
3558 5286 3775 5325 novum

2110 5361 2218 5411 est.
2279 5354 2444 5409 Unde
2497 5354 2677 5425 igitur
2704 5353 2849 5409 illud
2880 5361 3065 5424 vetus,
3090 5357 3197 5411 hoc
3237 5374 3480 5430 novum,
3514 5376 3652 5414 eum
3687 5359 3778 5414 lex

2110 5445 2314 5500 eadem
2333 5443 2761 5515 impleaturper
2775 5449 3192 5501 testamentum
3219 5463 3599 5520 novum,quae
3624 5448 3779 5503 dixit

2109 5532 2168 5589 in
2201 5532 2393 5588 Veteri
2420 5548 2432 5589 :
2471 5553 2499 5583 ‹‹
2526 5532 2650 5587 Non
2682 5533 3060 5605 concupisces
3082 5535 3108 5589 ‘P
3138 5536 3285 5601 Quia
3313 5536 3448 5609 ipsi,
3482 5557 3511 5588 ι
3552 5537 3770 5609 inquit,

2178 5639 2362 5723 (1415)
2383 5637 2832 5715 Vulg.sancitum
2864 5657 2877 5704 :
2904 5642 3334 5707 Ambrosiaster
3349 5645 3774 5706 sanctiﬁcatum
