4062 6186
260 339 378 397 773

826 341 1239 404 EXPOSI'I‘IO
1283 293 1363 402 IN
1413 341 1843 402 EPISTULAS
1888 342 2147 405 PAULI.
2201 376 2277 388 ——
2319 348 2391 405 lN
2439 348 2688 411 EPIST.
2734 353 2838 413 AD
2888 354 3123 416 HEBR.

3572 370 3691 427 774

266 490 286 515 ι
328 486 437 523 non
486 479 1010 540 persoveravorunt
1038 474 1097 528 in
1130 478 1486 530 testamento
1540 489 1690 537 meo,
1726 477 1781 528 et
1812 491 1915 547 ego
1945 479 1999 542 Α
2028 475 2292 531 Tollatur
2349 478 2588 551 impius,
2623 487 2680 536 et
2732 502 2847 540 non
2904 487 3098 542 videat
3158 488 3408 559 gloriam
3458 494 3688 555 Domini

259 557 484 628 neglexi
516 576 639 629 eos,
673 560 818 616 dicit
852 562 1157 617 Dominus.
1203 585 1231 613 »
1262 565 1412 634 Ergo
1448 566 1689 633 propter
1712 564 1923 619 veteris

255 643 511 702 hominis
536 664 775 719 noxam,
802 667 928 720 qua
960 667 1063 721 per
1092 651 1350 706 litteram
1378 651 1692 720 jubentem
1727 657 1785 706 et
1813 653 1920 707 mi-

253 738 489 790 nantem
522 736 773 793 minime
800 740 1140 807 sanabatur,
1172 740 1390 795 dicitur
1419 737 1569 794 illud
1603 744 1920 795 testamen-

246 824 367 876 tum
401 828 575 879 vetus
603 842 617 891 ;
653 824 766 880 hoc
796 830 994 881 autem
1047 843 1285 893 novum,
1331 829 1573 898 propter
1602 828 1919 882 novitatem

237 911 509 980 spiritus,
543 929 685 985 quae
717 914 1021 969 hominem
1075 932 1289 970 novum
1336 919 1563 970 sanata
1593 916 1731 971 vitio
1761 921 1922 971 vetu-

232 1000 428 1054 statis.
467 1000 570 1056 Sic
604 1003 772 1058 enim
804 1001 1015 1057 calum
1069 1020 1283 1058 novum
1316 1002 1550 1072 dicitur,
1596 1020 1731 1058 cum
1762 1004 1916 1059 idem

222 1086 429 1158 ipsum
466 1089 657 1145 debet
688 1092 1186 1163 permanere;sed
1218 1097 1453 1163 propter
1470 1094 1622 1162 quod
1643 1093 1698 1146 in
1721 1092 1919 1163 aliquo

224 1177 405 1231 debet
433 1177 709 1251 excludi,
763 1179 823 1234 in
856 1179 1054 1251 aliquo
1111 1196 1475 1252 permanere,
1526 1180 1655 1235 ideo
1704 1180 1921 1235 dicitur

230 1282 475 1320 novum.
528 1269 616 1322 Ac
652 1269 700 1324 si
749 1268 1008 1323 diceret:
1063 1268 1482 1339 perfectionem
1534 1268 1764 1335 faciam,
1814 1267 1917 1322 ubi

234 1371 351 1411 non
384 1355 607 1427 figura,
644 1358 747 1413 sed
798 1358 928 1427 ipsa
977 1357 1191 1412 veritas
1250 1356 1597 1413 ostenditur.
1656 1363 1915 1428 Manum,

240 1444 392 1517 quod
429 1443 680 1511 dicitur,
719 1445 1182 1516 apprehendere,
1240 1450 1586 1517 potestatem
1633 1464 1823 1514 suam,
1859 1454 1919 1503 et

245 1532 479 1590 illorum
509 1533 607 1603 adj
620 1533 879 1588 utorium
895 1533 1284 1589 demonstrat.
1310 1557 1338 1585 «
1353 1535 1639 1598 Quoniam
1662 1536 1774 1608 ipsi
1797 1554 1916 1592 non

242 1625 705 1696 permanserunt
752 1621 811 1675 in
860 1626 1215 1677 testamento
1248 1640 1397 1683 meo.
1450 1628 1506 1678 et
1554 1641 1659 1696 ego
1691 1626 1917 1698 neglexi

243 1730 371 1781 eos,
402 1711 546 1767 dicit
575 1709 882 1766 Dominus.
915 1710 1158 1782 Neglexi
1192 1727 1312 1778 eos,
1366 1714 1521 1784 quod
1574 1714 1732 1781 dicit,
1768 1732 1834 1770 ac
1867 1716 1915 1771 si

246 1803 443 1858 dicat:
479 1799 711 1871 Reliqui
752 1816 849 1854 eos
879 1800 1214 1854 secundum
1258 1800 1547 1857 desideria
1595 1803 1786 1858 cordis
1815 1820 1916 1859 eo-

250 1909 411 1948 rum.

329 2005 359 2033 ‹‹
394 1981 542 2047 Quia
572 1979 683 2035 hoc
711 1982 1164 2050 testamentum,
1199 1980 1351 2051 quod
1377 1980 1684 2051 disponam
1716 1983 1921 2038 domui

251 2070 442 2128 Israel
474 2075 608 2142 post
637 2069 761 2124 dies
792 2068 941 2136 illos,
975 2067 1127 2123 dicit
1154 2068 1439 2124 Dominus
1467 2087 1480 2125 :
1526 2072 1717 2126 dando
1764 2072 1921 2144 leges

252 2177 424 2217 meas
456 2160 515 2215 in
545 2162 737 2214 mente
769 2174 993 2223 eorum,
1028 2162 1088 2211 et
1108 2155 1169 2211 in
1195 2158 1573 2214 cordeeorum
1599 2160 1920 2231 superscri-

251 2252 396 2306 bam
431 2266 551 2305 cas.
584 2249 763 2320 Leges
794 2247 951 2302 enim
1002 2262 1145 2301 suas
1177 2247 1392 2301 scribet
1429 2247 1489 2303 in
1522 2249 1795 2303 cordibus
1824 2266 1919 2305 eo-

249 2356 416 2406 rum,
448 2354 565 2393 non
600 2337 659 2391 in
691 2336 911 2392 tabulis
942 2334 1218 2405 lapideis,
1254 2336 1353 2390 sed
1386 2335 1445 2390 in
1478 2337 1698 2391 tabulis
1729 2339 1921 2395 cordis

251 2428 621 2485 carnalibus.
670 2426 819 2481 Nam
848 2424 989 2496 quia
1016 2424 1231 2479 veteris
1262 2426 1596 2480 testamenti
1631 2429 1922 2497 promissa

248 2522 491 2573 terrena
517 2519 678 2583 sunt,
720 2513 875 2581 licet,
908 2512 1165 2583 exceptis
1195 2515 1606 2585 sacramentis,
1632 2531 1756 2586 qua
1797 2534 1923 2572 um-

251 2607 368 2660 bra
398 2608 568 2660 erant
590 2604 945 2668 futurorum,
980 2600 1135 2655 sicut
1163 2603 1251 2655 est
1280 2601 1670 2670 circumcisio,
1694 2609 1751 2659 et
1780 2606 1921 2659 Sab-

253 2696 490 2760 batum,
520 2700 573 2748 et
595 2690 960 2747 aliadierum
985 2689 1441 2757 observationes,
1460 2693 1921 2762 etquarumdam

256 2797 557 2848 escarum,
601 2776 976 2843 caremonia,
1029 2783 1087 2832 et
1130 2776 1435 2848 multiplex
1478 2780 1919 2854 sacriﬁciorum,

256 2884 691 2939 sacrorumque
722 2868 891 2933 ritus,
927 2882 1054 2937 qua
1087 2867 1383 2933 vetustati,
1418 2868 1634 2922 carnali
1668 2868 1803 2940 legi,
1828 2872 1925 2941 ju-

260 2975 463 3034 goque
493 2957 685 3014 servili
726 2955 1144 3026 congruebant,
1199 2954 1338 3009 talia
1385 2957 1600 3028 quippe
1630 2958 1926 3016 contineat

263 3052 565 3123 praecepta
586 3045 855 3118 justitia,
890 3042 1087 3115 qualia
1134 3061 1289 3098 nunc
1336 3061 1570 3116 quoque
1616 3049 1924 3105 observare

262 3135 671 3210 pracipimus,
691 3150 818 3205 qua
850 3131 1101 3187 maxime
1131 3132 1361 3188 duabus
1385 3132 1502 3189 illis
1529 3134 1769 3202 tabulis,
1795 3138 1922 3193 sine

2032 564 2186 634 (leni.
2224 569 2497 636 xvm‘ZG),
2531 572 2809 641 quoniam
2864 574 3034 630 ibunt
3082 577 3313 632 sinistri
3371 579 3432 635 in
3492 584 3685 655 ignem

2031 656 2352 721 aternum;
2392 657 2539 726 justi
2591 664 2786 715 autem
2836 664 2895 717 in
2927 663 3104 718 vitam
3164 670 3445 723 aternam
3478 671 3684 741 (Matth.

2030 758 2159 809 xxv,
2194 744 2303 815 46).
2337 744 2470 807 Qua
2502 746 2620 802 vita
2650 754 2884 818 aterna,
2919 752 3071 808 sicut
3095 760 3574 825 commemoravi,
3596 763 3690 818 de-

2035 831 2193 885 finita
2207 838 2297 887 est
2326 850 2392 889 ea
2414 851 2562 893 esse.
2587 842 2651 892 ut
2673 847 3029 911 cognoscant
3055 860 3239 899 unum
3254 861 3457 902 verum
3484 850 3682 910 Deum.

2031 918 2175 974 Hinc
2208 920 2348 975 dicit
2395 929 2449 977 et
2480 924 2771 981 Joannes:
2833 928 3238 997 Dilectissimi,
3292 933 3398 989 filii
3448 938 3545 992 Dei
3585 957 3685 995 su-

2030 1024 2185 1079 mus,
2211 1013 2268 1063 et
2300 1012 2560 1067 nondum
2577 1016 2849 1085 apparuit
2867 1018 3007 1088 quid
3023 1018 3503 1080 erimus.Scimus
3526 1029 3688 1099 quia,

2029 1112 2165 1150 cum
2199 1100 2559 1169 apparuerit,
2585 1102 2808 1158 similes
2828 1105 2879 1159 ei
2902 1106 3145 1174 erimus,
3170 1110 3449 1179 quoniam
3474 1115 3690 1172 videbi-

2031 1202 2165 1239 mus
2198 1202 2331 1242 eum
2355 1189 2528 1243 sicuti
2551 1196 2639 1244 est
2658 1193 2707 1259 (I
2735 1196 2898 1247 Joan.
2926 1212 3008 1261 ιιι,
3040 1199 3117 1263 2).
3152 1219 3181 1245 ‹‹
3209 1198 3341 1255 Hac
3365 1201 3687 1262 similitudo

2028 1290 2187 1329 nunc
2220 1274 2422 1345 incipit
2451 1279 2778 1347 reformari,
2803 1284 3066 1352 quandiu
3106 1284 3282 1343 homo
3323 1289 3571 1348 interius
3600 1311 3688 1351 re-

2029 1367 2281 1418 novatur
2311 1366 2381 1422 de
2411 1367 2504 1423 die
2533 1367 2591 1422 in
2642 1369 2821 1435 diem,
2853 1374 3179 1430 secundum
3214 1376 3530 1450 imaginem
3559 1384 3689 1455 ejus

2029 1450 2132 1523 qui
2163 1455 2377 1508 creavit
2405 1472 2560 1511 eum.
2594 1458 2698 1512 Sed
2733 1459 2803 1513 ad
2837 1459 2997 1516 illius
3028 1465 3357 1520 eminentia
3387 1450 3689 1539 perfectio-

2028 1557 2190 1605 nem,
2224 1558 2350 1614 qua
2382 1549 2522 1599 tunc
2547 1545 2743 1601 futura
2774 1554 2883 1618 est,
2934 1550 3071 1621 quid
3108 1551 3237 1622 hoc,
3272 1560 3372 1609 aut
3400 1565 3688 1627 quantum

2027 1630 2170 1683 est?
2204 1631 2503 1702 Siquidem
2537 1636 2849 1706 Apostolus
2880 1640 2951 1692 ad
2986 1639 3085 1695 illa
3117 1642 3454 1713 ineli'abilia,
3491 1649 3687 1719 quale-

2027 1735 2261 1791 cunque
2291 1722 2580 1779 adhibens
2610 1724 2681 1780 de
2712 1726 2865 1781 notis
2897 1729 3073 1783 rebus
3096 1732 3453 1803 exemulum,
3479 1754 3688 1809 parvu-

1948 1843 1996 1907 B
2025 1806 2146 1862 lam
2174 1813 2401 1865 atatem
2450 1812 2605 1867 virili
2634 1815 2993 1886 comparavit
3039 1818 3230 1874 atati:
3283 1838 3413 1878 cum
3472 1806 3685 1898 essem,

2030 1897 2247 1967 inquit,
2289 1900 2589 1969 parvulus,
2642 1904 2814 1973 quasi
2873 1905 3151 1975 parvulus
3180 1907 3481 1982 loquebar,
3518 1918 3688 1988 quasi

2032 1986 2312 2057 parvulus
2333 1990 2658 2060 sapiebam,
2681 1991 2851 2062 quasi
2864 1994 3142 2063 parvulus
3164 1999 3493 2070 cogitabam
3522 1986 3686 2073 {cum

2030 2079 2226 2130 autem
2261 2077 2449 2132 factus
2481 2095 2613 2132 sum
2643 2078 2749 2148 vir,
2802 2097 2928 2151 qua
2958 2084 3184 2154 parvuli
3226 2094 3410 2159 erant,
3444 2093 3689 2165 deposui

2031 2164 2078 2234 (1
2109 2164 2384 2232 (201211111,
2421 2167 2530 2237 11).
2557 2166 2676 2221 Cur
2715 2173 2908 2224 autem
2932 2171 3039 2226 hoc
3062 2173 3291 2242 dixerit,
3325 2164 3689 2254 consequen-

2030 2256 2117 2307 ter
2148 2255 2484 2325 ostendens,
2522 2256 2866 2327 «videmus,
2903 2258 3118 2331 inquit,
3152 2281 3308 2320 nunc
3338 2285 3441 2339 per
3479 2288 3685 2343 specu-

2030 2336 2153 2395 lum
2189 2342 2246 2395 in
2298 2342 2648 2414 aenigmate:
2703 2350 2846 2402 tunc
2902 2355 3102 2406 autem
3142 2352 3287 2409 facie
3335 2336 3409 2411 ad
3453 2336 3686 2416 faciem.

2031 2429 2197 2514 Nunc
2219 2430 2340 2485 scio
2372 2447 2439 2485 ex
2468 2437 2678 2514 parte:
2708 2439 2848 2491 tunc
2879 2442 3075 2494 autem
3128 2458 3501 2514 cognoscam,
3534 2449 3691 2505 sicut

2031 2510 2300 2580 cognitus
2332 2527 2465 2565 sum
2506 2512 2673 2578 (Ibid.
2708 2515 2823 2586 12):
2857 2538 2886 2567 »
2932 2521 3173 2588 proinde
3197 2510 3374 2580 etiam
3398 2510 3500 2598 per
3529 2528 3689 2584 hunc

2032 2598 2395 2668 prophetam,
2438 2603 2610 2669 cujus
2643 2604 3048 2662 testimonium
3098 2615 3542 2680 pertractemus.
3578 2617 3689 2673 hoc

2032 2686 2287 2755 additur,
2320 2692 2383 2740 ut
2414 2687 2470 2741 in
2504 2704 2572 2742 eo
2604 2706 2850 2758 merces,
2887 2694 2943 2747 in
2967 2711 3033 2751 eo
3058 2698 3211 2765 finis,
3233 2700 3293 2754 in
3322 2717 3389 2757 eo
3412 2706 3689 2775 perfectio

2030 2774 2343 2841 felicitatis,
2393 2774 2452 2828 in
2511 2792 2580 2831 eo
2639 2779 2820 2834 beata
2877 2788 3216 2856 aternaque
3269 2774 3690 2850 vitaisumma

2031 2862 2334 2917 consistat.
2389 2868 2530 2918 Cum
2595 2866 2756 2922 enim
2809 2870 3094 2927 dixisset:
3130 2897 3158 2923 «
3207 2876 3277 2931 Et
3320 2894 3419 2933 ero
3460 2882 3578 2937 illis
3626 2882 3686 2938 in

2032 2952 2238 3019 Deum,
2274 2956 2328 3005 et
2360 2951 2471 3022 ipsi
2503 2960 2681 3008 erunt
2712 2955 2854 3011 mihi
2888 2959 3163 3029 populus,
3204 2966 3486 3023 continuo
3516 2970 3687 3024 addi-

2033 3040 2117 3094 dit
2141 3057 2152 3095 :
2177 3063 2202 3089 «
2231 3040 2299 3093 Et
2320 3056 2433 3095 non
2456 3041 2691 3096 docebit
2703 3046 3110 3119 unusquisque
3131 3051 3462 3121 proximum
3485 3073 3684 3125 suum,

2033 3136 2088 3185 et
2119 3130 2528 3200 unusquisque
2575 3131 2818 3188 fratrem
2867 3151 3065 3202 suum,
3111 3138 3350 3197 dicens:
3393 3144 3685 3215 Cognosce

262 3206 472 3298 figurat
495 3224 856 3280 adumbrata
890 3220 1644 3295 signiﬁcationis,expressa
1660 3229 1817 3293 sunt,
1847 3227 1922 3282 si-
1951 3206 1994 3273 (ἶ
2034 3218 2366 3274 DOminum-
2407 3240 2427 3266 υ
2464 3218 2630 3273 ΝυΠο
2652 3224 2945 3293 certejam
2976 3230 3208 3298 tempus
3230 3234 3317 3285 est
3345 3206 3685 3293 testamenti

264 3314 394 3370 cuti
417 3318 508 3369 est
525 3335 553 3363 ι(
576 3312 701 3367 Non
733 3309 1115 3377 adulterabis,
1150 3326 1265 3364 non
1297 3310 1681 3367 homicidium
1721 3314 1920 3383 facies,

263 3420 390 3461 non
422 3399 821 3472 concupisces,
858 3421 886 3449 »
917 3403 975 3454 et
1012 3398 1063 3454 si
1104 3398 1335 3467 quidem
1370 3404 1458 3455 est
1487 3399 1645 3455 aliud
1677 3403 1923 3458 manda-

262 3499 424 3557 tum,
457 3490 609 3562 qued
644 3490 700 3543 in
732 3488 841 3543 hoc
890 3503 1159 3543 sermone
1209 3488 1663 3559 recapitulatur:
1706 3488 1924 3563 Diliges

263 3580 608 3655 proximum
638 3582 806 3633 tuum
835 3581 1119 3648 tanquam
1162 3576 1439 3647 teipsum,
1491 3582 1686 3633 tamen
1730 3579 1830 3651 qui
1862 3581 1923 3636 in

264 3688 362 3736 eo,
385 3668 529 3736 dixi,
564 3667 851 3738 promissa
878 3669 1113 3720 terrena
1132 3670 1189 3720 et
1208 3665 1554 3737 temporalia
1583 3668 1924 3739 recitantur,

265 3776 403 3832 qua
433 3758 590 3812 bona
619 3759 758 3811 sunt
787 3756 968 3824 hujus
998 3754 1394 3825 corruptibilis
1418 3756 1631 3825 carnis,
1656 3760 1926 3829 quamvis

264 3848 362 3904 eis
392 3845 748 3916 sempiterna
775 3848 952 3915 atque
1000 3842 1277 3911 calestia,
1320 3845 1391 3899 ad
1443 3862 1655 3900 novum
1707 3848 1930 3904 scilicet

265 3938 693 3992 testamentum
714 3931 1084 4004 pertinentia,
1110 3932 1223 4002 ﬁgu
1235 3937 1535 3987 rarentur:
1562 3951 1716 3989 nunc
1739 3935 1927 4006 ipsius

264 4024 471 4081 cordis
504 4022 723 4077 bonum
753 4020 1139 4091 promittitur,
1193 4020 1437 4091 spiritus
1467 4022 1659 4077 bonus
1690 4025 1923 4093 mentis,

266 4114 387 4168 hoc
417 4117 529 4177 est,
558 4108 926 4181 intelligibile
970 4109 1211 4176 bonum,
1245 4125 1380 4164 cum
1423 4110 1673 4165 dicitur:
1708 4135 1737 4161 «
1771 4113 1928 4170 Dans

264 4202 436 4272 leges
464 4216 625 4254 meas
655 4199 714 4253 in
746 4203 941 4253 mente
982 4214 1207 4268 eorum,
1242 4205 1299 4254 et
1329 4199 1387 4253 in
1423 4200 1696 4255 cordibus
1724 4218 1925 4258 eorum

268 4289 535 4346 scribam
565 4304 682 4343 eas.
714 4309 741 4335 ››
770 4286 933 4341 Unde
964 4286 1315 4355 signiﬁcavit
1334 4304 1432 4343 eos
1459 4304 1573 4342 non
1606 4289 1929 4348 forinsecus

270 4378 517 4446 habere,
550 4376 649 4432 sed
682 4376 868 4446 ipsam
903 4374 1050 4447 legis
1076 4374 1369 4444 justitiam
1393 4376 1729 4434 dilecturos.

352 4465 572 4521 Deinde
629 4465 854 4520 addidit
909 4469 965 4519 et
1006 4465 1355 4520 mercedem.
1405 4488 1425 4515 α
1461 4465 1532 4520 Et
1590 4482 1686 4521 ero
1738 4467 1822 4523 eis
1867 4468 1929 4524 in

270 4560 487 4625 Deum,
520 4561 576 4611 et
603 4555 715 4627 ipsi
745 4560 916 4610 erunt
943 4553 1087 4609 mihi
1120 4554 1179 4608 in
1229 4555 1537 4626 populum.
1574 4578 1601 4605 ν
1641 4556 1786 4620 Quid
1823 4557 1931 4613 hoc
1962 4574 2008 4638 ι)

273 4650 435 4704 bono
487 4644 719 4711 melius,
764 4644 903 4715 quid
951 4643 1060 4697 hac
1113 4642 1388 4699 felicitate
1433 4644 1705 4701 felicius?
1731 4646 1932 4703 Vivere

275 4743 417 4801 Deo,
447 4734 636 4789 vivere
667 4736 739 4788 de
771 4733 907 4799 Deo,
953 4732 1110 4803 apud
1143 4749 1319 4804 quem
1348 4737 1437 4789 est
1466 4735 1595 4790 fons
1625 4735 1757 4790 vita
1786 4740 1843 4789 et
1874 4738 1930 4791 in

276 4825 454 4896 cujus
484 4823 707 4878 lumine
731 4822 1061 4877 videbimus
1097 4822 1285 4877 lucem
1314 4823 1325 4876 i
1372 4829 1445 4877 De
1476 4823 1585 4879 hac
1625 4824 1744 4879 vita
1792 4825 1934 4879 dicit

272 4915 407 4987 ipse
439 4912 763 4968 Dominus:
804 4933 823 4959 α
880 4911 1008 4965 Hac
1038 4916 1125 4964 est
1172 4915 1369 4966 autem
1427 4914 1546 4967 vita
1601 4919 1833 4979 aterna,
1870 4919 1934 4968 ut

276 5006 639 5075 cognoscant
666 5006 723 5055 te
755 5017 939 5055 unum
970 5016 1171 5054 verum
1206 5000 1389 5054 Deum
1420 5002 1600 5068 (Joan.
1632 5019 1770 5068 xvu,
1798 5003 1873 5072 3).
1903 5026 1930 5051 ››

274 5093 400 5148 Hoc
429 5095 583 5146 enim
615 5094 673 5144 et
728 5088 855 5159 ipse
903 5088 1195 5159 promittit
1236 5088 1615 5144 dilectoribus
1646 5090 1793 5155 suis,
1848 5091 1930 5145 di—

275 5196 455 5237 cens:
492 5199 521 5228 ‹‹
548 5177 656 5241 Qui
686 5176 881 5248 diligit
920 5193 1034 5245 me,
1079 5176 1359 5231 mandata
1388 5192 1519 5231 mea
1548 5177 1839 5243 custodit;
1874 5184 1930 5233 et

274 5269 381 5341 qui
427 5266 621 5339 diligit
652 5283 765 5335 me,
794 5265 1075 5338 diligetur
1103 5281 1137 5319 a
1185 5265 1352 5319 Patre
1384 5280 1535 5325 meo.
1568 5269 1625 5320 et
1665 5282 1769 5337 ego
1798 5265 1926 5320 dili-

277 5373 417 5429 gam
450 5372 607 5421 eum,
639 5359 696 5410 et
738 5353 1044 5410 ostendam
1079 5370 1171 5408 me
1228 5353 1423 5424 ipsum
1457 5351 1542 5407 illi
1591 5354 1773 5424 (Joan.
1808 5372 1923 5427 xxv,

274 5446 412 5516 21):
446 5467 475 5495 »
540 5444 740 5516 utique
772 5444 833 5499 in
865 5444 1053 5499 forma
1082 5442 1206 5509 Dei,
1269 5443 1328 5496 in
1388 5459 1505 5512 qua
1552 5443 1791 5515 aqualis
1838 5450 1927 5500 est

270 5534 454 5600 Patri,
514 5550 630 5589 non
687 5535 744 5588 in
803 5533 994 5588 forma
1048 5531 1218 5599 servi,
1249 5529 1310 5585 in
1342 5548 1459 5602 qua
1517 5549 1578 5587 se
1622 5538 1679 5587 et
1727 5533 1923 5605 impiis

269 5623 639 5691 ostendebat.
692 5623 856 5681 Tunc
906 5623 1064 5681 enim
1121 5622 1221 5679 ﬁet
1274 5620 1430 5695 quod
1462 5620 1744 5697 scriptum
1792 5628 1917 5686 est:

2032 3308 2184 3373 novi,
2218 3306 2312 3360 cui
2343 3311 2432 3361 est
2465 3307 2617 3362 facta
2634 3311 2948 3378 promissio
2971 3330 3072 3384 per
3103 3315 3221 3371 hac
3244 3321 3442 3389 verba,
3471 3340 3597 3395 qua
3613 3340 3683 3382 ex

2030 3397 2131 3452 illa
2180 3394 2484 3467 prophetia
2533 3401 3143 3460 commemoravimus.
3186 3405 3304 3461 Cur
3340 3409 3450 3465 hoc
3489 3413 3682 3470 adhuc

2031 3487 2192 3551 dicit,
2253 3485 2664 3557 unusquisque
2693 3490 2956 3559 proximo
3022 3508 3130 3549 suo
3186 3499 3245 3550 et
3304 3498 3468 3554 fratri
3529 3519 3678 3560 suo:

2040 3595 2061 3623 α
2096 3576 2391 3646 Cognosce
2423 3575 2733 3630 Dominum
2754 3576 2782 3631 ‘I
2810 3599 2839 3627 »
2872 3581 2956 3634 An
2988 3580 3133 3636 forte
3163 3599 3280 3639 non
3309 3585 3685 3661 dicitur,cum

2033 3662 2416 3733 Evangelium
2450 3663 2892 3735 pradicatur,ct
2919 3670 3048 3739 ejus
3080 3670 3210 3742 ipsa
3239 3673 3306 3727 ﬁt
3325 3677 3683 3747 pradicatio,

2033 3757 2099 3809 ut
2154 3752 2264 3806 hoc
2292 3751 2506 3823 ubique
2537 3752 2808 3809 dicatur?
2852 3756 2998 3812 Nam
3059 3760 3212 3815 unde
3259 3778 3322 3817 se
3366 3766 3686 3837 Apostolus

2034 3840 2299 3914 gentium
2321 3840 2464 3894 dicit
2491 3856 2617 3895 esse
2639 3842 2957 3909 doctorem,
2987 3845 3099 3901 nisi
3123 3848 3265 3918 quia
3281 3850 3392 3906 hoc
3412 3854 3498 3919 ﬁt,
3529 3858 3685 3926 quod

2034 3931 2159 4001 ipse
2191 3928 2307 3982 ait:
2341 3949 2368 3979 ι)
2404 3930 2702 3993 Quomodo
2735 3929 3108 3997 invocabunt,
3141 3934 3197 3989 in
3217 3953 3394 4007 quem
3425 3958 3539 3997 non
3566 3958 3687 3998 cre-

2037 4019 2354 4072 diderunt?
2382 4023 2497 4071 Aut
2525 4018 2818 4088 quomodo
2847 4022 3103 4086 credent,
3139 4040 3313 4092 quem
3339 4044 3453 4082 non
3482 4030 3683 4086 audie-

2037 4106 2209 4161 runt?
2243 4105 2545 4167 Quomodo
2594 4106 2834 4161 audient
2881 4109 3006 4163 sine
3037 4112 3386 4180 pradicante
3414 4116 3591 4187 (Rom.
3624 4137 3682 4186 x,

2039 4194 2171 4266 1/1)?
2198 4216 2218 4243 ιι
2253 4199 2396 4248 Cum
2427 4211 2562 4267 ergo
2596 4212 2751 4249 nunc
2781 4195 3237 4269 istapradicatio
3256 4219 3685 4278 usquequaque

2038 4285 2385 4352 crebrescet,
2407 4285 2697 4354 quomodo
2714 4289 2947 4356 tempus
2969 4292 3057 4342 est
3079 4293 3416 4348 testamenti
3440 4295 3592 4362 novi,
3613 4297 3684 4353 de

2038 4389 2154 4444 quo
2186 4372 2468 4443 propheta
2492 4373 2672 4427 dixit:
2708 4397 2735 4423 «
2768 4374 2837 4428 Et
2868 4392 2982 4431 non
3015 4377 3245 4433 docebit
3275 4383 3687 4456 unusquisque

2038 4460 2369 4534 proximum
2417 4478 2614 4530 suum,
2656 4468 2713 4516 et
2759 4464 3166 4537 unusquisque
3218 4469 3453 4526 fratrem
3484 4489 3682 4546 suum,

2038 4550 2274 4605 dicens:
2326 4554 2617 4621 Cognosce
2676 4551 3015 4619 Dominum,
3048 4557 3186 4624 quia
3235 4573 3440 4615 omnes
3470 4576 3684 4633 cogno-

2042 4643 2206 4694 scent
2253 4654 2347 4693 me
2397 4657 2432 4693 a
2464 4639 2685 4694 minore
2714 4656 2899 4711 usque
2930 4642 3001 4696 ad
3061 4647 3338 4714 majorem
3383 4664 3618 4706 eorum:
3653 4673 3684 4702 ››

2044 4728 2157 4783 nisi
2190 4727 2329 4799 quia
2358 4728 2620 4798 ejusdem
2652 4731 2985 4784 testamenti
3011 4733 3141 4788 novi
3172 4739 3446 4791 aternam
3470 4754 3688 4796 merce-

2043 4816 2261 4887 dem,id
2275 4823 2364 4870 est
2381 4816 2566 4887 ipsius
2592 4816 2687 4871 Dei
2706 4818 3105 4876 beatissimam
3130 4825 3684 4897 contemplationem

2041 4906 2432 4976 promittendo
2484 4907 2829 4975 conjunxit?
2861 4908 3009 4972 Quid
3063 4928 3199 4985 ergo
3258 4919 3368 4982 est,
3402 4932 3605 4971 omnes
3650 4934 3685 4972 a

2041 4995 2264 5049 minore
2297 5011 2481 5065 usque
2511 4995 2582 5048 ad
2614 4999 2896 5063 majorem
2917 5015 3141 5067 eorum,
3176 5002 3289 5057 nisi
3320 5020 3523 5058 omnes
3554 5020 3680 5074 per-

2038 5084 2291 5138 tinentes
2314 5082 2659 5154 spiritaliter
2678 5085 2748 5139 ad
2772 5086 3014 5142 domum
3046 5090 3243 5155 Israel,
3268 5096 3325 5146 et
3346 5092 3417 5145 ad
3439 5091 3681 5147 domum

2036 5173 2208 5236 Juda,
2242 5171 2350 5226 hoc
2393 5178 2502 5241 est,
2554 5173 2624 5227 ad
2658 5173 2809 5230 filios
2833 5175 3013 5242 Isaac,
3054 5179 3126 5232 ad
3172 5194 3369 5233 semen
3399 5179 3682 5237 Abraha?

2038 5263 2170 5334 Ipsa
2200 5264 2289 5316 est
2308 5261 2464 5315 enim
2496 5263 2832 5333 promissio,
2856 5265 2926 5320 de
2956 5283 3071 5336 qua
3094 5266 3145 5320 ei
3168 5266 3390 5320 dictum
3413 5270 3503 5321 est
3524 5283 3537 5321 :
3562 5290 3590 5318 ‹‹
3616 5268 3680 5326 Ιῑι

2037 5354 2193 5405 Isaac
2226 5349 2526 5405 vocabitur
2573 5350 2677 5405 tibi
2712 5368 2909 5409 semen
2964 5354 3116 5423 (Gen.
3174 5370 3290 5419 xxr,
3326 5354 3433 5426 12).
3468 5376 3497 5404 ››
3554 5357 3681 5415 Non

2033 5441 2188 5496 enim
2219 5438 2318 5510 qui
2354 5438 2457 5494 ﬁlii
2488 5441 2702 5505 carnis,
2753 5442 2811 5496 hi
2844 5441 2946 5495 filii
2976 5442 3098 5508 Dei,
3136 5442 3237 5496 sed
3282 5441 3388 5497 ﬁlii
3424 5445 3681 5515 promis-

2031 5529 2215 5586 sionis
2230 5530 2591 5600 deputantur
2606 5530 2665 5586 in
2694 5546 2914 5586 semen.
2934 5529 3261 5593 «Quoniam
3282 5547 3486 5590 omnes
3498 5534 3683 5595 scient

2031 5636 2065 5679 a
2084 5618 2308 5675 minore
2327 5633 2516 5691 usque
2544 5617 2616 5674 ad
2648 5618 2929 5691 majorem
2955 5632 3225 5679 eorum.»
3247 5618 3451 5680 Omnis
3478 5621 3678 5703 Israel,
