  <div class='ocr_page' id='page_1' title='image "/cluster/home/n/w/nwhite01/storage/ocr_20150623/134/hvd.32044023361702/394.png"; bbox 0 0 4020 6178; ppageno 0'>
   <div class='ocr_carea' id='block_1_1' title="bbox 226 284 329 343">
    <p class='ocr_par' dir='ltr' id='par_1_1' title="bbox 226 284 329 343">
     <span class='ocr_line' id='line_1_1' title="bbox 226 284 329 343; baseline 0.029 -3"><span class='ocrx_word' id='word_1_1' title='bbox 226 284 329 343; x_wconf 84' lang='lat'><strong>777</strong></span> 
     </span>
    </p>
   </div>
   <div class='ocr_carea' id='block_1_2' title="bbox 745 282 3045 351">
    <p class='ocr_par' dir='ltr' id='par_1_2' title="bbox 745 282 3045 351">
     <span class='ocr_line' id='line_1_2' title="bbox 745 282 3045 351; baseline 0.003 -7"><span class='ocrx_word' id='word_1_2' title='bbox 745 284 1165 345; x_wconf 87' lang='lat' dir='ltr'>EXPOSITIO</span> <span class='ocrx_word' id='word_1_3' title='bbox 1210 284 1284 343; x_wconf 90' lang='lat' dir='ltr'>IN</span> <span class='ocrx_word' id='word_1_4' title='bbox 1332 282 1763 345; x_wconf 85' lang='lat' dir='ltr'>EPISTOLAS</span> <span class='ocrx_word' id='word_1_5' title='bbox 1810 283 2070 347; x_wconf 85' lang='lat' dir='ltr'>PAULI.</span> <span class='ocrx_word' id='word_1_6' title='bbox 2114 320 2189 329; x_wconf 93' lang='lat'><strong><em>—</em></strong></span> <span class='ocrx_word' id='word_1_7' title='bbox 2237 288 2314 346; x_wconf 89' lang='lat' dir='ltr'>IN</span> <span class='ocrx_word' id='word_1_8' title='bbox 2365 289 2613 350; x_wconf 87' lang='lat' dir='ltr'>EPIST.</span> <span class='ocrx_word' id='word_1_9' title='bbox 2659 292 2763 350; x_wconf 88' lang='lat' dir='ltr'><strong>AD</strong></span> <span class='ocrx_word' id='word_1_10' title='bbox 2808 288 3045 351; x_wconf 83' lang='lat' dir='ltr'>HEBR.</span> 
     </span>
    </p>
   </div>
   <div class='ocr_carea' id='block_1_3' title="bbox 3505 294 3621 354">
    <p class='ocr_par' dir='ltr' id='par_1_3' title="bbox 3505 294 3621 354">
     <span class='ocr_line' id='line_1_3' title="bbox 3505 294 3621 354; baseline 0.026 -3"><span class='ocrx_word' id='word_1_11' title='bbox 3505 294 3621 354; x_wconf 87' lang='lat'><strong>778</strong></span> 
     </span>
    </p>
   </div>
   <div class='ocr_carea' id='block_1_4' title="bbox 226 415 3623 492">
    <p class='ocr_par' dir='ltr' id='par_1_4' title="bbox 226 415 3623 492">
     <span class='ocr_line' id='line_1_4' title="bbox 226 415 3623 492; baseline 0.002 -20"><span class='ocrx_word' id='word_1_12' title='bbox 226 432 339 472; x_wconf 85' lang='lat' dir='ltr'>esse</span> <span class='ocrx_word' id='word_1_13' title='bbox 361 415 570 471; x_wconf 66' lang='lat' dir='ltr'>oculum</span> <span class='ocrx_word' id='word_1_14' title='bbox 606 415 788 483; x_wconf 82' lang='lat' dir='ltr'>(Hebr.</span> <span class='ocrx_word' id='word_1_15' title='bbox 830 433 932 481; x_wconf 87' lang='lat' dir='ltr'>xu,</span> <span class='ocrx_word' id='word_1_16' title='bbox 974 416 1084 482; x_wconf 79' lang='grc'>24),</span> <span class='ocrx_word' id='word_1_17' title='bbox 1118 419 1175 469; x_wconf 88' lang='lat' dir='ltr'>et</span> <span class='ocrx_word' id='word_1_18' title='bbox 1207 415 1596 471; x_wconf 87' lang='lat' dir='ltr'>velamentum</span> <span class='ocrx_word' id='word_1_19' title='bbox 1629 415 1860 483; x_wconf 80' lang='lat' dir='ltr'>coelum,</span> <span class='ocrx_word' id='word_1_20' title='bbox 1896 419 1947 482; x_wconf 79' lang='grc' dir='ltr'><strong>Α</strong></span> <span class='ocrx_word' id='word_1_21' title='bbox 1979 416 2059 471; x_wconf 91' lang='lat' dir='ltr'>Ne</span> <span class='ocrx_word' id='word_1_22' title='bbox 2089 419 2241 473; x_wconf 88' lang='lat' dir='ltr'>enim</span> <span class='ocrx_word' id='word_1_23' title='bbox 2275 419 2532 475; x_wconf 89' lang='lat' dir='ltr'>dicerent</span> <span class='ocrx_word' id='word_1_24' title='bbox 2562 422 2854 492; x_wconf 91' lang='lat' dir='ltr'>quomodo</span> <span class='ocrx_word' id='word_1_25' title='bbox 2886 438 3069 477; x_wconf 90' lang='lat' dir='ltr'>unum</span> <span class='ocrx_word' id='word_1_26' title='bbox 3101 428 3190 478; x_wconf 90' lang='lat' dir='ltr'>est</span> <span class='ocrx_word' id='word_1_27' title='bbox 3221 424 3571 481; x_wconf 91' lang='lat' dir='ltr'>sacriﬁcium</span> <span class='ocrx_word' id='word_1_28' title='bbox 3595 426 3623 479; x_wconf 65' lang='grc' dir='ltr'>ί)</span> 
     </span>
    </p>
   </div>
   <div class='ocr_carea' id='block_1_5' title="bbox 225 504 1859 575">
    <p class='ocr_par' dir='ltr' id='par_1_5' title="bbox 225 504 1859 575">
     <span class='ocr_line' id='line_1_5' title="bbox 225 504 1859 575; baseline -0.001 -15"><span class='ocrx_word' id='word_1_29' title='bbox 225 512 275 560; x_wconf 89' lang='lat' dir='ltr'>et</span> <span class='ocrx_word' id='word_1_30' title='bbox 301 521 531 560; x_wconf 88' lang='lat' dir='ltr'>carnem</span> <span class='ocrx_word' id='word_1_31' title='bbox 563 504 879 559; x_wconf 79' lang='lat' dir='ltr'>intrantem</span> <span class='ocrx_word' id='word_1_32' title='bbox 930 505 990 558; x_wconf 90' lang='lat' dir='ltr'>in</span> <span class='ocrx_word' id='word_1_33' title='bbox 1024 504 1302 559; x_wconf 86' lang='lat' dir='ltr'>interiora</span> <span class='ocrx_word' id='word_1_34' title='bbox 1337 504 1643 559; x_wconf 89' lang='lat' dir='ltr'>velaminis</span> <span class='ocrx_word' id='word_1_35' title='bbox 1676 506 1859 575; x_wconf 79' lang='lat' dir='ltr'>(Hebr.</span> 
     </span>
    </p>
   </div>
   <div class='ocr_carea' id='block_1_6' title="bbox 225 594 1858 664">
    <p class='ocr_par' dir='ltr' id='par_1_6' title="bbox 225 594 1858 664">
     <span class='ocr_line' id='line_1_6' title="bbox 225 594 1858 664; baseline -0.001 -17"><span class='ocrx_word' id='word_1_36' title='bbox 225 612 292 661; x_wconf 84' lang='lat' dir='ltr'>v1,</span> <span class='ocrx_word' id='word_1_37' title='bbox 332 594 439 662; x_wconf 87' lang='grc'>19),</span> <span class='ocrx_word' id='word_1_38' title='bbox 479 594 587 649; x_wconf 90' lang='lat' dir='ltr'>hoc</span> <span class='ocrx_word' id='word_1_39' title='bbox 628 600 717 649; x_wconf 90' lang='lat' dir='ltr'>est</span> <span class='ocrx_word' id='word_1_40' title='bbox 756 594 1148 648; x_wconf 88' lang='lat' dir='ltr'>velamentum</span> <span class='ocrx_word' id='word_1_41' title='bbox 1197 594 1388 648; x_wconf 89' lang='lat' dir='ltr'>carnis</span> <span class='ocrx_word' id='word_1_42' title='bbox 1428 594 1555 663; x_wconf 88' lang='lat' dir='ltr'>ejus</span> <span class='ocrx_word' id='word_1_43' title='bbox 1587 594 1768 664; x_wconf 85' lang='lat' dir='ltr'>(Hebr.</span> <span class='ocrx_word' id='word_1_44' title='bbox 1802 610 1858 657; x_wconf 89' lang='lat' dir='ltr'>x,</span> 
     </span>
    </p>
   </div>
   <div class='ocr_carea' id='block_1_7' title="bbox 222 682 1859 754">
    <p class='ocr_par' dir='ltr' id='par_1_7' title="bbox 222 682 1859 754">
     <span class='ocr_line' id='line_1_7' title="bbox 222 682 1859 754; baseline -0.002 -16"><span class='ocrx_word' id='word_1_45' title='bbox 222 684 322 754; x_wconf 86' lang='lat'>20).</span> <span class='ocrx_word' id='word_1_46' title='bbox 354 689 612 739; x_wconf 86' lang='lat' dir='ltr'>Aureum</span> <span class='ocrx_word' id='word_1_47' title='bbox 644 682 1037 747; x_wconf 90' lang='lat' dir='ltr'>thuribulum,</span> <span class='ocrx_word' id='word_1_48' title='bbox 1083 682 1237 736; x_wconf 91' lang='lat' dir='ltr'>idem</span> <span class='ocrx_word' id='word_1_49' title='bbox 1286 683 1410 753; x_wconf 90' lang='lat' dir='ltr'>ipse</span> <span class='ocrx_word' id='word_1_50' title='bbox 1450 682 1717 737; x_wconf 76' lang='lat' dir='ltr'>Christus</span> <span class='ocrx_word' id='word_1_51' title='bbox 1750 688 1859 736; x_wconf 89' lang='lat' dir='ltr'>est.</span> 
     </span>
    </p>
   </div>
   <div class='ocr_carea' id='block_1_8' title="bbox 222 769 1864 843">
    <p class='ocr_par' dir='ltr' id='par_1_8' title="bbox 222 769 1864 843">
     <span class='ocr_line' id='line_1_8' title="bbox 222 769 1864 843; baseline 0 -19"><span class='ocrx_word' id='word_1_52' title='bbox 222 778 360 827; x_wconf 76' lang='lat' dir='ltr'>Area</span> <span class='ocrx_word' id='word_1_53' title='bbox 389 771 725 827; x_wconf 84' lang='lat' dir='ltr'>testamenti</span> <span class='ocrx_word' id='word_1_54' title='bbox 757 787 871 825; x_wconf 83' lang='lat' dir='ltr'>non</span> <span class='ocrx_word' id='word_1_55' title='bbox 904 770 1226 843; x_wconf 86' lang='lat' dir='ltr'>incongrue</span> <span class='ocrx_word' id='word_1_56' title='bbox 1275 769 1465 841; x_wconf 89' lang='lat' dir='ltr'>ipsam</span> <span class='ocrx_word' id='word_1_57' title='bbox 1514 770 1743 825; x_wconf 88' lang='lat' dir='ltr'>Domini</span> <span class='ocrx_word' id='word_1_58' title='bbox 1777 775 1864 825; x_wconf 89' lang='lat' dir='ltr'>est</span> 
     </span>
    </p>
   </div>
   <div class='ocr_carea' id='block_1_9' title="bbox 221 859 1861 931">
    <p class='ocr_par' dir='ltr' id='par_1_9' title="bbox 221 859 1861 931">
     <span class='ocr_line' id='line_1_9' title="bbox 221 859 1861 931; baseline -0.001 -16"><span class='ocrx_word' id='word_1_59' title='bbox 221 859 522 916; x_wconf 88' lang='lat' dir='ltr'>Salvatoris</span> <span class='ocrx_word' id='word_1_60' title='bbox 554 860 736 915; x_wconf 84' lang='lat' dir='ltr'>nostri</span> <span class='ocrx_word' id='word_1_61' title='bbox 788 860 1251 914; x_wconf 83' lang='lat' dir='ltr'>incarnationem</span> <span class='ocrx_word' id='word_1_62' title='bbox 1305 860 1598 931; x_wconf 83' lang='lat' dir='ltr'>designat,</span> <span class='ocrx_word' id='word_1_63' title='bbox 1652 861 1712 913; x_wconf 94' lang='lat' dir='ltr'>in</span> <span class='ocrx_word' id='word_1_64' title='bbox 1745 876 1861 930; x_wconf 91' lang='lat' dir='ltr'>quo</span> 
     </span>
    </p>
   </div>
   <div class='ocr_carea' id='block_1_10' title="bbox 221 948 1858 1019">
    <p class='ocr_par' dir='ltr' id='par_1_10' title="bbox 221 948 1858 1019">
     <span class='ocr_line' id='line_1_10' title="bbox 221 948 1858 1019; baseline -0.001 -15"><span class='ocrx_word' id='word_1_65' title='bbox 221 954 349 1005; x_wconf 85' lang='lat' dir='ltr'>sunt</span> <span class='ocrx_word' id='word_1_66' title='bbox 378 966 581 1004; x_wconf 90' lang='lat' dir='ltr'>omnes</span> <span class='ocrx_word' id='word_1_67' title='bbox 614 948 870 1003; x_wconf 77' lang='lat' dir='ltr'>thesauri</span> <span class='ocrx_word' id='word_1_68' title='bbox 901 949 1201 1019; x_wconf 57' lang='lat' dir='ltr'>sapientia</span> <span class='ocrx_word' id='word_1_69' title='bbox 1234 951 1291 1003; x_wconf 92' lang='lat' dir='ltr'>et</span> <span class='ocrx_word' id='word_1_70' title='bbox 1330 949 1586 1003; x_wconf 71' lang='lat' dir='ltr'>scientiae</span> <span class='ocrx_word' id='word_1_71' title='bbox 1614 949 1858 1003; x_wconf 89' lang='lat' dir='ltr'>abscon-</span> 
     </span>
    </p>
   </div>
   <div class='ocr_carea' id='block_1_11' title="bbox 221 1038 1856 1107">
    <p class='ocr_par' dir='ltr' id='par_1_11' title="bbox 221 1038 1856 1107">
     <span class='ocr_line' id='line_1_11' title="bbox 221 1038 1856 1107; baseline -0.001 -15"><span class='ocrx_word' id='word_1_72' title='bbox 221 1038 337 1093; x_wconf 91' lang='lat' dir='ltr'>diti.</span> <span class='ocrx_word' id='word_1_73' title='bbox 370 1038 756 1092; x_wconf 88' lang='lat' dir='ltr'>Circumtecta</span> <span class='ocrx_word' id='word_1_74' title='bbox 786 1052 854 1090; x_wconf 85' lang='lat' dir='ltr'>ex</span> <span class='ocrx_word' id='word_1_75' title='bbox 886 1038 1043 1091; x_wconf 90' lang='lat' dir='ltr'>omni</span> <span class='ocrx_word' id='word_1_76' title='bbox 1085 1041 1245 1107; x_wconf 88' lang='lat' dir='ltr'>parte</span> <span class='ocrx_word' id='word_1_77' title='bbox 1278 1054 1419 1092; x_wconf 90' lang='lat' dir='ltr'>auro</span> <span class='ocrx_word' id='word_1_78' title='bbox 1445 1038 1856 1101; x_wconf 88' lang='lat' dir='ltr'>mundissimo,</span> 
     </span>
    </p>
   </div>
   <div class='ocr_carea' id='block_1_12' title="bbox 219 1125 1857 1198">
    <p class='ocr_par' dir='ltr' id='par_1_12' title="bbox 219 1125 1857 1198">
     <span class='ocr_line' id='line_1_12' title="bbox 219 1125 1857 1198; baseline 0 -17"><span class='ocrx_word' id='word_1_79' title='bbox 219 1127 346 1198; x_wconf 90' lang='lat' dir='ltr'>quia</span> <span class='ocrx_word' id='word_1_80' title='bbox 361 1130 665 1197; x_wconf 90' lang='lat' dir='ltr'>assumpta</span> <span class='ocrx_word' id='word_1_81' title='bbox 696 1144 729 1180; x_wconf 90' lang='lat' dir='ltr'>a</span> <span class='ocrx_word' id='word_1_82' title='bbox 761 1125 902 1180; x_wconf 89' lang='lat' dir='ltr'>Filio</span> <span class='ocrx_word' id='word_1_83' title='bbox 936 1126 1031 1181; x_wconf 89' lang='lat' dir='ltr'>Dei</span> <span class='ocrx_word' id='word_1_84' title='bbox 1065 1126 1325 1181; x_wconf 90' lang='lat' dir='ltr'>humana</span> <span class='ocrx_word' id='word_1_85' title='bbox 1355 1132 1583 1191; x_wconf 81' lang='lat' dir='ltr'>natura,</span> <span class='ocrx_word' id='word_1_86' title='bbox 1607 1130 1664 1181; x_wconf 91' lang='lat' dir='ltr'>et</span> <span class='ocrx_word' id='word_1_87' title='bbox 1697 1127 1857 1181; x_wconf 91' lang='lat' dir='ltr'>intus</span> 
     </span>
    </p>
   </div>
   <div class='ocr_carea' id='block_1_13' title="bbox 218 1214 1856 1286">
    <p class='ocr_par' dir='ltr' id='par_1_13' title="bbox 218 1214 1856 1286">
     <span class='ocr_line' id='line_1_13' title="bbox 218 1214 1856 1286; baseline 0 -18"><span class='ocrx_word' id='word_1_88' title='bbox 218 1215 419 1270; x_wconf 87' lang='lat' dir='ltr'>virtute</span> <span class='ocrx_word' id='word_1_89' title='bbox 442 1215 627 1270; x_wconf 89' lang='lat' dir='ltr'>sancti</span> <span class='ocrx_word' id='word_1_90' title='bbox 651 1214 907 1286; x_wconf 87' lang='lat' dir='ltr'>Spiritus</span> <span class='ocrx_word' id='word_1_91' title='bbox 933 1214 1102 1285; x_wconf 90' lang='lat' dir='ltr'>plena</span> <span class='ocrx_word' id='word_1_92' title='bbox 1119 1220 1262 1281; x_wconf 89' lang='lat' dir='ltr'>erat,</span> <span class='ocrx_word' id='word_1_93' title='bbox 1284 1220 1340 1269; x_wconf 90' lang='lat' dir='ltr'>et</span> <span class='ocrx_word' id='word_1_94' title='bbox 1363 1216 1501 1269; x_wconf 84' lang='lat' dir='ltr'>foris</span> <span class='ocrx_word' id='word_1_95' title='bbox 1519 1214 1856 1270; x_wconf 86' lang='lat' dir='ltr'>hominibus</span> 
     </span>
    </p>
   </div>
   <div class='ocr_carea' id='block_1_14' title="bbox 220 1303 1857 1375">
    <p class='ocr_par' dir='ltr' id='par_1_14' title="bbox 220 1303 1857 1375">
     <span class='ocr_line' id='line_1_14' title="bbox 220 1303 1857 1375; baseline -0.001 -17"><span class='ocrx_word' id='word_1_96' title='bbox 220 1309 403 1375; x_wconf 89' lang='lat' dir='ltr'>aperte</span> <span class='ocrx_word' id='word_1_97' title='bbox 423 1304 607 1359; x_wconf 87' lang='lat' dir='ltr'>sancti</span> <span class='ocrx_word' id='word_1_98' title='bbox 630 1303 885 1375; x_wconf 87' lang='lat' dir='ltr'>Spiritus</span> <span class='ocrx_word' id='word_1_99' title='bbox 917 1320 1092 1375; x_wconf 86' lang='lat' dir='ltr'>opera</span> <span class='ocrx_word' id='word_1_100' title='bbox 1114 1304 1620 1374; x_wconf 57' lang='lat' dir='ltr'>pramonstrabat.</span> <span class='ocrx_word' id='word_1_101' title='bbox 1643 1303 1857 1357; x_wconf 89' lang='lat' dir='ltr'>Urnam</span> 
     </span>
    </p>
   </div>
   <div class='ocr_carea' id='block_1_15' title="bbox 219 1392 1857 1463">
    <p class='ocr_par' dir='ltr' id='par_1_15' title="bbox 219 1392 1857 1463">
     <span class='ocr_line' id='line_1_15' title="bbox 219 1392 1857 1463; baseline -0.001 -16"><span class='ocrx_word' id='word_1_102' title='bbox 219 1409 439 1463; x_wconf 89' lang='lat' dir='ltr'>quoque</span> <span class='ocrx_word' id='word_1_103' title='bbox 452 1408 711 1459; x_wconf 86' lang='lat' dir='ltr'>auream,</span> <span class='ocrx_word' id='word_1_104' title='bbox 735 1392 841 1446; x_wconf 89' lang='lat' dir='ltr'>hoc</span> <span class='ocrx_word' id='word_1_105' title='bbox 856 1396 965 1457; x_wconf 86' lang='lat' dir='ltr'>est,</span> <span class='ocrx_word' id='word_1_106' title='bbox 989 1408 1221 1447; x_wconf 89' lang='lat' dir='ltr'>carnem</span> <span class='ocrx_word' id='word_1_107' title='bbox 1244 1392 1626 1463; x_wconf 86' lang='lat' dir='ltr'>intelligimus</span> <span class='ocrx_word' id='word_1_108' title='bbox 1644 1392 1857 1447; x_wconf 87' lang='lat' dir='ltr'>Christi</span> 
     </span>
    </p>
   </div>
   <div class='ocr_carea' id='block_1_16' title="bbox 218 1481 1861 1553">
    <p class='ocr_par' dir='ltr' id='par_1_16' title="bbox 218 1481 1861 1553">
     <span class='ocr_line' id='line_1_16' title="bbox 218 1481 1861 1553; baseline 0 -18"><span class='ocrx_word' id='word_1_109' title='bbox 218 1498 411 1553; x_wconf 89' lang='lat' dir='ltr'>puram</span> <span class='ocrx_word' id='word_1_110' title='bbox 430 1488 601 1552; x_wconf 89' lang='lat' dir='ltr'>atque</span> <span class='ocrx_word' id='word_1_111' title='bbox 616 1481 925 1547; x_wconf 86' lang='lat' dir='ltr'>sinceram,</span> <span class='ocrx_word' id='word_1_112' title='bbox 960 1498 1085 1552; x_wconf 63' lang='lat' dir='ltr'>qua:</span> <span class='ocrx_word' id='word_1_113' title='bbox 1102 1482 1464 1535; x_wconf 88' lang='lat' dir='ltr'>reconditum</span> <span class='ocrx_word' id='word_1_114' title='bbox 1484 1482 1541 1535; x_wconf 92' lang='lat' dir='ltr'>in</span> <span class='ocrx_word' id='word_1_115' title='bbox 1571 1498 1629 1535; x_wconf 90' lang='lat' dir='ltr'>se</span> <span class='ocrx_word' id='word_1_116' title='bbox 1646 1499 1861 1535; x_wconf 90' lang='lat' dir='ltr'>manna</span> 
     </span>
    </p>
   </div>
   <div class='ocr_carea' id='block_1_17' title="bbox 216 1570 1861 1642">
    <p class='ocr_par' dir='ltr' id='par_1_17' title="bbox 216 1570 1861 1642">
     <span class='ocr_line' id='line_1_17' title="bbox 216 1570 1861 1642; baseline 0 -17"><span class='ocrx_word' id='word_1_117' title='bbox 216 1570 1162 1642; x_wconf 68' lang='lat' dir='ltr'>perpetueedivinitatisconservat,</span> <span class='ocrx_word' id='word_1_118' title='bbox 1178 1576 1233 1623; x_wconf 92' lang='lat' dir='ltr'>et</span> <span class='ocrx_word' id='word_1_119' title='bbox 1252 1570 1501 1642; x_wconf 86' lang='lat' dir='ltr'>angelici</span> <span class='ocrx_word' id='word_1_120' title='bbox 1516 1570 1677 1625; x_wconf 90' lang='lat' dir='ltr'>illius</span> <span class='ocrx_word' id='word_1_121' title='bbox 1694 1571 1861 1642; x_wconf 84' lang='lat' dir='ltr'>panis</span> 
     </span>
    </p>
   </div>
   <div class='ocr_carea' id='block_1_18' title="bbox 215 1659 1859 1732">
    <p class='ocr_par' dir='ltr' id='par_1_18' title="bbox 215 1659 1859 1732">
     <span class='ocr_line' id='line_1_18' title="bbox 215 1659 1859 1732; baseline -0.001 -17"><span class='ocrx_word' id='word_1_122' title='bbox 215 1677 518 1732; x_wconf 87' lang='lat' dir='ltr'>perennem</span> <span class='ocrx_word' id='word_1_123' title='bbox 536 1660 828 1716; x_wconf 82' lang='lat' dir='ltr'>ccelestem</span> <span class='ocrx_word' id='word_1_124' title='bbox 847 1659 1398 1731; x_wconf 86' lang='lat' dir='ltr'>geritdulcedinem.</span> <span class='ocrx_word' id='word_1_125' title='bbox 1428 1661 1659 1715; x_wconf 87' lang='lat' dir='ltr'>Necnon</span> <span class='ocrx_word' id='word_1_126' title='bbox 1684 1660 1859 1714; x_wconf 87' lang='lat' dir='ltr'>etiam</span> 
     </span>
    </p>
   </div>
   <div class='ocr_carea' id='block_1_19' title="bbox 213 1748 1860 1821">
    <p class='ocr_par' dir='ltr' id='par_1_19' title="bbox 213 1748 1860 1821">
     <span class='ocr_line' id='line_1_19' title="bbox 213 1748 1860 1821; baseline -0.001 -18"><span class='ocrx_word' id='word_1_127' title='bbox 213 1749 426 1821; x_wconf 87' lang='lat' dir='ltr'>virgam</span> <span class='ocrx_word' id='word_1_128' title='bbox 461 1757 673 1816; x_wconf 86' lang='lat' dir='ltr'>Aaron,</span> <span class='ocrx_word' id='word_1_129' title='bbox 709 1750 767 1803; x_wconf 89' lang='lat' dir='ltr'>id</span> <span class='ocrx_word' id='word_1_130' title='bbox 795 1755 902 1819; x_wconf 90' lang='lat' dir='ltr'>est,</span> <span class='ocrx_word' id='word_1_131' title='bbox 932 1750 1194 1818; x_wconf 76' lang='lat' dir='ltr'>ejusdem</span> <span class='ocrx_word' id='word_1_132' title='bbox 1221 1748 1440 1803; x_wconf 89' lang='lat' dir='ltr'>summi</span> <span class='ocrx_word' id='word_1_133' title='bbox 1462 1750 1698 1820; x_wconf 78' lang='lat' dir='ltr'>verique</span> <span class='ocrx_word' id='word_1_134' title='bbox 1721 1765 1860 1819; x_wconf 93' lang='lat' dir='ltr'>pon-</span> 
     </span>
    </p>
   </div>
   <div class='ocr_carea' id='block_1_20' title="bbox 214 1838 1861 1907">
    <p class='ocr_par' dir='ltr' id='par_1_20' title="bbox 214 1838 1861 1907">
     <span class='ocr_line' id='line_1_20' title="bbox 214 1838 1861 1907; baseline -0.001 -15"><span class='ocrx_word' id='word_1_135' title='bbox 214 1838 402 1907; x_wconf 87' lang='lat' dir='ltr'>tiﬁcis,</span> <span class='ocrx_word' id='word_1_136' title='bbox 437 1856 551 1894; x_wconf 93' lang='lat' dir='ltr'>non</span> <span class='ocrx_word' id='word_1_137' title='bbox 587 1838 698 1893; x_wconf 91' lang='lat' dir='ltr'>nisi</span> <span class='ocrx_word' id='word_1_138' title='bbox 728 1839 953 1893; x_wconf 88' lang='lat' dir='ltr'>Domini</span> <span class='ocrx_word' id='word_1_139' title='bbox 990 1839 1173 1892; x_wconf 84' lang='lat' dir='ltr'>nostri</span> <span class='ocrx_word' id='word_1_140' title='bbox 1199 1839 1338 1893; x_wconf 88' lang='lat' dir='ltr'>Jesu</span> <span class='ocrx_word' id='word_1_141' title='bbox 1368 1838 1578 1893; x_wconf 86' lang='lat' dir='ltr'>Christi</span> <span class='ocrx_word' id='word_1_142' title='bbox 1606 1839 1861 1892; x_wconf 88' lang='lat' dir='ltr'>salutare</span> 
     </span>
    </p>
   </div>
   <div class='ocr_carea' id='block_1_21' title="bbox 213 1926 1860 1999">
    <p class='ocr_par' dir='ltr' id='par_1_21' title="bbox 213 1926 1860 1999">
     <span class='ocr_line' id='line_1_21' title="bbox 213 1926 1860 1999; baseline 0 -18"><span class='ocrx_word' id='word_1_143' title='bbox 213 1927 500 1994; x_wconf 87' lang='lat' dir='ltr'>vexillum,</span> <span class='ocrx_word' id='word_1_144' title='bbox 515 1932 573 1982; x_wconf 86' lang='lat' dir='ltr'>et</span> <span class='ocrx_word' id='word_1_145' title='bbox 588 1927 937 1983; x_wconf 73' lang='lat' dir='ltr'>immortalis</span> <span class='ocrx_word' id='word_1_146' title='bbox 956 1926 1247 1982; x_wconf 68' lang='lat' dir='ltr'>memoriae</span> <span class='ocrx_word' id='word_1_147' title='bbox 1263 1942 1495 1999; x_wconf 88' lang='lat' dir='ltr'>semper</span> <span class='ocrx_word' id='word_1_148' title='bbox 1508 1928 1860 1981; x_wconf 87' lang='lat' dir='ltr'>viriditatem</span> 
     </span>
    </p>
   </div>
   <div class='ocr_carea' id='block_1_22' title="bbox 214 2014 1861 2087">
    <p class='ocr_par' dir='ltr' id='par_1_22' title="bbox 214 2014 1861 2087">
     <span class='ocr_line' id='line_1_22' title="bbox 214 2014 1861 2087; baseline -0.001 -17"><span class='ocrx_word' id='word_1_149' title='bbox 214 2017 591 2071; x_wconf 81' lang='lat' dir='ltr'>frondentem.</span> <span class='ocrx_word' id='word_1_150' title='bbox 618 2015 851 2071; x_wconf 65' lang='lat' dir='ltr'>Tabulae</span> <span class='ocrx_word' id='word_1_151' title='bbox 880 2032 1112 2087; x_wconf 90' lang='lat' dir='ltr'>quoque</span> <span class='ocrx_word' id='word_1_152' title='bbox 1133 2014 1374 2086; x_wconf 66' lang='lat' dir='ltr'>lapideae</span> <span class='ocrx_word' id='word_1_153' title='bbox 1400 2033 1512 2070; x_wconf 91' lang='lat' dir='ltr'>non</span> <span class='ocrx_word' id='word_1_154' title='bbox 1538 2016 1861 2087; x_wconf 86' lang='lat' dir='ltr'>incongrue</span> 
     </span>
    </p>
   </div>
   <div class='ocr_carea' id='block_1_23' title="bbox 214 2103 1858 2176">
    <p class='ocr_par' dir='ltr' id='par_1_23' title="bbox 214 2103 1858 2176">
     <span class='ocr_line' id='line_1_23' title="bbox 214 2103 1858 2176; baseline 0.001 -19"><span class='ocrx_word' id='word_1_155' title='bbox 214 2103 458 2175; x_wconf 89' lang='lat' dir='ltr'>duplicis</span> <span class='ocrx_word' id='word_1_156' title='bbox 474 2106 805 2160; x_wconf 80' lang='lat' dir='ltr'>testamenti</span> <span class='ocrx_word' id='word_1_157' title='bbox 820 2109 1157 2175; x_wconf 81' lang='lat' dir='ltr'>perpetuam</span> <span class='ocrx_word' id='word_1_158' title='bbox 1175 2103 1510 2159; x_wconf 89' lang='lat' dir='ltr'>ﬁrmitatem</span> <span class='ocrx_word' id='word_1_159' title='bbox 1530 2105 1858 2176; x_wconf 89' lang='lat' dir='ltr'>designant.</span> 
     </span>
    </p>
   </div>
   <div class='ocr_carea' id='block_1_24' title="bbox 213 2191 1859 2264">
    <p class='ocr_par' dir='ltr' id='par_1_24' title="bbox 213 2191 1859 2264">
     <span class='ocr_line' id='line_1_24' title="bbox 213 2191 1859 2264; baseline 0 -17"><span class='ocrx_word' id='word_1_160' title='bbox 213 2193 683 2264; x_wconf 88' lang='lat' dir='ltr'>Propitiatorium</span> <span class='ocrx_word' id='word_1_161' title='bbox 718 2193 933 2264; x_wconf 90' lang='lat' dir='ltr'>quippe</span> <span class='ocrx_word' id='word_1_162' title='bbox 982 2209 1097 2246; x_wconf 90' lang='lat' dir='ltr'>non</span> <span class='ocrx_word' id='word_1_163' title='bbox 1132 2191 1291 2246; x_wconf 88' lang='lat' dir='ltr'>aliud</span> <span class='ocrx_word' id='word_1_164' title='bbox 1335 2209 1512 2263; x_wconf 89' lang='lat' dir='ltr'>quam</span> <span class='ocrx_word' id='word_1_165' title='bbox 1546 2193 1859 2247; x_wconf 90' lang='lat' dir='ltr'>Dominum</span> 
     </span>
    </p>
   </div>
   <div class='ocr_carea' id='block_1_25' title="bbox 217 2280 1861 2352">
    <p class='ocr_par' dir='ltr' id='par_1_25' title="bbox 217 2280 1861 2352">
     <span class='ocr_line' id='line_1_25' title="bbox 217 2280 1861 2352; baseline -0.001 -15"><span class='ocrx_word' id='word_1_166' title='bbox 217 2281 589 2349; x_wconf 88' lang='lat' dir='ltr'>Salvatorem,</span> <span class='ocrx_word' id='word_1_167' title='bbox 624 2281 845 2336; x_wconf 88' lang='lat' dir='ltr'>scilicet</span> <span class='ocrx_word' id='word_1_168' title='bbox 875 2280 1187 2352; x_wconf 86' lang='lat' dir='ltr'>specialius</span> <span class='ocrx_word' id='word_1_169' title='bbox 1214 2281 1272 2335; x_wconf 90' lang='lat' dir='ltr'>in</span> <span class='ocrx_word' id='word_1_170' title='bbox 1296 2298 1361 2336; x_wconf 89' lang='lat' dir='ltr'>eo</span> <span class='ocrx_word' id='word_1_171' title='bbox 1384 2281 1607 2336; x_wconf 86' lang='lat' dir='ltr'>viscera</span> <span class='ocrx_word' id='word_1_172' title='bbox 1630 2281 1861 2352; x_wconf 86' lang='lat' dir='ltr'>pietatis</span> 
     </span>
    </p>
   </div>
   <div class='ocr_carea' id='block_1_26' title="bbox 215 2370 1859 2442">
    <p class='ocr_par' dir='ltr' id='par_1_26' title="bbox 215 2370 1859 2442">
     <span class='ocr_line' id='line_1_26' title="bbox 215 2370 1859 2442; baseline 0.001 -18"><span class='ocrx_word' id='word_1_173' title='bbox 215 2371 514 2442; x_wconf 90' lang='lat' dir='ltr'>designat;</span> <span class='ocrx_word' id='word_1_174' title='bbox 544 2372 613 2425; x_wconf 90' lang='lat' dir='ltr'>de</span> <span class='ocrx_word' id='word_1_175' title='bbox 642 2387 757 2441; x_wconf 93' lang='lat' dir='ltr'>quo</span> <span class='ocrx_word' id='word_1_176' title='bbox 789 2371 933 2425; x_wconf 87' lang='lat' dir='ltr'>dicit</span> <span class='ocrx_word' id='word_1_177' title='bbox 962 2370 1315 2441; x_wconf 80' lang='lat' dir='ltr'>Apostolus:</span> <span class='ocrx_word' id='word_1_178' title='bbox 1377 2392 1403 2419; x_wconf 85' lang='lat'><strong>«</strong></span> <span class='ocrx_word' id='word_1_179' title='bbox 1436 2374 1619 2436; x_wconf 86' lang='lat' dir='ltr'>Quem</span> <span class='ocrx_word' id='word_1_180' title='bbox 1651 2388 1859 2442; x_wconf 90' lang='lat' dir='ltr'>propo-</span> 
     </span>
    </p>
   </div>
   <div class='ocr_carea' id='block_1_27' title="bbox 213 2458 1861 2531">
    <p class='ocr_par' dir='ltr' id='par_1_27' title="bbox 213 2458 1861 2531">
     <span class='ocr_line' id='line_1_27' title="bbox 213 2458 1861 2531; baseline 0 -17"><span class='ocrx_word' id='word_1_181' title='bbox 213 2461 326 2514; x_wconf 87' lang='lat' dir='ltr'>suit</span> <span class='ocrx_word' id='word_1_182' title='bbox 342 2460 491 2514; x_wconf 88' lang='lat' dir='ltr'>Deus</span> <span class='ocrx_word' id='word_1_183' title='bbox 506 2458 980 2530; x_wconf 89' lang='lat' dir='ltr'>propitiationem</span> <span class='ocrx_word' id='word_1_184' title='bbox 997 2459 1283 2530; x_wconf 82' lang='lat' dir='ltr'>perfidem</span> <span class='ocrx_word' id='word_1_185' title='bbox 1302 2461 1359 2513; x_wconf 91' lang='lat' dir='ltr'>in</span> <span class='ocrx_word' id='word_1_186' title='bbox 1376 2460 1661 2531; x_wconf 86' lang='lat' dir='ltr'>sanguine</span> <span class='ocrx_word' id='word_1_187' title='bbox 1676 2463 1687 2512; x_wconf 89' lang='lat' dir='ltr'>i</span> <span class='ocrx_word' id='word_1_188' title='bbox 1702 2462 1861 2531; x_wconf 90' lang='lat' dir='ltr'>psius</span> 
     </span>
    </p>
   </div>
   <div class='ocr_carea' id='block_1_28' title="bbox 215 2548 1863 2620">
    <p class='ocr_par' dir='ltr' id='par_1_28' title="bbox 215 2548 1863 2620">
     <span class='ocr_line' id='line_1_28' title="bbox 215 2548 1863 2620; baseline -0.001 -16"><span class='ocrx_word' id='word_1_189' title='bbox 215 2550 382 2620; x_wconf 82' lang='lat' dir='ltr'>(Rom.</span> <span class='ocrx_word' id='word_1_190' title='bbox 423 2566 508 2613; x_wconf 79' lang='grc' dir='ltr'>ιιι,</span> <span class='ocrx_word' id='word_1_191' title='bbox 539 2550 651 2617; x_wconf 78' lang='lat'>‘25).</span> <span class='ocrx_word' id='word_1_192' title='bbox 688 2570 715 2597; x_wconf 86' lang='grc'><strong>››</strong></span> <span class='ocrx_word' id='word_1_193' title='bbox 743 2549 885 2601; x_wconf 90' lang='lat' dir='ltr'>Nam</span> <span class='ocrx_word' id='word_1_194' title='bbox 921 2561 973 2601; x_wconf 90' lang='lat' dir='ltr'>et</span> <span class='ocrx_word' id='word_1_195' title='bbox 1006 2548 1135 2602; x_wconf 90' lang='lat' dir='ltr'>ideo</span> <span class='ocrx_word' id='word_1_196' title='bbox 1185 2550 1437 2619; x_wconf 86' lang='lat' dir='ltr'>desuper</span> <span class='ocrx_word' id='word_1_197' title='bbox 1468 2549 1686 2620; x_wconf 87' lang='lat' dir='ltr'>posuit,</span> <span class='ocrx_word' id='word_1_198' title='bbox 1722 2550 1863 2619; x_wconf 88' lang='lat' dir='ltr'>quia</span> 
     </span>
    </p>
   </div>
   <div class='ocr_carea' id='block_1_29' title="bbox 213 2636 1859 2708">
    <p class='ocr_par' dir='ltr' id='par_1_29' title="bbox 213 2636 1859 2708">
     <span class='ocr_line' id='line_1_29' title="bbox 213 2636 1859 2708; baseline -0.001 -16"><span class='ocrx_word' id='word_1_199' title='bbox 213 2637 677 2708; x_wconf 83' lang='lat' dir='ltr'>superexaltatur</span> <span class='ocrx_word' id='word_1_200' title='bbox 699 2636 1097 2691; x_wconf 87' lang='lat' dir='ltr'>misericordia</span> <span class='ocrx_word' id='word_1_201' title='bbox 1129 2638 1352 2707; x_wconf 87' lang='lat' dir='ltr'>judicio</span> <span class='ocrx_word' id='word_1_202' title='bbox 1384 2656 1396 2692; x_wconf 88' lang='lat'>:</span> <span class='ocrx_word' id='word_1_203' title='bbox 1434 2639 1589 2692; x_wconf 87' lang='lat' dir='ltr'>unde</span> <span class='ocrx_word' id='word_1_204' title='bbox 1626 2644 1679 2692; x_wconf 90' lang='lat' dir='ltr'>et</span> <span class='ocrx_word' id='word_1_205' title='bbox 1702 2636 1859 2692; x_wconf 87' lang='lat' dir='ltr'>Psal-</span> 
     </span>
    </p>
   </div>
   <div class='ocr_carea' id='block_1_30' title="bbox 213 2726 1859 2797">
    <p class='ocr_par' dir='ltr' id='par_1_30' title="bbox 213 2726 1859 2797">
     <span class='ocr_line' id='line_1_30' title="bbox 213 2726 1859 2797; baseline -0.001 -16"><span class='ocrx_word' id='word_1_206' title='bbox 213 2728 428 2781; x_wconf 84' lang='lat' dir='ltr'>mista:</span> <span class='ocrx_word' id='word_1_207' title='bbox 470 2747 497 2777; x_wconf 74' lang='grc' dir='ltr'><strong>α</strong></span> <span class='ocrx_word' id='word_1_208' title='bbox 526 2726 755 2793; x_wconf 84' lang='lat' dir='ltr'>Suavis,</span> <span class='ocrx_word' id='word_1_209' title='bbox 792 2726 1005 2797; x_wconf 87' lang='lat' dir='ltr'>inquit,</span> <span class='ocrx_word' id='word_1_210' title='bbox 1030 2726 1312 2780; x_wconf 88' lang='lat' dir='ltr'>Dominus</span> <span class='ocrx_word' id='word_1_211' title='bbox 1340 2727 1644 2794; x_wconf 87' lang='lat' dir='ltr'>universis,</span> <span class='ocrx_word' id='word_1_212' title='bbox 1673 2732 1727 2781; x_wconf 91' lang='lat' dir='ltr'>et</span> <span class='ocrx_word' id='word_1_213' title='bbox 1751 2726 1859 2781; x_wconf 89' lang='lat' dir='ltr'>mi-</span> 
     </span>
    </p>
   </div>
   <div class='ocr_carea' id='block_1_31' title="bbox 214 2814 1859 2887">
    <p class='ocr_par' dir='ltr' id='par_1_31' title="bbox 214 2814 1859 2887">
     <span class='ocr_line' id='line_1_31' title="bbox 214 2814 1859 2887; baseline -0.001 -15"><span class='ocrx_word' id='word_1_214' title='bbox 214 2816 528 2872; x_wconf 85' lang='lat' dir='ltr'>serationes</span> <span class='ocrx_word' id='word_1_215' title='bbox 549 2816 677 2884; x_wconf 88' lang='lat' dir='ltr'>ejus</span> <span class='ocrx_word' id='word_1_216' title='bbox 700 2832 875 2886; x_wconf 87' lang='lat' dir='ltr'>super</span> <span class='ocrx_word' id='word_1_217' title='bbox 896 2814 1091 2870; x_wconf 82' lang='lat' dir='ltr'>omnia</span> <span class='ocrx_word' id='word_1_218' title='bbox 1123 2832 1298 2886; x_wconf 90' lang='lat' dir='ltr'>opera</span> <span class='ocrx_word' id='word_1_219' title='bbox 1329 2817 1456 2885; x_wconf 87' lang='lat' dir='ltr'>ejus</span> <span class='ocrx_word' id='word_1_220' title='bbox 1478 2818 1647 2885; x_wconf 71' lang='lat' dir='ltr'>(Psal.</span> <span class='ocrx_word' id='word_1_221' title='bbox 1677 2834 1859 2887; x_wconf 77' lang='lat' dir='ltr'>cxmv,</span> 
     </span>
    </p>
   </div>
   <div class='ocr_carea' id='block_1_32' title="bbox 210 2904 1860 2975">
    <p class='ocr_par' dir='ltr' id='par_1_32' title="bbox 210 2904 1860 2975">
     <span class='ocr_line' id='line_1_32' title="bbox 210 2904 1860 2975; baseline 0 -17"><span class='ocrx_word' id='word_1_222' title='bbox 210 2906 287 2975; x_wconf 75' lang='lat'>9).</span> <span class='ocrx_word' id='word_1_223' title='bbox 321 2927 347 2955; x_wconf 87' lang='grc'>››</span> <span class='ocrx_word' id='word_1_224' title='bbox 380 2906 558 2974; x_wconf 86' lang='lat' dir='ltr'>Cujus</span> <span class='ocrx_word' id='word_1_225' title='bbox 589 2921 622 2959; x_wconf 90' lang='lat' dir='ltr'>a</span> <span class='ocrx_word' id='word_1_226' title='bbox 654 2904 889 2971; x_wconf 80' lang='lat' dir='ltr'>dextris,</span> <span class='ocrx_word' id='word_1_227' title='bbox 924 2910 980 2959; x_wconf 89' lang='lat' dir='ltr'>et</span> <span class='ocrx_word' id='word_1_228' title='bbox 1011 2921 1044 2958; x_wconf 89' lang='lat' dir='ltr'>a</span> <span class='ocrx_word' id='word_1_229' title='bbox 1093 2904 1351 2958; x_wconf 86' lang='lat' dir='ltr'>sinistris</span> <span class='ocrx_word' id='word_1_230' title='bbox 1398 2906 1511 2958; x_wconf 92' lang='lat' dir='ltr'>duo</span> <span class='ocrx_word' id='word_1_231' title='bbox 1557 2905 1860 2958; x_wconf 87' lang='lat' dir='ltr'>cherubim</span> 
     </span>
    </p>
   </div>
   <div class='ocr_carea' id='block_1_33' title="bbox 213 2991 1859 3064">
    <p class='ocr_par' dir='ltr' id='par_1_33' title="bbox 213 2991 1859 3064">
     <span class='ocr_line' id='line_1_33' title="bbox 213 2991 1859 3064; baseline 0.001 -18"><span class='ocrx_word' id='word_1_232' title='bbox 213 2993 560 3062; x_wconf 87' lang='lat' dir='ltr'>consistunt,</span> <span class='ocrx_word' id='word_1_233' title='bbox 589 2993 742 3064; x_wconf 90' lang='lat' dir='ltr'>quod</span> <span class='ocrx_word' id='word_1_234' title='bbox 765 2997 853 3047; x_wconf 86' lang='lat' dir='ltr'>est</span> <span class='ocrx_word' id='word_1_235' title='bbox 878 2992 1179 3062; x_wconf 86' lang='lat' dir='ltr'>plenitudo</span> <span class='ocrx_word' id='word_1_236' title='bbox 1198 2993 1473 3059; x_wconf 79' lang='lat' dir='ltr'>scientiae,</span> <span class='ocrx_word' id='word_1_237' title='bbox 1502 2991 1561 3046; x_wconf 91' lang='lat' dir='ltr'>id</span> <span class='ocrx_word' id='word_1_238' title='bbox 1585 2998 1694 3059; x_wconf 90' lang='lat' dir='ltr'>est,</span> <span class='ocrx_word' id='word_1_239' title='bbox 1719 2993 1859 3047; x_wconf 91' lang='lat' dir='ltr'>dile-</span> 
     </span>
    </p>
   </div>
   <div class='ocr_carea' id='block_1_34' title="bbox 213 3079 1855 3153">
    <p class='ocr_par' dir='ltr' id='par_1_34' title="bbox 213 3079 1855 3153">
     <span class='ocr_line' id='line_1_34' title="bbox 213 3079 1855 3153; baseline 0.001 -19"><span class='ocrx_word' id='word_1_240' title='bbox 213 3081 325 3135; x_wconf 90' lang='lat' dir='ltr'>ctio</span> <span class='ocrx_word' id='word_1_241' title='bbox 347 3081 447 3136; x_wconf 90' lang='lat' dir='ltr'>Dei</span> <span class='ocrx_word' id='word_1_242' title='bbox 470 3086 526 3136; x_wconf 92' lang='lat' dir='ltr'>et</span> <span class='ocrx_word' id='word_1_243' title='bbox 548 3081 791 3153; x_wconf 84' lang='lat' dir='ltr'>proximi</span> <span class='ocrx_word' id='word_1_244' title='bbox 818 3101 831 3145; x_wconf 72' lang='grc' dir='ltr'>ς</span> <span class='ocrx_word' id='word_1_245' title='bbox 865 3097 967 3151; x_wconf 90' lang='lat' dir='ltr'>per</span> <span class='ocrx_word' id='word_1_246' title='bbox 1003 3080 1155 3150; x_wconf 91' lang='lat' dir='ltr'>quod</span> <span class='ocrx_word' id='word_1_247' title='bbox 1200 3079 1485 3135; x_wconf 87' lang='lat' dir='ltr'>Dominus</span> <span class='ocrx_word' id='word_1_248' title='bbox 1509 3080 1855 3136; x_wconf 88' lang='lat' dir='ltr'>ostenditur.</span> 
     </span>
    </p>
   </div>
   <div class='ocr_carea' id='block_1_35' title="bbox 1972 506 3623 585">
    <p class='ocr_par' dir='ltr' id='par_1_35' title="bbox 1972 506 3623 585">
     <span class='ocr_line' id='line_1_35' title="bbox 1972 506 3623 585; baseline 0.007 -26"><span class='ocrx_word' id='word_1_249' title='bbox 1972 506 2236 561; x_wconf 88' lang='lat' dir='ltr'>Ostendit</span> <span class='ocrx_word' id='word_1_250' title='bbox 2266 507 2405 562; x_wconf 88' lang='lat' dir='ltr'>illud</span> <span class='ocrx_word' id='word_1_251' title='bbox 2453 511 2578 579; x_wconf 86' lang='lat' dir='ltr'>jam</span> <span class='ocrx_word' id='word_1_252' title='bbox 2630 512 2764 565; x_wconf 93' lang='lat' dir='ltr'>inde</span> <span class='ocrx_word' id='word_1_253' title='bbox 2797 512 2868 567; x_wconf 88' lang='lat' dir='ltr'>ab</span> <span class='ocrx_word' id='word_1_254' title='bbox 2921 511 3107 579; x_wconf 90' lang='lat' dir='ltr'>initio,</span> <span class='ocrx_word' id='word_1_255' title='bbox 3142 511 3434 584; x_wconf 88' lang='lat' dir='ltr'>siquidem</span> <span class='ocrx_word' id='word_1_256' title='bbox 3468 515 3623 585; x_wconf 88' lang='lat' dir='ltr'>quod</span> 
     </span>
    </p>
   </div>
   <div class='ocr_carea' id='block_1_36' title="bbox 1973 598 3623 672">
    <p class='ocr_par' dir='ltr' id='par_1_36' title="bbox 1973 598 3623 672">
     <span class='ocr_line' id='line_1_36' title="bbox 1973 598 3623 672; baseline 0.006 -25"><span class='ocrx_word' id='word_1_257' title='bbox 1973 598 2231 650; x_wconf 86' lang='lat' dir='ltr'>sanctius</span> <span class='ocrx_word' id='word_1_258' title='bbox 2262 604 2408 662; x_wconf 85' lang='lat' dir='ltr'>erat,</span> <span class='ocrx_word' id='word_1_259' title='bbox 2444 616 2628 654; x_wconf 89' lang='lat' dir='ltr'>unum</span> <span class='ocrx_word' id='word_1_260' title='bbox 2662 605 2805 656; x_wconf 90' lang='lat' dir='ltr'>erat.</span> <span class='ocrx_word' id='word_1_261' title='bbox 2839 602 3002 655; x_wconf 90' lang='lat' dir='ltr'>Tunc</span> <span class='ocrx_word' id='word_1_262' title='bbox 3035 601 3192 656; x_wconf 91' lang='lat' dir='ltr'>enim</span> <span class='ocrx_word' id='word_1_263' title='bbox 3223 603 3501 672; x_wconf 80' lang='lat' dir='ltr'>pontifex,</span> <span class='ocrx_word' id='word_1_264' title='bbox 3533 603 3623 657; x_wconf 90' lang='lat' dir='ltr'>in-</span> 
     </span>
    </p>
   </div>
   <div class='ocr_carea' id='block_1_37' title="bbox 1973 685 3622 757">
    <p class='ocr_par' dir='ltr' id='par_1_37' title="bbox 1973 685 3622 757">
     <span class='ocr_line' id='line_1_37' title="bbox 1973 685 3622 757; baseline 0.005 -20"><span class='ocrx_word' id='word_1_265' title='bbox 1973 686 2119 754; x_wconf 88' lang='lat' dir='ltr'>quit,</span> <span class='ocrx_word' id='word_1_266' title='bbox 2140 685 2317 739; x_wconf 77' lang='lat' dir='ltr'>semel</span> <span class='ocrx_word' id='word_1_267' title='bbox 2340 686 2633 757; x_wconf 67' lang='lat' dir='ltr'>offerebat,</span> <span class='ocrx_word' id='word_1_268' title='bbox 2654 694 2710 743; x_wconf 89' lang='lat' dir='ltr'>et</span> <span class='ocrx_word' id='word_1_269' title='bbox 2729 691 2909 744; x_wconf 88' lang='lat' dir='ltr'>semel</span> <span class='ocrx_word' id='word_1_270' title='bbox 2930 690 3224 745; x_wconf 87' lang='lat' dir='ltr'>credimus</span> <span class='ocrx_word' id='word_1_271' title='bbox 3244 690 3622 746; x_wconf 89' lang='lat' dir='ltr'>Mediatorem</span> 
     </span>
    </p>
   </div>
   <div class='ocr_carea' id='block_1_38' title="bbox 1973 774 3626 851">
    <p class='ocr_par' dir='ltr' id='par_1_38' title="bbox 1973 774 3626 851">
     <span class='ocr_line' id='line_1_38' title="bbox 1973 774 3626 851; baseline 0.006 -25"><span class='ocrx_word' id='word_1_272' title='bbox 1973 779 2236 828; x_wconf 89' lang='lat' dir='ltr'>nostrum</span> <span class='ocrx_word' id='word_1_273' title='bbox 2266 774 2321 828; x_wconf 93' lang='lat' dir='ltr'>in</span> <span class='ocrx_word' id='word_1_274' title='bbox 2348 776 2617 847; x_wconf 87' lang='lat' dir='ltr'>passione</span> <span class='ocrx_word' id='word_1_275' title='bbox 2640 778 2924 834; x_wconf 89' lang='lat' dir='ltr'>oblatum.</span> <span class='ocrx_word' id='word_1_276' title='bbox 2950 780 3015 833; x_wconf 74' lang='lat' dir='ltr'>Et</span> <span class='ocrx_word' id='word_1_277' title='bbox 3048 778 3196 835; x_wconf 90' lang='lat' dir='ltr'>bene</span> <span class='ocrx_word' id='word_1_278' title='bbox 3236 780 3403 851; x_wconf 84' lang='lat' dir='ltr'>dixit,</span> <span class='ocrx_word' id='word_1_279' title='bbox 3449 802 3477 830; x_wconf 86' lang='grc'>‹‹</span> <span class='ocrx_word' id='word_1_280' title='bbox 3510 797 3626 836; x_wconf 89' lang='lat' dir='ltr'>non</span> 
     </span>
    </p>
   </div>
   <div class='ocr_carea' id='block_1_39' title="bbox 1970 862 3627 939">
    <p class='ocr_par' dir='ltr' id='par_1_39' title="bbox 1970 862 3627 939">
     <span class='ocr_line' id='line_1_39' title="bbox 1970 862 3627 939; baseline 0.006 -24"><span class='ocrx_word' id='word_1_281' title='bbox 1970 862 2095 916; x_wconf 90' lang='lat' dir='ltr'>sine</span> <span class='ocrx_word' id='word_1_282' title='bbox 2118 863 2403 934; x_wconf 89' lang='lat' dir='ltr'>sanguine</span> <span class='ocrx_word' id='word_1_283' title='bbox 2425 881 2436 917; x_wconf 90' lang='lat'>:</span> <span class='ocrx_word' id='word_1_284' title='bbox 2462 888 2489 913; x_wconf 85' lang='lat'>»</span> <span class='ocrx_word' id='word_1_285' title='bbox 2514 865 2569 919; x_wconf 90' lang='lat' dir='ltr'>id</span> <span class='ocrx_word' id='word_1_286' title='bbox 2595 871 2705 932; x_wconf 89' lang='lat' dir='ltr'>est,</span> <span class='ocrx_word' id='word_1_287' title='bbox 2730 884 2845 922; x_wconf 90' lang='lat' dir='ltr'>non</span> <span class='ocrx_word' id='word_1_288' title='bbox 2869 868 2995 923; x_wconf 90' lang='lat' dir='ltr'>sine</span> <span class='ocrx_word' id='word_1_289' title='bbox 3009 867 3283 939; x_wconf 86' lang='lat' dir='ltr'>passione</span> <span class='ocrx_word' id='word_1_290' title='bbox 3307 867 3627 925; x_wconf 87' lang='lat' dir='ltr'>Salvatoris</span> 
     </span>
    </p>
   </div>
   <div class='ocr_carea' id='block_1_40' title="bbox 1970 952 2735 1024">
    <p class='ocr_par' dir='ltr' id='par_1_40' title="bbox 1970 952 2735 1024">
     <span class='ocr_line' id='line_1_40' title="bbox 1970 952 2735 1024; baseline 0.005 -20"><span class='ocrx_word' id='word_1_291' title='bbox 1970 952 2154 1005; x_wconf 89' lang='lat' dir='ltr'>nostri</span> <span class='ocrx_word' id='word_1_292' title='bbox 2187 953 2471 1024; x_wconf 87' lang='lat' dir='ltr'>redempti</span> <span class='ocrx_word' id='word_1_293' title='bbox 2507 970 2735 1010; x_wconf 90' lang='lat' dir='ltr'>sumus.</span> 
     </span>
    </p>
   </div>
   <div class='ocr_carea' id='block_1_41' title="bbox 2041 1056 3630 1135">
    <p class='ocr_par' dir='ltr' id='par_1_41' title="bbox 2041 1056 3630 1135">
     <span class='ocr_line' id='line_1_41' title="bbox 2041 1056 3630 1135; baseline 0.006 -25"><span class='ocrx_word' id='word_1_294' title='bbox 2041 1080 2069 1103; x_wconf 84' lang='lat'><strong><em>«</em></strong></span> <span class='ocrx_word' id='word_1_295' title='bbox 2104 1056 2219 1111; x_wconf 84' lang='lat' dir='ltr'>Hoc</span> <span class='ocrx_word' id='word_1_296' title='bbox 2253 1058 2620 1130; x_wconf 85' lang='lat' dir='ltr'>signiﬁcante</span> <span class='ocrx_word' id='word_1_297' title='bbox 2648 1060 2867 1131; x_wconf 91' lang='lat' dir='ltr'>Spiritu</span> <span class='ocrx_word' id='word_1_298' title='bbox 2893 1067 3120 1128; x_wconf 89' lang='lat' dir='ltr'>sancto,</span> <span class='ocrx_word' id='word_1_299' title='bbox 3147 1085 3175 1111; x_wconf 87' lang='grc'><strong>››</strong></span> <span class='ocrx_word' id='word_1_300' title='bbox 3200 1063 3572 1135; x_wconf 90' lang='lat' dir='ltr'>subauditur,</span> <span class='ocrx_word' id='word_1_301' title='bbox 3596 1080 3630 1119; x_wconf 86' lang='lat' dir='ltr'>a</span> 
     </span>
    </p>
   </div>
   <div class='ocr_carea' id='block_1_42' title="bbox 1970 1145 3629 1224">
    <p class='ocr_par' dir='ltr' id='par_1_42' title="bbox 1970 1145 3629 1224">
     <span class='ocr_line' id='line_1_42' title="bbox 1970 1145 3629 1224; baseline 0.005 -26"><span class='ocrx_word' id='word_1_302' title='bbox 1970 1145 2184 1217; x_wconf 85' lang='lat' dir='ltr'>Moyse,</span> <span class='ocrx_word' id='word_1_303' title='bbox 2218 1148 2371 1218; x_wconf 89' lang='lat' dir='ltr'>quod</span> <span class='ocrx_word' id='word_1_304' title='bbox 2406 1148 2675 1204; x_wconf 90' lang='lat' dir='ltr'>Christus</span> <span class='ocrx_word' id='word_1_305' title='bbox 2707 1150 2889 1205; x_wconf 90' lang='lat' dir='ltr'>semel</span> <span class='ocrx_word' id='word_1_306' title='bbox 2942 1156 3251 1222; x_wconf 90' lang='lat' dir='ltr'>pateretur</span> <span class='ocrx_word' id='word_1_307' title='bbox 3280 1169 3383 1224; x_wconf 91' lang='lat' dir='ltr'>pro</span> <span class='ocrx_word' id='word_1_308' title='bbox 3413 1168 3629 1224; x_wconf 85' lang='lat' dir='ltr'>genere</span> 
     </span>
    </p>
   </div>
   <div class='ocr_carea' id='block_1_43' title="bbox 1970 1233 3625 1309">
    <p class='ocr_par' dir='ltr' id='par_1_43' title="bbox 1970 1233 3625 1309">
     <span class='ocr_line' id='line_1_43' title="bbox 1970 1233 3625 1309; baseline 0.005 -22"><span class='ocrx_word' id='word_1_309' title='bbox 1970 1233 2227 1289; x_wconf 90' lang='lat' dir='ltr'>humano</span> <span class='ocrx_word' id='word_1_310' title='bbox 2257 1253 2269 1291; x_wconf 89' lang='lat'>:</span> <span class='ocrx_word' id='word_1_311' title='bbox 2303 1259 2331 1285; x_wconf 83' lang='lat'>«</span> <span class='ocrx_word' id='word_1_312' title='bbox 2368 1236 2638 1292; x_wconf 88' lang='lat' dir='ltr'>Nondum</span> <span class='ocrx_word' id='word_1_313' title='bbox 2690 1238 3053 1309; x_wconf 88' lang='lat' dir='ltr'>propalatam</span> <span class='ocrx_word' id='word_1_314' title='bbox 3112 1257 3240 1295; x_wconf 90' lang='lat' dir='ltr'>esse</span> <span class='ocrx_word' id='word_1_315' title='bbox 3286 1244 3625 1296; x_wconf 90' lang='lat' dir='ltr'>sanctorum</span> 
     </span>
    </p>
   </div>
   <div class='ocr_carea' id='block_1_44' title="bbox 1967 1322 3628 1399">
    <p class='ocr_par' dir='ltr' id='par_1_44' title="bbox 1967 1322 3628 1399">
     <span class='ocr_line' id='line_1_44' title="bbox 1967 1322 3628 1399; baseline 0.006 -25"><span class='ocrx_word' id='word_1_316' title='bbox 1967 1322 2118 1377; x_wconf 88' lang='lat' dir='ltr'>viam</span> <span class='ocrx_word' id='word_1_317' title='bbox 2152 1325 2341 1391; x_wconf 71' lang='lat' dir='ltr'>(Exod.</span> <span class='ocrx_word' id='word_1_318' title='bbox 2372 1342 2502 1389; x_wconf 85' lang='lat' dir='ltr'>xxx,</span> <span class='ocrx_word' id='word_1_319' title='bbox 2538 1326 2641 1379; x_wconf 84' lang='grc' dir='ltr'><strong>1οε</strong></span> <span class='ocrx_word' id='word_1_320' title='bbox 2676 1327 2799 1381; x_wconf 87' lang='lat' dir='ltr'>Lev.</span> <span class='ocrx_word' id='word_1_321' title='bbox 2850 1344 2963 1397; x_wconf 86' lang='lat' dir='ltr'>xv1,</span> <span class='ocrx_word' id='word_1_322' title='bbox 2993 1328 3070 1399; x_wconf 81' lang='lat'>2).</span> <span class='ocrx_word' id='word_1_323' title='bbox 3115 1352 3137 1379; x_wconf 71' lang='grc' dir='ltr'><strong><em>ι</em></strong></span> <span class='ocrx_word' id='word_1_324' title='bbox 3178 1328 3396 1383; x_wconf 88' lang='lat' dir='ltr'>Idcirco</span> <span class='ocrx_word' id='word_1_325' title='bbox 3430 1329 3628 1384; x_wconf 89' lang='lat' dir='ltr'>adhuc</span> 
     </span>
    </p>
   </div>
   <div class='ocr_carea' id='block_1_45' title="bbox 1970 1410 3626 1489">
    <p class='ocr_par' dir='ltr' id='par_1_45' title="bbox 1970 1410 3626 1489">
     <span class='ocr_line' id='line_1_45' title="bbox 1970 1410 3626 1489; baseline 0.005 -26"><span class='ocrx_word' id='word_1_326' title='bbox 1970 1410 2070 1464; x_wconf 89' lang='lat' dir='ltr'>illa</span> <span class='ocrx_word' id='word_1_327' title='bbox 2100 1414 2437 1483; x_wconf 85' lang='lat' dir='ltr'>manebant,</span> <span class='ocrx_word' id='word_1_328' title='bbox 2471 1413 2610 1483; x_wconf 90' lang='lat' dir='ltr'>quia</span> <span class='ocrx_word' id='word_1_329' title='bbox 2654 1416 2903 1470; x_wconf 89' lang='lat' dir='ltr'>necdum</span> <span class='ocrx_word' id='word_1_330' title='bbox 2932 1415 3044 1471; x_wconf 88' lang='lat' dir='ltr'>ista</span> <span class='ocrx_word' id='word_1_331' title='bbox 3076 1417 3465 1488; x_wconf 86' lang='lat' dir='ltr'>apparebant,</span> <span class='ocrx_word' id='word_1_332' title='bbox 3499 1434 3626 1489; x_wconf 66' lang='lat' dir='ltr'>quis</span> 
     </span>
    </p>
   </div>
   <div class='ocr_carea' id='block_1_46' title="bbox 1970 1500 3477 1576">
    <p class='ocr_par' dir='ltr' id='par_1_46' title="bbox 1970 1500 3477 1576">
     <span class='ocr_line' id='line_1_46' title="bbox 1970 1500 3477 1576; baseline 0.004 -22"><span class='ocrx_word' id='word_1_333' title='bbox 1970 1516 2073 1570; x_wconf 91' lang='lat' dir='ltr'>per</span> <span class='ocrx_word' id='word_1_334' title='bbox 2102 1500 2231 1555; x_wconf 90' lang='lat' dir='ltr'>illas</span> <span class='ocrx_word' id='word_1_335' title='bbox 2263 1500 2547 1573; x_wconf 89' lang='lat' dir='ltr'>imagines</span> <span class='ocrx_word' id='word_1_336' title='bbox 2580 1503 2940 1559; x_wconf 86' lang='lat' dir='ltr'>umbraticas</span> <span class='ocrx_word' id='word_1_337' title='bbox 2973 1504 3477 1576; x_wconf 81' lang='lat' dir='ltr'>significabantur.</span> 
     </span>
    </p>
   </div>
   <div class='ocr_carea' id='block_1_47' title="bbox 2041 1616 3625 1687">
    <p class='ocr_par' dir='ltr' id='par_1_47' title="bbox 2041 1616 3625 1687">
     <span class='ocr_line' id='line_1_47' title="bbox 2041 1616 3625 1687; baseline 0.006 -19"><span class='ocrx_word' id='word_1_338' title='bbox 2041 1639 2066 1663; x_wconf 82' lang='lat'>«</span> <span class='ocrx_word' id='word_1_339' title='bbox 2104 1616 2311 1671; x_wconf 82' lang='lat' dir='ltr'>Adhuc</span> <span class='ocrx_word' id='word_1_340' title='bbox 2334 1618 2525 1687; x_wconf 91' lang='lat' dir='ltr'>priore</span> <span class='ocrx_word' id='word_1_341' title='bbox 2549 1617 2923 1673; x_wconf 88' lang='lat' dir='ltr'>tabernaculo</span> <span class='ocrx_word' id='word_1_342' title='bbox 2954 1619 3211 1677; x_wconf 87' lang='lat' dir='ltr'>habente</span> <span class='ocrx_word' id='word_1_343' title='bbox 3228 1625 3467 1677; x_wconf 90' lang='lat' dir='ltr'>statum.</span> <span class='ocrx_word' id='word_1_344' title='bbox 3488 1623 3625 1687; x_wconf 67' lang='lat' dir='ltr'>Quae</span> 
     </span>
    </p>
   </div>
   <div class='ocr_carea' id='block_1_48' title="bbox 1970 1704 3629 1777">
    <p class='ocr_par' dir='ltr' id='par_1_48' title="bbox 1970 1704 3629 1777">
     <span class='ocr_line' id='line_1_48' title="bbox 1970 1704 3629 1777; baseline 0.005 -20"><span class='ocrx_word' id='word_1_345' title='bbox 1970 1704 2246 1775; x_wconf 88' lang='lat' dir='ltr'>parabola</span> <span class='ocrx_word' id='word_1_346' title='bbox 2268 1710 2356 1760; x_wconf 88' lang='lat' dir='ltr'>est</span> <span class='ocrx_word' id='word_1_347' title='bbox 2388 1706 2667 1777; x_wconf 89' lang='lat' dir='ltr'>temporis</span> <span class='ocrx_word' id='word_1_348' title='bbox 2699 1707 2999 1763; x_wconf 89' lang='lat' dir='ltr'>instantis.</span> <span class='ocrx_word' id='word_1_349' title='bbox 3028 1731 3056 1757; x_wconf 87' lang='grc'><strong>››</strong></span> <span class='ocrx_word' id='word_1_350' title='bbox 3083 1708 3230 1764; x_wconf 89' lang='lat' dir='ltr'>Illud</span> <span class='ocrx_word' id='word_1_351' title='bbox 3254 1710 3411 1765; x_wconf 88' lang='lat' dir='ltr'>enim</span> <span class='ocrx_word' id='word_1_352' title='bbox 3436 1710 3629 1766; x_wconf 86' lang='lat' dir='ltr'>taber—</span> 
     </span>
    </p>
   </div>
   <div class='ocr_carea' id='block_1_49' title="bbox 1890 1785 3624 1871">
    <p class='ocr_par' dir='ltr' id='par_1_49' title="bbox 1890 1785 3624 1871">
     <span class='ocr_line' id='line_1_49' title="bbox 1890 1785 3624 1871; baseline 0.004 -23"><span class='ocrx_word' id='word_1_353' title='bbox 1890 1785 1937 1848; x_wconf 90' lang='lat' dir='ltr'><strong>B</strong></span> <span class='ocrx_word' id='word_1_354' title='bbox 1970 1792 2243 1847; x_wconf 89' lang='lat' dir='ltr'>naculum</span> <span class='ocrx_word' id='word_1_355' title='bbox 2272 1794 2461 1865; x_wconf 88' lang='lat' dir='ltr'>ﬁgura</span> <span class='ocrx_word' id='word_1_356' title='bbox 2487 1796 2598 1849; x_wconf 87' lang='lat' dir='ltr'>fuit</span> <span class='ocrx_word' id='word_1_357' title='bbox 2626 1796 2907 1868; x_wconf 91' lang='lat' dir='ltr'>temporis</span> <span class='ocrx_word' id='word_1_358' title='bbox 2938 1796 3241 1864; x_wconf 85' lang='lat' dir='ltr'>instantis,</span> <span class='ocrx_word' id='word_1_359' title='bbox 3266 1798 3325 1852; x_wconf 91' lang='lat' dir='ltr'>id</span> <span class='ocrx_word' id='word_1_360' title='bbox 3347 1804 3456 1867; x_wconf 90' lang='lat' dir='ltr'>est,</span> <span class='ocrx_word' id='word_1_361' title='bbox 3477 1816 3624 1871; x_wconf 60' lang='lat' dir='ltr'>prie-</span> 
     </span>
    </p>
   </div>
   <div class='ocr_carea' id='block_1_50' title="bbox 1972 1881 3619 1955">
    <p class='ocr_par' dir='ltr' id='par_1_50' title="bbox 1972 1881 3619 1955">
     <span class='ocr_line' id='line_1_50' title="bbox 1972 1881 3619 1955; baseline 0.004 -20"><span class='ocrx_word' id='word_1_362' title='bbox 1972 1881 2154 1936; x_wconf 90' lang='lat' dir='ltr'>sentis</span> <span class='ocrx_word' id='word_1_363' title='bbox 2175 1882 2453 1950; x_wconf 70' lang='lat' dir='ltr'>ecclesiae,</span> <span class='ocrx_word' id='word_1_364' title='bbox 2483 1899 2611 1955; x_wconf 67' lang='lat' dir='ltr'>quas</span> <span class='ocrx_word' id='word_1_365' title='bbox 2654 1902 2809 1940; x_wconf 89' lang='lat' dir='ltr'>nunc</span> <span class='ocrx_word' id='word_1_366' title='bbox 2843 1885 2903 1939; x_wconf 91' lang='lat' dir='ltr'>in</span> <span class='ocrx_word' id='word_1_367' title='bbox 2944 1902 3088 1941; x_wconf 89' lang='lat' dir='ltr'>novo</span> <span class='ocrx_word' id='word_1_368' title='bbox 3123 1890 3476 1943; x_wconf 87' lang='lat' dir='ltr'>testamento</span> <span class='ocrx_word' id='word_1_369' title='bbox 3507 1892 3619 1943; x_wconf 89' lang='lat' dir='ltr'>est.</span> 
     </span>
    </p>
   </div>
   <div class='ocr_carea' id='block_1_51' title="bbox 2050 1996 3624 2073">
    <p class='ocr_par' dir='ltr' id='par_1_51' title="bbox 2050 1996 3624 2073">
     <span class='ocr_line' id='line_1_51' title="bbox 2050 1996 3624 2073; baseline 0.005 -24"><span class='ocrx_word' id='word_1_370' title='bbox 2050 2017 2076 2047; x_wconf 73' lang='grc' dir='ltr'>(ι</span> <span class='ocrx_word' id='word_1_371' title='bbox 2100 1996 2273 2052; x_wconf 87' lang='lat' dir='ltr'>Juxta</span> <span class='ocrx_word' id='word_1_372' title='bbox 2298 2015 2475 2069; x_wconf 89' lang='lat' dir='ltr'>quam</span> <span class='ocrx_word' id='word_1_373' title='bbox 2511 2014 2774 2066; x_wconf 89' lang='lat' dir='ltr'>munera,</span> <span class='ocrx_word' id='word_1_374' title='bbox 2800 2005 2858 2055; x_wconf 91' lang='lat' dir='ltr'>et</span> <span class='ocrx_word' id='word_1_375' title='bbox 2893 2000 3094 2056; x_wconf 71' lang='lat' dir='ltr'>hostiae</span> <span class='ocrx_word' id='word_1_376' title='bbox 3118 2001 3461 2073; x_wconf 72' lang='lat' dir='ltr'>offeruntur,</span> <span class='ocrx_word' id='word_1_377' title='bbox 3497 2018 3624 2073; x_wconf 65' lang='lat' dir='ltr'>quae</span> 
     </span>
    </p>
   </div>
   <div class='ocr_carea' id='block_1_52' title="bbox 1972 2088 3626 2161">
    <p class='ocr_par' dir='ltr' id='par_1_52' title="bbox 1972 2088 3626 2161">
     <span class='ocr_line' id='line_1_52' title="bbox 1972 2088 3626 2161; baseline 0.004 -22"><span class='ocrx_word' id='word_1_378' title='bbox 1972 2101 2088 2140; x_wconf 88' lang='lat' dir='ltr'>non</span> <span class='ocrx_word' id='word_1_379' title='bbox 2122 2092 2371 2156; x_wconf 89' lang='lat' dir='ltr'>possunt</span> <span class='ocrx_word' id='word_1_380' title='bbox 2394 2088 2564 2157; x_wconf 82' lang='lat' dir='ltr'>juxta</span> <span class='ocrx_word' id='word_1_381' title='bbox 2614 2088 3033 2144; x_wconf 88' lang='lat' dir='ltr'>conscientiam</span> <span class='ocrx_word' id='word_1_382' title='bbox 3082 2089 3405 2161; x_wconf 87' lang='lat' dir='ltr'>perfectum</span> <span class='ocrx_word' id='word_1_383' title='bbox 3438 2092 3626 2147; x_wconf 85' lang='lat' dir='ltr'>facere</span> 
     </span>
    </p>
   </div>
   <div class='ocr_carea' id='block_1_53' title="bbox 1974 2174 3626 2250">
    <p class='ocr_par' dir='ltr' id='par_1_53' title="bbox 1974 2174 3626 2250">
     <span class='ocr_line' id='line_1_53' title="bbox 1974 2174 3626 2250; baseline 0.004 -21"><span class='ocrx_word' id='word_1_384' title='bbox 1974 2174 2340 2246; x_wconf 88' lang='lat' dir='ltr'>servientem,</span> <span class='ocrx_word' id='word_1_385' title='bbox 2374 2176 2745 2231; x_wconf 85' lang='lat' dir='ltr'>solummodo</span> <span class='ocrx_word' id='word_1_386' title='bbox 2794 2178 2854 2232; x_wconf 92' lang='lat' dir='ltr'>in</span> <span class='ocrx_word' id='word_1_387' title='bbox 2887 2177 3054 2243; x_wconf 87' lang='lat' dir='ltr'>cibis,</span> <span class='ocrx_word' id='word_1_388' title='bbox 3101 2182 3158 2233; x_wconf 90' lang='lat' dir='ltr'>et</span> <span class='ocrx_word' id='word_1_389' title='bbox 3188 2179 3247 2233; x_wconf 90' lang='lat' dir='ltr'>in</span> <span class='ocrx_word' id='word_1_390' title='bbox 3281 2179 3536 2250; x_wconf 87' lang='lat' dir='ltr'>potibus,</span> <span class='ocrx_word' id='word_1_391' title='bbox 3568 2182 3626 2235; x_wconf 89' lang='lat' dir='ltr'>et</span> 
     </span>
    </p>
   </div>
   <div class='ocr_carea' id='block_1_54' title="bbox 1972 2262 3622 2340">
    <p class='ocr_par' dir='ltr' id='par_1_54' title="bbox 1972 2262 3622 2340">
     <span class='ocr_line' id='line_1_54' title="bbox 1972 2262 3622 2340; baseline 0.004 -23"><span class='ocrx_word' id='word_1_392' title='bbox 1972 2262 2149 2318; x_wconf 88' lang='lat' dir='ltr'>variis</span> <span class='ocrx_word' id='word_1_393' title='bbox 2172 2264 2503 2335; x_wconf 87' lang='lat' dir='ltr'>baptismis,</span> <span class='ocrx_word' id='word_1_394' title='bbox 2528 2265 2845 2336; x_wconf 88' lang='lat' dir='ltr'>etjustitiis</span> <span class='ocrx_word' id='word_1_395' title='bbox 2868 2267 3063 2322; x_wconf 87' lang='lat' dir='ltr'>carnis</span> <span class='ocrx_word' id='word_1_396' title='bbox 3082 2283 3267 2335; x_wconf 86' lang='lat' dir='ltr'>usque</span> <span class='ocrx_word' id='word_1_397' title='bbox 3290 2268 3359 2323; x_wconf 88' lang='lat' dir='ltr'>ad</span> <span class='ocrx_word' id='word_1_398' title='bbox 3386 2272 3622 2340; x_wconf 85' lang='lat' dir='ltr'>tempus</span> 
     </span>
    </p>
   </div>
   <div class='ocr_carea' id='block_1_55' title="bbox 1972 2353 3614 2428">
    <p class='ocr_par' dir='ltr' id='par_1_55' title="bbox 1972 2353 3614 2428">
     <span class='ocr_line' id='line_1_55' title="bbox 1972 2353 3614 2428; baseline 0.003 -22"><span class='ocrx_word' id='word_1_399' title='bbox 1972 2353 2346 2409; x_wconf 88' lang='lat' dir='ltr'>correctionis</span> <span class='ocrx_word' id='word_1_400' title='bbox 2371 2354 2682 2425; x_wconf 82' lang='lat' dir='ltr'>impositis.</span> <span class='ocrx_word' id='word_1_401' title='bbox 2708 2377 2735 2404; x_wconf 88' lang='grc'><strong>››</strong></span> <span class='ocrx_word' id='word_1_402' title='bbox 2758 2356 3007 2410; x_wconf 85' lang='lat' dir='ltr'>Attende</span> <span class='ocrx_word' id='word_1_403' title='bbox 3046 2356 3200 2427; x_wconf 92' lang='lat' dir='ltr'>quod</span> <span class='ocrx_word' id='word_1_404' title='bbox 3223 2354 3368 2411; x_wconf 90' lang='lat' dir='ltr'>nihil</span> <span class='ocrx_word' id='word_1_405' title='bbox 3392 2357 3461 2411; x_wconf 88' lang='lat' dir='ltr'>ad</span> <span class='ocrx_word' id='word_1_406' title='bbox 3486 2372 3614 2428; x_wconf 90' lang='lat' dir='ltr'>per-</span> 
     </span>
    </p>
   </div>
   <div class='ocr_carea' id='block_1_56' title="bbox 1972 2441 3623 2516">
    <p class='ocr_par' dir='ltr' id='par_1_56' title="bbox 1972 2441 3623 2516">
     <span class='ocr_line' id='line_1_56' title="bbox 1972 2441 3623 2516; baseline 0.004 -23"><span class='ocrx_word' id='word_1_407' title='bbox 1972 2441 2189 2495; x_wconf 86' lang='lat' dir='ltr'>fectum</span> <span class='ocrx_word' id='word_1_408' title='bbox 2221 2443 2465 2497; x_wconf 88' lang='lat' dir='ltr'>adduxit</span> <span class='ocrx_word' id='word_1_409' title='bbox 2489 2442 2600 2499; x_wconf 91' lang='lat' dir='ltr'>lex.</span> <span class='ocrx_word' id='word_1_410' title='bbox 2637 2444 2743 2499; x_wconf 90' lang='lat' dir='ltr'>Per</span> <span class='ocrx_word' id='word_1_411' title='bbox 2771 2450 2993 2499; x_wconf 87' lang='lat' dir='ltr'>veteres</span> <span class='ocrx_word' id='word_1_412' title='bbox 3018 2444 3234 2516; x_wconf 90' lang='lat' dir='ltr'>quippe</span> <span class='ocrx_word' id='word_1_413' title='bbox 3260 2444 3484 2499; x_wconf 90' lang='lat' dir='ltr'>hostias</span> <span class='ocrx_word' id='word_1_414' title='bbox 3507 2461 3623 2499; x_wconf 89' lang='lat' dir='ltr'>non</span> 
     </span>
    </p>
   </div>
   <div class='ocr_carea' id='block_1_57' title="bbox 1971 2533 3621 2601">
    <p class='ocr_par' dir='ltr' id='par_1_57' title="bbox 1971 2533 3621 2601">
     <span class='ocr_line' id='line_1_57' title="bbox 1971 2533 3621 2601; baseline 0.003 -17"><span class='ocrx_word' id='word_1_415' title='bbox 1971 2536 2287 2601; x_wconf 88' lang='lat' dir='ltr'>potuerunt</span> <span class='ocrx_word' id='word_1_416' title='bbox 2320 2533 2629 2587; x_wconf 87' lang='lat' dir='ltr'>emundari</span> <span class='ocrx_word' id='word_1_417' title='bbox 2657 2551 2669 2600; x_wconf 93' lang='lat'><strong>;</strong></span> <span class='ocrx_word' id='word_1_418' title='bbox 2704 2549 2818 2587; x_wconf 90' lang='lat' dir='ltr'>non</span> <span class='ocrx_word' id='word_1_419' title='bbox 2850 2533 3005 2588; x_wconf 90' lang='lat' dir='ltr'>enim</span> <span class='ocrx_word' id='word_1_420' title='bbox 3048 2535 3250 2588; x_wconf 91' lang='lat' dir='ltr'>sordes</span> <span class='ocrx_word' id='word_1_421' title='bbox 3282 2533 3490 2589; x_wconf 60' lang='lat' dir='ltr'>animai</span> <span class='ocrx_word' id='word_1_422' title='bbox 3522 2534 3621 2589; x_wconf 89' lang='lat' dir='ltr'>de-</span> 
     </span>
    </p>
   </div>
   <div class='ocr_carea' id='block_1_58' title="bbox 1972 2618 3623 2694">
    <p class='ocr_par' dir='ltr' id='par_1_58' title="bbox 1972 2618 3623 2694">
     <span class='ocr_line' id='line_1_58' title="bbox 1972 2618 3623 2694; baseline 0.004 -23"><span class='ocrx_word' id='word_1_423' title='bbox 1972 2618 2374 2687; x_wconf 87' lang='lat' dir='ltr'>mittebantur,</span> <span class='ocrx_word' id='word_1_424' title='bbox 2399 2622 2499 2675; x_wconf 90' lang='lat' dir='ltr'>sed</span> <span class='ocrx_word' id='word_1_425' title='bbox 2534 2626 2764 2676; x_wconf 91' lang='lat' dir='ltr'>tantum</span> <span class='ocrx_word' id='word_1_426' title='bbox 2797 2622 2950 2677; x_wconf 84' lang='lat' dir='ltr'>circa</span> <span class='ocrx_word' id='word_1_427' title='bbox 2978 2638 3189 2694; x_wconf 89' lang='lat' dir='ltr'>corpus</span> <span class='ocrx_word' id='word_1_428' title='bbox 3211 2626 3396 2688; x_wconf 88' lang='lat' dir='ltr'>erant,</span> <span class='ocrx_word' id='word_1_429' title='bbox 3416 2638 3623 2677; x_wconf 90' lang='lat' dir='ltr'>secun-</span> 
     </span>
    </p>
   </div>
   <div class='ocr_carea' id='block_1_59' title="bbox 1972 2708 3618 2781">
    <p class='ocr_par' dir='ltr' id='par_1_59' title="bbox 1972 2708 3618 2781">
     <span class='ocr_line' id='line_1_59' title="bbox 1972 2708 3618 2781; baseline 0.002 -20"><span class='ocrx_word' id='word_1_430' title='bbox 1972 2708 2108 2762; x_wconf 89' lang='lat' dir='ltr'>dum</span> <span class='ocrx_word' id='word_1_431' title='bbox 2133 2709 2318 2781; x_wconf 88' lang='lat' dir='ltr'>legem</span> <span class='ocrx_word' id='word_1_432' title='bbox 2345 2710 2603 2764; x_wconf 88' lang='lat' dir='ltr'>mandati</span> <span class='ocrx_word' id='word_1_433' title='bbox 2626 2710 2899 2766; x_wconf 89' lang='lat' dir='ltr'>carnalis.</span> <span class='ocrx_word' id='word_1_434' title='bbox 2924 2711 3047 2767; x_wconf 89' lang='lat' dir='ltr'>Non</span> <span class='ocrx_word' id='word_1_435' title='bbox 3066 2710 3221 2766; x_wconf 89' lang='lat' dir='ltr'>enim</span> <span class='ocrx_word' id='word_1_436' title='bbox 3240 2710 3618 2781; x_wconf 88' lang='lat' dir='ltr'>adulterium,</span> 
     </span>
    </p>
   </div>
   <div class='ocr_carea' id='block_1_60' title="bbox 1972 2798 3622 2872">
    <p class='ocr_par' dir='ltr' id='par_1_60' title="bbox 1972 2798 3622 2872">
     <span class='ocr_line' id='line_1_60' title="bbox 1972 2798 3622 2872; baseline 0.002 -21"><span class='ocrx_word' id='word_1_437' title='bbox 1972 2814 2088 2851; x_wconf 91' lang='lat' dir='ltr'>non</span> <span class='ocrx_word' id='word_1_438' title='bbox 2122 2798 2503 2853; x_wconf 90' lang='lat' dir='ltr'>homicidium</span> <span class='ocrx_word' id='word_1_439' title='bbox 2547 2798 2840 2854; x_wconf 88' lang='lat' dir='ltr'>dimittere</span> <span class='ocrx_word' id='word_1_440' title='bbox 2871 2804 3118 2871; x_wconf 89' lang='lat' dir='ltr'>poterat.</span> <span class='ocrx_word' id='word_1_441' title='bbox 3155 2800 3271 2855; x_wconf 87' lang='lat' dir='ltr'>Hoc</span> <span class='ocrx_word' id='word_1_442' title='bbox 3301 2800 3457 2855; x_wconf 89' lang='lat' dir='ltr'>enim</span> <span class='ocrx_word' id='word_1_443' title='bbox 3486 2816 3622 2872; x_wconf 85' lang='lat' dir='ltr'>age-</span> 
     </span>
    </p>
   </div>
   <div class='ocr_carea' id='block_1_61' title="bbox 1973 2886 3623 2953">
    <p class='ocr_par' dir='ltr' id='par_1_61' title="bbox 1973 2886 3623 2953">
     <span class='ocr_line' id='line_1_61' title="bbox 1973 2886 3623 2953; baseline 0.002 -13"><span class='ocrx_word' id='word_1_444' title='bbox 1973 2887 2105 2940; x_wconf 87' lang='lat' dir='ltr'>bat:</span> <span class='ocrx_word' id='word_1_445' title='bbox 2132 2886 2240 2940; x_wconf 92' lang='lat' dir='ltr'>hoc</span> <span class='ocrx_word' id='word_1_446' title='bbox 2264 2888 2495 2940; x_wconf 90' lang='lat' dir='ltr'>comede</span> <span class='ocrx_word' id='word_1_447' title='bbox 2522 2904 2534 2953; x_wconf 93' lang='lat'>;</span> <span class='ocrx_word' id='word_1_448' title='bbox 2560 2886 2703 2941; x_wconf 93' lang='lat' dir='ltr'>illud</span> <span class='ocrx_word' id='word_1_449' title='bbox 2728 2904 2843 2941; x_wconf 91' lang='lat' dir='ltr'>non</span> <span class='ocrx_word' id='word_1_450' title='bbox 2868 2888 3161 2942; x_wconf 88' lang='lat' dir='ltr'>comedas.</span> <span class='ocrx_word' id='word_1_451' title='bbox 3194 2909 3220 2940; x_wconf 76' lang='grc' dir='ltr'>ιι</span> <span class='ocrx_word' id='word_1_452' title='bbox 3243 2887 3623 2943; x_wconf 88' lang='lat' dir='ltr'>Solummodo</span> 
     </span>
    </p>
   </div>
   <div class='ocr_carea' id='block_1_62' title="bbox 1973 2974 3617 3048">
    <p class='ocr_par' dir='ltr' id='par_1_62' title="bbox 1973 2974 3617 3048">
     <span class='ocr_line' id='line_1_62' title="bbox 1973 2974 3617 3048; baseline 0.002 -21"><span class='ocrx_word' id='word_1_453' title='bbox 1973 2974 2299 3028; x_wconf 68' lang='lat' dir='ltr'>differentia</span> <span class='ocrx_word' id='word_1_454' title='bbox 2334 2976 2392 3028; x_wconf 92' lang='lat' dir='ltr'>in</span> <span class='ocrx_word' id='word_1_455' title='bbox 2426 2974 2571 3029; x_wconf 90' lang='lat' dir='ltr'>cibis</span> <span class='ocrx_word' id='word_1_456' title='bbox 2602 2979 2659 3029; x_wconf 91' lang='lat' dir='ltr'>et</span> <span class='ocrx_word' id='word_1_457' title='bbox 2688 2975 2745 3029; x_wconf 92' lang='lat' dir='ltr'>in</span> <span class='ocrx_word' id='word_1_458' title='bbox 2777 2976 3034 3045; x_wconf 90' lang='lat' dir='ltr'>potibus.</span> <span class='ocrx_word' id='word_1_459' title='bbox 3072 2998 3100 3024; x_wconf 85' lang='lat'>»</span> <span class='ocrx_word' id='word_1_460' title='bbox 3132 2977 3243 3031; x_wconf 81' lang='lat' dir='ltr'>Hoc</span> <span class='ocrx_word' id='word_1_461' title='bbox 3274 2980 3493 3048; x_wconf 89' lang='lat' dir='ltr'>potare,</span> <span class='ocrx_word' id='word_1_462' title='bbox 3527 2976 3617 3030; x_wconf 88' lang='lat' dir='ltr'>in-</span> 
     </span>
    </p>
   </div>
   <div class='ocr_carea' id='block_1_63' title="bbox 1974 3061 3621 3135">
    <p class='ocr_par' dir='ltr' id='par_1_63' title="bbox 1974 3061 3621 3135">
     <span class='ocr_line' id='line_1_63' title="bbox 1974 3061 3621 3135; baseline 0.002 -20"><span class='ocrx_word' id='word_1_463' title='bbox 1974 3063 2135 3132; x_wconf 89' lang='lat' dir='ltr'>quit;</span> <span class='ocrx_word' id='word_1_464' title='bbox 2165 3061 2273 3116; x_wconf 84' lang='lat' dir='ltr'>hoc</span> <span class='ocrx_word' id='word_1_465' title='bbox 2302 3078 2418 3116; x_wconf 91' lang='lat' dir='ltr'>non</span> <span class='ocrx_word' id='word_1_466' title='bbox 2442 3062 2595 3117; x_wconf 89' lang='lat' dir='ltr'>licet.</span> <span class='ocrx_word' id='word_1_467' title='bbox 2627 3086 2647 3111; x_wconf 79' lang='grc' dir='ltr'>ι</span> <span class='ocrx_word' id='word_1_468' title='bbox 2678 3063 2747 3117; x_wconf 89' lang='lat' dir='ltr'>Et</span> <span class='ocrx_word' id='word_1_469' title='bbox 2768 3062 2945 3118; x_wconf 91' lang='lat' dir='ltr'>variis</span> <span class='ocrx_word' id='word_1_470' title='bbox 2964 3063 3278 3135; x_wconf 90' lang='lat' dir='ltr'>haptismis</span> <span class='ocrx_word' id='word_1_471' title='bbox 3298 3062 3621 3134; x_wconf 88' lang='lat' dir='ltr'>etjustitiis</span> 
     </span>
    </p>
   </div>
   <div class='ocr_carea' id='block_1_64' title="bbox 213 3142 3619 3241">
    <p class='ocr_par' dir='ltr' id='par_1_64' title="bbox 213 3142 3619 3241">
     <span class='ocr_line' id='line_1_64' title="bbox 213 3142 3619 3241; baseline -0 -18"><span class='ocrx_word' id='word_1_472' title='bbox 213 3170 394 3225; x_wconf 88' lang='lat' dir='ltr'>Nemo</span> <span class='ocrx_word' id='word_1_473' title='bbox 418 3142 576 3225; x_wconf 79' lang='lat' dir='ltr'>enim</span> <span class='ocrx_word' id='word_1_474' title='bbox 610 3172 799 3240; x_wconf 90' lang='lat' dir='ltr'>potest</span> <span class='ocrx_word' id='word_1_475' title='bbox 826 3142 1126 3238; x_wconf 75' lang='lat' dir='ltr'>pervenire</span> <span class='ocrx_word' id='word_1_476' title='bbox 1157 3170 1227 3222; x_wconf 82' lang='lat' dir='ltr'>ad</span> <span class='ocrx_word' id='word_1_477' title='bbox 1260 3168 1597 3236; x_wconf 89' lang='lat' dir='ltr'>Dominum,</span> <span class='ocrx_word' id='word_1_478' title='bbox 1621 3170 1734 3223; x_wconf 89' lang='lat' dir='ltr'>nisi</span> <span class='ocrx_word' id='word_1_479' title='bbox 1758 3187 1861 3241; x_wconf 89' lang='lat' dir='ltr'>per</span> <span class='ocrx_word' id='word_1_480' title='bbox 1891 3142 1932 3206; x_wconf 61' lang='grc' dir='ltr'><strong>δ</strong></span> <span class='ocrx_word' id='word_1_481' title='bbox 1971 3151 2184 3241; x_wconf 48' lang='lat' dir='ltr'>Cernis:</span> <span class='ocrx_word' id='word_1_482' title='bbox 2222 3172 2249 3197; x_wconf 84' lang='lat'><em>”</em></span> <span class='ocrx_word' id='word_1_483' title='bbox 2283 3150 2413 3205; x_wconf 44' lang='lat' dir='ltr'>Haec</span> <span class='ocrx_word' id='word_1_484' title='bbox 2445 3151 2600 3205; x_wconf 67' lang='lat' dir='ltr'>enim</span> <span class='ocrx_word' id='word_1_485' title='bbox 2632 3157 2756 3206; x_wconf 62' lang='lat' dir='ltr'>erat</span> <span class='ocrx_word' id='word_1_486' title='bbox 2776 3152 3012 3222; x_wconf 62' lang='grc' dir='ltr'>,ἶυείίίίδ</span> <span class='ocrx_word' id='word_1_487' title='bbox 3041 3152 3354 3241; x_wconf 13' lang='lat' dir='ltr'>carnis-717D</span> <span class='ocrx_word' id='word_1_488' title='bbox 3385 3152 3493 3207; x_wconf 71' lang='lat' dir='ltr'>hoc</span> <span class='ocrx_word' id='word_1_489' title='bbox 3519 3153 3619 3207; x_wconf 74' lang='grc' dir='ltr'>ἀθ-</span> 
     </span>
    </p>
   </div>
   <div class='ocr_carea' id='block_1_65' title="bbox 212 3256 1861 3329">
    <p class='ocr_par' dir='ltr' id='par_1_65' title="bbox 212 3256 1861 3329">
     <span class='ocr_line' id='line_1_65' title="bbox 212 3256 1861 3329; baseline -0.001 -17"><span class='ocrx_word' id='word_1_490' title='bbox 212 3258 580 3314; x_wconf 88' lang='lat' dir='ltr'>charitatem.</span> <span class='ocrx_word' id='word_1_491' title='bbox 616 3257 923 3312; x_wconf 87' lang='lat' dir='ltr'>Plenitudo</span> <span class='ocrx_word' id='word_1_492' title='bbox 956 3258 1109 3311; x_wconf 87' lang='lat' dir='ltr'>enim</span> <span class='ocrx_word' id='word_1_493' title='bbox 1158 3256 1307 3329; x_wconf 89' lang='lat' dir='ltr'>legis</span> <span class='ocrx_word' id='word_1_494' title='bbox 1354 3258 1583 3312; x_wconf 88' lang='lat' dir='ltr'>dilectio</span> <span class='ocrx_word' id='word_1_495' title='bbox 1614 3263 1720 3313; x_wconf 89' lang='lat' dir='ltr'>est.</span> <span class='ocrx_word' id='word_1_496' title='bbox 1752 3258 1861 3311; x_wconf 86' lang='lat' dir='ltr'>Alii</span> 
     </span>
    </p>
   </div>
   <div class='ocr_carea' id='block_1_66' title="bbox 210 3345 1861 3417">
    <p class='ocr_par' dir='ltr' id='par_1_66' title="bbox 210 3345 1861 3417">
     <span class='ocr_line' id='line_1_66' title="bbox 210 3345 1861 3417; baseline 0.001 -16"><span class='ocrx_word' id='word_1_497' title='bbox 210 3348 414 3403; x_wconf 89' lang='lat' dir='ltr'>eadem</span> <span class='ocrx_word' id='word_1_498' title='bbox 448 3348 563 3401; x_wconf 91' lang='lat' dir='ltr'>duo</span> <span class='ocrx_word' id='word_1_499' title='bbox 594 3346 921 3411; x_wconf 87' lang='lat' dir='ltr'>cherubim,</span> <span class='ocrx_word' id='word_1_500' title='bbox 953 3346 1067 3400; x_wconf 90' lang='lat' dir='ltr'>duo</span> <span class='ocrx_word' id='word_1_501' title='bbox 1118 3345 1459 3417; x_wconf 88' lang='lat' dir='ltr'>intelligunt</span> <span class='ocrx_word' id='word_1_502' title='bbox 1488 3352 1861 3415; x_wconf 88' lang='lat' dir='ltr'>testamenta,</span> 
     </span>
    </p>
   </div>
   <div class='ocr_carea' id='block_1_67' title="bbox 211 3433 1865 3506">
    <p class='ocr_par' dir='ltr' id='par_1_67' title="bbox 211 3433 1865 3506">
     <span class='ocr_line' id='line_1_67' title="bbox 211 3433 1865 3506; baseline 0 -17"><span class='ocrx_word' id='word_1_503' title='bbox 211 3453 342 3506; x_wconf 73' lang='lat' dir='ltr'>quae</span> <span class='ocrx_word' id='word_1_504' title='bbox 376 3433 844 3506; x_wconf 88' lang='lat' dir='ltr'>propitiatorium</span> <span class='ocrx_word' id='word_1_505' title='bbox 876 3434 999 3499; x_wconf 89' lang='lat' dir='ltr'>Dei,</span> <span class='ocrx_word' id='word_1_506' title='bbox 1031 3435 1085 3488; x_wconf 88' lang='lat' dir='ltr'>id</span> <span class='ocrx_word' id='word_1_507' title='bbox 1122 3438 1229 3503; x_wconf 89' lang='lat' dir='ltr'>est,</span> <span class='ocrx_word' id='word_1_508' title='bbox 1264 3434 1476 3489; x_wconf 86' lang='lat' dir='ltr'>Christi</span> <span class='ocrx_word' id='word_1_509' title='bbox 1499 3440 1865 3491; x_wconf 89' lang='lat' dir='ltr'>sacramenta</span> 
     </span>
    </p>
   </div>
   <div class='ocr_carea' id='block_1_68' title="bbox 209 3523 1862 3594">
    <p class='ocr_par' dir='ltr' id='par_1_68' title="bbox 209 3523 1862 3594">
     <span class='ocr_line' id='line_1_68' title="bbox 209 3523 1862 3594; baseline 0 -15"><span class='ocrx_word' id='word_1_510' title='bbox 209 3525 590 3590; x_wconf 89' lang='lat' dir='ltr'>obumbrant,</span> <span class='ocrx_word' id='word_1_511' title='bbox 623 3527 874 3578; x_wconf 89' lang='lat' dir='ltr'>testante</span> <span class='ocrx_word' id='word_1_512' title='bbox 907 3523 1189 3594; x_wconf 90' lang='lat' dir='ltr'>propheta</span> <span class='ocrx_word' id='word_1_513' title='bbox 1214 3541 1225 3578; x_wconf 95' lang='lat'>:</span> <span class='ocrx_word' id='word_1_514' title='bbox 1254 3546 1281 3573; x_wconf 86' lang='grc'>‹‹</span> <span class='ocrx_word' id='word_1_515' title='bbox 1314 3524 1373 3578; x_wconf 93' lang='lat' dir='ltr'>In</span> <span class='ocrx_word' id='word_1_516' title='bbox 1402 3524 1591 3579; x_wconf 88' lang='lat' dir='ltr'>medio</span> <span class='ocrx_word' id='word_1_517' title='bbox 1613 3525 1862 3580; x_wconf 91' lang='lat' dir='ltr'>duorum</span> 
     </span>
    </p>
   </div>
   <div class='ocr_carea' id='block_1_69' title="bbox 213 3611 1363 3685">
    <p class='ocr_par' dir='ltr' id='par_1_69' title="bbox 213 3611 1363 3685">
     <span class='ocr_line' id='line_1_69' title="bbox 213 3611 1363 3685; baseline -0.001 -17"><span class='ocrx_word' id='word_1_518' title='bbox 213 3611 561 3668; x_wconf 87' lang='lat' dir='ltr'>animalium</span> <span class='ocrx_word' id='word_1_519' title='bbox 590 3613 960 3683; x_wconf 87' lang='lat' dir='ltr'>cognosceris</span> <span class='ocrx_word' id='word_1_520' title='bbox 991 3613 1141 3683; x_wconf 78' lang='grc' dir='ltr'>(1δαὶ.</span> <span class='ocrx_word' id='word_1_521' title='bbox 1178 3632 1191 3668; x_wconf 85' lang='grc' dir='ltr'>ι</span> <span class='ocrx_word' id='word_1_522' title='bbox 1222 3615 1300 3685; x_wconf 89' lang='grc'>3).</span> <span class='ocrx_word' id='word_1_523' title='bbox 1337 3636 1363 3661; x_wconf 82' lang='grc'><strong>››</strong></span> 
     </span>
    </p>
   </div>
   <div class='ocr_carea' id='block_1_70' title="bbox 290 3701 1862 3776">
    <p class='ocr_par' dir='ltr' id='par_1_70' title="bbox 290 3701 1862 3776">
     <span class='ocr_line' id='line_1_70' title="bbox 290 3701 1862 3776; baseline 0 -19"><span class='ocrx_word' id='word_1_524' title='bbox 290 3725 317 3751; x_wconf 89' lang='grc'><em>‹‹</em></span> <span class='ocrx_word' id='word_1_525' title='bbox 335 3701 417 3757; x_wconf 90' lang='lat' dir='ltr'>De</span> <span class='ocrx_word' id='word_1_526' title='bbox 430 3701 645 3772; x_wconf 91' lang='lat' dir='ltr'>quibus</span> <span class='ocrx_word' id='word_1_527' title='bbox 668 3717 781 3755; x_wconf 90' lang='lat' dir='ltr'>non</span> <span class='ocrx_word' id='word_1_528' title='bbox 806 3702 1080 3757; x_wconf 88' lang='lat' dir='ltr'>estmodo</span> <span class='ocrx_word' id='word_1_529' title='bbox 1101 3702 1413 3757; x_wconf 90' lang='lat' dir='ltr'>dicendum</span> <span class='ocrx_word' id='word_1_530' title='bbox 1432 3719 1531 3774; x_wconf 92' lang='lat' dir='ltr'>per</span> <span class='ocrx_word' id='word_1_531' title='bbox 1548 3703 1807 3776; x_wconf 87' lang='lat' dir='ltr'>singula;</span> <span class='ocrx_word' id='word_1_532' title='bbox 1836 3725 1862 3750; x_wconf 87' lang='grc'><strong>››</strong></span> 
     </span>
    </p>
   </div>
   <div class='ocr_carea' id='block_1_71' title="bbox 213 3790 1864 3862">
    <p class='ocr_par' dir='ltr' id='par_1_71' title="bbox 213 3790 1864 3862">
     <span class='ocr_line' id='line_1_71' title="bbox 213 3790 1864 3862; baseline -0.001 -14"><span class='ocrx_word' id='word_1_533' title='bbox 213 3791 506 3859; x_wconf 78' lang='lat' dir='ltr'>fortassis,</span> <span class='ocrx_word' id='word_1_534' title='bbox 540 3790 679 3861; x_wconf 90' lang='lat' dir='ltr'>quia</span> <span class='ocrx_word' id='word_1_535' title='bbox 709 3790 895 3845; x_wconf 91' lang='lat' dir='ltr'>multo</span> <span class='ocrx_word' id='word_1_536' title='bbox 935 3807 1205 3846; x_wconf 88' lang='lat' dir='ltr'>sermone</span> <span class='ocrx_word' id='word_1_537' title='bbox 1236 3808 1382 3862; x_wconf 90' lang='lat' dir='ltr'>opus</span> <span class='ocrx_word' id='word_1_538' title='bbox 1416 3792 1705 3846; x_wconf 89' lang='lat' dir='ltr'>habebant</span> <span class='ocrx_word' id='word_1_539' title='bbox 1738 3794 1864 3847; x_wconf 92' lang='lat' dir='ltr'>ideo</span> 
     </span>
    </p>
   </div>
   <div class='ocr_carea' id='block_1_72' title="bbox 219 3880 1864 3951">
    <p class='ocr_par' dir='ltr' id='par_1_72' title="bbox 219 3880 1864 3951">
     <span class='ocr_line' id='line_1_72' title="bbox 219 3880 1864 3951; baseline -0.001 -16"><span class='ocrx_word' id='word_1_540' title='bbox 219 3881 404 3935; x_wconf 85' lang='lat' dir='ltr'>dixit:</span> <span class='ocrx_word' id='word_1_541' title='bbox 444 3904 469 3928; x_wconf 83' lang='lat'><strong>«</strong></span> <span class='ocrx_word' id='word_1_542' title='bbox 496 3880 575 3935; x_wconf 89' lang='lat' dir='ltr'>De</span> <span class='ocrx_word' id='word_1_543' title='bbox 598 3880 813 3950; x_wconf 89' lang='lat' dir='ltr'>quibus</span> <span class='ocrx_word' id='word_1_544' title='bbox 838 3897 952 3934; x_wconf 91' lang='lat' dir='ltr'>non</span> <span class='ocrx_word' id='word_1_545' title='bbox 978 3885 1065 3934; x_wconf 91' lang='lat' dir='ltr'>est</span> <span class='ocrx_word' id='word_1_546' title='bbox 1088 3881 1259 3935; x_wconf 89' lang='lat' dir='ltr'>modo</span> <span class='ocrx_word' id='word_1_547' title='bbox 1285 3880 1597 3934; x_wconf 88' lang='lat' dir='ltr'>dicendum</span> <span class='ocrx_word' id='word_1_548' title='bbox 1623 3898 1725 3951; x_wconf 92' lang='lat' dir='ltr'>per</span> <span class='ocrx_word' id='word_1_549' title='bbox 1745 3881 1864 3935; x_wconf 91' lang='lat' dir='ltr'>sin-</span> 
     </span>
    </p>
   </div>
   <div class='ocr_carea' id='block_1_73' title="bbox 213 3968 1867 4043">
    <p class='ocr_par' dir='ltr' id='par_1_73' title="bbox 213 3968 1867 4043">
     <span class='ocr_line' id='line_1_73' title="bbox 213 3968 1867 4043; baseline 0 -20"><span class='ocrx_word' id='word_1_550' title='bbox 213 3970 375 4043; x_wconf 87' lang='lat' dir='ltr'>gula.</span> <span class='ocrx_word' id='word_1_551' title='bbox 408 3990 435 4019; x_wconf 84' lang='lat'>»</span> <span class='ocrx_word' id='word_1_552' title='bbox 471 3970 756 4031; x_wconf 88' lang='lat' dir='ltr'>Quoniam</span> <span class='ocrx_word' id='word_1_553' title='bbox 790 3986 905 4023; x_wconf 89' lang='lat' dir='ltr'>non</span> <span class='ocrx_word' id='word_1_554' title='bbox 940 3968 1059 4022; x_wconf 61' lang='lat' dir='ltr'>haec</span> <span class='ocrx_word' id='word_1_555' title='bbox 1097 3968 1219 4023; x_wconf 89' lang='lat' dir='ltr'>sola</span> <span class='ocrx_word' id='word_1_556' title='bbox 1242 3974 1423 4035; x_wconf 87' lang='lat' dir='ltr'>erant,</span> <span class='ocrx_word' id='word_1_557' title='bbox 1451 3985 1574 4039; x_wconf 82' lang='lat' dir='ltr'>quae</span> <span class='ocrx_word' id='word_1_558' title='bbox 1596 3970 1867 4023; x_wconf 87' lang='lat' dir='ltr'>videban-</span> 
     </span>
    </p>
   </div>
   <div class='ocr_carea' id='block_1_74' title="bbox 210 4057 1869 4129">
    <p class='ocr_par' dir='ltr' id='par_1_74' title="bbox 210 4057 1869 4129">
     <span class='ocr_line' id='line_1_74' title="bbox 210 4057 1869 4129; baseline -0.001 -16"><span class='ocrx_word' id='word_1_559' title='bbox 210 4065 333 4125; x_wconf 88' lang='lat' dir='ltr'>tur,</span> <span class='ocrx_word' id='word_1_560' title='bbox 375 4058 475 4113; x_wconf 91' lang='lat' dir='ltr'>sed</span> <span class='ocrx_word' id='word_1_561' title='bbox 507 4058 838 4129; x_wconf 79' lang='lat' dir='ltr'>aenigmata.</span> <span class='ocrx_word' id='word_1_562' title='bbox 894 4057 971 4110; x_wconf 92' lang='lat' dir='ltr'>Ad</span> <span class='ocrx_word' id='word_1_563' title='bbox 997 4074 1144 4128; x_wconf 90' lang='lat' dir='ltr'>quos</span> <span class='ocrx_word' id='word_1_564' title='bbox 1186 4074 1312 4123; x_wconf 86' lang='lat' dir='ltr'>nos,</span> <span class='ocrx_word' id='word_1_565' title='bbox 1354 4057 1409 4109; x_wconf 94' lang='lat' dir='ltr'>in</span> <span class='ocrx_word' id='word_1_566' title='bbox 1454 4063 1737 4127; x_wconf 88' lang='lat' dir='ltr'>quantum</span> <span class='ocrx_word' id='word_1_567' title='bbox 1774 4058 1869 4113; x_wconf 89' lang='lat' dir='ltr'>ille</span> 
     </span>
    </p>
   </div>
   <div class='ocr_carea' id='block_1_75' title="bbox 212 4145 1867 4218">
    <p class='ocr_par' dir='ltr' id='par_1_75' title="bbox 212 4145 1867 4218">
     <span class='ocr_line' id='line_1_75' title="bbox 212 4145 1867 4218; baseline -0.001 -17"><span class='ocrx_word' id='word_1_568' title='bbox 212 4147 381 4201; x_wconf 90' lang='lat' dir='ltr'>dedit</span> <span class='ocrx_word' id='word_1_569' title='bbox 427 4146 523 4217; x_wconf 86' lang='lat' dir='ltr'>qui</span> <span class='ocrx_word' id='word_1_570' title='bbox 579 4162 643 4200; x_wconf 91' lang='lat' dir='ltr'>os</span> <span class='ocrx_word' id='word_1_571' title='bbox 700 4152 999 4200; x_wconf 89' lang='lat' dir='ltr'>mutorum</span> <span class='ocrx_word' id='word_1_572' title='bbox 1050 4145 1279 4216; x_wconf 89' lang='lat' dir='ltr'>aperuit</span> <span class='ocrx_word' id='word_1_573' title='bbox 1326 4152 1381 4199; x_wconf 91' lang='lat' dir='ltr'>et</span> <span class='ocrx_word' id='word_1_574' title='bbox 1412 4146 1641 4218; x_wconf 85' lang='lat' dir='ltr'>linguas</span> <span class='ocrx_word' id='word_1_575' title='bbox 1676 4147 1867 4201; x_wconf 87' lang='lat' dir='ltr'>infan-</span> 
     </span>
    </p>
   </div>
   <div class='ocr_carea' id='block_1_76' title="bbox 212 4235 1867 4308">
    <p class='ocr_par' dir='ltr' id='par_1_76' title="bbox 212 4235 1867 4308">
     <span class='ocr_line' id='line_1_76' title="bbox 212 4235 1867 4308; baseline 0 -18"><span class='ocrx_word' id='word_1_576' title='bbox 212 4237 368 4291; x_wconf 90' lang='lat' dir='ltr'>tium</span> <span class='ocrx_word' id='word_1_577' title='bbox 400 4235 536 4289; x_wconf 86' lang='lat' dir='ltr'>facit</span> <span class='ocrx_word' id='word_1_578' title='bbox 567 4236 817 4289; x_wconf 88' lang='lat' dir='ltr'>disertas</span> <span class='ocrx_word' id='word_1_579' title='bbox 867 4235 1015 4305; x_wconf 73' lang='lat' dir='ltr'>(Sep.</span> <span class='ocrx_word' id='word_1_580' title='bbox 1047 4253 1105 4303; x_wconf 85' lang='lat' dir='ltr'>x,</span> <span class='ocrx_word' id='word_1_581' title='bbox 1149 4236 1262 4305; x_wconf 79' lang='grc'>21),</span> <span class='ocrx_word' id='word_1_582' title='bbox 1299 4236 1569 4290; x_wconf 90' lang='lat' dir='ltr'>accedere</span> <span class='ocrx_word' id='word_1_583' title='bbox 1596 4253 1867 4308; x_wconf 90' lang='lat' dir='ltr'>procura-</span> 
     </span>
    </p>
   </div>
   <div class='ocr_carea' id='block_1_77' title="bbox 207 4325 434 4379">
    <p class='ocr_par' dir='ltr' id='par_1_77' title="bbox 207 4325 434 4379">
     <span class='ocr_line' id='line_1_77' title="bbox 207 4325 434 4379; baseline -0.004 0"><span class='ocrx_word' id='word_1_584' title='bbox 207 4325 434 4379; x_wconf 83' lang='lat' dir='ltr'>vimus.</span> 
     </span>
    </p>
   </div>
   <div class='ocr_carea' id='block_1_78' title="bbox 290 4411 1872 4485">
    <p class='ocr_par' dir='ltr' id='par_1_78' title="bbox 290 4411 1872 4485">
     <span class='ocr_line' id='line_1_78' title="bbox 290 4411 1872 4485; baseline 0.004 -22"><span class='ocrx_word' id='word_1_585' title='bbox 290 4438 319 4464; x_wconf 91' lang='grc'>‹‹</span> <span class='ocrx_word' id='word_1_586' title='bbox 361 4414 457 4468; x_wconf 81' lang='lat' dir='ltr'>His</span> <span class='ocrx_word' id='word_1_587' title='bbox 490 4429 625 4470; x_wconf 90' lang='lat' dir='ltr'>vero</span> <span class='ocrx_word' id='word_1_588' title='bbox 657 4412 1021 4485; x_wconf 88' lang='lat' dir='ltr'>compositis,</span> <span class='ocrx_word' id='word_1_589' title='bbox 1056 4411 1115 4466; x_wconf 91' lang='lat' dir='ltr'>in</span> <span class='ocrx_word' id='word_1_590' title='bbox 1152 4413 1325 4483; x_wconf 85' lang='lat' dir='ltr'>priori</span> <span class='ocrx_word' id='word_1_591' title='bbox 1352 4414 1585 4485; x_wconf 88' lang='lat' dir='ltr'>quidem</span> <span class='ocrx_word' id='word_1_592' title='bbox 1613 4416 1872 4470; x_wconf 88' lang='lat' dir='ltr'>taberna-</span> 
     </span>
    </p>
   </div>
   <div class='ocr_carea' id='block_1_79' title="bbox 1965 3238 3621 3312">
    <p class='ocr_par' dir='ltr' id='par_1_79' title="bbox 1965 3238 3621 3312">
     <span class='ocr_line' id='line_1_79' title="bbox 1965 3238 3621 3312; baseline 0.002 -21"><span class='ocrx_word' id='word_1_593' title='bbox 1965 3239 2098 3309; x_wconf 88' lang='lat' dir='ltr'>jicit</span> <span class='ocrx_word' id='word_1_594' title='bbox 2128 3238 2229 3293; x_wconf 90' lang='lat' dir='ltr'>illa</span> <span class='ocrx_word' id='word_1_595' title='bbox 2254 3245 2642 3307; x_wconf 83' lang='lat' dir='ltr'>sacramenta,</span> <span class='ocrx_word' id='word_1_596' title='bbox 2677 3241 2994 3296; x_wconf 89' lang='lat' dir='ltr'>ostendens</span> <span class='ocrx_word' id='word_1_597' title='bbox 3026 3239 3165 3312; x_wconf 89' lang='lat' dir='ltr'>quia</span> <span class='ocrx_word' id='word_1_598' title='bbox 3195 3240 3418 3297; x_wconf 86' lang='lat' dir='ltr'>nullam</span> <span class='ocrx_word' id='word_1_599' title='bbox 3449 3241 3621 3296; x_wconf 90' lang='lat' dir='ltr'>habe-</span> 
     </span>
    </p>
   </div>
   <div class='ocr_carea' id='block_1_80' title="bbox 1973 3328 3624 3401">
    <p class='ocr_par' dir='ltr' id='par_1_80' title="bbox 1973 3328 3624 3401">
     <span class='ocr_line' id='line_1_80' title="bbox 1973 3328 3624 3401; baseline 0.002 -20"><span class='ocrx_word' id='word_1_600' title='bbox 1973 3330 2113 3381; x_wconf 87' lang='lat' dir='ltr'>bant</span> <span class='ocrx_word' id='word_1_601' title='bbox 2143 3328 2439 3382; x_wconf 89' lang='lat' dir='ltr'>virtutem.</span> <span class='ocrx_word' id='word_1_602' title='bbox 2478 3328 2561 3395; x_wconf 87' lang='lat' dir='ltr'>Et,</span> <span class='ocrx_word' id='word_1_603' title='bbox 2588 3344 2896 3399; x_wconf 88' lang='lat' dir='ltr'>quousque</span> <span class='ocrx_word' id='word_1_604' title='bbox 2917 3331 2987 3384; x_wconf 88' lang='lat' dir='ltr'>ad</span> <span class='ocrx_word' id='word_1_605' title='bbox 3012 3333 3244 3401; x_wconf 89' lang='lat' dir='ltr'>tempus</span> <span class='ocrx_word' id='word_1_606' title='bbox 3267 3330 3624 3401; x_wconf 89' lang='lat' dir='ltr'>corrigeren-</span> 
     </span>
    </p>
   </div>
   <div class='ocr_carea' id='block_1_81' title="bbox 1972 3418 3619 3490">
    <p class='ocr_par' dir='ltr' id='par_1_81' title="bbox 1972 3418 3619 3490">
     <span class='ocr_line' id='line_1_81' title="bbox 1972 3418 3619 3490; baseline 0.001 -20"><span class='ocrx_word' id='word_1_607' title='bbox 1972 3422 2087 3487; x_wconf 91' lang='lat' dir='ltr'>tur,</span> <span class='ocrx_word' id='word_1_608' title='bbox 2113 3433 2299 3488; x_wconf 89' lang='lat' dir='ltr'>usque</span> <span class='ocrx_word' id='word_1_609' title='bbox 2323 3418 2463 3472; x_wconf 90' lang='lat' dir='ltr'>dum</span> <span class='ocrx_word' id='word_1_610' title='bbox 2486 3418 2807 3473; x_wconf 89' lang='lat' dir='ltr'>transirent</span> <span class='ocrx_word' id='word_1_611' title='bbox 2825 3422 3016 3475; x_wconf 78' lang='lat' dir='ltr'>vetera</span> <span class='ocrx_word' id='word_1_612' title='bbox 3041 3436 3054 3486; x_wconf 93' lang='lat'><strong>;</strong></span> <span class='ocrx_word' id='word_1_613' title='bbox 3094 3418 3313 3473; x_wconf 69' lang='lat' dir='ltr'>umbra:</span> <span class='ocrx_word' id='word_1_614' title='bbox 3344 3424 3402 3473; x_wconf 90' lang='lat' dir='ltr'>et</span> <span class='ocrx_word' id='word_1_615' title='bbox 3421 3419 3619 3490; x_wconf 70' lang='lat' dir='ltr'>ﬁgurae</span> 
     </span>
    </p>
   </div>
   <div class='ocr_carea' id='block_1_82' title="bbox 1975 3507 3019 3577">
    <p class='ocr_par' dir='ltr' id='par_1_82' title="bbox 1975 3507 3019 3577">
     <span class='ocr_line' id='line_1_82' title="bbox 1975 3507 3019 3577; baseline 0.002 -17"><span class='ocrx_word' id='word_1_616' title='bbox 1975 3523 2101 3577; x_wconf 66' lang='lat' dir='ltr'>quia</span> <span class='ocrx_word' id='word_1_617' title='bbox 2135 3508 2407 3576; x_wconf 87' lang='lat' dir='ltr'>fuerunt;</span> <span class='ocrx_word' id='word_1_618' title='bbox 2444 3511 2499 3562; x_wconf 89' lang='lat' dir='ltr'>et</span> <span class='ocrx_word' id='word_1_619' title='bbox 2525 3507 2823 3562; x_wconf 89' lang='lat' dir='ltr'>venissent</span> <span class='ocrx_word' id='word_1_620' title='bbox 2854 3524 3019 3562; x_wconf 88' lang='lat' dir='ltr'>nova.</span> 
     </span>
    </p>
   </div>
   <div class='ocr_carea' id='block_1_83' title="bbox 2050 3613 3623 3686">
    <p class='ocr_par' dir='ltr' id='par_1_83' title="bbox 2050 3613 3623 3686">
     <span class='ocr_line' id='line_1_83' title="bbox 2050 3613 3623 3686; baseline 0.001 -18"><span class='ocrx_word' id='word_1_621' title='bbox 2050 3634 2077 3663; x_wconf 85' lang='lat'><strong>«</strong></span> <span class='ocrx_word' id='word_1_622' title='bbox 2108 3613 2374 3669; x_wconf 91' lang='lat' dir='ltr'>Christus</span> <span class='ocrx_word' id='word_1_623' title='bbox 2408 3618 2603 3669; x_wconf 91' lang='lat' dir='ltr'>autem</span> <span class='ocrx_word' id='word_1_624' title='bbox 2651 3613 2936 3670; x_wconf 86' lang='lat' dir='ltr'>assistens</span> <span class='ocrx_word' id='word_1_625' title='bbox 2983 3614 3243 3686; x_wconf 86' lang='lat' dir='ltr'>pontifex</span> <span class='ocrx_word' id='word_1_626' title='bbox 3292 3615 3623 3670; x_wconf 88' lang='lat' dir='ltr'>futurorum</span> 
     </span>
    </p>
   </div>
   <div class='ocr_carea' id='block_1_84' title="bbox 1973 3702 3621 3775">
    <p class='ocr_par' dir='ltr' id='par_1_84' title="bbox 1973 3702 3621 3775">
     <span class='ocr_line' id='line_1_84' title="bbox 1973 3702 3621 3775; baseline 0 -18"><span class='ocrx_word' id='word_1_627' title='bbox 1973 3703 2284 3771; x_wconf 86' lang='lat' dir='ltr'>bonorum,</span> <span class='ocrx_word' id='word_1_628' title='bbox 2318 3718 2422 3775; x_wconf 90' lang='lat' dir='ltr'>per</span> <span class='ocrx_word' id='word_1_629' title='bbox 2451 3704 2704 3775; x_wconf 90' lang='lat' dir='ltr'>amplius</span> <span class='ocrx_word' id='word_1_630' title='bbox 2736 3709 2793 3760; x_wconf 89' lang='lat' dir='ltr'>et</span> <span class='ocrx_word' id='word_1_631' title='bbox 2838 3704 3152 3775; x_wconf 88' lang='lat' dir='ltr'>perfectius</span> <span class='ocrx_word' id='word_1_632' title='bbox 3180 3702 3621 3760; x_wconf 87' lang='lat' dir='ltr'>tabernaculum</span> 
     </span>
    </p>
   </div>
   <div class='ocr_carea' id='block_1_85' title="bbox 1977 3792 3624 3862">
    <p class='ocr_par' dir='ltr' id='par_1_85' title="bbox 1977 3792 3624 3862">
     <span class='ocr_line' id='line_1_85' title="bbox 1977 3792 3624 3862; baseline 0.001 -17"><span class='ocrx_word' id='word_1_633' title='bbox 1977 3809 2092 3847; x_wconf 91' lang='lat' dir='ltr'>non</span> <span class='ocrx_word' id='word_1_634' title='bbox 2124 3794 2567 3858; x_wconf 87' lang='lat' dir='ltr'>manufactum;</span> <span class='ocrx_word' id='word_1_635' title='bbox 2618 3792 2673 3845; x_wconf 93' lang='lat' dir='ltr'>id</span> <span class='ocrx_word' id='word_1_636' title='bbox 2724 3796 2833 3859; x_wconf 89' lang='lat' dir='ltr'>est,</span> <span class='ocrx_word' id='word_1_637' title='bbox 2885 3809 3001 3847; x_wconf 90' lang='lat' dir='ltr'>non</span> <span class='ocrx_word' id='word_1_638' title='bbox 3046 3792 3224 3862; x_wconf 82' lang='lat' dir='ltr'>huius</span> <span class='ocrx_word' id='word_1_639' title='bbox 3275 3792 3624 3860; x_wconf 88' lang='lat' dir='ltr'>creationis;</span> 
     </span>
    </p>
   </div>
   <div class='ocr_carea' id='block_1_86' title="bbox 1978 3880 3621 3951">
    <p class='ocr_par' dir='ltr' id='par_1_86' title="bbox 1978 3880 3621 3951">
     <span class='ocr_line' id='line_1_86' title="bbox 1978 3880 3621 3951; baseline -0.001 -16"><span class='ocrx_word' id='word_1_640' title='bbox 1978 3897 2165 3949; x_wconf 86' lang='lat' dir='ltr'>neque</span> <span class='ocrx_word' id='word_1_641' title='bbox 2188 3897 2288 3950; x_wconf 91' lang='lat' dir='ltr'>per</span> <span class='ocrx_word' id='word_1_642' title='bbox 2309 3880 2655 3951; x_wconf 90' lang='lat' dir='ltr'>sanguinem</span> <span class='ocrx_word' id='word_1_643' title='bbox 2685 3880 3003 3950; x_wconf 87' lang='lat' dir='ltr'>hircorum,</span> <span class='ocrx_word' id='word_1_644' title='bbox 3037 3886 3137 3935; x_wconf 92' lang='lat' dir='ltr'>aut</span> <span class='ocrx_word' id='word_1_645' title='bbox 3158 3880 3497 3948; x_wconf 89' lang='lat' dir='ltr'>vitulorum,</span> <span class='ocrx_word' id='word_1_646' title='bbox 3520 3880 3621 3934; x_wconf 91' lang='lat' dir='ltr'>sed</span> 
     </span>
    </p>
   </div>
   <div class='ocr_carea' id='block_1_87' title="bbox 1978 3967 3625 4040">
    <p class='ocr_par' dir='ltr' id='par_1_87' title="bbox 1978 3967 3625 4040">
     <span class='ocr_line' id='line_1_87' title="bbox 1978 3967 3625 4040; baseline -0.001 -17"><span class='ocrx_word' id='word_1_647' title='bbox 1978 3985 2079 4040; x_wconf 90' lang='lat' dir='ltr'>per</span> <span class='ocrx_word' id='word_1_648' title='bbox 2105 3968 2405 4039; x_wconf 90' lang='lat' dir='ltr'>proprium</span> <span class='ocrx_word' id='word_1_649' title='bbox 2431 3968 2778 4039; x_wconf 91' lang='lat' dir='ltr'>sanguinem</span> <span class='ocrx_word' id='word_1_650' title='bbox 2804 3969 3065 4023; x_wconf 92' lang='lat' dir='ltr'>introivit</span> <span class='ocrx_word' id='word_1_651' title='bbox 3093 3967 3273 4022; x_wconf 90' lang='lat' dir='ltr'>semel</span> <span class='ocrx_word' id='word_1_652' title='bbox 3306 3968 3364 4021; x_wconf 92' lang='lat' dir='ltr'>in</span> <span class='ocrx_word' id='word_1_653' title='bbox 3397 3971 3625 4035; x_wconf 87' lang='lat' dir='ltr'>sancta,</span> 
     </span>
    </p>
   </div>
   <div class='ocr_carea' id='block_1_88' title="bbox 1979 4055 3623 4128">
    <p class='ocr_par' dir='ltr' id='par_1_88' title="bbox 1979 4055 3623 4128">
     <span class='ocr_line' id='line_1_88' title="bbox 1979 4055 3623 4128; baseline -0.001 -17"><span class='ocrx_word' id='word_1_654' title='bbox 1979 4064 2192 4111; x_wconf 70' lang='lat' dir='ltr'>aeterna</span> <span class='ocrx_word' id='word_1_655' title='bbox 2251 4057 2649 4128; x_wconf 86' lang='lat' dir='ltr'>redemptione</span> <span class='ocrx_word' id='word_1_656' title='bbox 2704 4056 2958 4111; x_wconf 89' lang='lat' dir='ltr'>inventa.</span> <span class='ocrx_word' id='word_1_657' title='bbox 2993 4079 3021 4105; x_wconf 83' lang='lat'>»</span> <span class='ocrx_word' id='word_1_658' title='bbox 3070 4056 3361 4121; x_wconf 88' lang='lat' dir='ltr'>Christus,</span> <span class='ocrx_word' id='word_1_659' title='bbox 3408 4055 3623 4127; x_wconf 89' lang='lat' dir='ltr'>inquit,</span> 
     </span>
    </p>
   </div>
   <div class='ocr_carea' id='block_1_89' title="bbox 1979 4144 3626 4217">
    <p class='ocr_par' dir='ltr' id='par_1_89' title="bbox 1979 4144 3626 4217">
     <span class='ocr_line' id='line_1_89' title="bbox 1979 4144 3626 4217; baseline -0.002 -17"><span class='ocrx_word' id='word_1_660' title='bbox 1979 4146 2282 4215; x_wconf 89' lang='lat' dir='ltr'>assistens,</span> <span class='ocrx_word' id='word_1_661' title='bbox 2318 4145 2434 4199; x_wconf 86' lang='lat' dir='ltr'>sive</span> <span class='ocrx_word' id='word_1_662' title='bbox 2467 4150 2530 4199; x_wconf 92' lang='lat' dir='ltr'>ut</span> <span class='ocrx_word' id='word_1_663' title='bbox 2560 4145 2619 4199; x_wconf 91' lang='lat' dir='ltr'>in</span> <span class='ocrx_word' id='word_1_664' title='bbox 2654 4145 3011 4217; x_wconf 89' lang='lat' dir='ltr'>quibusdam</span> <span class='ocrx_word' id='word_1_665' title='bbox 3036 4146 3336 4201; x_wconf 90' lang='lat' dir='ltr'>codicibus</span> <span class='ocrx_word' id='word_1_666' title='bbox 3356 4144 3626 4209; x_wconf 88' lang='lat' dir='ltr'>habetur,</span> 
     </span>
    </p>
   </div>
   <div class='ocr_carea' id='block_1_90' title="bbox 1980 4232 3629 4307">
    <p class='ocr_par' dir='ltr' id='par_1_90' title="bbox 1980 4232 3629 4307">
     <span class='ocr_line' id='line_1_90' title="bbox 1980 4232 3629 4307; baseline -0.001 -18"><span class='ocrx_word' id='word_1_667' title='bbox 1980 4234 2294 4289; x_wconf 89' lang='lat' dir='ltr'>adveniens</span> <span class='ocrx_word' id='word_1_668' title='bbox 2323 4235 2527 4305; x_wconf 78' lang='grc'>(1418),</span> <span class='ocrx_word' id='word_1_669' title='bbox 2580 4234 2687 4289; x_wconf 90' lang='lat' dir='ltr'>hoc</span> <span class='ocrx_word' id='word_1_670' title='bbox 2736 4240 2845 4302; x_wconf 90' lang='lat' dir='ltr'>est,</span> <span class='ocrx_word' id='word_1_671' title='bbox 2887 4235 2957 4290; x_wconf 90' lang='lat' dir='ltr'>ad</span> <span class='ocrx_word' id='word_1_672' title='bbox 3005 4234 3114 4290; x_wconf 92' lang='lat' dir='ltr'>hoc</span> <span class='ocrx_word' id='word_1_673' title='bbox 3143 4235 3338 4307; x_wconf 90' lang='lat' dir='ltr'>ipsum</span> <span class='ocrx_word' id='word_1_674' title='bbox 3368 4232 3629 4300; x_wconf 88' lang='lat' dir='ltr'>veniens,</span> 
     </span>
    </p>
   </div>
   <div class='ocr_carea' id='block_1_91' title="bbox 1980 4323 3631 4396">
    <p class='ocr_par' dir='ltr' id='par_1_91' title="bbox 1980 4323 3631 4396">
     <span class='ocr_line' id='line_1_91' title="bbox 1980 4323 3631 4396; baseline 0 -19"><span class='ocrx_word' id='word_1_675' title='bbox 1980 4340 2095 4378; x_wconf 92' lang='lat' dir='ltr'>non</span> <span class='ocrx_word' id='word_1_676' title='bbox 2132 4324 2263 4378; x_wconf 90' lang='lat' dir='ltr'>aliis</span> <span class='ocrx_word' id='word_1_677' title='bbox 2296 4325 2633 4379; x_wconf 89' lang='lat' dir='ltr'>succedens.</span> <span class='ocrx_word' id='word_1_678' title='bbox 2689 4325 2810 4379; x_wconf 89' lang='lat' dir='ltr'>Non</span> <span class='ocrx_word' id='word_1_679' title='bbox 2861 4325 3049 4396; x_wconf 88' lang='lat' dir='ltr'>primo</span> <span class='ocrx_word' id='word_1_680' title='bbox 3097 4323 3350 4391; x_wconf 88' lang='lat' dir='ltr'>advenit,</span> <span class='ocrx_word' id='word_1_681' title='bbox 3403 4328 3461 4378; x_wconf 92' lang='lat' dir='ltr'>et</span> <span class='ocrx_word' id='word_1_682' title='bbox 3489 4329 3631 4378; x_wconf 93' lang='lat' dir='ltr'>tunc</span> 
     </span>
    </p>
   </div>
   <div class='ocr_carea' id='block_1_92' title="bbox 1983 4411 3627 4482">
    <p class='ocr_par' dir='ltr' id='par_1_92' title="bbox 1983 4411 3627 4482">
     <span class='ocr_line' id='line_1_92' title="bbox 1983 4411 3627 4482; baseline 0.001 -17"><span class='ocrx_word' id='word_1_683' title='bbox 1983 4414 2170 4466; x_wconf 88' lang='lat' dir='ltr'>factus</span> <span class='ocrx_word' id='word_1_684' title='bbox 2196 4417 2303 4479; x_wconf 90' lang='lat' dir='ltr'>est,</span> <span class='ocrx_word' id='word_1_685' title='bbox 2328 4414 2427 4465; x_wconf 90' lang='lat' dir='ltr'>sed</span> <span class='ocrx_word' id='word_1_686' title='bbox 2453 4411 2629 4466; x_wconf 89' lang='lat' dir='ltr'>simul</span> <span class='ocrx_word' id='word_1_687' title='bbox 2654 4412 2831 4467; x_wconf 91' lang='lat' dir='ltr'>venit.</span> <span class='ocrx_word' id='word_1_688' title='bbox 2870 4413 2941 4466; x_wconf 88' lang='lat' dir='ltr'>Et</span> <span class='ocrx_word' id='word_1_689' title='bbox 2970 4429 3082 4467; x_wconf 91' lang='lat' dir='ltr'>non</span> <span class='ocrx_word' id='word_1_690' title='bbox 3126 4412 3289 4482; x_wconf 85' lang='lat' dir='ltr'>dixit,</span> <span class='ocrx_word' id='word_1_691' title='bbox 3313 4412 3627 4467; x_wconf 87' lang='lat' dir='ltr'>adveniens</span> 
     </span>
    </p>
   </div>
   <div class='ocr_carea' id='block_1_93' title="bbox 208 4499 3630 4575">
    <p class='ocr_par' dir='ltr' id='par_1_93' title="bbox 208 4499 3630 4575">
     <span class='ocr_line' id='line_1_93' title="bbox 208 4499 3630 4575; baseline -0.001 -16"><span class='ocrx_word' id='word_1_692' title='bbox 208 4504 353 4559; x_wconf 89' lang='lat' dir='ltr'>culo</span> <span class='ocrx_word' id='word_1_693' title='bbox 399 4520 631 4573; x_wconf 89' lang='lat' dir='ltr'>semper</span> <span class='ocrx_word' id='word_1_694' title='bbox 680 4502 1001 4556; x_wconf 86' lang='lat' dir='ltr'>introibant</span> <span class='ocrx_word' id='word_1_695' title='bbox 1049 4504 1405 4573; x_wconf 85' lang='lat' dir='ltr'>sacerdotes,</span> <span class='ocrx_word' id='word_1_696' title='bbox 1458 4504 1877 4559; x_wconf 90' lang='lat' dir='ltr'>sacriﬁciorum</span> <span class='ocrx_word' id='word_1_697' title='bbox 1910 4513 1955 4575; x_wconf 77' lang='grc' dir='ltr'>Β</span> <span class='ocrx_word' id='word_1_698' title='bbox 1988 4501 2243 4572; x_wconf 84' lang='lat' dir='ltr'>pontifex</span> <span class='ocrx_word' id='word_1_699' title='bbox 2267 4501 2611 4570; x_wconf 87' lang='lat' dir='ltr'>hostiarum,</span> <span class='ocrx_word' id='word_1_700' title='bbox 2634 4502 2733 4556; x_wconf 89' lang='lat' dir='ltr'>sed</span> <span class='ocrx_word' id='word_1_701' title='bbox 2757 4502 3074 4569; x_wconf 88' lang='lat' dir='ltr'>honorum;</span> <span class='ocrx_word' id='word_1_702' title='bbox 3096 4500 3273 4555; x_wconf 91' lang='lat' dir='ltr'>veluti</span> <span class='ocrx_word' id='word_1_703' title='bbox 3296 4516 3410 4555; x_wconf 87' lang='lat' dir='ltr'>non</span> <span class='ocrx_word' id='word_1_704' title='bbox 3431 4499 3630 4555; x_wconf 90' lang='lat' dir='ltr'>valens</span> 
     </span>
    </p>
   </div>
   <div class='ocr_carea' id='block_1_94' title="bbox 208 4591 1879 4663">
    <p class='ocr_par' dir='ltr' id='par_1_94' title="bbox 208 4591 1879 4663">
     <span class='ocr_line' id='line_1_94' title="bbox 208 4591 1879 4663; baseline -0.001 -15"><span class='ocrx_word' id='word_1_705' title='bbox 208 4594 415 4649; x_wconf 80' lang='lat' dir='ltr'>officia</span> <span class='ocrx_word' id='word_1_706' title='bbox 446 4596 947 4647; x_wconf 85' lang='lat' dir='ltr'>consummantes.</span> <span class='ocrx_word' id='word_1_707' title='bbox 985 4614 1006 4642; x_wconf 72' lang='grc' dir='ltr'><strong><em>ι</em></strong></span> <span class='ocrx_word' id='word_1_708' title='bbox 1044 4592 1148 4645; x_wconf 89' lang='lat' dir='ltr'>His</span> <span class='ocrx_word' id='word_1_709' title='bbox 1173 4591 1253 4645; x_wconf 91' lang='lat' dir='ltr'>ita</span> <span class='ocrx_word' id='word_1_710' title='bbox 1277 4592 1701 4663; x_wconf 81' lang='lat' dir='ltr'>praeordinatis,</span> <span class='ocrx_word' id='word_1_711' title='bbox 1727 4593 1879 4648; x_wconf 91' lang='lat' dir='ltr'>sicut</span> 
     </span>
    </p>
   </div>
   <div class='ocr_carea' id='block_1_95' title="bbox 208 4680 1876 4753">
    <p class='ocr_par' dir='ltr' id='par_1_95' title="bbox 208 4680 1876 4753">
     <span class='ocr_line' id='line_1_95' title="bbox 208 4680 1876 4753; baseline -0.002 -16"><span class='ocrx_word' id='word_1_712' title='bbox 208 4682 494 4753; x_wconf 88' lang='lat' dir='ltr'>superius</span> <span class='ocrx_word' id='word_1_713' title='bbox 514 4680 823 4749; x_wconf 84' lang='lat' dir='ltr'>Apostolus</span> <span class='ocrx_word' id='word_1_714' title='bbox 844 4680 1130 4747; x_wconf 89' lang='lat' dir='ltr'>narravit;</span> <span class='ocrx_word' id='word_1_715' title='bbox 1152 4681 1206 4732; x_wconf 91' lang='lat' dir='ltr'>in</span> <span class='ocrx_word' id='word_1_716' title='bbox 1234 4680 1409 4750; x_wconf 87' lang='lat' dir='ltr'>priori</span> <span class='ocrx_word' id='word_1_717' title='bbox 1432 4680 1667 4750; x_wconf 90' lang='lat' dir='ltr'>quidem</span> <span class='ocrx_word' id='word_1_718' title='bbox 1692 4682 1876 4735; x_wconf 84' lang='lat' dir='ltr'>taber-</span> 
     </span>
    </p>
   </div>
   <div class='ocr_carea' id='block_1_96' title="bbox 208 4768 1879 4841">
    <p class='ocr_par' dir='ltr' id='par_1_96' title="bbox 208 4768 1879 4841">
     <span class='ocr_line' id='line_1_96' title="bbox 208 4768 1879 4841; baseline -0.001 -15"><span class='ocrx_word' id='word_1_719' title='bbox 208 4770 430 4826; x_wconf 88' lang='lat' dir='ltr'>naculo</span> <span class='ocrx_word' id='word_1_720' title='bbox 462 4786 692 4841; x_wconf 89' lang='lat' dir='ltr'>semper</span> <span class='ocrx_word' id='word_1_721' title='bbox 725 4768 1026 4822; x_wconf 87' lang='lat' dir='ltr'>intrabant</span> <span class='ocrx_word' id='word_1_722' title='bbox 1057 4770 1408 4837; x_wconf 87' lang='lat' dir='ltr'>sacerdotes,</span> <span class='ocrx_word' id='word_1_723' title='bbox 1442 4770 1625 4824; x_wconf 88' lang='lat' dir='ltr'>donec</span> <span class='ocrx_word' id='word_1_724' title='bbox 1658 4772 1879 4825; x_wconf 89' lang='lat' dir='ltr'>veniret</span> 
     </span>
    </p>
   </div>
   <div class='ocr_carea' id='block_1_97' title="bbox 208 4856 1875 4929">
    <p class='ocr_par' dir='ltr' id='par_1_97' title="bbox 208 4856 1875 4929">
     <span class='ocr_line' id='line_1_97' title="bbox 208 4856 1875 4929; baseline 0 -15"><span class='ocrx_word' id='word_1_725' title='bbox 208 4860 509 4915; x_wconf 88' lang='lat' dir='ltr'>Mediator</span> <span class='ocrx_word' id='word_1_726' title='bbox 530 4858 651 4927; x_wconf 90' lang='lat' dir='ltr'>Dei,</span> <span class='ocrx_word' id='word_1_727' title='bbox 676 4857 776 4928; x_wconf 91' lang='lat' dir='ltr'>qui</span> <span class='ocrx_word' id='word_1_728' title='bbox 804 4856 980 4911; x_wconf 89' lang='lat' dir='ltr'>semel</span> <span class='ocrx_word' id='word_1_729' title='bbox 1008 4856 1248 4911; x_wconf 91' lang='lat' dir='ltr'>introiit.</span> <span class='ocrx_word' id='word_1_730' title='bbox 1284 4858 1461 4912; x_wconf 88' lang='lat' dir='ltr'>Erant</span> <span class='ocrx_word' id='word_1_731' title='bbox 1484 4860 1717 4929; x_wconf 88' lang='lat' dir='ltr'>quidem</span> <span class='ocrx_word' id='word_1_732' title='bbox 1742 4860 1875 4928; x_wconf 89' lang='lat' dir='ltr'>ista,</span> 
     </span>
    </p>
   </div>
   <div class='ocr_carea' id='block_1_98' title="bbox 207 4945 1879 5017">
    <p class='ocr_par' dir='ltr' id='par_1_98' title="bbox 207 4945 1879 5017">
     <span class='ocr_line' id='line_1_98' title="bbox 207 4945 1879 5017; baseline 0.001 -15"><span class='ocrx_word' id='word_1_733' title='bbox 207 4948 325 5003; x_wconf 88' lang='lat' dir='ltr'>sed</span> <span class='ocrx_word' id='word_1_734' title='bbox 361 4964 473 5002; x_wconf 91' lang='lat' dir='ltr'>non</span> <span class='ocrx_word' id='word_1_735' title='bbox 508 4948 813 5001; x_wconf 86' lang='lat' dir='ltr'>fruebatur</span> <span class='ocrx_word' id='word_1_736' title='bbox 843 4947 925 5000; x_wconf 90' lang='lat' dir='ltr'>eis</span> <span class='ocrx_word' id='word_1_737' title='bbox 968 4945 1257 5017; x_wconf 90' lang='lat' dir='ltr'>populus:</span> <span class='ocrx_word' id='word_1_738' title='bbox 1311 4964 1424 5001; x_wconf 91' lang='lat' dir='ltr'>non</span> <span class='ocrx_word' id='word_1_739' title='bbox 1460 4947 1615 5001; x_wconf 87' lang='lat' dir='ltr'>enim</span> <span class='ocrx_word' id='word_1_740' title='bbox 1649 4948 1879 5003; x_wconf 88' lang='lat' dir='ltr'>videbat</span> 
     </span>
    </p>
   </div>
   <div class='ocr_carea' id='block_1_99' title="bbox 208 5034 1876 5107">
    <p class='ocr_par' dir='ltr' id='par_1_99' title="bbox 208 5034 1876 5107">
     <span class='ocr_line' id='line_1_99' title="bbox 208 5034 1876 5107; baseline 0 -16"><span class='ocrx_word' id='word_1_741' title='bbox 208 5037 372 5091; x_wconf 90' lang='lat' dir='ltr'>illud</span> <span class='ocrx_word' id='word_1_742' title='bbox 407 5037 559 5107; x_wconf 89' lang='lat' dir='ltr'>quod</span> <span class='ocrx_word' id='word_1_743' title='bbox 619 5034 1090 5106; x_wconf 67' lang='lat' dir='ltr'>praeﬁgurabant.</span> <span class='ocrx_word' id='word_1_744' title='bbox 1144 5035 1389 5089; x_wconf 88' lang='lat' dir='ltr'>Proinde</span> <span class='ocrx_word' id='word_1_745' title='bbox 1439 5052 1553 5090; x_wconf 91' lang='lat' dir='ltr'>non</span> <span class='ocrx_word' id='word_1_746' title='bbox 1606 5036 1722 5091; x_wconf 91' lang='lat' dir='ltr'>illis</span> <span class='ocrx_word' id='word_1_747' title='bbox 1754 5054 1876 5091; x_wconf 90' lang='lat' dir='ltr'>ma-</span> 
     </span>
    </p>
   </div>
   <div class='ocr_carea' id='block_1_100' title="bbox 206 5124 1877 5199">
    <p class='ocr_par' dir='ltr' id='par_1_100' title="bbox 206 5124 1877 5199">
     <span class='ocr_line' id='line_1_100' title="bbox 206 5124 1877 5199; baseline -0.001 -18"><span class='ocrx_word' id='word_1_748' title='bbox 206 5127 312 5199; x_wconf 88' lang='lat' dir='ltr'>gis</span> <span class='ocrx_word' id='word_1_749' title='bbox 346 5130 512 5181; x_wconf 89' lang='lat' dir='ltr'>erant</span> <span class='ocrx_word' id='word_1_750' title='bbox 542 5124 861 5180; x_wconf 89' lang='lat' dir='ltr'>constituta</span> <span class='ocrx_word' id='word_1_751' title='bbox 903 5140 1079 5195; x_wconf 86' lang='lat' dir='ltr'>quam</span> <span class='ocrx_word' id='word_1_752' title='bbox 1131 5124 1267 5193; x_wconf 88' lang='lat' dir='ltr'>illis,</span> <span class='ocrx_word' id='word_1_753' title='bbox 1320 5124 1536 5195; x_wconf 91' lang='lat' dir='ltr'>quibus</span> <span class='ocrx_word' id='word_1_754' title='bbox 1568 5126 1877 5196; x_wconf 86' lang='lat' dir='ltr'>propheta-</span> 
     </span>
    </p>
   </div>
   <div class='ocr_carea' id='block_1_101' title="bbox 204 5216 461 5270">
    <p class='ocr_par' dir='ltr' id='par_1_101' title="bbox 204 5216 461 5270">
     <span class='ocr_line' id='line_1_101' title="bbox 204 5216 461 5270; baseline -0.008 0"><span class='ocrx_word' id='word_1_755' title='bbox 204 5216 461 5270; x_wconf 87' lang='lat' dir='ltr'>bantur.</span> 
     </span>
    </p>
   </div>
   <div class='ocr_carea' id='block_1_102' title="bbox 292 5301 1875 5374">
    <p class='ocr_par' dir='ltr' id='par_1_102' title="bbox 292 5301 1875 5374">
     <span class='ocr_line' id='line_1_102' title="bbox 292 5301 1875 5374; baseline 0 -17"><span class='ocrx_word' id='word_1_756' title='bbox 292 5325 325 5353; x_wconf 85' lang='lat'><strong>«</strong></span> <span class='ocrx_word' id='word_1_757' title='bbox 364 5305 424 5357; x_wconf 91' lang='lat' dir='ltr'>In</span> <span class='ocrx_word' id='word_1_758' title='bbox 448 5303 706 5359; x_wconf 91' lang='lat' dir='ltr'>secundo</span> <span class='ocrx_word' id='word_1_759' title='bbox 731 5306 927 5357; x_wconf 89' lang='lat' dir='ltr'>autem</span> <span class='ocrx_word' id='word_1_760' title='bbox 954 5301 1135 5357; x_wconf 87' lang='lat' dir='ltr'>semel</span> <span class='ocrx_word' id='word_1_761' title='bbox 1157 5302 1215 5356; x_wconf 90' lang='lat' dir='ltr'>in</span> <span class='ocrx_word' id='word_1_762' title='bbox 1242 5318 1393 5357; x_wconf 86' lang='lat' dir='ltr'>anno</span> <span class='ocrx_word' id='word_1_763' title='bbox 1416 5303 1577 5357; x_wconf 89' lang='lat' dir='ltr'>solus</span> <span class='ocrx_word' id='word_1_764' title='bbox 1596 5303 1875 5374; x_wconf 88' lang='lat' dir='ltr'>pontifex,</span> 
     </span>
    </p>
   </div>
   <div class='ocr_carea' id='block_1_103' title="bbox 204 5390 1879 5464">
    <p class='ocr_par' dir='ltr' id='par_1_103' title="bbox 204 5390 1879 5464">
     <span class='ocr_line' id='line_1_103' title="bbox 204 5390 1879 5464; baseline -0.003 -15"><span class='ocrx_word' id='word_1_765' title='bbox 204 5410 345 5449; x_wconf 86' lang='lat' dir='ltr'>non</span> <span class='ocrx_word' id='word_1_766' title='bbox 380 5392 504 5447; x_wconf 89' lang='lat' dir='ltr'>sine</span> <span class='ocrx_word' id='word_1_767' title='bbox 536 5391 844 5464; x_wconf 90' lang='lat' dir='ltr'>sanguine,</span> <span class='ocrx_word' id='word_1_768' title='bbox 880 5408 1056 5461; x_wconf 89' lang='lat' dir='ltr'>quem</span> <span class='ocrx_word' id='word_1_769' title='bbox 1088 5391 1256 5446; x_wconf 77' lang='lat' dir='ltr'>offert</span> <span class='ocrx_word' id='word_1_770' title='bbox 1305 5408 1406 5461; x_wconf 91' lang='lat' dir='ltr'>pro</span> <span class='ocrx_word' id='word_1_771' title='bbox 1458 5408 1565 5445; x_wconf 88' lang='lat' dir='ltr'>sua</span> <span class='ocrx_word' id='word_1_772' title='bbox 1593 5396 1649 5445; x_wconf 91' lang='lat' dir='ltr'>et</span> <span class='ocrx_word' id='word_1_773' title='bbox 1678 5390 1879 5463; x_wconf 86' lang='lat' dir='ltr'>pOpuli</span> 
     </span>
    </p>
   </div>
   <div class='ocr_carea' id='block_1_104' title="bbox 204 5479 1877 5556">
    <p class='ocr_par' dir='ltr' id='par_1_104' title="bbox 204 5479 1877 5556">
     <span class='ocr_line' id='line_1_104' title="bbox 204 5479 1877 5556; baseline -0.002 -16"><span class='ocrx_word' id='word_1_774' title='bbox 204 5482 580 5556; x_wconf 82' lang='lat' dir='ltr'>ignorantia.</span> <span class='ocrx_word' id='word_1_775' title='bbox 620 5504 639 5530; x_wconf 78' lang='grc' dir='ltr'>ι</span> <span class='ocrx_word' id='word_1_776' title='bbox 680 5479 927 5535; x_wconf 87' lang='lat' dir='ltr'>Intueris</span> <span class='ocrx_word' id='word_1_777' title='bbox 950 5481 1075 5551; x_wconf 86' lang='lat' dir='ltr'>jam</span> <span class='ocrx_word' id='word_1_778' title='bbox 1108 5481 1325 5536; x_wconf 84' lang='lat' dir='ltr'>formas</span> <span class='ocrx_word' id='word_1_779' title='bbox 1355 5484 1491 5535; x_wconf 88' lang='lat' dir='ltr'>ante</span> <span class='ocrx_word' id='word_1_780' title='bbox 1522 5481 1877 5551; x_wconf 74' lang='lat' dir='ltr'>praemissas,</span> 
     </span>
    </p>
   </div>
   <div class='ocr_carea' id='block_1_105' title="bbox 290 5586 1520 5671">
    <p class='ocr_par' dir='ltr' id='par_1_105' title="bbox 290 5586 1520 5671">
     <span class='ocr_line' id='line_1_105' title="bbox 290 5586 1520 5671; baseline 0 -25"><span class='ocrx_word' id='word_1_781' title='bbox 290 5590 483 5671; x_wconf 75' lang='grc'>(1418)</span> <span class='ocrx_word' id='word_1_782' title='bbox 514 5587 617 5645; x_wconf 89' lang='lat' dir='ltr'>Vel</span> <span class='ocrx_word' id='word_1_783' title='bbox 647 5587 823 5645; x_wconf 86' lang='lat' dir='ltr'>etiam</span> <span class='ocrx_word' id='word_1_784' title='bbox 853 5590 919 5643; x_wconf 89' lang='lat' dir='ltr'>ut</span> <span class='ocrx_word' id='word_1_785' title='bbox 958 5586 1018 5641; x_wconf 88' lang='lat' dir='ltr'>in</span> <span class='ocrx_word' id='word_1_786' title='bbox 1059 5586 1212 5659; x_wconf 88' lang='lat' dir='ltr'>aliis,</span> <span class='ocrx_word' id='word_1_787' title='bbox 1243 5586 1520 5646; x_wconf 75' lang='lat' dir='ltr'>accedens.</span> 
     </span>
    </p>
   </div>
   <div class='ocr_carea' id='block_1_106' title="bbox 556 5714 1184 5785">
    <p class='ocr_par' dir='ltr' id='par_1_106' title="bbox 556 5714 1184 5785">
     <span class='ocr_line' id='line_1_106' title="bbox 556 5714 1184 5785; baseline -0.005 -3"><span class='ocrx_word' id='word_1_788' title='bbox 556 5722 818 5785; x_wconf 69' lang='grc' dir='ltr'>ΡΑτιιοι..</span> <span class='ocrx_word' id='word_1_789' title='bbox 865 5714 1184 5781; x_wconf 80' lang='lat' dir='ltr'>CXXXIV.</span> 
     </span>
    </p>
   </div>
   <div class='ocr_carea' id='block_1_107' title="bbox 1992 4589 3630 4661">
    <p class='ocr_par' dir='ltr' id='par_1_107' title="bbox 1992 4589 3630 4661">
     <span class='ocr_line' id='line_1_107' title="bbox 1992 4589 3630 4661; baseline -0.001 -16"><span class='ocrx_word' id='word_1_790' title='bbox 1992 4606 2260 4645; x_wconf 90' lang='lat' dir='ltr'>sermone</span> <span class='ocrx_word' id='word_1_791' title='bbox 2288 4592 2628 4645; x_wconf 85' lang='lat' dir='ltr'>universum</span> <span class='ocrx_word' id='word_1_792' title='bbox 2660 4590 3001 4661; x_wconf 87' lang='lat' dir='ltr'>exprimere.</span> <span class='ocrx_word' id='word_1_793' title='bbox 3026 4589 3492 4644; x_wconf 88' lang='lat' dir='ltr'>Tabernaculum</span> <span class='ocrx_word' id='word_1_794' title='bbox 3516 4605 3630 4644; x_wconf 90' lang='lat' dir='ltr'>non</span> 
     </span>
    </p>
   </div>
   <div class='ocr_carea' id='block_1_108' title="bbox 1988 4678 3629 4751">
    <p class='ocr_par' dir='ltr' id='par_1_108' title="bbox 1988 4678 3629 4751">
     <span class='ocr_line' id='line_1_108' title="bbox 1988 4678 3629 4751; baseline 0 -18"><span class='ocrx_word' id='word_1_795' title='bbox 1988 4680 2411 4747; x_wconf 88' lang='lat' dir='ltr'>manufactum,</span> <span class='ocrx_word' id='word_1_796' title='bbox 2446 4680 2635 4751; x_wconf 91' lang='lat' dir='ltr'>ipsam</span> <span class='ocrx_word' id='word_1_797' title='bbox 2668 4695 2900 4732; x_wconf 89' lang='lat' dir='ltr'>carnem</span> <span class='ocrx_word' id='word_1_798' title='bbox 2933 4678 3228 4749; x_wconf 89' lang='lat' dir='ltr'>pontiﬁcis</span> <span class='ocrx_word' id='word_1_799' title='bbox 3254 4678 3439 4733; x_wconf 90' lang='lat' dir='ltr'>nostri</span> <span class='ocrx_word' id='word_1_800' title='bbox 3469 4678 3629 4750; x_wconf 91' lang='lat' dir='ltr'>dicit,</span> 
     </span>
    </p>
   </div>
   <div class='ocr_carea' id='block_1_109' title="bbox 1988 4766 3630 4838">
    <p class='ocr_par' dir='ltr' id='par_1_109' title="bbox 1988 4766 3630 4838">
     <span class='ocr_line' id='line_1_109' title="bbox 1988 4766 3630 4838; baseline 0.001 -17"><span class='ocrx_word' id='word_1_801' title='bbox 1988 4772 2043 4822; x_wconf 91' lang='lat' dir='ltr'>et</span> <span class='ocrx_word' id='word_1_802' title='bbox 2063 4785 2193 4822; x_wconf 85' lang='lat' dir='ltr'>vere</span> <span class='ocrx_word' id='word_1_803' title='bbox 2217 4786 2330 4822; x_wconf 92' lang='lat' dir='ltr'>non</span> <span class='ocrx_word' id='word_1_804' title='bbox 2354 4768 2532 4837; x_wconf 89' lang='lat' dir='ltr'>hujus</span> <span class='ocrx_word' id='word_1_805' title='bbox 2554 4766 2884 4836; x_wconf 88' lang='lat' dir='ltr'>creationis,</span> <span class='ocrx_word' id='word_1_806' title='bbox 2910 4767 3049 4837; x_wconf 85' lang='lat' dir='ltr'>quia</span> <span class='ocrx_word' id='word_1_807' title='bbox 3070 4772 3188 4821; x_wconf 90' lang='lat' dir='ltr'>tota</span> <span class='ocrx_word' id='word_1_808' title='bbox 3212 4766 3468 4822; x_wconf 87' lang='lat' dir='ltr'>Trinitas</span> <span class='ocrx_word' id='word_1_809' title='bbox 3490 4783 3630 4838; x_wconf 92' lang='lat' dir='ltr'>ope-</span> 
     </span>
    </p>
   </div>
   <div class='ocr_carea' id='block_1_110' title="bbox 1987 4855 3628 4928">
    <p class='ocr_par' dir='ltr' id='par_1_110' title="bbox 1987 4855 3628 4928">
     <span class='ocr_line' id='line_1_110' title="bbox 1987 4855 3628 4928; baseline -0.001 -17"><span class='ocrx_word' id='word_1_810' title='bbox 1987 4863 2113 4911; x_wconf 88' lang='lat' dir='ltr'>rata</span> <span class='ocrx_word' id='word_1_811' title='bbox 2146 4863 2234 4911; x_wconf 89' lang='lat' dir='ltr'>est</span> <span class='ocrx_word' id='word_1_812' title='bbox 2267 4859 2321 4910; x_wconf 92' lang='lat' dir='ltr'>in</span> <span class='ocrx_word' id='word_1_813' title='bbox 2346 4874 2430 4911; x_wconf 89' lang='lat' dir='ltr'>ea.</span> <span class='ocrx_word' id='word_1_814' title='bbox 2459 4856 2655 4926; x_wconf 88' lang='lat' dir='ltr'>Neque</span> <span class='ocrx_word' id='word_1_815' title='bbox 2679 4873 2746 4910; x_wconf 85' lang='lat' dir='ltr'>ex</span> <span class='ocrx_word' id='word_1_816' title='bbox 2767 4855 2859 4910; x_wconf 91' lang='lat' dir='ltr'>his</span> <span class='ocrx_word' id='word_1_817' title='bbox 2890 4856 3175 4911; x_wconf 87' lang='lat' dir='ltr'>creaturis</span> <span class='ocrx_word' id='word_1_818' title='bbox 3197 4861 3306 4924; x_wconf 88' lang='lat' dir='ltr'>est,</span> <span class='ocrx_word' id='word_1_819' title='bbox 3335 4857 3434 4912; x_wconf 91' lang='lat' dir='ltr'>sed</span> <span class='ocrx_word' id='word_1_820' title='bbox 3457 4856 3628 4928; x_wconf 90' lang='lat' dir='ltr'>spiri-</span> 
     </span>
    </p>
   </div>
   <div class='ocr_carea' id='block_1_111' title="bbox 1987 4944 3633 5017">
    <p class='ocr_par' dir='ltr' id='par_1_111' title="bbox 1987 4944 3633 5017">
     <span class='ocr_line' id='line_1_111' title="bbox 1987 4944 3633 5017; baseline -0.001 -19"><span class='ocrx_word' id='word_1_821' title='bbox 1987 4946 2121 5000; x_wconf 88' lang='lat' dir='ltr'>talis</span> <span class='ocrx_word' id='word_1_822' title='bbox 2162 4962 2230 5000; x_wconf 86' lang='lat' dir='ltr'>ex</span> <span class='ocrx_word' id='word_1_823' title='bbox 2260 4945 2477 5016; x_wconf 88' lang='lat' dir='ltr'>Spiritu</span> <span class='ocrx_word' id='word_1_824' title='bbox 2512 4950 2734 5000; x_wconf 90' lang='lat' dir='ltr'>sancto.</span> <span class='ocrx_word' id='word_1_825' title='bbox 2775 4952 2856 4999; x_wconf 85' lang='lat' dir='ltr'>Ac</span> <span class='ocrx_word' id='word_1_826' title='bbox 2887 4962 2989 5017; x_wconf 91' lang='lat' dir='ltr'>per</span> <span class='ocrx_word' id='word_1_827' title='bbox 3010 4944 3119 5000; x_wconf 92' lang='lat' dir='ltr'>hoc</span> <span class='ocrx_word' id='word_1_828' title='bbox 3150 4950 3256 5011; x_wconf 90' lang='lat' dir='ltr'>est,</span> <span class='ocrx_word' id='word_1_829' title='bbox 3293 4944 3545 5016; x_wconf 89' lang='lat' dir='ltr'>amplius</span> <span class='ocrx_word' id='word_1_830' title='bbox 3576 4948 3633 4997; x_wconf 89' lang='lat' dir='ltr'>et</span> 
     </span>
    </p>
   </div>
   <div class='ocr_carea' id='block_1_112' title="bbox 1987 5031 3628 5105">
    <p class='ocr_par' dir='ltr' id='par_1_112' title="bbox 1987 5031 3628 5105">
     <span class='ocr_line' id='line_1_112' title="bbox 1987 5031 3628 5105; baseline -0.001 -18"><span class='ocrx_word' id='word_1_831' title='bbox 1987 5034 2322 5104; x_wconf 71' lang='lat' dir='ltr'>perfectius,</span> <span class='ocrx_word' id='word_1_832' title='bbox 2354 5034 2493 5104; x_wconf 89' lang='lat' dir='ltr'>quia</span> <span class='ocrx_word' id='word_1_833' title='bbox 2517 5038 2725 5087; x_wconf 90' lang='lat' dir='ltr'>cuncta</span> <span class='ocrx_word' id='word_1_834' title='bbox 2746 5032 2934 5088; x_wconf 89' lang='lat' dir='ltr'>sancti</span> <span class='ocrx_word' id='word_1_835' title='bbox 2957 5034 3210 5105; x_wconf 89' lang='lat' dir='ltr'>Spiritus</span> <span class='ocrx_word' id='word_1_836' title='bbox 3240 5032 3495 5104; x_wconf 88' lang='lat' dir='ltr'>operatio</span> <span class='ocrx_word' id='word_1_837' title='bbox 3526 5031 3628 5086; x_wconf 88' lang='lat' dir='ltr'>ha-</span> 
     </span>
    </p>
   </div>
   <div class='ocr_carea' id='block_1_113' title="bbox 1988 5119 3632 5193">
    <p class='ocr_par' dir='ltr' id='par_1_113' title="bbox 1988 5119 3632 5193">
     <span class='ocr_line' id='line_1_113' title="bbox 1988 5119 3632 5193; baseline -0.002 -15"><span class='ocrx_word' id='word_1_838' title='bbox 1988 5124 2132 5178; x_wconf 88' lang='lat' dir='ltr'>bitat</span> <span class='ocrx_word' id='word_1_839' title='bbox 2173 5124 2229 5177; x_wconf 92' lang='lat' dir='ltr'>in</span> <span class='ocrx_word' id='word_1_840' title='bbox 2271 5140 2357 5193; x_wconf 88' lang='lat' dir='ltr'>ea,</span> <span class='ocrx_word' id='word_1_841' title='bbox 2398 5123 2537 5193; x_wconf 88' lang='lat' dir='ltr'>quia</span> <span class='ocrx_word' id='word_1_842' title='bbox 2578 5123 2635 5175; x_wconf 92' lang='lat' dir='ltr'>in</span> <span class='ocrx_word' id='word_1_843' title='bbox 2678 5122 2806 5193; x_wconf 91' lang='lat' dir='ltr'>ipso</span> <span class='ocrx_word' id='word_1_844' title='bbox 2857 5122 3081 5177; x_wconf 87' lang='lat' dir='ltr'>habitat</span> <span class='ocrx_word' id='word_1_845' title='bbox 3109 5121 3299 5176; x_wconf 89' lang='lat' dir='ltr'>omnis</span> <span class='ocrx_word' id='word_1_846' title='bbox 3331 5119 3632 5191; x_wconf 88' lang='lat' dir='ltr'>plenitudo</span> 
     </span>
    </p>
   </div>
   <div class='ocr_carea' id='block_1_114' title="bbox 1988 5207 3637 5283">
    <p class='ocr_par' dir='ltr' id='par_1_114' title="bbox 1988 5207 3637 5283">
     <span class='ocr_line' id='line_1_114' title="bbox 1988 5207 3637 5283; baseline -0.002 -17"><span class='ocrx_word' id='word_1_847' title='bbox 1988 5212 2333 5266; x_wconf 89' lang='lat' dir='ltr'>divinitatis.</span> <span class='ocrx_word' id='word_1_848' title='bbox 2358 5210 2747 5283; x_wconf 89' lang='lat' dir='ltr'>Corporaliter</span> <span class='ocrx_word' id='word_1_849' title='bbox 2772 5234 2799 5261; x_wconf 85' lang='lat'>«</span> <span class='ocrx_word' id='word_1_850' title='bbox 2825 5228 2927 5283; x_wconf 91' lang='lat' dir='ltr'>per</span> <span class='ocrx_word' id='word_1_851' title='bbox 2953 5207 3637 5282; x_wconf 88' lang='lat' dir='ltr'>proprium,inquit,san-</span> 
     </span>
    </p>
   </div>
   <div class='ocr_carea' id='block_1_115' title="bbox 1987 5297 3635 5373">
    <p class='ocr_par' dir='ltr' id='par_1_115' title="bbox 1987 5297 3635 5373">
     <span class='ocr_line' id='line_1_115' title="bbox 1987 5297 3635 5373; baseline -0.001 -19"><span class='ocrx_word' id='word_1_852' title='bbox 1987 5301 2223 5373; x_wconf 90' lang='lat' dir='ltr'>guinem</span> <span class='ocrx_word' id='word_1_853' title='bbox 2242 5301 2502 5356; x_wconf 89' lang='lat' dir='ltr'>introivit</span> <span class='ocrx_word' id='word_1_854' title='bbox 2515 5300 2693 5356; x_wconf 88' lang='lat' dir='ltr'>semel</span> <span class='ocrx_word' id='word_1_855' title='bbox 2708 5301 2766 5354; x_wconf 91' lang='lat' dir='ltr'>in</span> <span class='ocrx_word' id='word_1_856' title='bbox 2783 5303 3223 5369; x_wconf 70' lang='lat' dir='ltr'>sancta,aeterna</span> <span class='ocrx_word' id='word_1_857' title='bbox 3235 5297 3635 5369; x_wconf 87' lang='lat' dir='ltr'>redemptione</span> 
     </span>
    </p>
   </div>
   <div class='ocr_carea' id='block_1_116' title="bbox 1986 5387 3635 5457">
    <p class='ocr_par' dir='ltr' id='par_1_116' title="bbox 1986 5387 3635 5457">
     <span class='ocr_line' id='line_1_116' title="bbox 1986 5387 3635 5457; baseline 0 -14"><span class='ocrx_word' id='word_1_858' title='bbox 1986 5390 2241 5444; x_wconf 88' lang='lat' dir='ltr'>inventa.</span> <span class='ocrx_word' id='word_1_859' title='bbox 2274 5412 2300 5438; x_wconf 91' lang='grc'>››</span> <span class='ocrx_word' id='word_1_860' title='bbox 2325 5391 2566 5454; x_wconf 88' lang='lat' dir='ltr'>Quando</span> <span class='ocrx_word' id='word_1_861' title='bbox 2589 5390 2746 5457; x_wconf 90' lang='lat' dir='ltr'>dicit,</span> <span class='ocrx_word' id='word_1_862' title='bbox 2778 5411 2797 5439; x_wconf 80' lang='grc' dir='ltr'>ι</span> <span class='ocrx_word' id='word_1_863' title='bbox 2830 5390 3083 5454; x_wconf 91' lang='lat' dir='ltr'>inventa,</span> <span class='ocrx_word' id='word_1_864' title='bbox 3104 5407 3130 5436; x_wconf 83' lang='lat'>»</span> <span class='ocrx_word' id='word_1_865' title='bbox 3157 5387 3413 5441; x_wconf 86' lang='lat' dir='ltr'>ostendit</span> <span class='ocrx_word' id='word_1_866' title='bbox 3432 5403 3635 5443; x_wconf 88' lang='lat' dir='ltr'>eorum</span> 
     </span>
    </p>
   </div>
   <div class='ocr_carea' id='block_1_117' title="bbox 1988 5474 3631 5551">
    <p class='ocr_par' dir='ltr' id='par_1_117' title="bbox 1988 5474 3631 5551">
     <span class='ocr_line' id='line_1_117' title="bbox 1988 5474 3631 5551; baseline 0 -16"><span class='ocrx_word' id='word_1_867' title='bbox 1988 5495 2138 5548; x_wconf 90' lang='lat' dir='ltr'>esse,</span> <span class='ocrx_word' id='word_1_868' title='bbox 2164 5479 2264 5551; x_wconf 89' lang='lat' dir='ltr'>qui</span> <span class='ocrx_word' id='word_1_869' title='bbox 2279 5496 2391 5536; x_wconf 88' lang='lat' dir='ltr'>non</span> <span class='ocrx_word' id='word_1_870' title='bbox 2408 5479 2874 5536; x_wconf 88' lang='lat' dir='ltr'>inveniebantur.</span> <span class='ocrx_word' id='word_1_871' title='bbox 2887 5475 3002 5531; x_wconf 82' lang='lat' dir='ltr'>Alii</span> <span class='ocrx_word' id='word_1_872' title='bbox 3015 5474 3349 5532; x_wconf 86' lang='lat' dir='ltr'>sacerdotes</span> <span class='ocrx_word' id='word_1_873' title='bbox 3361 5476 3631 5550; x_wconf 88' lang='lat' dir='ltr'>frequen-</span> 
     </span>
    </p>
   </div>
   <div class='ocr_carea' id='block_1_118' title="bbox 3239 5710 3320 5787">
    <p class='ocr_par' dir='ltr' id='par_1_118' title="bbox 3239 5710 3320 5787">
     <span class='ocr_line' id='line_1_118' title="bbox 3239 5710 3320 5787; baseline 0.074 -6"><span class='ocrx_word' id='word_1_874' title='bbox 3239 5710 3320 5787; x_wconf 64' lang='grc'><strong>28</strong></span> 
     </span>
    </p>
   </div>
  </div>
