4062 6186
400 290 516 348 779

1423 281 1682 341 ATTON
1692 281 1760 340 IS
1804 279 2393 342 VERCELLENSIS
2437 277 2785 339 EPISCOPI

3688 279 3814 342 780

399 424 486 475 ter
518 417 786 473 intrando
818 431 931 470 non
980 414 1326 469 invenerunt
1353 432 1365 481 ;
1422 413 1530 468 iste
1583 428 1685 483 per
1733 428 1915 466 unum
1954 411 2040 465 in-
2075 413 2127 476 Α
2159 409 2302 482 lege,
2328 427 2506 464 unam
2529 409 2743 466 Christi
2768 411 3036 475 mortem,
3060 425 3191 481 qua:
3224 424 3328 481 pro
3352 409 3525 466 nobis
3553 413 3818 482 gratuita

402 522 668 580 gressum
701 510 974 560 mternam
1011 503 1474 574 redemptionem
1498 502 1737 555 invenit.

477 616 504 646 α
533 595 746 648 Sancta
779 616 805 642 »
838 593 945 647 hoc
975 592 1032 646 in
1080 591 1225 660 loco,
1279 591 1488 646 coelum
1539 589 1812 661 appellat,
1845 589 1904 642 in
1937 605 2050 659 quo

402 682 679 737 introivit.
699 687 928 754 Intuere
943 682 1235 752 quomodo
1250 678 1688 734 tabernaculum
1700 683 1777 742 ,et
1789 677 2049 732 velamen

400 776 458 825 et
479 771 692 826 coelum
714 770 859 824 illud
882 769 1251 824 Dominicum
1277 786 1486 840 corpus
1507 772 1689 822 vocat.
1715 769 1902 832 Quare
1916 783 2051 836 ergo

402 860 510 915 hoc
525 859 702 914 facit?
715 860 1047 914 Secundum
1066 857 1262 923 aliam,
1279 863 1335 911 et
1349 857 1522 912 aliam
1539 856 2048 926 signiﬁcationem.

403 947 478 1004 Ut
500 953 641 1020 puta
661 946 860 1012 veluti,
889 948 1042 1018 quod
1072 947 1198 1000 dico
1221 946 1503 1014 velamen,
1527 943 1736 998 coelum
1761 949 1867 1000 est.
1893 943 2056 998 Sicut

404 1038 561 1092 enim
596 1053 762 1092 muro
790 1037 1045 1107 quodam
1081 1034 1361 1088 discernit
1407 1039 1610 1088 sancta
1640 1050 1739 1103 per
1767 1031 2052 1096 velamen,

405 1127 488 1181 sic
518 1130 574 1181 et
604 1142 735 1180 caro
767 1125 1132 1179 abscondens
1163 1123 1551 1177 divinitatem.
1587 1120 2052 1176 Tabernaculum

405 1215 640 1286 quippe,
675 1219 731 1286 et
759 1213 1022 1268 velamen
1055 1218 1112 1267 et
1140 1211 1373 1281 cmlum,
1407 1211 1693 1282 quidquid
1729 1210 1888 1265 intus
1920 1209 2054 1263 reti-

404 1308 565 1368 nent,
598 1282 741 1357 foris
773 1318 885 1356 non
919 1305 1178 1372 apparet,
1215 1300 1295 1353 ita
1324 1316 1454 1354 caro
1487 1298 1874 1365 abscondens,
1905 1297 2058 1352 sicut

405 1392 681 1460 diximus,
714 1390 1102 1445 divinitatem.

478 1503 505 1529 ‹‹
529 1479 588 1535 Si
613 1479 769 1534 enim
793 1478 1036 1548 sanguis
1061 1477 1376 1542 hircorum,
1402 1481 1458 1530 et
1479 1481 1805 1539 taurorum,
1834 1478 1889 1528 et
1912 1474 2059 1528 cinis

407 1568 602 1624 vitula:
635 1583 911 1638 aspersus
943 1565 1279 1636 inquinatos
1321 1565 1648 1619 sanctiﬁcat
1670 1565 1739 1618 ad
1773 1564 2082 1619 emunda-’

411 1657 630 1712 tionem
649 1655 863 1720 carnis,
879 1658 1097 1725 quanto
1117 1653 1304 1724 magis
1325 1652 1566 1724 sanguis
1584 1651 1818 1718 Christi,
1841 1651 1940 1722 qui
1962 1668 2063 1722 per

411 1744 695 1817 Spiritum
709 1760 811 1798 san
821 1749 978 1797 ctum
994 1741 1376 1812 semetipsum
1391 1739 1603 1796 obtulit
1617 1739 2060 1795 immaculatum

412 1835 549 1903 Deo,
583 1832 923 1888 emundabit
955 1830 1370 1886 conscientiam
1403 1833 1663 1883 nostram
1689 1830 1760 1882 ab
1784 1827 2057 1899 operibus

411 1923 680 1988 mortuis,
707 1922 777 1976 ad
802 1919 1171 1976 serviendum
1197 1919 1309 1974 Deo
1336 1918 1644 1973 viventi?»
1671 1917 1728 1972 Si
1755 1918 1908 1972 enim
1934 1934 2057 1970 car-

411 2028 565 2078 nem,
618 2011 831 2081 inquit,
880 2013 1070 2080 potest
1118 2008 1402 2062 mundare
1448 2007 1689 2078 sanguis
1731 2011 2055 2075 taurorum,

412 2101 597 2156 multo
619 2098 873 2170 amplius
895 2098 1104 2152 animae
1127 2097 1355 2152 sordem
1374 2095 1546 2150 diluit
1563 2094 1803 2166 sanguis
1819 2095 2056 2150 Christi.

412 2188 517 2243 Hic
549 2187 804 2243 ostendit
835 2187 1141 2256 utriusque
1190 2184 1593 2239 mundationis
1646 2183 2055 2251 differentiam,

416 2276 708 2348 quomodo
731 2280 923 2330 autem
948 2275 1063 2329 ista
1080 2272 1306 2329 exclesa
1332 2273 1429 2337 sit,
1452 2272 1551 2327 illa
1573 2277 1766 2327 autem
1791 2271 2054 2327 humilis.

415 2365 620 2421 Merito
651 2363 966 2436 siquidem,
999 2363 1140 2434 quia
1169 2362 1268 2418 illa
1299 2361 1621 2430 mundatio,
1657 2361 1898 2431 sanguis
1929 2366 2057 2415 tau-

415 2471 614 2510 rorum
641 2472 653 2522 ;
680 2433 792 2509 ista
813 2433 1266 2508 autemChristi.
1293 2451 1360 2504 Et
1381 2467 1493 2504 non
1512 2449 1561 2504 ei
1585 2449 1801 2504 sufﬁcit
1821 2433 2066 2504 nomine

412 2547 643 2598 tantum
667 2542 772 2596 hoc
795 2541 1028 2612 signare
1046 2556 1057 2593 :
1076 2539 1237 2610 ponit
1253 2539 1426 2593 etiam
1445 2538 1616 2592 modo
1635 2537 2052 2592 differentiam:

413 2653 442 2681 ‹‹
485 2631 580 2701 qui
614 2645 716 2700 per
745 2629 1048 2699 Spiritum,
1085 2649 1112 2675 ››
1161 2625 1373 2696 inquit,
1412 2645 1432 2672 α
1466 2631 1760 2690 sanctum,
1793 2626 2054 2696 seipsum

412 2719 625 2775 obtulit
655 2716 1099 2772 immaculatum
1131 2715 1283 2780 Deo;
1319 2735 1345 2762 ››
1382 2713 1489 2769 hoc
1538 2719 1647 2780 est,
1679 2715 2055 2780 sacriﬁcium,

410 2804 854 2862 immaculatum
888 2810 1032 2874 erat,
1066 2803 1357 2857 mundum
1391 2819 1423 2856 a
1453 2803 1734 2873 peccatis;
1770 2802 1878 2858 hoc
1897 2803 2054 2858 enim

410 2912 512 2967 per
543 2894 824 2966 Spiritum
855 2897 1146 2959 sanctum,
1182 2908 1294 2946 non
1345 2908 1447 2962 per
1484 2891 1701 2962 ignem,
1735 2908 1923 2964 neque
1956 2910 2058 2963 per

408 2983 573 3039 vituli
605 2982 969 3054 sanguinem.
1011 3006 1030 3029 α
1067 2981 1136 3035 Et
1166 2980 1494 3047 mundabit,
1531 3003 1557 3030 ››
1607 2975 1822 3051 inquit,
1859 3005 1878 3029 «
1916 2997 2054 3036 con-

408 3073 714 3130 scientiam
736 3076 996 3127 nostram
1019 3071 1091 3125 ab
1105 3069 1377 3140 operibus
1394 3069 1660 3124 mortuis.
1678 3092 1705 3118 ››
1722 3070 1871 3125 Bene
1886 3069 2054 3138 dixit,

2094 1785 2141 1848 B

2160 500 2372 571 pietate
2405 504 2636 570 peracta
2668 504 2776 567 est,
2829 497 3262 570 signiﬁcabant,
3316 503 3381 553 ut
3435 499 3597 554 illius
3630 504 3823 556 morte

2159 588 2552 644 intercedente
2575 588 2950 644 abluerentur
2971 587 3156 659 culpze
3190 588 3692 644 conscientiarum
3717 607 3819 645 no-

2160 685 2438 746 strarum,
2463 695 2588 749 quas
2613 694 2714 747 per
2728 677 3074 748 sanguinem
3094 677 3589 732 irrationabilium
3611 695 3824 733 emun-

2161 767 2286 822 dari
2321 783 2433 821 non
2497 771 2783 837 poterant.
2843 766 3058 821 Idcirco
3117 766 3406 821 Dominus
3465 772 3524 822 et
3553 766 3828 823 Salvator

2163 860 2364 910 noster
2394 855 2525 910 novi
2551 855 2884 911 testamenti
2919 855 3206 909 mediator
3257 856 3449 910 factus
3481 862 3592 923 est,
3630 861 3695 910 ut
3728 873 3828 928 per

2164 944 2484 999 indebitam
2519 962 2686 1000 suam
2723 950 2972 999 mortem
3023 945 3243 999 umbrae
3296 945 3516 1017 pariter
3567 945 3742 1016 legis,
3775 951 3829 1001 et

2165 1033 2348 1104 culpa:
2409 1034 2715 1088 hominum
2779 1033 3108 1088 finirentur.
3174 1056 3200 1083 ‹‹
3236 1035 3297 1088 In
3355 1034 3828 1105 redemptionem

2165 1123 2502 1178 earumdem
2533 1122 3095 1195 praevaricationum,
3132 1139 3260 1194 quae
3292 1129 3461 1178 erant
3495 1123 3612 1178 sub
3645 1124 3829 1195 priori

2166 1214 2542 1278 testamento,
2578 1233 2605 1261 ››
2640 1211 2695 1265 id
2726 1216 2836 1279 est,
2864 1228 2967 1282 per
2997 1211 3246 1282 gratiam
3279 1211 3500 1266 Christi
3531 1211 3828 1283 accipiant

2168 1299 2575 1354 remissionem
2609 1303 3002 1371 peccatorum,
3037 1316 3210 1370 quam
3253 1300 3466 1355 habere
3499 1300 3616 1354 sub
3648 1300 3826 1372 priori

2168 1392 2540 1452 testamento,
2551 1389 2819 1458 jubente.
2843 1392 2900 1442 et
2920 1405 3034 1443 non
3059 1389 3370 1459 adjuvante
3388 1389 3695 1461 percipere
3717 1406 3827 1444 non

2169 1481 2507 1548 potuerunt,
2565 1482 2621 1531 et
2675 1477 3192 1548 repromissionem
3245 1477 3540 1549 accipiant
3599 1481 3827 1533 aeterna:

2170 1565 2351 1635 (1419)
2386 1565 2761 1631 haereditatis,
2808 1565 2865 1619 id
2926 1569 3033 1634 est,
3095 1565 3416 1637 percipiant
3475 1565 3538 1620 in
3572 1565 3829 1622 Ecclesia

2171 1670 2273 1724 per
2301 1653 2600 1710 Christum
2633 1655 2788 1726 quod
2839 1653 2930 1709 lex
2977 1654 3251 1720 ostendit,
3300 1656 3402 1710 sed
3435 1655 3828 1711 sectatoribus

2173 1741 2298 1797 suis
2331 1743 2469 1798 dare
2503 1760 2617 1797 non
2649 1743 2856 1814 potuit.

2245 1855 2272 1880 ‹‹
2309 1832 2413 1886 Ubi
2457 1833 2612 1887 enim
2663 1836 3084 1888 testamentum
3138 1838 3245 1899 est,
3281 1850 3442 1890 mors
3473 1851 3717 1890 necesse
3746 1840 3831 1891 est

2171 1921 2490 1975 intercedat
2510 1921 2826 1976 testatoris.
2851 1923 3291 1978 Testamentum
3313 1924 3474 1978 enim
3497 1923 3558 1978 in
3580 1925 3828 1979 mortuis

2170 2010 2581 2063 conﬁrmatum
2614 2014 2723 2074 est,
2755 2009 2973 2081 alioqui
3009 2011 3272 2066 nondum
3302 2011 3479 2080 valet,
3509 2013 3656 2067 dum
3691 2012 3830 2067 vivit

2169 2098 2271 2167 qui
2300 2102 2568 2153 testatur.
2606 2121 2633 2146 »
2688 2098 2974 2154 Fortassis
3021 2099 3177 2155 enim
3220 2105 3463 2172 possent
3495 2101 3694 2171 multi,
3728 2102 3824 2174 qui

2170 2184 2465 2240 inﬁrmius
2496 2186 2918 2255 efﬁciebantur,
2975 2204 3043 2243 ex
3096 2205 3185 2257 eo,
3243 2189 3396 2258 quod
3431 2195 3709 2245 mortuus
3741 2195 3828 2246 est

2169 2273 2457 2342 Christus,
2484 2277 2734 2330 maxime
2760 2292 2870 2330 non
2897 2277 3129 2331 credere
3148 2278 3652 2348 promissionibus
3673 2281 3823 2350 ejus.

2169 2362 2285 2418 Hoc
2323 2363 2639 2434 Apostolus
2661 2365 2916 2435 exponit.
2940 2364 3204 2437 exempla
3239 2382 3308 2421 ex
3332 2369 3639 2422 communi
3663 2386 3827 2424 assu-

2169 2469 2336 2508 mens
2357 2455 2799 2508 consuetudine.
2825 2454 3004 2519 Quale
3026 2460 3222 2510 autem
3245 2455 3353 2511 hoc
3375 2457 3502 2511 est?
3517 2458 3827 2529 Propterea

2169 2539 2349 2611 igitur
2371 2546 2614 2610 oportet,
2634 2541 2847 2613 inquit,
2867 2543 3176 2609 conﬁdere,
3198 2544 3337 2614 quia
3355 2561 3473 2599 non
3494 2545 3825 2602 viventibus

2167 2629 2565 2700 testatoribus,
2600 2631 2700 2685 sed
2735 2631 3004 2696 mortuis,
3036 2634 3176 2686 tunc
3209 2633 3440 2688 ﬁrmata
3471 2639 3617 2690 sunt
3645 2639 3826 2690 testa-

2169 2723 2367 2773 menta
2383 2723 2438 2772 et
2460 2718 2860 2774 fortitudinem
2885 2720 3198 2792 accipiunt.
3216 2722 3670 2778 Testamentum
3685 2729 3824 2780 tunc

2167 2807 2404 2861 ﬁrmum
2431 2806 2540 2862 erit
2563 2812 2872 2880 postquam
2896 2808 3071 2864 homo
3109 2810 3179 2864 de
3211 2809 3320 2865 hoc
3345 2811 3564 2866 seculo
3615 2814 3827 2885 migra-

2165 2896 2347 2963 verit;
2381 2896 2577 2952 vivens
2607 2913 2761 2967 vero,
2816 2897 3045 2968 quoties
3095 2897 3367 2967 voluerit,
3428 2903 3714 2958 mutabit.
3746 2905 3828 2960 Ita

2167 3000 2325 3038 mors
2347 2984 2561 3038 Christi
2587 3002 2799 3040 novum
2822 2991 3238 3042 testamentum
3267 2990 3664 3047 conﬁrmavit.
3697 2997 3825 3048 Pro-

2165 3079 2362 3143 pterea
2393 3090 2494 3144 pro
2527 3074 2694 3128 nobis
2717 3073 2775 3127 in
2799 3073 3026 3130 Christo
3046 3092 3260 3132 novum
3283 3082 3716 3136 testamentum
3739 3083 3826 3136 ﬁro

409 3164 480 3218 ab
519 3161 794 3234 operibus
842 3160 1109 3216 mortuis.
1161 3159 1286 3226 Hic,
1339 3158 1387 3212 si
1439 3159 1572 3229 quis
1623 3158 1878 3229 tetigerit
1906 3175 2053 3229 opus
2086 3153 2128 3219 C
2168 3167 2391 3216 matum
2424 3178 2552 3217 esse
2583 3163 2809 3230 asserit,
2843 3164 3015 3234 cujus
3063 3164 3387 3222 similitudo
3437 3172 3613 3224 vetus
3644 3174 3822 3226 testa-

408 3256 731 3316 mortuum,
755 3249 1191 3305 contaminatur
1215 3266 1227 3315 ;
1253 3248 1355 3314 ibi,
1381 3247 1429 3302 si
1454 3247 1587 3318 q'uis
1612 3248 1887 3319 tangebat
1903 3263 2053 3303 mor-

403 3348 596 3408 tuum,
619 3339 1006 3412 polluebatur,
1037 3361 1058 3389 «
1082 3339 1164 3392 Ad
1191 3337 1580 3402 serviendum,
1609 3359 1634 3384 ››
1656 3335 1865 3406 inquit,
1897 3337 2049 3392 «Deo

405 3428 699 3485 viventi.»
750 3429 1040 3482 Viventem
1097 3425 1313 3496 quippe
1359 3425 1519 3494 dicit,
1578 3428 1809 3495 propter
1839 3425 2049 3479 distin-

407 3519 658 3574 ctionem
689 3518 931 3571 deorum
977 3521 1364 3569 mortuorum.
1403 3513 1506 3566 Ilic
1528 3513 1882 3580 manifestat,
1917 3513 2053 3584 quia

406 3623 583 3679 opera
603 3610 833 3661 mortua
856 3604 1137 3658 habentes
1159 3619 1272 3657 non
1298 3600 1544 3672 possunt
1567 3601 1782 3655 servire
1798 3605 1910 3656 Deo
1924 3603 2052 3657 vivo

408 3702 468 3752 et
489 3711 641 3751 vero.
668 3693 876 3749 Nullus
902 3692 1075 3762 igitur
1094 3709 1268 3763 opera
1289 3695 1521 3744 mortua
1560 3690 1803 3756 habens,
1827 3690 2053 3761 ingredi

407 3789 598 3858 potest
615 3784 686 3839 ad
703 3785 950 3838 Patrem.
972 3782 1030 3837 Si
1049 3780 1204 3836 enim
1225 3797 1380 3846 eum,
1399 3779 1499 3850 qui
1519 3795 1731 3851 corpus
1748 3785 2052 3835 mortuum

404 3875 702 3946 tangebat,
728 3889 844 3928 non
868 3871 1170 3944 oportebat
1188 3869 1407 3924 intrare
1426 3867 1809 3940 intemplum,
1832 3874 2051 3940 quanto

402 3964 592 4035 magis
610 3980 764 4027 eum,
783 3961 881 4032 qui
904 3978 1075 4033 opera
1096 3963 1320 4014 mortua
1345 3958 1515 4012 habet
1529 3956 1556 4011 Ἰ
1573 3956 1818 4011 Pollutio
1838 3957 2053 4029 quippe

402 4058 490 4108 est
519 4053 795 4124 pessima.
830 4051 1061 4106 Mortua
1090 4048 1304 4120 quippe
1335 4063 1508 4118 opera
1553 4051 1690 4100 sunt
1722 4063 1848 4116 quae
1871 4047 2048 4100 vitam

401 4158 514 4196 non
539 4141 908 4211 habent,quaa
925 4137 1064 4193 foris
1078 4154 1191 4192 non
1207 4135 1708 4207 operantur.Sicut
1721 4135 1878 4189 enim
1899 4151 2048 4189 mor-

398 4234 569 4286 tuum
592 4246 803 4301 corpus
832 4229 905 4282 ad
938 4226 1168 4281 nullum
1199 4241 1439 4280 sensum
1460 4228 1548 4278 est
1564 4222 1723 4284 utile,
1759 4239 1958 4277 verum
1991 4239 2048 4278 e-

396 4319 540 4375 tiam
555 4313 1905 4388 contristatappropinquantes;sicetpeccatum
1920 4329 2050 4367 con-

396 4408 592 4465 festim
607 4406 887 4462 rationale
900 4410 1165 4460 nostrum
1184 4402 1513 4473 percutit,et
1527 4418 1639 4455 non
1655 4401 2047 4472 permittitne-

2164 3255 2427 3304 mentum
2459 3256 2602 3316 erat,
2639 3251 2696 3304 in
2728 3267 2842 3322 quo
2874 3268 3033 3308 mors
3079 3254 3376 3310 testatoris
3415 3271 3521 3327 per
3550 3258 3821 3314 victimas

2165 3339 2666 3410 praeﬁgurabatur.
2701 3339 2758 3394 Si
2791 3356 2928 3413 ergo
2961 3347 3254 3413 queratur
3300 3346 3601 3414 quomodo
3633 3348 3821 3404 simus

2165 3429 2486 3483 secundum
2499 3429 2674 3483 verba
2685 3429 2733 3497 ej
2745 3430 2946 3483 usdem
2962 3430 3219 3499 Apostoli
3233 3432 3568 3490 cobeeredes
3581 3435 3818 3504 Christi,

2165 3519 2222 3570 et
2245 3515 2547 3589 ﬁliiatque
2569 3516 2828 3572 haeredes
2851 3518 2949 3573 Dei
2975 3520 3149 3588 (Rom.
3175 3537 3296 3591 vm,
3331 3523 3442 3589 17),
3469 3539 3609 3578 cum
3649 3524 3824 3580 etiam

2165 3604 2472 3661 hccrcditas
2495 3610 2679 3661 morte
2701 3607 3024 3662 decessoris
3047 3608 3216 3662 ﬁrma
3239 3613 3530 3679 teneatur,
3581 3629 3692 3668 nec
3710 3613 3824 3669 ullo

2164 3692 2278 3748 alio
2294 3695 2464 3749 modo
2479 3693 2687 3750 haeredi
2699 3698 2786 3749 tas
2801 3695 2987 3767 possit
3000 3695 3266 3769 intelligi,
3286 3700 3689 3770 respondetur
3703 3703 3824 3774 ipso

2165 3782 2401 3850 quidem
2426 3787 2658 3838 mortuo
2695 3785 2876 3839 factos
2913 3801 3018 3840 nos
3051 3802 3179 3841 esse
3219 3786 3503 3854 baeredes,
3535 3791 3824 3862 quoniam

2163 3869 2266 3924 ﬁlii
2285 3871 2411 3941 ejus
2435 3871 2629 3942 etjam
2652 3871 2789 3926 dicti
2804 3889 3040 3928 sumus:
3065 3895 3092 3922 «
3108 3875 3532 3946 nonjejunant,
3561 3901 3588 3926 ››
3607 3879 3822 3952 inquit,

2164 3982 2190 4008 «
2213 3959 2316 4012 ﬁlii
2336 3961 2832 4031 sponsi,quandiu
2851 3961 3115 4017 cumillis
3130 3969 3219 4018 est
3248 3981 3509 4036 sponsus
3551 3968 3821 4037 (Mai-an,

2164 4048 2272 4118 19).
2300 4069 2327 4097 »
2347 4050 2611 4104 Haeredes
2630 4050 3188 4121 ergoejusdicimur,
3216 4053 3356 4124 quia
3383 4053 3631 4126 reliquit
3653 4058 3818 4112 nobis

2163 4137 2322 4206 pacis
2345 4135 2749 4192 ecclesiasticae
2772 4139 3224 4210 possessionem,
3251 4158 3353 4213 per
3375 4141 3555 4198 ﬁdem
3587 4145 3819 4218 dispen-

2162 4225 2405 4280 sationis
2438 4226 2788 4295 temporalis,
2823 4244 3000 4298 quam
3031 4228 3090 4283 in
3123 4229 3230 4285 hac
3260 4230 3378 4286 vita
3410 4233 3813 4302 possidemus,

2161 4314 2452 4384 quomodo
2485 4317 2732 4369 testatus
2780 4319 2867 4370 est
2911 4315 3146 4372 dicens:
3197 4341 3225 4366 «
3261 4318 3463 4376 Pacem
3518 4321 3599 4376 do
3630 4323 3814 4393 vobis,

2159 4418 2358 4472 pacem
2395 4419 2584 4457 meam
2631 4402 2893 4474 relinquo
2923 4405 3085 4460 vobis
3131 4405 3310 4476 (Joan.
3364 4424 3481 4476 x1v,
3534 4411 3659 4482 27).
3692 4433 3720 4461 ››
3754 4412 3814 4466 in

397 4491 1635 4587 queintelligentiamipsamquiescere,sed
1652 4491 2045 4560 perturbat,et
2078 4525 2123 4587 D
2157 4491 2474 4546 offensione
2506 4491 2721 4563 quippe
2763 4509 3028 4561 eramus;
3088 4494 3238 4549 mori
3297 4512 3406 4550 nos
3463 4501 3811 4570 oportebat;

395 4589 737 4651 commovet,
758 4590 814 4638 et
831 4583 1105 4639 continuo
1123 4582 1181 4635 in
1219 4580 1477 4635 animam
1506 4577 1709 4632 insilit.
1732 4579 1856 4633 Non
1881 4579 2041 4633 vides

393 4692 511 4741 eos,
530 4675 627 4746 qui
646 4675 845 4728 morbo
860 4672 1216 4732 afﬁciuntur,
1231 4669 1768 4741 quomodotumore
1783 4669 2038 4738 quodam

393 4768 770 4832 occupantur,
805 4762 1096 4831 quomodo
1128 4762 1356 4813 vertunt
1407 4773 1468 4810 se
1511 4761 1687 4824 atque
1720 4761 2034 4823 revertunt,

390 4851 684 4924 quomodo
701 4852 1000 4906 f'mtoribus
1015 4846 1365 4919 suntrepleti
1383 4845 1672 4916 quomodo
1689 4849 1885 4914 turpes
1901 4850 2040 4899 sunt

387 4958 586 4996 eorum
621 4938 814 5004 facies,
849 4939 1140 5009 quomodo
1175 4953 1270 5008 per
1303 4941 1491 4989 totum
1526 4932 1816 4986 immundi
1852 4935 2036 4988 sunt?

385 5029 555 5086 Tales
569 5029 781 5100 quippe
796 5033 934 5082 sunt
948 5028 1126 5080 etiam
1145 5029 1468 5096 peccantes,
1486 5022 1592 5077 etsi
1612 5039 1725 5076 non
1744 5021 2030 5078 videntur.

461 5140 487 5170 α
511 5118 577 5172 Et
598 5117 726 5171 ideo
759 5116 890 5170 novi
917 5113 1250 5169 testamenti
1292 5112 1573 5166 Mediator
1611 5116 1717 5174 est,
1762 5114 1827 5164 ut
1850 5115 2032 5166 morte

378 5207 789 5272 intercedente,
816 5206 872 5259 in
902 5202 1361 5273 redemptionem
1395 5199 1734 5254 earumdem
1761 5199 2032 5269 praevari-

380 5294 697 5356 cationum,
723 5309 849 5362 quas
872 5296 1038 5345 erant
1077 5289 1187 5344 sub
1231 5287 1406 5360 priori
1451 5291 1796 5340 testamento
1827 5303 2029 5358 repro-

379 5382 720 5437 missionem
753 5380 1061 5450 accipiant,
1089 5378 1189 5449 qui
1212 5375 1396 5432 vocati
1423 5379 1562 5429 sunt
1599 5379 1824 5428 internae
1849 5375 2026 5431 haere-

378 5469 642 5525 ditatis.»
667 5469 913 5524 Diversae
935 5469 1092 5524 enim
1114 5466 1382 5531 victimae,
1400 5462 2026 5535 quaaoccidebanturin

2157 4585 2420 4634 mortuus
2435 4584 2524 4634 est
2540 4597 2640 4651 pro
2656 4581 2843 4649 nobis,
2859 4586 2915 4636 et
2929 4582 3059 4637 fecit
3074 4599 3178 4639 nos
3196 4585 3406 4656 dignos
3421 4590 3809 4654 testamento;

2153 4669 2251 4721 sed
2277 4668 2659 4741 quiaindigni
2685 4669 2817 4724 facti
2852 4687 3079 4736 sumus,
3127 4689 3238 4727 non
3280 4673 3407 4743 jam
3453 4679 3811 4732 testamento

2151 4773 2297 4826 opus
2320 4761 2461 4821 erat,
2490 4758 2589 4812 sed
2624 4774 2814 4828 pcena.
2861 4759 3006 4822 Quid
3033 4759 3209 4828 igitur
3248 4762 3528 4832 gloriaris
3552 4764 3614 4819 in
3641 4763 3811 4838 lege?

2150 4846 2322 4914 (Rom.
2348 4863 2411 4910 11,
2433 4847 2547 4915 ‘23.)
2577 4846 2637 4900 In
2661 4851 2888 4900 tantum
2918 4853 3219 4918 peccatum
3261 4850 3482 4922 quippe
3520 4870 3637 4909 nos
3669 4872 3805 4909 con-

2147 4932 2353 4999 siituit,
2383 4939 2446 4988 ut
2468 4933 2677 4989 salvari
2702 4952 2814 4989 non
2838 4952 3144 5006 possemus
3166 4937 3449 5010 alioquin,
3476 4942 3598 4997 nisi
3622 4943 3807 4998 Domi-

2147 5039 2257 5077 nus
2291 5041 2392 5096 pro
2435 5023 2602 5078 nobis
2660 5029 3003 5080 moreretur.
3063 5026 3405 5084 Coharedes
3437 5036 3648 5086 autem
3682 5034 3802 5103 ejus

2144 5112 2452 5177 efficimur,
2477 5129 2609 5167 cum
2635 5112 2692 5166 in
2731 5113 2845 5167 ﬁne
2883 5114 3077 5168 sazculi
3119 5117 3540 5174 absorbebitur
3563 5123 3799 5176 morsin

2139 5199 2383 5255 victoria
2415 5201 2458 5270 (Ι
2492 5201 2594 5255 Cor
2623 5217 2717 5267 xv,
2747 5200 2861 5271 54).
2895 5224 2922 5250 ‹‹
2958 5203 3122 5258 Tunc
3153 5204 3307 5259 enim
3341 5205 3575 5262 similes
3608 5209 3662 5263 ei
3694 5209 3795 5264 eri-

2142 5306 2298 5351 mus.
2348 5288 2626 5360 quoniam
2677 5288 3010 5345 videbimus
3067 5308 3204 5346 eum
3235 5292 3408 5348 sicuti
3443 5300 3540 5350 est
3571 5297 3620 5366 (I
3645 5297 3794 5352 Joan.

2141 5382 2309 5447 111,2).
2331 5379 2555 5442 >>Quam
2579 5377 2974 5433 btereditatem
2999 5396 3114 5435 non
3132 5383 3259 5453 ejus
3273 5381 3458 5454 patris
3471 5383 3794 5440 morteadi-

2137 5465 2440 5536 piscimur,
2457 5467 2555 5538 qui
2572 5465 2720 5522 mori
2737 5482 2852 5523 non
2867 5472 3086 5541 potest;
3103 5471 3379 5544 quoniam
3409 5471 3658 5547 quidem
3674 5473 3789 5547 ipse

451 5575 634 5657 (1419)
661 5575 817 5633 Inter
858 5583 1080 5634 aeterna:
1126 5578 1183 5631 et
1231 5569 1566 5631 hereditatis
1612 5567 1828 5643 legitur
1867 5570 2024 5631 lectio
2063 5585 2229 5634 nona.
