4020 6178
230 392 352 455 785

668 396 677 397 “
773 391 1186 452 EXPOSITIO
1232 392 1323 453 IN‘
1354 392 1783 454 EPISTOLAS
1830 392 2088 455 PAULI.
2124 428 2196 437 —
2245 397 2322 455 IN
2366 398 2614 459 EPIST.
2660 400 2760 458 AD
2807 399 3037 458 HEBR.

3523 395 3640 460 786

229 527 419 592 Quare
450 523 864 590 multorum,et
887 540 999 579 non
1031 524 1297 579 omnium
1323 524 1350 579 ?
1373 524 1518 590 Quia
1542 541 1658 580 non
1681 542 1883 582 omnes
1912 526 1967 591 Α
1995 527 2206 595 offerri,
2238 534 2471 601 prapter
2495 530 2917 599 inﬁrmitatem,
2950 535 3006 585 et
3036 534 3099 585 ut
3129 530 3409 586 memoria
3441 547 3639 602 pecca-

228 606 623 669 crediderunt.
661 612 784 669 Non
816 616 1009 667 autem
1042 613 1306 667 omnium
1336 618 1571 685 peccata
1615 614 1877 683 abstulit,

227 708 465 775 propter
496 704 649 774 quod
680 702 914 757 credere
942 702 1272 757 noluerunt.

298 815 327 841 ‹‹
356 791 622 846 Secundo
654 790 779 845 sine
812 796 1041 861 peccato
1068 792 1372 861 apparebit
1401 792 1875 863 exspectantibus

221 897 283 936 se
298 881 357 935 in
372 881 642 936 salutem.
662 902 689 927 »
704 879 1026 944 Quia,sicut
1040 897 1273 935 necesse
1286 886 1374 935 est
1394 898 1875 954 unumquemque

223 976 493 1025 nostrum
519 974 651 1041 post
681 974 926 1024 mortem
959 970 1215 1041 recipere
1238 971 1407 1040 juxta
1438 987 1613 1042 opera
1646 989 1772 1037 sua,
1795 971 1875 1026 ita

212 1060 448 1131 justum
471 1064 583 1125 est,
610 1058 972 1125 utChristus,
1001 1059 1225 1115 devicta
1256 1063 1439 1115 morte
1461 1066 1516 1116 et
1545 1062 1751 1133 adepto
1782 1078 1871 1116 re-

221 1164 359 1220 gno,
376 1148 633 1203 secundo
656 1148 1415 1219 appareatexspectantibus
1430 1150 1577 1217 se,in
1597 1150 1842 1205 salutem
1856 1194 1869 1217 ,

220 1238 448 1307 etjuste
468 1236 721 1291 vindicet
741 1253 899 1301 suos,
927 1238 1026 1308 qui
1046 1237 1264 1307 injuste
1282 1255 1494 1309 passus
1517 1245 1603 1293 est
1634 1239 1703 1293 ab
1728 1237 1867 1293 alie-

220 1327 334 1382 nis.
367 1324 573 1380 Melior
596 1329 685 1379 est
715 1325 834 1379 haec
865 1326 1147 1397 apparitio
1177 1328 1649 1398 exspectantibus
1691 1344 1772 1395 se,
1809 1327 1866 1381 in

219 1414 498 1482 salutem,
542 1430 719 1485 quam
762 1414 1091 1470 communis
1125 1416 1290 1481 visio,
1323 1417 1393 1470 de
1446 1434 1562 1487 qua
1613 1416 1863 1472 dicitur:

219 1528 247 1555 ‹‹
270 1504 506 1559 Videbit
527 1520 659 1559 eum
683 1503 875 1558 omnis
897 1503 1124 1574 oculus,
1143 1511 1197 1559 et
1220 1506 1319 1576 qui
1340 1520 1472 1559 eum
1492 1511 1869 1577 pupugerunt

213 1594 397 1665 (Apoc.
430 1611 470 1662 ι,
496 1594 573 1663 7).
611 1615 635 1641 n
670 1593 830 1657 Quod
863 1609 994 1648 vero
1040 1594 1139 1663 ait,
1173 1595 1428 1649 secundo
1461 1595 1588 1649 sine
1631 1600 1864 1666 peccato

216 1681 841 1754 apparebit,quomodo
863 1683 1119 1737 secundo
1141 1682 1266 1737 sine
1281 1688 1513 1753 peccato
1526 1683 1866 1754 ?Nunquid-

214 1786 353 1825 nam
383 1769 444 1824 in
476 1770 665 1841 primo
694 1771 850 1825 venit
881 1787 1014 1825 cum
1048 1776 1301 1841 peccato,
1334 1772 1405 1825 de
1436 1788 1551 1843 quo
1580 1773 1861 1841 scriptum

1991 623 2185 673 torum
2219 618 2399 672 ﬁeret.
2433 618 2579 683 Quid
2632 636 2767 691 ergo
2816 620 2962 675 nos?
2999 621 3198 675 Nonne
3243 637 3343 691 per
3374 620 3639 691 singulos

1986 706 2111 762 dies
2128 707 2428 762 offerimus
2454 708 2481 761 ‘f
2502 708 2809 763 Offerimus
2832 710 3088 780 quidem,
3125 709 3225 763 sed
3260 710 3329 763 ad
3364 710 3637 765 recorda-

1988 797 2205 851 tionem
2238 797 2515 852 facientes
2534 798 2738 852 mortis
2771 799 2981 868 ejus,et
3014 816 3128 853 una
3158 803 3245 853 est
3276 799 3395 853 haec
3420 799 3630 869 hostia,

1985 901 2098 939 non
2135 886 2350 941 multae.
2387 886 2684 949 Quomodo
2717 904 2833 941 una
2863 893 2970 957 est,
3021 892 3078 941 et
3113 903 3228 941 non
3282 886 3475 941 multis
3502 888 3528 941 ἰ)
3566 889 3634 942 Et

1984 976 2125 1049 quia
2147 975 2326 1031 semel
2350 976 2544 1030 oblata
2565 981 2688 1040 est;
2714 976 2811 1030 illa
2843 976 3036 1031 oblata
3065 982 3153 1031 est
3183 976 3241 1030 in
3275 981 3474 1031 sancto
3497 994 3631 1032 san-

1981 1070 2231 1130 ctorum,
2268 1065 2376 1118 hoc
2404 1068 2598 1117 autem
2622 1064 2972 1117 sacriﬁcium
2996 1062 3293 1135 exemplar
3314 1067 3401 1118 est
3430 1062 3590 1118 illius
3616 1088 3629 1130 ;

1980 1156 2050 1209 ad
2083 1154 2279 1225 ipsum
2298 1154 2480 1221 (1426)
2507 1152 3048 1223 semperofl‘erimus
3066 1171 3078 1221 ;
3095 1170 3199 1207 nec
3218 1169 3371 1207 nunc
3392 1153 3629 1224 quidem

1980 1243 2138 1298 aliud
2175 1243 2392 1307 minus,
2428 1240 2587 1295 aliud
2617 1240 2809 1305 hodie,
2850 1240 3008 1296 aliud
3070 1259 3219 1311 cras,
3279 1259 3510 1313 semper
3557 1241 3628 1295 ad

1977 1332 2171 1402 ipsum
2202 1331 2383 1402 (1427)
2411 1346 2423 1384 :
2457 1330 2699 1400 proinde
2732 1346 2913 1383 unum
2945 1335 3034 1385 est
3092 1330 3198 1385 hoc
3254 1330 3628 1385 sacriﬁcium.

1979 1419 2254 1491 Alioquin
2286 1419 2393 1472 hac
2423 1418 2668 1487 ratione,
2736 1418 3013 1488 quoniam
3071 1436 3102 1472 a
3133 1418 3334 1473 multis
3366 1420 3624 1488 offertur,

1976 1508 2145 1563 multi
2161 1507 2371 1564 Christi
2394 1512 2548 1562 sunt.
2578 1507 3089 1577 Nequaquam,sed
3120 1525 3271 1563 unus
3286 1508 3500 1579 ubique
3514 1515 3622 1575 est,

1976 1603 2033 1653 et
2057 1598 2148 1653 hic
2174 1597 2379 1670 plenus
2406 1596 2679 1666 existens,
2704 1602 2759 1651 et
2790 1596 2909 1651 illic
2924 1596 3151 1669 plenus,
3186 1614 3365 1651 unum
3391 1614 3621 1669 corpus.

1974 1688 2131 1742 Sicut
2162 1688 2316 1742 enim
2343 1687 2441 1758 qui
2470 1686 2689 1757 ubique
2711 1685 2971 1753 offertur,
2998 1703 3182 1741 unum
3206 1702 3415 1757 corpus
3438 1692 3546 1753 est,
3569 1693 3625 1741 et

1972 1792 2087 1831 non
2120 1776 2305 1831 multa
2332 1791 2592 1846 corpora,
2626 1774 2706 1827 ita
2734 1774 2909 1829 etiam
2941 1779 2997 1829 et
3027 1792 3209 1829 unum
3250 1775 3620 1831 sacriﬁcium.

214 1864 306 1914 est
330 1875 342 1914 ε
375 1858 481 1924 Qui
506 1864 808 1930 peccatum
826 1876 939 1913 non
966 1859 1231 1929 fecit,nec
1256 1859 1533 1916 inventus
1579 1867 1666 1917 est
1696 1862 1863 1917 dolus
1974 1866 2233 1920 Pontifex
2257 1870 2449 1920 autem
2474 1868 2669 1918 noster
2689 1862 2904 1929 illeest,
2926 1863 3026 1933 qui
3052 1864 3306 1918 hostiam
3332 1865 3622 1919 mundan-

216 1948 275 2001 in
297 1964 395 2003 ore
415 1948 542 2018 ejus
562 1949 957 2019 ?(P.sal.xxx1,
988 1950 1063 2019 2).
1090 1950 1156 2003 Et
1184 1949 1310 2021 ipse
1339 1950 1410 2005 de
1451 1968 1512 2005 se
1541 1951 1720 2006 dicit:
1755 1952 1862 2006 Ve-

217 2036 304 2092 nit
323 2038 481 2092 enim
504 2036 776 2109 princeps
798 2038 977 2107 hujus
997 2038 1221 2105 mundi,
1247 2042 1303 2093 et
1323 2038 1382 2093 in
1413 2056 1504 2094 me
1534 2040 1676 2095 nihil
1713 2041 1866 2097 inve-

217 2126 334 2181 niet
382 2128 563 2198 (Joan.
595 2142 712 2191 xxv,
743 2127 853 2197 30).
879 2126 995 2182 Hoc
1017 2133 1104 2183 est
1124 2144 1283 2200 ergo,
1306 2130 1562 2185 secundo
1585 2146 1863 2202 apparere

215 2215 341 2271 sine
358 2221 616 2287 peccato,
639 2217 763 2285 jam
806 2234 920 2271 non
953 2216 1132 2272 videri
1164 2217 1223 2271 in
1256 2218 1642 2275 similitudine
1669 2219 1862 2276 carnis

214 2304 457 2375 peccati,
489 2306 590 2360 sed
626 2322 731 2361 nec
762 2304 1010 2360 aliorum
1035 2312 1269 2377 peccata
1291 2312 1618 2379 portantem
1645 2308 1702 2363 in
1736 2326 1860 2365 cor-

215 2409 353 2465 pore
372 2410 479 2449 suo
503 2411 681 2466 super
697 2394 948 2467 lignum,
965 2394 1120 2450 sicut
1140 2396 1199 2451 in
1225 2397 1415 2469 primo
1437 2398 1685 2453 adventu
1704 2399 1857 2466 fecit,

216 2484 321 2539 nec
334 2483 688 2539 intervenire
710 2485 834 2554 jam
863 2483 1117 2556 amplius
1142 2502 1244 2557 pro
1262 2486 1537 2558 peccatis,
1560 2488 1659 2542 sed
1676 2488 1861 2543 vindi-

214 2577 369 2628 ctam
401 2587 663 2628 exercere
694 2572 752 2627 in
786 2578 1112 2645 peccantes.

286 2661 447 2731 (CAP.
479 2661 570 2733 Χ.)
604 2684 632 2711 ‹‹
668 2662 946 2718 Umbram
977 2664 1133 2719 enim
1165 2664 1386 2720 habens
1444 2665 1533 2721 lex
1571 2666 1859 2722 bonorum

217 2750 549 2805 futurorum
583 2751 900 2823 nonipsam
921 2752 1237 2824 imaginem
1254 2769 1579 2825 rerum,per
1600 2755 1862 2827 singulos

217 2838 402 2893 annos
423 2838 643 2894 eisdem
668 2840 815 2913 ipsis
833 2840 1065 2912 hostiis,
1090 2858 1235 2913 quas
1253 2844 1505 2897 offerunt
1526 2843 1859 2899 indesinen-

217 2933 324 2994 ter,
358 2943 661 2999 nunquam
710 2932 901 2999 potest
945 2931 1283 2985 accedentes
1333 2931 1614 2999 perfectos
1656 2934 1863 2998 facere,

218 3015 475 3088 alioquin
500 3024 828 3072 cessassent
850 3018 1039 3073 offerri
1068 3035 1081 3083 ;
1105 3017 1232 3073 ideo
1255 3020 1407 3090 quod
1433 3016 1652 3074 nullam
1687 3021 1863 3076 habe-

217 3110 345 3159 rent
362 3105 510 3161 ultra
530 3106 945 3161 conscientiam
970 3107 1469 3178 peccati,cultores
1491 3109 1671 3164 semel
1695 3126 1865 3164 mun-

216 3194 475 3261 dati,sed
503 3195 563 3249 in
587 3195 732 3266 ipsis
745 3196 1224 3250 commemoratio
1240 3202 1605 3267 peccatorum
1630 3200 1861 3271 persin-

1974 1960 2089 2010 tem
2116 1971 2223 2009 nos
2241 1952 2470 2009 obtulit.
2498 1957 2689 2023 Ipsam
2715 1952 3015 2007 offerimus
3037 1958 3092 2007 et
3115 1970 3289 2023 nunc,
3325 1970 3450 2023 quae
3485 1959 3622 2008 tunc

1974 2049 2063 2099 est
2092 2043 2305 2098 oblata.
2332 2042 2539 2098 Oblata
2572 2041 2809 2113 quidem
2838 2040 3105 2096 consumi
3132 2058 3247 2096 non
3270 2047 3479 2112 potest.
3505 2043 3622 2097 Hoc

1974 2138 2191 2203 autem,
2217 2133 2371 2204 quod
2396 2148 2502 2187 nos
2526 2131 2799 2196 facimus,
2821 2132 2879 2184 in
2912 2130 3525 2186 commemorationem
3561 2132 3625 2186 ﬁt

1972 2223 2100 2293 ejus
2128 2223 2279 2293 quod
2314 2222 2533 2277 factum
2586 2226 2693 2275 est.
2732 2244 2758 2269 ‹‹
2815 2220 2932 2275 Hoc
2981 2220 3134 2275 enim
3182 2219 3369 2284 facite,
3410 2219 3622 2290 inquit,

1973 2312 2030 2365 in
2068 2328 2257 2366 meam
2294 2309 2911 2365 commemorationem
2935 2310 3084 2377 (Luc.
3113 2325 3249 2373 xxii,
3304 2307 3406 2375 19;
3438 2313 3465 2362 I
3499 2308 3616 2363 Cor.

1974 2419 2034 2469 ιι,
2065 2402 2175 2471 24),
2204 2399 2372 2454 »Νοῐι
2394 2398 2549 2453 aliud
2577 2397 3109 2460 sacrificium,sicut
3138 2397 3389 2467 pontifex
3412 2398 3617 2465 (1428),

1972 2490 2071 2545 sed
2096 2490 2290 2561 ipsum
2310 2505 2539 2559 semper
2559 2486 2825 2542 facimus.
2849 2485 3031 2557 Magis
3055 2491 3247 2540 autem
3272 2484 3617 2541 recordatio-

1970 2596 2103 2634 nem
2132 2577 2400 2633 sacriﬁcii
2431 2593 2759 2647 operamur.

2046 2689 2073 2717 ‹‹
2107 2668 2238 2722 Ideo
2268 2664 2602 2737 ingrediens
2624 2666 2911 2719 mundum
2937 2663 3111 2719 dicit:
3138 2664 3419 2731 Hostiam,
3444 2670 3499 2718 et
3521 2664 3621 2718 ob-

1974 2757 2252 2812 lationem
2278 2753 2538 2821 noluisti,
2566 2770 2778 2824 corpus
2801 2757 2999 2808 autem
3022 2752 3237 2823 aptasti
3262 2751 3432 2806 mihi:
3460 2751 3621 2807 holo-

1973 2849 2358 2914 caustomata,
2392 2848 2448 2897 et
2479 2860 2581 2913 pro
2614 2847 2847 2913 peccato
2876 2859 2989 2896 non
3039 2840 3145 2895 tibi
3197 2840 3415 2911 placuit
3446 2842 3620 2909 (Psal.

1974 2952 2126 2999 xx1x,
2157 2933 2440 3003 7)(1429).
2476 2932 2639 2985 Tunc
2688 2931 2840 2984 dixi:
2898 2931 3042 2983 Ecce
3098 2929 3303 2984 venio:
3338 2930 3393 2982 in
3437 2931 3623 3000 capite

1977 3022 2111 3076 libri
2133 3022 2415 3093 scriptum
2441 3024 2529 3075 est
2549 3020 2619 3074 de
2653 3036 2764 3087 me,
2798 3024 2862 3072 ut
2894 3019 3122 3087 faciam,
3156 3018 3331 3084 Deus,
3356 3018 3622 3072 volunta—

1978 3116 2093 3165 tem
2118 3117 2300 3164 tuam.
2333 3108 2611 3179 Superius
2633 3108 2869 3162 dicens:
2905 3107 3041 3178 quia
3074 3107 3318 3172 hostias,
3368 3112 3425 3161 et
3463 3106 3622 3162 obla-

1978 3200 2189 3267 tiones,
2213 3204 2268 3253 et
2300 3199 2819 3262 holocaustomata,
2854 3202 2909 3251 et
2934 3214 3036 3267 pro
3094 3202 3328 3267 peccato
3360 3194 3620 3263 noluisti,

212 3258 581 3354 gulosannos
606 3258 688 3337 ﬁt.
715 3283 1086 3354 Impossibile
1106 3258 1259 3339 enim
1276 3258 1862 3357 estsanguinetauro.
1896 3258 1939 3323 Ο
1978 3305 2083 3344 nec
2118 3258 2330 3359 placita
2362 3292 2501 3341 sunt
2531 3286 2635 3340 tibi
2666 3258 3345 3356 qum'secundumlegem
3369 3258 3621 3340 ofl‘erun;

213 3386 343 3425 rum
377 3377 434 3427 et
464 3371 762 3426 hircorum
795 3372 1009 3426 auferri
1041 3378 1294 3444 peccata.
1333 3396 1359 3422 ››
1393 3375 1697 3447 Exemplar
1736 3382 1862 3432 tan-

210 3462 362 3526 tum,
394 3458 668 3527 ostendit,
702 3474 817 3512 non
848 3458 1143 3526 virtutem,
1178 3458 1327 3514 sicut
1367 3461 1425 3515 in
1484 3462 1861 3535 imaginibus,

210 3543 514 3615 exemplar
536 3544 792 3601 hominis
816 3544 991 3601 habet
1012 3546 1348 3619 imago,non
1371 3554 1545 3605 etiam
1565 3552 1860 3620 virtutem,

214 3632 435 3686 Umbra
454 3632 611 3687 enim
636 3634 763 3700 fuit,
789 3650 905 3688 non
929 3635 1056 3705 ipsa
1077 3636 1309 3691 veritas.
1334 3638 1647 3694 Multifaria
1662 3657 1859 3696 sacra-

216 3725 414 3775 menta
429 3720 643 3776 Christi
674 3726 731 3777 et
762 3722 1024 3778 Ecclesiae
1055 3740 1159 3795 per
1187 3726 1479 3798 umbram,
1513 3728 1570 3782 id
1616 3734 1723 3799 est,
1760 3746 1863 3802 per

215 3810 464 3881 ﬁguram
488 3812 848 3879 ostendebat,
873 3814 1055 3867 donec
1077 3814 1298 3869 veniret
1324 3816 1453 3886 ipsa
1471 3818 1705 3886 veritas,
1732 3834 1859 3889 quae

215 3896 549 3955 interiorem
564 3901 829 3971 ejusdem
845 3902 1045 3973 ﬁgura:
1059 3918 1298 3958 sensum
1316 3904 1578 3958 Ecclesiae
1594 3922 1711 3960 suae
1725 3907 1860 3961 data

212 3987 467 4059 Spiritus
496 3990 681 4043 sancti
716 3990 905 4062 gratia
932 3990 1297 4061 patefaceret,
1359 3996 1414 4046 et
1466 3994 1767 4049 moriendo
1797 3995 1855 4049 in

211 4092 384 4132 cruce
406 4077 603 4132 omnia
627 4076 727 4133 illa
749 4084 1115 4133 sacramenta
1140 4079 1439 4135 revelaret.
1463 4082 1858 4153 Expiabantur

209 4169 445 4236 peccata
470 4166 539 4220 ad
573 4170 829 4238 tempus,
863 4183 975 4222 non
1032 4168 1496 4224 remittebantur.
1541 4172 1856 4242 Nunquam

208 4254 365 4309 enim
398 4256 587 4328 potuit
616 4258 955 4313 accedentes
1006 4258 1291 4329 perfectos
1340 4260 1545 4328 facere,
1598 4261 1855 4333 alioquin

208 4354 541 4401 cessassent
571 4345 725 4402 ultra
754 4347 969 4403 offerri.
1004 4348 1128 4411 Qua
1158 4349 1379 4404 ratione
1400 4350 1619 4405 eisdem
1640 4353 1860 4406 sacrifi-

207 4430 317 4491 ciis
338 4450 571 4507 semper
586 4436 944 4491 curabantur
965 4436 1218 4491 auferri?
1236 4438 1291 4491 Si
1309 4438 1462 4493 enim
1487 4440 1558 4493 ab
1582 4441 1856 4495 omnibus

208 4528 409 4578 essent
437 4522 665 4579 liberati
720 4525 993 4596 peccatis,
1047 4542 1417 4598 nequaquam
1462 4544 1563 4598 per
1591 4529 1855 4600 singulos

1976 3382 2091 3447 tur,
2127 3382 2267 3431 tunc
2300 3374 2454 3429 dixi:
2492 3375 2632 3429 Ecce
2660 3375 2850 3439 venio,
2885 3380 2948 3429 ut
3000 3372 3207 3428 faciam
3261 3371 3619 3428 voluntatem

1974 3470 2158 3529 tuam,
2182 3470 2347 3519 Deus.
2367 3464 2567 3517 Aufert
2598 3462 2876 3534 primum,
2911 3466 2975 3515 ut
3004 3478 3252 3531 sequens
3282 3465 3520 3516 statuat.
3555 3463 3619 3516 In

1976 3572 2091 3627 qua
2103 3553 2396 3609 voluntate
2420 3551 2762 3607 sanctiﬁcati
2778 3569 2842 3605 su
2855 3567 2986 3605 mus
3000 3550 3465 3622 peroblationem
3479 3553 3621 3607 Cor-

1973 3645 2131 3716 poris
2176 3647 2312 3697 Jesu
2346 3641 2559 3697 Christi
2610 3641 2812 3710 (1430).
2842 3662 2865 3686 ››
2898 3640 3228 3694 Anteriores
3259 3639 3495 3710 quidem
3529 3656 3621 3695 os-

1972 3734 2159 3788 tendit
2190 3731 2429 3786 inutiles
2460 3747 2587 3785 esse
2619 3729 2839 3784 hostias
2872 3730 2940 3783 ad
2976 3728 3264 3799 integram
3290 3729 3621 3783 mundatio-

1973 3838 2126 3891 nem,
2162 3824 2217 3874 et
2245 3820 2492 3873 formam
2530 3818 2716 3885 magis
2748 3834 2846 3871 eas
2877 3834 3026 3882 esse,
3065 3835 3167 3871 nec
3200 3834 3329 3872 esse
3359 3822 3622 3887 accepta-

1968 3910 2138 3964 biles.
2172 3909 2285 3963 Nec
2318 3907 2401 3960 illi
2438 3904 2782 3976 placuerunt
2822 3905 2891 3958 ab
2926 3905 3114 3970 initio,
3148 3905 3303 3958 sicut
3333 3920 3437 3974 per
3460 3906 3619 3959 Jere-

1970 3998 2149 4051 miam
2200 3994 2544 4066 prophetam
2611 4011 2686 4058 vi,
2746 3993 2817 4045 2O
2873 3992 3048 4045 dicit:
3112 3992 3621 4047 Holocaustomata

1967 4089 2159 4138 vestra
2190 4100 2302 4137 non
2328 4086 2467 4135 sunt
2499 4085 2754 4151 accepta,
2788 4085 2844 4133 et
2866 4079 3109 4132 victima:
3130 4084 3334 4133 vestra:
3358 4096 3471 4134 non
3493 4080 3617 4151 pla-

1968 4176 2217 4229 cuerunt
2247 4170 2389 4225 mihi
2428 4171 2558 4241 (lsa.
2595 4187 2634 4236 1,
2671 4172 2728 4223 11
2758 4189 2772 4231 ς
2806 4170 2969 4223 Amos
3026 4186 3079 4233 v,
3139 4170 3250 4237 2f).
3311 4169 3419 4223 Sed
3452 4168 3501 4223 si
3534 4154 3617 4223 illi

1970 4279 2083 4317 non
2118 4261 2483 4333 placuerunt,
2517 4275 2621 4313 nec
2651 4258 2919 4313 voluntas
2946 4256 3103 4312 illius
3130 4257 3273 4311 fuit:
3324 4259 3615 4328 quomodo

1966 4368 2102 4423 ergo
2125 4348 2430 4422 imperavit
2452 4354 2514 4403 ut
2534 4346 2725 4403 offerri
2750 4345 3257 4401 debuissent?Tali
3276 4347 3445 4401 modo
3465 4349 3615 4417 Apo-

1966 4439 2173 4511 stolus,
2204 4444 2469 4495 creatura
2499 4438 2827 4492 Creatorem
2880 4453 3133 4506 sequens
3182 4436 3438 4506 peregit:
3483 4437 3616 4492 Volo

1969 4546 2172 4585 omnes
2206 4528 2475 4583 homines
2509 4544 2656 4594 esse,
2691 4525 2843 4581 sicut
2876 4526 3165 4595 meipsum
3198 4525 3243 4593 (Ι
3274 4524 3392 4579 Cor.
3414 4541 3511 4589 vn,
3534 4526 3617 4594 7),

208 4612 335 4667 dies
353 4611 701 4668 offerrentur
722 4614 1007 4669 sacrificia
1025 4631 1128 4687 pro
1147 4615 1306 4669 omni
1339 4616 1550 4688 p0pulo
1582 4623 1638 4671 et
1670 4619 1725 4671 in
1766 4635 1860 4672 ve-
1891 4627 1938 4690 Ι)
1971 4618 2027 4674 in
2063 4616 2455 4683 conscientia;
2504 4621 2560 4671 et
2610 4616 2816 4669 iterum
2845 4632 2857 4669 :
2908 4614 3071 4683 Volo,
3124 4613 3336 4684 inquit,
3368 4614 3617 4683 juvenes

207 4714 378 4772 apere
408 4704 465 4756 et
496 4702 553 4755 in
585 4702 698 4757 die.
732 4703 977 4758 Proinde
1008 4704 1304 4759 accusatio
1350 4710 1719 4777 peccatorum
1755 4708 1863 4763 fuit

208 4789 367 4860 quod
394 4790 589 4855 ﬁebat;
615 4807 727 4845 non
752 4790 987 4861 solutio,
1010 4793 1304 4847 accusatio
1329 4794 1707 4862 inﬁrmitatis,
1742 4814 1858 4851 non

204 4878 441 4932 virtutis
465 4878 743 4934 ostensio.
768 4879 1052 4943 Quoniam
1068 4882 1281 4952 quippe
1296 4882 1483 4953 primo
1505 4883 1853 4939 hostiauihil

204 4964 453 5037 valebat,
479 4966 654 5022 etiam
684 4969 943 5023 secundo
968 4969 1335 5035 offerebatur,
1370 4988 1498 5041 quae
1516 4972 1689 5027 etiam
1708 4973 1853 5029 nihil

201 5055 566 5125 proﬁciebat.
585 5055 649 5110 In
667 5073 733 5112 eo
754 5057 910 5112 enim
926 5058 1081 5127 quod
1100 5058 1854 5132 offerebantur,redargutio

204 5147 577 5215 peccatorum
607 5150 768 5213 erat;
800 5146 859 5200 in
891 5161 955 5200 eo
1013 5146 1166 5216 quod
1226 5162 1477 5217 semper,
1521 5148 1854 5219 redargutio

202 5232 588 5290 inﬁrmitatis.
608 5234 847 5306 Propter
868 5235 976 5291 hoc
1000 5235 1328 5307 imperavit,
1362 5235 1573 5308 inquit,
1625 5253 1857 5309 semper

278 5462 463 5607 (1426)
494 5464 763 5519 Fortasse
795 5464 1052 5534 idipsum.

309 5534 438 5586 1427
492 5535 760 5591 Fortasse
792 5542 857 5589 ut
889 5553 1040 5607 sup.,

215 5607 224 5617 _
279 5534 463 5607 (1427)
492 5535 760 5591 Fortasse
792 5542 857 5589 ut
889 5553 1040 5607 sup.,
1075 5537 1167 5591 hic
1196 5536 1370 5592 etiam
1401 5537 1735 5609 legendum,
1770 5542 1854 5595 id-

201 5620 464 5751 ῳῗῖἷᾶηὲέ)
495 5677 558 5735 Id
590 5681 698 5749 est,
731 5676 885 5735 sicut
914 5676 1063 5735 alius
1092 5696 1207 5737 non
1238 5683 1326 5737 est
1354 5680 1632 5751 pontifex.

1973 4710 2211 4773 nubere,
2248 4707 2399 4761 ﬁlios
2422 4719 2723 4776 procreare
2751 4705 2797 4769 (1
2824 4704 2970 4757 Mim.
3008 4719 3059 4755 v.
3123 4702 3229 4769 14).
3291 4702 3430 4758 Ecce
3468 4702 3617 4758 duas
3716 4740 3719 4741 ν

1971 4797 2296 4851 voluntates
2328 4792 2649 4855 constituit,
2710 4792 2808 4847 sed
2862 4808 2973 4846 non
3024 4791 3207 4845 amba:
3262 4791 3388 4861 ejus
3441 4796 3615 4854 sunt;

1966 4886 2220 4955 primum
2239 4884 2478 4937 dicens:
2505 4880 2647 4935 Volo
2670 4897 2874 4935 omnes
2897 4880 3162 4934 homines
3184 4896 3312 4936 esse
3326 4881 3478 4935 sicut
3500 4897 3615 4935 me-

1966 4975 2158 5042 ipsum
2198 4990 2209 5037 ;
2246 4971 2538 5025 secundo:
2573 4968 2712 5022 Volo
2736 4969 2980 5036 juvenes
3014 4969 3267 5024 nubere:
3305 4969 3385 5023 sic
3435 4970 3610 5023 etiam

1968 5062 2059 5115 hic
2092 5076 2205 5114 non
2229 5064 2352 5113 erat
2368 5059 2497 5127 ejus
2528 5056 2792 5111 voluntas
2824 5062 2886 5111 ut
2919 5058 3296 5127 praecedentia
3327 5055 3612 5110 sacriﬁcia

1966 5151 2192 5211 ﬁerent,
2227 5148 2352 5211 sed,
2387 5147 2541 5200 sicut
2572 5146 2843 5216 superius
2875 5146 3041 5212 dixit,
3075 5146 3213 5216 quia
3272 5160 3386 5197 non
3417 5143 3610 5198 solum

1969 5254 2083 5293 non
2144 5236 2345 5301 voluit,
2407 5235 2506 5290 sed
2567 5250 2670 5289 nec
2730 5234 3080 5289 desideravit
3138 5233 3281 5287 hoc:
3316 5247 3451 5303 ergo
3480 5248 3611 5302 pro-

2038 5467 2221 5539 (1129)
2254 5468 2318 5522 In
2348 5467 2444 5522 cit.
2482 5466 2630 5521 Psal.
2662 5485 2673 5521 :
2726 5467 3115 5539 holocaustum
3153 5468 3203 5519 et
3258 5480 3357 5539 pio
3382 5471 3612 5539 peccato

1967 5536 2424 5617 gzoizposfulaslz';
2456 5539 2828 5609 Vulgautem
2856 5538 2911 5617 in
2947 5536 3051 5589 hac
3078 5536 3261 5617 Ep.._x,
3292 5538 3345 5617 ﬁ,
3380 5536 3457 5592 ita
3504 5538 3613 5617 hai-

1966 5613 2062 5689 bet
2092 5608 2684 5689 §_I_io_lo§_automata_pro
2727 5615 2941 5689 peccato
2962 5623 3071 5689 fieri
3127 5608 3231 5661 tibi
3256 5610 3605 5689 placuerunt.

2037 5684 2220 5756 (1430)
2250 5683 2421 5754 Vulg.
2456 5686 2585 5755 post
2614 5697 2682 5736 ea
2710 5680 2885 5735 verba
2910 5680 3089 5747 addit,
3121 5682 3309 5737 semel.
