4020 6178
358 381 474 444 787

1372 377 1708 440 ATTONIS
1753 374 2338 437 VERCELLENSIS
2384 377 2733 439 EPISCOPI

3657 376 3776 439 788

360 516 490 586 pter
516 509 703 584 (1431)
733 509 1092 567 voluntatem
1123 509 1224 566 Dei
1254 509 1755 565 sacriﬁcabantur.
1790 508 2002 564 Redar-
2034 508 2086 574 Α
2119 508 2242 575 sed,
2277 531 2305 558 «
2341 513 2404 564 ut
2435 514 2730 581 ponantur
2759 510 2870 566 sub
2899 509 3150 582 pedibus
3180 509 3331 581 ejus.
3365 531 3394 558 »
3429 507 3562 567 Non
3593 507 3780 580 igitur

361 606 500 676 guta
521 601 641 656 hac
671 617 762 656 res
783 605 927 668 erat,
959 599 1182 655 nullam
1214 600 1436 654 habens
1467 599 1762 668 virtutem,
1787 598 1888 652 sed
1917 597 2006 651 in-

361 693 696 755 fructuosae,
729 693 785 745 et
816 689 1053 744 inutiles
1083 693 1285 756 erant;
1337 689 1536 741 formae
1597 687 1812 757 quippe
1845 691 2011 740 erant

361 779 696 835 futurorum
728 778 961 842 Christi,
995 787 1050 833 et
1079 777 1345 832 Ecclesia:
1374 795 1385 843 ;
1421 777 1740 830 offerebant
1795 775 2012 846 quippe

362 885 450 937 ea,
483 884 556 922 ne
589 868 715 923 sine
745 866 1029 922 sacriﬁcio
1062 867 1354 930 sedentes,
1385 865 1442 918 in
1501 865 1724 919 cultum
1767 865 2010 918 deorum

364 956 712 1026 alienorum,
747 956 886 1010 dum
919 955 1205 1009 vidissent
1235 954 1379 1008 alios
1402 953 1626 1018 offerre,
1667 951 2010 1006 inciderent.

365 1045 716 1116 Impositum
739 1043 893 1099 enim
917 1043 1034 1098 illis
1061 1047 1186 1098 erat
1206 1042 1266 1096 in
1291 1042 1648 1106 servitutem,
1679 1041 2015 1109 nonjustiﬁ-

368 1135 676 1190 cationem.
735 1133 984 1188 Proinde
1045 1131 1375 1187 sacriﬁcare
1435 1147 1549 1184 non
1611 1135 1698 1184 est
1747 1129 2015 1183 voluntas

371 1223 469 1279 Dei
493 1223 695 1295 (1432).
719 1223 788 1276 Et
819 1222 958 1276 dum
993 1220 1076 1274 illi
1107 1220 1208 1274 illa
1235 1237 1350 1274 non
1399 1219 1767 1290 placuerunt,
1817 1218 2013 1272 statim

372 1313 626 1381 advenit,
650 1312 801 1366 sicut
833 1311 1116 1381 scriptum
1153 1315 1271 1364 est:
1308 1332 1332 1357 ‹‹
1359 1309 1522 1362 Tunc
1553 1309 1708 1362 dixi:
1744 1309 1886 1372 Ecce
1919 1323 2014 1360 ve-

371 1403 506 1457 nio:
543 1424 570 1450 »
603 1401 758 1473 quod
790 1401 860 1456 de
889 1399 1049 1454 nullo
1073 1399 1205 1465 alio,
1239 1398 1348 1452 nisi
1407 1399 1476 1450 de
1536 1397 1761 1451 Christo
1793 1397 2015 1450 dictum

373 1496 480 1547 est.
508 1491 642 1559 Sed,
667 1491 714 1544 si
743 1489 940 1544 formae
959 1493 1147 1554 erant,
1173 1488 1465 1557 quomodo
1491 1487 1732 1540 veritate
1754 1486 2019 1540 veniente

375 1597 490 1634 non
523 1581 850 1643 cessarunt,
882 1594 1070 1647 neque
1099 1575 1540 1630 discesserunt?
1569 1575 1692 1629 Non
1726 1575 1880 1628 enim
1916 1591 2018 1644 po-

373 1671 566 1724 terant
589 1667 751 1736 prius
769 1665 1184 1735 auferri,quam
1207 1664 1348 1718 illud
1371 1663 1724 1720 sacriﬁcium
1750 1667 2020 1716 sanctum

375 1761 736 1825 sanctorum,
771 1754 924 1826 quod
958 1771 1168 1825 corpus
1199 1758 1304 1820 est,
1340 1753 1546 1807 fuisset
1568 1751 1849 1806 oblatum.
1875 1752 2022 1806 Nam

375 1845 476 1918 qui
507 1847 708 1917 postea
758 1843 861 1897 illa
915 1842 1200 1898 sacriﬁcia
1256 1841 1748 1907 sacriﬁcaverunt,
1793 1857 2023 1910 semper

373 1933 614 2005 Spiritui
647 1937 852 1988 sancto
887 1932 1251 1987 restiterunt.
1284 1931 1398 1986 Nec
1430 1931 1584 1985 enim
1637 1929 1850 2001 placita
1881 1933 2020 1984 sunt

371 2022 482 2091 illi,
514 2039 641 2094 quae
673 2021 998 2077 secundum
1021 2019 1206 2092 legem
1229 2020 1552 2075 offeruntur
1577 2035 1588 2074 :
1616 2041 1642 2068 ‹‹
1669 2019 1784 2076 Nec
1805 2018 2014 2086 hostia,

373 2129 477 2168 nec
503 2111 742 2176 oblatio,
767 2127 871 2166 nec
899 2109 1402 2165 holocaustomata
1431 2113 1486 2163 et
1517 2125 1618 2179 pro
1668 2113 1902 2179 peccato
1934 2105 2016 2160 illi

373 2199 612 2272 placuit.
641 2222 668 2250 »
704 2199 770 2254 Et
800 2199 908 2254 hoc
939 2216 1054 2254 non
1085 2215 1154 2253 ex
1195 2214 1341 2252 novo
1399 2197 1609 2251 iterum
1645 2201 2016 2262 testamento,

376 2290 478 2346 sed
499 2305 566 2344 ex
589 2287 885 2360 prophetis
907 2287 1179 2353 ostendit,
1203 2303 1270 2340 ex
1301 2285 1702 2356 superioribus
1732 2284 2018 2356 tempori-

364 2379 477 2433 bus
503 2377 800 2449 proferens
822 2375 1251 2442 testimonium,
1277 2374 1415 2446 quia
1437 2391 1672 2429 cessura
1694 2375 2015 2429 erant.ldeo

368 2467 586 2540 quippe
617 2466 842 2522 hostias
869 2467 990 2537 jam
1021 2466 1208 2521 dictas
1267 2465 1471 2520 offerre
1512 2465 1715 2535 jussit,
1771 2464 1909 2536 quia
1957 2463 2016 2517 in

369 2558 560 2630 ﬁgura
575 2559 742 2612 erant
763 2556 834 2611 ad
859 2555 1113 2611 hostiam
1138 2571 1488 2624 veram,quze
1512 2559 1697 2608 totum
1729 2553 2016 2606 mundum

369 2648 440 2702 de
473 2649 703 2717 peccato
727 2644 1010 2700 solveret:
1045 2648 1101 2698 et
1123 2649 1428 2714 propterea
1459 2640 2018 2713 reprobantur,quia

363 2737 492 2806 jam
513 2749 648 2788 vera
667 2732 858 2788 hostia
879 2731 1406 2803 appropinquabat.
1441 2732 1508 2784 Et
1541 2730 1676 2785 dicit
1697 2730 2014 2800 Propheta:

371 2845 400 2872 «
435 2823 576 2877 Ecce
605 2821 810 2887 venio;
843 2821 903 2874 in
934 2819 1122 2890 capite
1153 2819 1284 2873 libri
1321 2819 1603 2889 scriptum
1658 2823 1745 2873 est
1801 2819 1871 2873 de
1929 2834 2018 2872 me

372 2910 542 2982 (Psal.
575 2925 765 2973 xxxxx,
788 2909 876 2976 7):
913 2929 940 2956 ››
975 2907 1030 2962 id
1062 2911 1171 2973 est,
1199 2906 1450 2971 Levitici,
1477 2907 1576 2978 qui
1629 2906 1778 2962 liber
1799 2907 2020 2962 hostias

371 2999 643 3070 imperat,
677 3001 732 3052 et
763 2999 982 3051 narrat.
1021 2997 1164 3051 Dum
1197 3000 1393 3051 autem
1422 3013 1552 3050 sum
1587 2995 2023 3066 principalis,et

373 3087 500 3144 sola
529 3086 832 3142 sufﬁciens
851 3085 1046 3140 hostia
1071 3111 1084 3152 ;
1106 3084 1234 3139 ideo
1257 3085 1316 3138 in
1338 3085 1545 3156 capite,
1572 3085 1628 3138 id
1653 3089 1762 3154 est,
1789 3085 1844 3138 in
1869 3086 2022 3155 prin-

375 3176 528 3249 cipio
557 3175 688 3230 libri
725 3174 1052 3230 hostiarum
1083 3175 1154 3228 de
1183 3190 1272 3228 me
1303 3173 1585 3244 scriptum
1628 3178 1716 3228 est
1748 3177 1841 3228 ut:
1884 3197 1902 3222 ει
1959 3175 2021 3227 In

376 3237 662 3338 principio
692 3264 828 3319 fecit
859 3267 1009 3318 Deus
1035 3261 1267 3318 cceluml
1290 3267 1346 3317 et
1367 3237 1580 3318 terram
1623 3262 1778 3330 (Gen.
1815 3281 1851 3328 1,
1889 3262 1960 3332 1).
1992 3283 2018 3314 ι»
2055 3237 2098 3302 C

379 3354 526 3420 Quid
549 3357 658 3424 est,
692 3375 720 3404 «
745 3357 809 3407 ut
841 3351 1049 3407 faciam
1078 3351 1434 3406 voluntatem
1483 3356 1644 3406 tuam
1669 3353 1695 3405 ?
1730 3373 1756 3399 »
1789 3351 2026 3406 Memet-

375 3444 576 3515 ipsum
601 3442 850 3510 tradere,
879 3440 987 3495 hoc
1009 3445 1098 3494 est
1121 3440 1216 3494 Dei
1240 3439 1530 3505 voluntas,
1557 3463 1583 3488 «
1603 3440 1661 3493 in
1687 3457 1802 3510 qua
1823 3439 2028 3494 volun-

377 3535 497 3586 tate
520 3529 870 3584 sanctiﬁcati
889 3545 1118 3583 sumus.
1148 3551 1174 3576 ››
1197 3533 1285 3581 An
1308 3528 1482 3582 etiam
1508 3527 1666 3581 aliud
1681 3528 1850 3583 dixit:
1873 3530 2029 3591 Quo-

379 3619 539 3674 niam
558 3635 673 3674 non
697 3616 982 3672 sacriﬁcia
997 3615 1263 3671 homines
1287 3616 1594 3682 mandant,
1630 3617 1731 3670 sed
1763 3616 2030 3673 voluntas

293 3737 298 3750 -
379 3707 530 3762 Dei?
554 3729 582 3757 «
617 3705 818 3761 Aufert
849 3705 1128 3776 primum,
1161 3709 1226 3760 ut
1257 3720 1506 3775 sequens
1538 3709 1794 3772 statuat;
1823 3728 1849 3754 ››
1885 3723 1949 3762 ac
1980 3708 2029 3762 si

380 3794 572 3851 dicat:
608 3793 898 3864 Reprobat
921 3797 1106 3862 vetus,
1140 3797 1196 3846 et
1217 3793 1470 3848 afﬁrmat
1501 3810 1735 3850 novum.

456 3905 484 3934 ‹‹
518 3885 588 3939 Et
615 3883 808 3938 omnis
842 3882 1080 3954 quidem
1113 3883 1384 3938 sacerdos
1413 3887 1622 3954 praesto
1653 3889 1742 3938 est
1773 3885 2032 3955 quotidie

382 3973 750 4036 ministrans,
783 3975 842 4026 et
871 3971 1106 4026 easdem
1138 3987 1288 4042 saepe
1329 3971 1574 4026 offerens
1630 3971 1873 4043 hostias,
1909 3991 2032 4045 qua:

383 4077 690 4134 nunquam
715 4070 964 4132 possunt
983 4060 1210 4114 auferre
1234 4063 1486 4130 peccata.
1516 4059 1617 4114 Hie
1631 4067 1825 4116 autem
1851 4064 1894 4133 (ιΙ
1911 4065 2033 4136 433)

385 4167 490 4224 pro
507 4149 764 4222 peccatis
777 4148 1412 4217 offerrenshostiam,iu
1436 4149 1858 4220 sempiternum
1875 4155 2037 4208 sedet

383 4238 446 4293 in
478 4236 846 4306 dexteraDei,
865 4236 934 4289 de
949 4239 1151 4290 caetero
1173 4241 1516 4306 exspectans
1537 4237 1720 4292 donec
1745 4245 2038 4309 ponantur

382 4324 608 4381 inimici
639 4325 766 4394 ejus
797 4323 1116 4378 scabellum
1151 4324 1364 4394 pedum
1426 4325 1555 4393 ejus
1609 4327 1778 4394 (Psal.
1811 4345 1922 4382 CIX.
1957 4331 2032 4398 2).

386 4415 513 4471 Una
542 4413 698 4468 enim
731 4412 1019 4468 oblatione
1052 4413 1480 4467 consummavit
1508 4413 1566 4466 in
1614 4415 2034 4486 sempiternum

385 4503 804 4560 sanctiﬁcatos.
822 4523 849 4551 »
867 4501 1194 4556 Ministrare
1209 4502 1442 4572 signum
1458 4507 1545 4556 est
1561 4503 2033 4562 ministrationis:

2119 599 2445 654 efﬁciamur
2466 617 2530 654 ex
2549 617 2792 655 numero
2815 600 3208 654 inimicorum.
3235 599 3360 654 Non
3384 599 3546 654 enim
3563 597 3650 653 illi
3671 599 3774 654 soli

2119 687 2362 756 inimici,
2398 690 2496 760 qui
2529 689 2796 744 inﬁdeles
2851 693 3008 757 sunt,
3043 689 3142 742 sed
3175 688 3348 742 etiam
3383 687 3484 758 qui
3515 687 3639 740 vita
3669 689 3778 742 im-

2122 778 2342 831 munda
2364 777 2518 848 pleni
2542 783 2699 832 sunt.
2717 799 2745 826 «
2773 778 3092 831 Prudentia
3107 781 3302 830 autem
3319 776 3516 830 carnis
3539 775 3778 830 inimica

2121 869 2211 919 est
2261 871 2373 919 Deo
2421 869 2592 936 (llam.
2645 884 2764 933 νιιι,
2791 868 2844 936 (⁵3)
2873 884 2884 932 ;
2937 865 3048 936 legi
3083 869 3278 919 autem
3309 865 3408 919 Dei
3444 881 3564 919 non
3599 865 3784 935 subji-

2123 955 2293 1007 citur.
2329 977 2348 1002 α
2379 954 2502 1008 Una
2524 956 2680 1009 enim
2704 955 2996 1009 oblatione
3013 953 3478 1020 consummavit;
3509 952 3566 1006 id
3591 953 3778 1016 est,ad

2123 1041 2254 1096 illos
2280 1047 2410 1111 post
2439 1044 2563 1098 dies
2593 1043 2726 1098 illos
2758 1043 2897 1097 dicit
2927 1043 3211 1098 Dominus
3238 1059 3250 1097 :
3279 1065 3306 1090 ι‹
3367 1043 3578 1096 Dando
3625 1040 3784 1110 leges

2127 1148 2286 1185 meas
2310 1133 2366 1185 in
2391 1133 2667 1187 cordibus
2691 1149 2913 1202 eorum,
2943 1138 3000 1186 et
3023 1132 3082 1186 in
3115 1131 3411 1186 mentibus
3443 1146 3660 1184 eorum
3689 1147 3786 1183 su-

2127 1221 2484 1290 perscribam
2519 1239 2615 1276 eas
2641 1239 2655 1286 ;
2681 1229 2735 1275 et
2767 1227 3162 1293 peccatorum,
3185 1225 3241 1274 et
3270 1219 3666 1290 iniquitatum
3700 1235 3790 1272 eo-

2127 1312 2396 1376 rumjam
2423 1328 2534 1364 non
2554 1312 2898 1366 recordabor
2919 1309 3194 1381 amplius.
3223 1309 3326 1364 Ubi
3351 1313 3550 1362 autem
3575 1308 3790 1361 horum

2129 1399 2393 1453 remissio
2421 1401 2574 1468 :jam
2623 1417 2736 1453 non
2787 1399 3002 1453 oblatio
3055 1415 3156 1470 pro
3191 1401 3424 1470 peccato
3457 1399 3598 1466 (Jer.
3631 1413 3790 1452 xxxt.

2128 1489 2238 1559 33).
2257 1511 2282 1538 »
2301 1489 2460 1552 Quod
2484 1492 2734 1542 testatur
2755 1489 2990 1560 quidem
3005 1487 3258 1558 Spiritus
3281 1490 3524 1541 sanctus
3539 1501 3790 1556 perpro-

2133 1579 2390 1650 phetam,
2415 1577 2801 1648 adimpletum
2833 1583 2940 1631 est.
2973 1575 3087 1630 Illa:
3120 1575 3320 1630 statim
3343 1575 3790 1638 discesserunt;

2132 1667 2268 1738 quia
2289 1666 2550 1720 veniente
2573 1667 2829 1730 veritate,
2855 1667 3064 1720 umbra
3091 1663 3378 1718 discessit.
3408 1685 3430 1710 ι
3457 1662 3568 1716 Ubi
3591 1666 3792 1714 autem

2132 1757 2340 1811 horum
2375 1755 2726 1820 remissio,»
2787 1755 2978 1826 inquit
3029 1753 3365 1823 Apostolus,
3399 1773 3428 1800 ‹‹
3475 1752 3610 1821 jam
3677 1766 3790 1804 non

2133 1845 2348 1901 oblatio
2379 1861 2481 1915 pro
2505 1849 2757 1915 peccato.
2797 1867 2822 1892 n
2855 1844 2924 1897 Et
2953 1843 3061 1897 hoc
3093 1858 3208 1896 non
3237 1845 3461 1894 tantum
3489 1837 3622 1893 sine
3649 1837 3790 1890 scri-

2133 1935 2375 2006 ptis,sed
2393 1934 2566 1988 etiam
2584 1951 2718 1988 cum
2736 1932 2972 2004 scriptis
2984 1933 3430 2002 argumentatus
3443 1932 3536 1982 est
3549 1931 3794 1998 Aposto-

2128 2024 2256 2090 lus;
2281 2031 2336 2078 et
2363 2024 2586 2078 dictum
2609 2021 3013 2093 propheticum
3047 2019 3316 2074 adhibuit
3345 2017 3552 2072 dicens
3585 2031 3598 2069 :
3629 2037 3660 2064 ιδ
3681 2015 3786 2070 Sa-

2129 2113 2416 2168 criﬁcium
2447 2117 2504 2166 et
2534 2110 2888 2166 oblationem
2921 2108 3158 2164 noluisti
3190 2108 3360 2176 (Psal.
3391 2122 3592 2168 xxxxx,
3616 2105 3674 2175 τῇ
3711 2121 3724 2168 ;
3761 2127 3782 2151 ι

2127 2207 2185 2258 et
2213 2202 2272 2256 in
2304 2202 2414 2256 hoc
2447 2201 2569 2255 loco
2596 2216 2608 2254 :
2645 2201 2759 2254 Hoc
2789 2196 3400 2268 testamentum,quod
3423 2193 3692 2250 testabor
3711 2193 3780 2247 ad

2126 2291 2259 2346 illos
2292 2294 2422 2362 post
2453 2290 2576 2345 dies
2609 2289 2761 2355 illos,
2819 2288 2960 2343 dicit
3011 2287 3329 2342 Dominus:
3381 2283 3588 2340 Dando
3619 2281 3784 2353 leges

2130 2397 2288 2435 meas
2309 2381 2368 2433 in
2391 2378 2663 2434 cordibus
2683 2393 2906 2447 eorum,
2932 2376 3066 2432 etin
3099 2375 3394 2430 mentibus
3429 2388 3638 2428 eorum
3675 2388 3778 2425 su-

2129 2470 2484 2541 perscribam
2515 2484 2632 2536 eas,
2667 2484 2781 2522 non
2813 2467 2872 2521 in
2929 2465 3146 2520 tabulis
3201 2461 3469 2536 lapideis,
3527 2460 3694 2516 sicut
3721 2459 3784 2513 in

2129 2557 2344 2630 populo
2373 2557 2569 2622 veteri,
2620 2555 2720 2610 sed
2779 2555 2840 2608 in
2897 2554 3114 2610 tabulis
3171 2552 3362 2608 cordis
3419 2548 3786 2606 carnalibus.

2134 2669 2160 2699 «ι
2187 2649 2253 2702 Et
2279 2649 2670 2718 peccatorum,
2702 2645 3081 2716 iniquitatum
3113 2657 3312 2697 eorum
3347 2657 3464 2695 non
3507 2639 3786 2694 recorda-

2128 2737 2234 2791 bor
2265 2734 2539 2806 amplius.
2579 2755 2605 2782 »
2639 2738 2720 2788 Ac
2752 2734 2802 2788 si
2833 2733 3084 2787 diceret:
3125 2731 3228 2786 Ubi
3287 2728 3614 2784 recordatio
3655 2743 3792 2798 pec-

2129 2830 2390 2879 catorum
2424 2840 2538 2878 non
2569 2827 2677 2889 est,
2706 2823 2828 2892 jam
2859 2836 3095 2876 necesse
3152 2836 3266 2874 non
3323 2821 3413 2872 est
3473 2822 3538 2871 ut
3593 2814 3798 2870 hostia

2131 2913 2423 2969 offeratur.
2473 2911 2630 2965 Unde
2697 2917 2751 2964 et
2801 2911 2861 2964 in
2917 2906 3412 2979 consequentibus
3471 2903 3794 2974 adjungit:

2133 3025 2159 3052 ‹‹
2194 3001 2300 3057 Ubi
2331 3003 2528 3055 autem
2553 2999 2762 3054 horum
2795 2997 3085 3065 remissio,
3107 2997 3234 3066 jam
3261 3012 3376 3050 non
3431 2992 3650 3049 oblatio
3689 3007 3796 3063 pro

2131 3093 2387 3162 peccato.
2426 3111 2446 3137 υ

2207 3201 2234 3228 ‹‹
2269 3177 2557 3232 Habentes
2589 3176 2808 3246 itaque,
2835 3175 3061 3240 fratres,
3091 3172 3368 3227 ﬁduciam
3427 3171 3487 3224 in
3535 3168 3798 3224 introitu

2137 3272 2473 3324 sanctorum
2495 3265 2556 3320 in
2580 3263 2866 3336 sanguine
2887 3263 3120 3328 Christi,
3144 3278 3318 3332 quam
3341 3260 3594 3314 initiavit
3621 3258 3798 3313 nobis

2137 3358 2288 3414 viam
2313 3372 2540 3422 novam,
2569 3359 2626 3409 et
2645 3355 2933 3408 viventem
2957 3369 3058 3424 per
3089 3351 3375 3420 velamen,
3425 3349 3482 3402 id
3514 3353 3627 3412 est,
3660 3364 3794 3401 car-

2140 3463 2274 3501 nem
2301 3461 2494 3511 suam,
2525 3449 2582 3498 et
2611 3443 2973 3498 sacerdotem
3025 3456 3301 3512 magnum
3336 3454 3513 3510 super
3541 3437 3794 3491 domum

2140 3537 2260 3591 Dei.
2297 3557 2323 3584 ››
2349 3534 2674 3590 Ostendens
2706 3547 2892 3601 usque
2923 3547 3078 3584 nunc
3109 3527 3424 3600 pontiﬁcis,
3457 3529 3516 3581 et
3563 3525 3794 3580 hostia-

2141 3641 2294 3691 rum,
2329 3627 2385 3678 et
2411 3619 2794 3686 tabernaculi,
2827 3624 2885 3673 et
2913 3616 3269 3683 testamenti,
3303 3621 3360 3670 et
3389 3611 3798 3685 repromissio-

2141 3713 2233 3768 nis
2264 3710 2628 3775 distantiam,
2653 3713 2710 3763 et
2729 3706 2977 3762 multam
3009 3704 3435 3760 differentiam:
3469 3702 3794 3774 siquidem,

2139 3800 2350 3872 inquit,
2382 3798 2482 3854 illa
2501 3796 2844 3869 temporalia
2875 3796 2994 3850 haec
3023 3799 3219 3848 autem
3239 3799 3453 3848 aeterna
3482 3809 3496 3858 ;
3529 3791 3630 3844 illa
3659 3789 3798 3860 qui-

2143 3891 2274 3944 dem
2309 3889 2378 3943 de
2409 3886 2670 3958 proximo
2699 3885 2985 3956 parentia,
3045 3883 3165 3938 haec
3220 3881 3624 3954 permanentia
3651 3897 3662 3946 ;
3695 3878 3800 3932 illa

2144 3978 2380 4050 quidem
2414 3975 2668 4044 inﬁrma,
2697 3973 2820 4028 haec
2851 3977 3044 4028 autem
3083 3971 3376 4042 perfecta;
3409 3968 3512 4024 illa
3549 3966 3798 4038 quidem

2147 4066 2479 4131 forma,hzec
2503 4063 2716 4118 veritas
2741 4079 2754 4116 :
2781 4079 2894 4116 non
2915 4061 3070 4116 enim
3095 4062 3264 4131 juxta
3285 4058 3398 4114 tale
3421 4057 3799 4120 mandatum,

2147 4156 2358 4227 inquit,
2391 4151 2641 4221 carnale,
2675 4151 2774 4206 sed
2801 4153 2968 4220 juxta
2997 4149 3276 4203 virtutem
3307 4148 3436 4202 vitae
3457 4143 3800 4200 insolubilis

2145 4244 2416 4300 sacerdos
2441 4243 2626 4296 factus
2649 4240 2930 4296 estJesus
2963 4239 3156 4308 (Hebr.
3189 4255 3292 4304 v11,
3315 4238 3498 4302 l6).Et
3527 4235 3746 4289 iterum
3783 4249 3798 4286 :

2148 4357 2172 4382 ‹‹
2205 4333 2292 4386 Tu
2327 4347 2386 4385 es
2417 4329 2760 4386 sacerdosin
2783 4331 3062 4383 aaternum
3105 4326 3288 4398 (lbid.,
3327 4326 3408 4394 l7)
3435 4343 3446 4390 ;
3498 4338 3632 4378 ecce
3663 4338 3800 4392 per-

2149 4421 2400 4493 petuitas
2431 4417 2767 4474 sacerdotis.
2828 4418 2896 4470 Et
2949 4417 3021 4470 de
3075 4417 3422 4470 testamento
3479 4411 3577 4466 illo
3627 4409 3802 4480 dixit,

2149 4511 2298 4581 quod
2335 4511 2628 4562 vetustum
2660 4510 2786 4561 est:
2821 4506 2976 4576 quod
3007 4509 3202 4560 autem
3235 4500 3556 4567 veterascit,
3609 4503 3668 4554 et
3697 4514 3802 4553 se-

386 4609 522 4665 ergo
537 4592 735 4648 sedere
753 4592 990 4663 signum
1008 4595 1116 4656 est,
1143 4590 1270 4646 utei
1297 4589 1681 4646 ministretur.
1701 4592 1788 4647 Illi
1820 4595 2038 4650 multas
2069 4605 2113 4668 Ι)
2149 4597 2350 4665 nescit,
2385 4595 2712 4667 proximum
2747 4600 2835 4648 est
2885 4593 3168 4648 interitui.
3227 4591 3802 4646 Homtestamentum

387 4681 611 4736 hostias
636 4679 895 4751 quotidie
941 4680 1254 4745 offerendo,
1311 4695 1424 4733 non
1473 4685 1789 4749 potuerunt
1815 4685 2042 4741 auferre

391 4773 645 4842 peccata.
671 4770 776 4823 Hic
801 4773 998 4824 autem
1018 4768 1398 4839 semetipsum
1429 4785 1530 4840 pro
1553 4769 1721 4825 nobis
1744 4772 2038 4839 obtulit,in

392 4855 824 4928 sempiternum
851 4857 1000 4912 sedit
1029 4856 1087 4910 in
1123 4857 1356 4912 dextera
1401 4857 1518 4912 Dei.
1575 4858 1783 4914 Sedere
1813 4861 1872 4914 in
1907 4863 2040 4918 dex-

379 4951 535 5018 _tera,
585 4945 882 5016 judicium
935 4961 1110 4999 suum
1178 4946 1561 5000 demonstrat.
1624 4971 1650 4994 ‹‹
1709 4948 1788 5003 De
1840 4955 2042 5006 caetero

392 5039 760 5106 exspectans.
817 5035 938 5098 Qua
989 5050 1166 5088 causa
1223 5033 1335 5087 ista
1383 5033 1630 5089 dilatio?
1659 5036 1728 5090 Ut
1753 5044 2046 5108 ponantur

393 5121 618 5178 inimici
631 5123 680 5192 ej
693 5139 760 5177 us
775 5119 1096 5176 scabellum
1120 5121 1334 5192 pedum
1356 5122 1503 5192 ejus.
1525 5123 1742 5178 inimici
1764 5127 1890 5194 ejus
1909 5135 2046 5182 sunt

391 5211 601 5280 Judaei,
635 5215 691 5266 et
721 5209 994 5277 haeretici,
1020 5210 1107 5264 vel
1135 5211 1642 5284 omnesinﬁdeles,
1669 5215 1765 5284 qui
1791 5217 2045 5286 ponendi

395 5305 536 5359 sunt
566 5301 675 5354 sub
699 5304 986 5372 potestate
1011 5298 1190 5354 illius.
1215 5299 1319 5353 Hic
1345 5299 1728 5369 nimietatem,
1753 5309 1810 5358 et
1838 5311 2043 5374 poten-

395 5386 535 5440 tiam
557 5388 937 5454 subiectionis
959 5387 2042 5463 signiﬁcans,nondixit,subjiciantur,

495 5511 514 5562 1
538 5511 652 5586 iiii)
687 5513 886 5582 Aptius
919 5513 1162 5586 fortasse
1191 5511 1300 5582 legi
1333 5509 1624 5586 videretur
1649 5525 1869 5582 ρνιῖτιιτν.

502 5582 762 5662 1432ζ1511
797 5585 948 5662 quod
981 5585 1230 5638 maxime
1274 5582 1482 5662 probat
1529 5587 1682 5652 quod
1743 5591 1916 5658 paulo
1944 5607 2038 5644 su-

397 5653 596 5725 perius
626 5653 899 5710 diximus.
923 5655 1049 5711 loco
1076 5653 1294 5728 propter
1324 5653 1674 5726 voluntatem,
1730 5653 2039 5732 legendum

2150 4703 2389 4752 novum,
2423 4683 2824 4738 remissionem
2849 4687 3216 4754 peccatorum
3247 4679 3490 4744 habens,
3522 4675 3670 4731 illud
3691 4693 3806 4732 au-

2155 4781 2268 4832 tem
2294 4772 2439 4828 nihil
2463 4772 2804 4842 hujusmodi
2834 4797 2847 4836 ;
2883 4770 3026 4826 nihil
3053 4770 3210 4826 enim
3237 4767 3477 4840 perfecit
3505 4765 3594 4820 lex
3611 4765 3806 4830 (mea,

2155 4864 2261 4930 19).
2291 4863 2436 4916 Illud
2467 4861 2704 4932 quidem
2739 4859 3084 4930 sanguinem
3117 4858 3436 4924 hircorum,
3485 4870 3602 4908 non
3633 4852 3806 4907 Chri-

2154 4953 2227 5009 sti
2249 4953 2500 5006 habebat
2524 4969 2536 5016 ;
2570 4951 2678 5004 hoc
2699 4955 2917 5014 autem,
2940 4947 3242 5020 proprium
3271 4943 3618 5016 sanguinem
3640 4941 3810 4996 Chri-

2154 5041 2398 5097 sti.Illud
2417 5040 2652 5110 quidem
2667 5038 3066 5093 manufactum
3090 5034 3340 5090 habebat
3353 5030 3808 5086 tabernaculum

2155 5132 2260 5185 hoc
2285 5135 2476 5184 autem
2515 5145 2628 5182 non
2663 5127 3062 5182 manufactum
3095 5143 3106 5192 ;
3144 5141 3256 5180 non
3289 5121 3464 5186 enim,
3495 5121 3708 5190 inquit,
3742 5119 3806 5174 in

2155 5219 2508 5274 manufactis
2539 5215 2756 5272 sanctis
2815 5219 2986 5270 Jesus
3017 5211 3277 5268 introivit
3333 5210 3523 5282 (Hebr.
3575 5225 3656 5276 1x,
3687 5209 3804 5276 24}.

2153 5307 2432 5370 Quoniam
2468 5305 2646 5378 igitur
2677 5308 2885 5359 cuncta
2943 5302 3044 5357 illa
3094 5301 3322 5356 minora
3365 5298 3644 5364 afﬁrmat,
3677 5295 3804 5350 haec

2153 5403 2346 5451 autem
2381 5396 2620 5464 majora;
2647 5399 2968 5465 prepterea,
3002 5390 3213 5460 inquit,
3245 5387 3376 5460 plus
3395 5386 3684 5442 habemus
3727 5385 3802 5438 ﬁ-

2149 5527 2352 5590 pra’ter
2379 5519 2731 5590 vola-ntalem.

2223 5591 2406 5662 (1433)
2435 5589 2632 5660 Vulg,
2667 5589 2755 5643 hic
2777 5590 2962 5642 autem
3012 5601 3178 5642 unam
3229 5599 3332 5656 pro
3369 5583 3634 5655 peccatis,
3683 5583 3800 5636 etc.
