  <div class='ocr_page' id='page_1' title='image "/cluster/home/n/w/nwhite01/storage/ocr_20150623/134/hvd.32044023361702/400.png"; bbox 0 0 4044 6180; ppageno 0'>
   <div class='ocr_carea' id='block_1_1' title="bbox 291 354 411 414">
    <p class='ocr_par' dir='ltr' id='par_1_1' title="bbox 291 354 411 414">
     <span class='ocr_line' id='line_1_1' title="bbox 291 354 411 414; baseline 0.008 -1"><span class='ocrx_word' id='word_1_1' title='bbox 291 354 411 414; x_wconf 86' lang='grc'>’789</span> 
     </span>
    </p>
   </div>
   <div class='ocr_carea' id='block_1_2' title="bbox 837 354 3087 418">
    <p class='ocr_par' dir='ltr' id='par_1_2' title="bbox 837 354 3087 418">
     <span class='ocr_line' id='line_1_2' title="bbox 837 354 3087 418; baseline 0 -4"><span class='ocrx_word' id='word_1_2' title='bbox 837 354 1252 418; x_wconf 86' lang='lat' dir='ltr'>EXPOSITIO</span> <span class='ocrx_word' id='word_1_3' title='bbox 1295 355 1374 416; x_wconf 89' lang='lat' dir='ltr'>IN</span> <span class='ocrx_word' id='word_1_4' title='bbox 1422 355 1847 418; x_wconf 90' lang='lat' dir='ltr'>EPISTOLAS</span> <span class='ocrx_word' id='word_1_5' title='bbox 1891 354 2152 416; x_wconf 83' lang='lat' dir='ltr'>PAULI.</span> <span class='ocrx_word' id='word_1_6' title='bbox 2182 388 2257 399; x_wconf 93' lang='lat'><strong><em>—</em></strong></span> <span class='ocrx_word' id='word_1_7' title='bbox 2285 356 2362 415; x_wconf 90' lang='lat' dir='ltr'>IN</span> <span class='ocrx_word' id='word_1_8' title='bbox 2408 356 2651 418; x_wconf 89' lang='lat' dir='ltr'>EPIST.</span> <span class='ocrx_word' id='word_1_9' title='bbox 2703 358 2806 417; x_wconf 87' lang='lat' dir='ltr'>AD</span> <span class='ocrx_word' id='word_1_10' title='bbox 2851 354 3087 416; x_wconf 80' lang='lat' dir='ltr'>HEBR.</span> 
     </span>
    </p>
   </div>
   <div class='ocr_carea' id='block_1_3' title="bbox 3578 356 3697 416">
    <p class='ocr_par' dir='ltr' id='par_1_3' title="bbox 3578 356 3697 416">
     <span class='ocr_line' id='line_1_3' title="bbox 3578 356 3697 416; baseline 0.034 -4"><span class='ocrx_word' id='word_1_11' title='bbox 3578 356 3697 416; x_wconf 78' lang='grc'>790</span> 
     </span>
    </p>
   </div>
   <div class='ocr_carea' id='block_1_4' title="bbox 292 486 3691 561">
    <p class='ocr_par' dir='ltr' id='par_1_4' title="bbox 292 486 3691 561">
     <span class='ocr_line' id='line_1_4' title="bbox 292 486 3691 561; baseline -0.001 -18"><span class='ocrx_word' id='word_1_12' title='bbox 292 487 528 545; x_wconf 89' lang='lat' dir='ltr'>duciam</span> <span class='ocrx_word' id='word_1_13' title='bbox 560 504 663 560; x_wconf 89' lang='lat' dir='ltr'>per</span> <span class='ocrx_word' id='word_1_14' title='bbox 691 488 1035 559; x_wconf 85' lang='lat' dir='ltr'>sanguinem</span> <span class='ocrx_word' id='word_1_15' title='bbox 1067 488 1595 560; x_wconf 84' lang='lat' dir='ltr'>Ghristimundari,</span> <span class='ocrx_word' id='word_1_16' title='bbox 1622 506 1799 561; x_wconf 91' lang='lat' dir='ltr'>quam</span> <span class='ocrx_word' id='word_1_17' title='bbox 1831 488 1936 554; x_wconf 90' lang='lat' dir='ltr'>illi,</span> <span class='ocrx_word' id='word_1_18' title='bbox 1967 489 2020 555; x_wconf 85' lang='grc' dir='ltr'><strong>Α</strong></span> <span class='ocrx_word' id='word_1_19' title='bbox 2052 490 2429 545; x_wconf 88' lang='lat' dir='ltr'>mundamur.</span> <span class='ocrx_word' id='word_1_20' title='bbox 2464 491 2609 553; x_wconf 87' lang='lat' dir='ltr'>Quid</span> <span class='ocrx_word' id='word_1_21' title='bbox 2642 494 2731 545; x_wconf 91' lang='lat' dir='ltr'>est</span> <span class='ocrx_word' id='word_1_22' title='bbox 2760 490 2940 556; x_wconf 91' lang='lat' dir='ltr'>enim,</span> <span class='ocrx_word' id='word_1_23' title='bbox 2973 489 3319 544; x_wconf 82' lang='lat' dir='ltr'>accedamus</span> <span class='ocrx_word' id='word_1_24' title='bbox 3346 503 3478 542; x_wconf 89' lang='lat' dir='ltr'>cum</span> <span class='ocrx_word' id='word_1_25' title='bbox 3504 486 3691 542; x_wconf 80' lang='lat' dir='ltr'>veraci</span> 
     </span>
    </p>
   </div>
   <div class='ocr_carea' id='block_1_5' title="bbox 291 576 1937 648">
    <p class='ocr_par' dir='ltr' id='par_1_5' title="bbox 291 576 1937 648">
     <span class='ocr_line' id='line_1_5' title="bbox 291 576 1937 648; baseline 0.001 -17"><span class='ocrx_word' id='word_1_26' title='bbox 291 577 393 648; x_wconf 88' lang='lat' dir='ltr'>qui</span> <span class='ocrx_word' id='word_1_27' title='bbox 424 576 735 632; x_wconf 85' lang='lat' dir='ltr'>carnaliter</span> <span class='ocrx_word' id='word_1_28' title='bbox 764 577 985 632; x_wconf 77' lang='lat' dir='ltr'>hostias</span> <span class='ocrx_word' id='word_1_29' title='bbox 1017 577 1357 633; x_wconf 79' lang='lat' dir='ltr'>offerebant.</span> <span class='ocrx_word' id='word_1_30' title='bbox 1394 581 1453 633; x_wconf 90' lang='lat' dir='ltr'>In</span> <span class='ocrx_word' id='word_1_31' title='bbox 1502 584 1730 633; x_wconf 89' lang='lat' dir='ltr'>tantum</span> <span class='ocrx_word' id='word_1_32' title='bbox 1782 579 1937 633; x_wconf 89' lang='lat' dir='ltr'>enim</span> 
     </span>
    </p>
   </div>
   <div class='ocr_carea' id='block_1_6' title="bbox 290 666 1937 739">
    <p class='ocr_par' dir='ltr' id='par_1_6' title="bbox 290 666 1937 739">
     <span class='ocr_line' id='line_1_6' title="bbox 290 666 1937 739; baseline 0.001 -19"><span class='ocrx_word' id='word_1_33' title='bbox 290 668 575 736; x_wconf 86' lang='lat' dir='ltr'>majorem</span> <span class='ocrx_word' id='word_1_34' title='bbox 610 666 884 720; x_wconf 90' lang='lat' dir='ltr'>ﬁduciam</span> <span class='ocrx_word' id='word_1_35' title='bbox 936 666 1241 731; x_wconf 84' lang='lat' dir='ltr'>habemus,</span> <span class='ocrx_word' id='word_1_36' title='bbox 1296 666 1355 721; x_wconf 92' lang='lat' dir='ltr'>in</span> <span class='ocrx_word' id='word_1_37' title='bbox 1404 672 1689 738; x_wconf 86' lang='lat' dir='ltr'>quantum</span> <span class='ocrx_word' id='word_1_38' title='bbox 1751 668 1937 739; x_wconf 89' lang='lat' dir='ltr'>magis</span> 
     </span>
    </p>
   </div>
   <div class='ocr_carea' id='block_1_7' title="bbox 290 753 1936 825">
    <p class='ocr_par' dir='ltr' id='par_1_7' title="bbox 290 753 1936 825">
     <span class='ocr_line' id='line_1_7' title="bbox 290 753 1936 825; baseline 0 -16"><span class='ocrx_word' id='word_1_39' title='bbox 290 754 621 809; x_wconf 75' lang='lat' dir='ltr'>cohaeredes</span> <span class='ocrx_word' id='word_1_40' title='bbox 638 753 821 808; x_wconf 81' lang='lat' dir='ltr'>effecti</span> <span class='ocrx_word' id='word_1_41' title='bbox 846 760 1137 819; x_wconf 86' lang='lat' dir='ltr'>sumus,et</span> <span class='ocrx_word' id='word_1_42' title='bbox 1154 758 1317 809; x_wconf 86' lang='lat' dir='ltr'>tanta</span> <span class='ocrx_word' id='word_1_43' title='bbox 1338 754 1644 810; x_wconf 81' lang='lat' dir='ltr'>dilectione</span> <span class='ocrx_word' id='word_1_44' title='bbox 1664 756 1936 825; x_wconf 85' lang='lat' dir='ltr'>fruimur,</span> 
     </span>
    </p>
   </div>
   <div class='ocr_carea' id='block_1_8' title="bbox 290 844 1935 915">
    <p class='ocr_par' dir='ltr' id='par_1_8' title="bbox 290 844 1935 915">
     <span class='ocr_line' id='line_1_8' title="bbox 290 844 1935 915; baseline 0.002 -18"><span class='ocrx_word' id='word_1_45' title='bbox 290 844 600 897; x_wconf 90' lang='lat' dir='ltr'>Introitum</span> <span class='ocrx_word' id='word_1_46' title='bbox 634 846 995 910; x_wconf 88' lang='lat' dir='ltr'>sanctorum,</span> <span class='ocrx_word' id='word_1_47' title='bbox 1028 844 1181 912; x_wconf 92' lang='lat' dir='ltr'>quod</span> <span class='ocrx_word' id='word_1_48' title='bbox 1217 844 1379 910; x_wconf 85' lang='lat' dir='ltr'>dicit,</span> <span class='ocrx_word' id='word_1_49' title='bbox 1413 844 1648 915; x_wconf 69' lang='lat' dir='ltr'>emtum,</span> <span class='ocrx_word' id='word_1_50' title='bbox 1684 846 1803 900; x_wconf 85' lang='lat' dir='ltr'>sive</span> <span class='ocrx_word' id='word_1_51' title='bbox 1835 863 1935 900; x_wconf 89' lang='lat' dir='ltr'>ac-</span> 
     </span>
    </p>
   </div>
   <div class='ocr_carea' id='block_1_9' title="bbox 288 930 1937 1001">
    <p class='ocr_par' dir='ltr' id='par_1_9' title="bbox 288 930 1937 1001">
     <span class='ocr_line' id='line_1_9' title="bbox 288 930 1937 1001; baseline 0.002 -15"><span class='ocrx_word' id='word_1_52' title='bbox 288 947 523 986; x_wconf 91' lang='lat' dir='ltr'>cessum</span> <span class='ocrx_word' id='word_1_53' title='bbox 557 932 627 985; x_wconf 91' lang='lat' dir='ltr'>ad</span> <span class='ocrx_word' id='word_1_54' title='bbox 660 930 948 1001; x_wconf 84' lang='lat' dir='ltr'>spiritalia</span> <span class='ocrx_word' id='word_1_55' title='bbox 980 930 1306 1001; x_wconf 85' lang='lat' dir='ltr'>intelligere</span> <span class='ocrx_word' id='word_1_56' title='bbox 1363 934 1665 988; x_wconf 91' lang='lat' dir='ltr'>debemus.</span> <span class='ocrx_word' id='word_1_57' title='bbox 1728 934 1937 990; x_wconf 91' lang='lat' dir='ltr'>Nullus</span> 
     </span>
    </p>
   </div>
   <div class='ocr_carea' id='block_1_10' title="bbox 288 1019 1933 1092">
    <p class='ocr_par' dir='ltr' id='par_1_10' title="bbox 288 1019 1933 1092">
     <span class='ocr_line' id='line_1_10' title="bbox 288 1019 1933 1092; baseline 0.001 -18"><span class='ocrx_word' id='word_1_58' title='bbox 288 1020 445 1075; x_wconf 92' lang='lat' dir='ltr'>enim</span> <span class='ocrx_word' id='word_1_59' title='bbox 478 1020 547 1073; x_wconf 92' lang='lat' dir='ltr'>ad</span> <span class='ocrx_word' id='word_1_60' title='bbox 579 1020 731 1073; x_wconf 91' lang='lat' dir='ltr'>dona</span> <span class='ocrx_word' id='word_1_61' title='bbox 760 1019 1013 1089; x_wconf 89' lang='lat' dir='ltr'>Spiritus</span> <span class='ocrx_word' id='word_1_62' title='bbox 1038 1020 1221 1074; x_wconf 83' lang='lat' dir='ltr'>sancti</span> <span class='ocrx_word' id='word_1_63' title='bbox 1244 1023 1540 1092; x_wconf 86' lang='lat' dir='ltr'>pervenire</span> <span class='ocrx_word' id='word_1_64' title='bbox 1564 1022 1797 1087; x_wconf 87' lang='lat' dir='ltr'>valebit,</span> <span class='ocrx_word' id='word_1_65' title='bbox 1822 1022 1933 1077; x_wconf 90' lang='lat' dir='ltr'>nisi</span> 
     </span>
    </p>
   </div>
   <div class='ocr_carea' id='block_1_11' title="bbox 288 1108 1931 1181">
    <p class='ocr_par' dir='ltr' id='par_1_11' title="bbox 288 1108 1931 1181">
     <span class='ocr_line' id='line_1_11' title="bbox 288 1108 1931 1181; baseline -0.001 -17"><span class='ocrx_word' id='word_1_66' title='bbox 288 1126 391 1180; x_wconf 91' lang='lat' dir='ltr'>per</span> <span class='ocrx_word' id='word_1_67' title='bbox 420 1108 617 1162; x_wconf 86' lang='lat' dir='ltr'>ﬁdem.</span> <span class='ocrx_word' id='word_1_68' title='bbox 646 1110 880 1172; x_wconf 82' lang='lat' dir='ltr'>«Quam</span> <span class='ocrx_word' id='word_1_69' title='bbox 916 1108 1185 1175; x_wconf 85' lang='lat' dir='ltr'>initiavit,</span> <span class='ocrx_word' id='word_1_70' title='bbox 1224 1110 1436 1181; x_wconf 86' lang='lat' dir='ltr'>inquit,</span> <span class='ocrx_word' id='word_1_71' title='bbox 1461 1111 1613 1165; x_wconf 88' lang='lat' dir='ltr'>viam</span> <span class='ocrx_word' id='word_1_72' title='bbox 1638 1129 1845 1167; x_wconf 90' lang='lat' dir='ltr'>novam</span> <span class='ocrx_word' id='word_1_73' title='bbox 1870 1129 1881 1166; x_wconf 93' lang='lat'>:</span> <span class='ocrx_word' id='word_1_74' title='bbox 1906 1132 1931 1163; x_wconf 76' lang='grc' dir='ltr'>ιι</span> 
     </span>
    </p>
   </div>
   <div class='ocr_carea' id='block_1_12' title="bbox 286 1196 1938 1271">
    <p class='ocr_par' dir='ltr' id='par_1_12' title="bbox 286 1196 1938 1271">
     <span class='ocr_line' id='line_1_12' title="bbox 286 1196 1938 1271; baseline 0.002 -20"><span class='ocrx_word' id='word_1_75' title='bbox 286 1197 396 1252; x_wconf 91' lang='lat' dir='ltr'>hoc</span> <span class='ocrx_word' id='word_1_76' title='bbox 418 1201 524 1264; x_wconf 88' lang='lat' dir='ltr'>est,</span> <span class='ocrx_word' id='word_1_77' title='bbox 559 1196 794 1251; x_wconf 89' lang='lat' dir='ltr'>initium</span> <span class='ocrx_word' id='word_1_78' title='bbox 813 1197 1011 1252; x_wconf 88' lang='lat' dir='ltr'>utendi</span> <span class='ocrx_word' id='word_1_79' title='bbox 1036 1197 1400 1253; x_wconf 88' lang='lat' dir='ltr'>dedit.Viam</span> <span class='ocrx_word' id='word_1_80' title='bbox 1426 1216 1634 1254; x_wconf 88' lang='lat' dir='ltr'>novam</span> <span class='ocrx_word' id='word_1_81' title='bbox 1657 1200 1813 1267; x_wconf 82' lang='lat' dir='ltr'>dicit,</span> <span class='ocrx_word' id='word_1_82' title='bbox 1836 1217 1938 1271; x_wconf 89' lang='lat' dir='ltr'>per</span> 
     </span>
    </p>
   </div>
   <div class='ocr_carea' id='block_1_13' title="bbox 286 1285 1932 1359">
    <p class='ocr_par' dir='ltr' id='par_1_13' title="bbox 286 1285 1932 1359">
     <span class='ocr_line' id='line_1_13' title="bbox 286 1285 1932 1359; baseline 0.002 -20"><span class='ocrx_word' id='word_1_83' title='bbox 286 1302 463 1356; x_wconf 85' lang='lat' dir='ltr'>quem</span> <span class='ocrx_word' id='word_1_84' title='bbox 489 1285 612 1355; x_wconf 91' lang='lat' dir='ltr'>ipse</span> <span class='ocrx_word' id='word_1_85' title='bbox 643 1286 913 1356; x_wconf 85' lang='lat' dir='ltr'>perrexit,</span> <span class='ocrx_word' id='word_1_86' title='bbox 946 1286 1257 1341; x_wconf 90' lang='lat' dir='ltr'>tribuendo</span> <span class='ocrx_word' id='word_1_87' title='bbox 1281 1288 1449 1342; x_wconf 92' lang='lat' dir='ltr'>nobis</span> <span class='ocrx_word' id='word_1_88' title='bbox 1472 1288 1799 1359; x_wconf 90' lang='lat' dir='ltr'>exemplum</span> <span class='ocrx_word' id='word_1_89' title='bbox 1825 1288 1932 1343; x_wconf 90' lang='lat' dir='ltr'>hu-</span> 
     </span>
    </p>
   </div>
   <div class='ocr_carea' id='block_1_14' title="bbox 287 1375 1932 1447">
    <p class='ocr_par' dir='ltr' id='par_1_14' title="bbox 287 1375 1932 1447">
     <span class='ocr_line' id='line_1_14' title="bbox 287 1375 1932 1447; baseline 0.002 -18"><span class='ocrx_word' id='word_1_90' title='bbox 287 1375 594 1429; x_wconf 88' lang='lat' dir='ltr'>militatis:</span> <span class='ocrx_word' id='word_1_91' title='bbox 629 1391 744 1428; x_wconf 92' lang='lat' dir='ltr'>non</span> <span class='ocrx_word' id='word_1_92' title='bbox 777 1375 941 1444; x_wconf 87' lang='lat' dir='ltr'>sequi</span> <span class='ocrx_word' id='word_1_93' title='bbox 975 1376 1349 1431; x_wconf 61' lang='lat' dir='ltr'>caeremonias</span> <span class='ocrx_word' id='word_1_94' title='bbox 1381 1376 1544 1447; x_wconf 86' lang='lat' dir='ltr'>legis,</span> <span class='ocrx_word' id='word_1_95' title='bbox 1573 1378 1672 1431; x_wconf 87' lang='lat' dir='ltr'>sed</span> <span class='ocrx_word' id='word_1_96' title='bbox 1698 1378 1932 1432; x_wconf 86' lang='lat' dir='ltr'>satisfa-</span> 
     </span>
    </p>
   </div>
   <div class='ocr_carea' id='block_1_15' title="bbox 288 1461 1934 1532">
    <p class='ocr_par' dir='ltr' id='par_1_15' title="bbox 288 1461 1934 1532">
     <span class='ocr_line' id='line_1_15' title="bbox 288 1461 1934 1532; baseline 0.002 -16"><span class='ocrx_word' id='word_1_97' title='bbox 288 1461 539 1516; x_wconf 88' lang='lat' dir='ltr'>ctionem</span> <span class='ocrx_word' id='word_1_98' title='bbox 572 1461 717 1532; x_wconf 90' lang='lat' dir='ltr'>spei.</span> <span class='ocrx_word' id='word_1_99' title='bbox 756 1462 1003 1515; x_wconf 89' lang='lat' dir='ltr'>Dicendo</span> <span class='ocrx_word' id='word_1_100' title='bbox 1037 1466 1251 1530; x_wconf 90' lang='lat' dir='ltr'>autem,</span> <span class='ocrx_word' id='word_1_101' title='bbox 1287 1486 1313 1511; x_wconf 88' lang='grc'>‹‹</span> <span class='ocrx_word' id='word_1_102' title='bbox 1350 1480 1580 1529; x_wconf 89' lang='lat' dir='ltr'>novam,</span> <span class='ocrx_word' id='word_1_103' title='bbox 1616 1489 1633 1511; x_wconf 89' lang='lat'><strong>»</strong></span> <span class='ocrx_word' id='word_1_104' title='bbox 1689 1471 1934 1520; x_wconf 88' lang='lat' dir='ltr'>conatur</span> 
     </span>
    </p>
   </div>
   <div class='ocr_carea' id='block_1_16' title="bbox 286 1551 1930 1624">
    <p class='ocr_par' dir='ltr' id='par_1_16' title="bbox 286 1551 1930 1624">
     <span class='ocr_line' id='line_1_16' title="bbox 286 1551 1930 1624; baseline 0.002 -19"><span class='ocrx_word' id='word_1_105' title='bbox 286 1551 592 1605; x_wconf 83' lang='lat' dir='ltr'>ostendere</span> <span class='ocrx_word' id='word_1_106' title='bbox 650 1556 861 1605; x_wconf 88' lang='lat' dir='ltr'>cuncta</span> <span class='ocrx_word' id='word_1_107' title='bbox 914 1551 1137 1620; x_wconf 86' lang='lat' dir='ltr'>majora</span> <span class='ocrx_word' id='word_1_108' title='bbox 1191 1569 1296 1606; x_wconf 90' lang='lat' dir='ltr'>nos</span> <span class='ocrx_word' id='word_1_109' title='bbox 1355 1552 1588 1613; x_wconf 87' lang='lat' dir='ltr'>habere.</span> <span class='ocrx_word' id='word_1_110' title='bbox 1640 1554 1930 1624; x_wconf 90' lang='lat' dir='ltr'>siquidem</span> 
     </span>
    </p>
   </div>
   <div class='ocr_carea' id='block_1_17' title="bbox 286 1640 1929 1713">
    <p class='ocr_par' dir='ltr' id='par_1_17' title="bbox 286 1640 1929 1713">
     <span class='ocr_line' id='line_1_17' title="bbox 286 1640 1929 1713; baseline 0.002 -19"><span class='ocrx_word' id='word_1_111' title='bbox 286 1656 443 1694; x_wconf 90' lang='lat' dir='ltr'>nunc</span> <span class='ocrx_word' id='word_1_112' title='bbox 469 1644 679 1711; x_wconf 63' lang='lat' dir='ltr'>apertae</span> <span class='ocrx_word' id='word_1_113' title='bbox 715 1643 854 1693; x_wconf 92' lang='lat' dir='ltr'>sunt</span> <span class='ocrx_word' id='word_1_114' title='bbox 872 1644 1048 1711; x_wconf 73' lang='lat' dir='ltr'>portae</span> <span class='ocrx_word' id='word_1_115' title='bbox 1070 1640 1193 1695; x_wconf 65' lang='lat' dir='ltr'>caeli</span> <span class='ocrx_word' id='word_1_116' title='bbox 1222 1643 1402 1711; x_wconf 91' lang='lat' dir='ltr'>:quod</span> <span class='ocrx_word' id='word_1_117' title='bbox 1430 1658 1617 1713; x_wconf 91' lang='lat' dir='ltr'>neque</span> <span class='ocrx_word' id='word_1_118' title='bbox 1638 1644 1929 1698; x_wconf 89' lang='lat' dir='ltr'>Abraham</span> 
     </span>
    </p>
   </div>
   <div class='ocr_carea' id='block_1_18' title="bbox 286 1728 1929 1803">
    <p class='ocr_par' dir='ltr' id='par_1_18' title="bbox 286 1728 1929 1803">
     <span class='ocr_line' id='line_1_18' title="bbox 286 1728 1929 1803; baseline 0.002 -19"><span class='ocrx_word' id='word_1_119' title='bbox 286 1728 550 1801; x_wconf 85' lang='lat' dir='ltr'>contigit.</span> <span class='ocrx_word' id='word_1_120' title='bbox 592 1729 699 1783; x_wconf 93' lang='lat' dir='ltr'>Sed</span> <span class='ocrx_word' id='word_1_121' title='bbox 731 1728 1017 1783; x_wconf 91' lang='lat' dir='ltr'>viventem</span> <span class='ocrx_word' id='word_1_122' title='bbox 1048 1728 1148 1783; x_wconf 90' lang='lat' dir='ltr'>illa</span> <span class='ocrx_word' id='word_1_123' title='bbox 1175 1732 1419 1797; x_wconf 90' lang='lat' dir='ltr'>vocavit,</span> <span class='ocrx_word' id='word_1_124' title='bbox 1454 1730 1562 1786; x_wconf 91' lang='lat' dir='ltr'>hoc</span> <span class='ocrx_word' id='word_1_125' title='bbox 1593 1737 1683 1787; x_wconf 88' lang='lat' dir='ltr'>est</span> <span class='ocrx_word' id='word_1_126' title='bbox 1740 1734 1929 1803; x_wconf 84' lang='lat' dir='ltr'>perfe—</span> 
     </span>
    </p>
   </div>
   <div class='ocr_carea' id='block_1_19' title="bbox 288 1818 2007 1920">
    <p class='ocr_par' dir='ltr' id='par_1_19' title="bbox 288 1818 2007 1920">
     <span class='ocr_line' id='line_1_19' title="bbox 288 1818 2007 1920; baseline 0.002 -47"><span class='ocrx_word' id='word_1_127' title='bbox 288 1822 468 1885; x_wconf 89' lang='lat' dir='ltr'>ctam,</span> <span class='ocrx_word' id='word_1_128' title='bbox 493 1824 931 1889; x_wconf 88' lang='lat' dir='ltr'>permanentem</span> <span class='ocrx_word' id='word_1_129' title='bbox 960 1835 1062 1889; x_wconf 88' lang='lat' dir='ltr'>per</span> <span class='ocrx_word' id='word_1_130' title='bbox 1083 1818 1345 1874; x_wconf 90' lang='lat' dir='ltr'>velamen</span> <span class='ocrx_word' id='word_1_131' title='bbox 1368 1822 1636 1889; x_wconf 80' lang='grc' dir='ltr'>(1434),ἰά</span> <span class='ocrx_word' id='word_1_132' title='bbox 1660 1827 1766 1887; x_wconf 89' lang='lat' dir='ltr'>est,</span> <span class='ocrx_word' id='word_1_133' title='bbox 1799 1839 1927 1877; x_wconf 87' lang='lat' dir='ltr'>car-</span> <span class='ocrx_word' id='word_1_134' title='bbox 1960 1857 2007 1920; x_wconf 83' lang='lat' dir='ltr'><strong>B</strong></span> 
     </span>
    </p>
   </div>
   <div class='ocr_carea' id='block_1_20' title="bbox 284 1907 1929 1981">
    <p class='ocr_par' dir='ltr' id='par_1_20' title="bbox 284 1907 1929 1981">
     <span class='ocr_line' id='line_1_20' title="bbox 284 1907 1929 1981; baseline 0.002 -19"><span class='ocrx_word' id='word_1_135' title='bbox 284 1924 422 1962; x_wconf 87' lang='lat' dir='ltr'>nem</span> <span class='ocrx_word' id='word_1_136' title='bbox 456 1924 645 1962; x_wconf 89' lang='lat' dir='ltr'>suam.</span> <span class='ocrx_word' id='word_1_137' title='bbox 681 1907 809 1961; x_wconf 72' lang='lat' dir='ltr'>Haec</span> <span class='ocrx_word' id='word_1_138' title='bbox 853 1907 1067 1977; x_wconf 91' lang='lat' dir='ltr'>quippe</span> <span class='ocrx_word' id='word_1_139' title='bbox 1107 1924 1239 1963; x_wconf 91' lang='lat' dir='ltr'>caro</span> <span class='ocrx_word' id='word_1_140' title='bbox 1290 1910 1504 1964; x_wconf 89' lang='lat' dir='ltr'>secavit</span> <span class='ocrx_word' id='word_1_141' title='bbox 1547 1910 1734 1981; x_wconf 89' lang='lat' dir='ltr'>primo</span> <span class='ocrx_word' id='word_1_142' title='bbox 1777 1910 1929 1965; x_wconf 90' lang='lat' dir='ltr'>viam</span> 
     </span>
    </p>
   </div>
   <div class='ocr_carea' id='block_1_21' title="bbox 280 1996 1931 2067">
    <p class='ocr_par' dir='ltr' id='par_1_21' title="bbox 280 1996 1931 2067">
     <span class='ocr_line' id='line_1_21' title="bbox 280 1996 1931 2067; baseline 0.002 -16"><span class='ocrx_word' id='word_1_143' title='bbox 280 1996 465 2051; x_wconf 87' lang='lat' dir='ltr'>illam.</span> <span class='ocrx_word' id='word_1_144' title='bbox 501 1998 628 2067; x_wconf 91' lang='lat' dir='ltr'>Ipse</span> <span class='ocrx_word' id='word_1_145' title='bbox 660 2001 855 2051; x_wconf 89' lang='lat' dir='ltr'>autem</span> <span class='ocrx_word' id='word_1_146' title='bbox 890 1996 1179 2051; x_wconf 86' lang='lat' dir='ltr'>dedicavit</span> <span class='ocrx_word' id='word_1_147' title='bbox 1207 2014 1355 2053; x_wconf 88' lang='lat' dir='ltr'>eam.</span> <span class='ocrx_word' id='word_1_148' title='bbox 1392 1998 1689 2054; x_wconf 86' lang='lat' dir='ltr'>Dedicavit</span> <span class='ocrx_word' id='word_1_149' title='bbox 1736 2004 1931 2055; x_wconf 89' lang='lat' dir='ltr'>autem</span> 
     </span>
    </p>
   </div>
   <div class='ocr_carea' id='block_1_22' title="bbox 278 2084 1924 2159">
    <p class='ocr_par' dir='ltr' id='par_1_22' title="bbox 278 2084 1924 2159">
     <span class='ocr_line' id='line_1_22' title="bbox 278 2084 1924 2159; baseline 0.003 -20"><span class='ocrx_word' id='word_1_150' title='bbox 278 2084 441 2140; x_wconf 87' lang='lat' dir='ltr'>illam</span> <span class='ocrx_word' id='word_1_151' title='bbox 472 2085 580 2139; x_wconf 90' lang='lat' dir='ltr'>hac</span> <span class='ocrx_word' id='word_1_152' title='bbox 612 2084 871 2139; x_wconf 83' lang='lat' dir='ltr'>ratione:</span> <span class='ocrx_word' id='word_1_153' title='bbox 905 2084 1183 2155; x_wconf 89' lang='lat' dir='ltr'>quoniam</span> <span class='ocrx_word' id='word_1_154' title='bbox 1217 2086 1342 2157; x_wconf 91' lang='lat' dir='ltr'>ipse</span> <span class='ocrx_word' id='word_1_155' title='bbox 1372 2085 1431 2141; x_wconf 90' lang='lat' dir='ltr'>in</span> <span class='ocrx_word' id='word_1_156' title='bbox 1492 2105 1619 2142; x_wconf 87' lang='lat' dir='ltr'>eam</span> <span class='ocrx_word' id='word_1_157' title='bbox 1654 2089 1924 2159; x_wconf 83' lang='lat' dir='ltr'>perrexit.</span> 
     </span>
    </p>
   </div>
   <div class='ocr_carea' id='block_1_23' title="bbox 278 2171 1927 2246">
    <p class='ocr_par' dir='ltr' id='par_1_23' title="bbox 278 2171 1927 2246">
     <span class='ocr_line' id='line_1_23' title="bbox 278 2171 1927 2246; baseline 0.003 -21"><span class='ocrx_word' id='word_1_158' title='bbox 278 2172 691 2228; x_wconf 81' lang='lat' dir='ltr'>Velamentum</span> <span class='ocrx_word' id='word_1_159' title='bbox 721 2178 916 2227; x_wconf 90' lang='lat' dir='ltr'>autem</span> <span class='ocrx_word' id='word_1_160' title='bbox 945 2171 1153 2227; x_wconf 93' lang='lat' dir='ltr'>merito</span> <span class='ocrx_word' id='word_1_161' title='bbox 1182 2175 1425 2241; x_wconf 79' lang='lat' dir='ltr'>vocavit,</span> <span class='ocrx_word' id='word_1_162' title='bbox 1446 2175 1584 2246; x_wconf 88' lang='lat' dir='ltr'>quia</span> <span class='ocrx_word' id='word_1_163' title='bbox 1616 2176 1759 2230; x_wconf 87' lang='lat' dir='ltr'>celat</span> <span class='ocrx_word' id='word_1_164' title='bbox 1781 2178 1927 2231; x_wconf 91' lang='lat' dir='ltr'>divi-</span> 
     </span>
    </p>
   </div>
   <div class='ocr_carea' id='block_1_24' title="bbox 281 2260 1929 2331">
    <p class='ocr_par' dir='ltr' id='par_1_24' title="bbox 281 2260 1929 2331">
     <span class='ocr_line' id='line_1_24' title="bbox 281 2260 1929 2331; baseline 0.001 -14"><span class='ocrx_word' id='word_1_165' title='bbox 281 2263 523 2317; x_wconf 88' lang='lat' dir='ltr'>nitatem</span> <span class='ocrx_word' id='word_1_166' title='bbox 560 2278 571 2316; x_wconf 95' lang='lat'>:</span> <span class='ocrx_word' id='word_1_167' title='bbox 606 2278 739 2316; x_wconf 88' lang='lat' dir='ltr'>cum</span> <span class='ocrx_word' id='word_1_168' title='bbox 773 2261 929 2315; x_wconf 90' lang='lat' dir='ltr'>enim</span> <span class='ocrx_word' id='word_1_169' title='bbox 961 2260 1221 2317; x_wconf 88' lang='lat' dir='ltr'>elevatus</span> <span class='ocrx_word' id='word_1_170' title='bbox 1251 2266 1340 2318; x_wconf 91' lang='lat' dir='ltr'>est</span> <span class='ocrx_word' id='word_1_171' title='bbox 1390 2264 1447 2317; x_wconf 90' lang='lat' dir='ltr'>in</span> <span class='ocrx_word' id='word_1_172' title='bbox 1506 2264 1736 2331; x_wconf 88' lang='lat' dir='ltr'>coelum,</span> <span class='ocrx_word' id='word_1_173' title='bbox 1794 2270 1929 2320; x_wconf 91' lang='lat' dir='ltr'>tunc</span> 
     </span>
    </p>
   </div>
   <div class='ocr_carea' id='block_1_25' title="bbox 281 2349 987 2422">
    <p class='ocr_par' dir='ltr' id='par_1_25' title="bbox 281 2349 987 2422">
     <span class='ocr_line' id='line_1_25' title="bbox 281 2349 987 2422; baseline -0.003 -17"><span class='ocrx_word' id='word_1_174' title='bbox 281 2354 683 2422; x_wconf 89' lang='lat' dir='ltr'>apparuerunt</span> <span class='ocrx_word' id='word_1_175' title='bbox 713 2349 987 2405; x_wconf 65' lang='lat' dir='ltr'>caelestia.</span> 
     </span>
    </p>
   </div>
   <div class='ocr_carea' id='block_1_26' title="bbox 355 2440 1926 2512">
    <p class='ocr_par' dir='ltr' id='par_1_26' title="bbox 355 2440 1926 2512">
     <span class='ocr_line' id='line_1_26' title="bbox 355 2440 1926 2512; baseline 0.006 -24"><span class='ocrx_word' id='word_1_176' title='bbox 355 2462 383 2489; x_wconf 91' lang='grc'>‹‹</span> <span class='ocrx_word' id='word_1_177' title='bbox 416 2440 776 2495; x_wconf 88' lang='lat' dir='ltr'>Accedamus</span> <span class='ocrx_word' id='word_1_178' title='bbox 829 2455 965 2493; x_wconf 93' lang='lat' dir='ltr'>cum</span> <span class='ocrx_word' id='word_1_179' title='bbox 1024 2456 1157 2494; x_wconf 90' lang='lat' dir='ltr'>vero</span> <span class='ocrx_word' id='word_1_180' title='bbox 1216 2440 1387 2495; x_wconf 93' lang='lat' dir='ltr'>corde</span> <span class='ocrx_word' id='word_1_181' title='bbox 1441 2441 1498 2495; x_wconf 93' lang='lat' dir='ltr'>in</span> <span class='ocrx_word' id='word_1_182' title='bbox 1558 2441 1926 2512; x_wconf 88' lang='lat' dir='ltr'>plenitudine</span> 
     </span>
    </p>
   </div>
   <div class='ocr_carea' id='block_1_27' title="bbox 282 2528 1923 2599">
    <p class='ocr_par' dir='ltr' id='par_1_27' title="bbox 282 2528 1923 2599">
     <span class='ocr_line' id='line_1_27' title="bbox 282 2528 1923 2599; baseline 0.002 -16"><span class='ocrx_word' id='word_1_183' title='bbox 282 2528 440 2593; x_wconf 89' lang='lat' dir='ltr'>ﬁdei,</span> <span class='ocrx_word' id='word_1_184' title='bbox 473 2528 703 2599; x_wconf 91' lang='lat' dir='ltr'>aspersi</span> <span class='ocrx_word' id='word_1_185' title='bbox 762 2528 937 2582; x_wconf 89' lang='lat' dir='ltr'>corda</span> <span class='ocrx_word' id='word_1_186' title='bbox 986 2544 1019 2581; x_wconf 90' lang='lat' dir='ltr'>a</span> <span class='ocrx_word' id='word_1_187' title='bbox 1073 2528 1430 2584; x_wconf 88' lang='lat' dir='ltr'>conscientia</span> <span class='ocrx_word' id='word_1_188' title='bbox 1489 2530 1664 2595; x_wconf 89' lang='lat' dir='ltr'>mala,</span> <span class='ocrx_word' id='word_1_189' title='bbox 1716 2536 1774 2586; x_wconf 90' lang='lat' dir='ltr'>et</span> <span class='ocrx_word' id='word_1_190' title='bbox 1825 2531 1923 2587; x_wconf 87' lang='lat' dir='ltr'>ab-</span> 
     </span>
    </p>
   </div>
   <div class='ocr_carea' id='block_1_28' title="bbox 276 2616 1924 2690">
    <p class='ocr_par' dir='ltr' id='par_1_28' title="bbox 276 2616 1924 2690">
     <span class='ocr_line' id='line_1_28' title="bbox 276 2616 1924 2690; baseline 0.002 -19"><span class='ocrx_word' id='word_1_191' title='bbox 276 2616 385 2671; x_wconf 91' lang='lat' dir='ltr'>luti</span> <span class='ocrx_word' id='word_1_192' title='bbox 446 2634 658 2688; x_wconf 89' lang='lat' dir='ltr'>corpus</span> <span class='ocrx_word' id='word_1_193' title='bbox 717 2632 869 2687; x_wconf 81' lang='lat' dir='ltr'>aqua</span> <span class='ocrx_word' id='word_1_194' title='bbox 928 2618 1168 2686; x_wconf 87' lang='lat' dir='ltr'>munda,</span> <span class='ocrx_word' id='word_1_195' title='bbox 1236 2621 1539 2673; x_wconf 89' lang='lat' dir='ltr'>teneamus</span> <span class='ocrx_word' id='word_1_196' title='bbox 1614 2620 1737 2690; x_wconf 90' lang='lat' dir='ltr'>spei</span> <span class='ocrx_word' id='word_1_197' title='bbox 1818 2637 1924 2674; x_wconf 92' lang='lat' dir='ltr'>no-</span> 
     </span>
    </p>
   </div>
   <div class='ocr_carea' id='block_1_29' title="bbox 278 2705 1921 2774">
    <p class='ocr_par' dir='ltr' id='par_1_29' title="bbox 278 2705 1921 2774">
     <span class='ocr_line' id='line_1_29' title="bbox 278 2705 1921 2774; baseline 0.001 -13"><span class='ocrx_word' id='word_1_198' title='bbox 278 2711 411 2761; x_wconf 80' lang='lat' dir='ltr'>strze</span> <span class='ocrx_word' id='word_1_199' title='bbox 470 2705 897 2760; x_wconf 87' lang='lat' dir='ltr'>confessionem</span> <span class='ocrx_word' id='word_1_200' title='bbox 960 2705 1433 2761; x_wconf 89' lang='lat' dir='ltr'>indeclinabilem</span> <span class='ocrx_word' id='word_1_201' title='bbox 1496 2708 1706 2774; x_wconf 89' lang='lat' dir='ltr'>(ﬁdelis</span> <span class='ocrx_word' id='word_1_202' title='bbox 1766 2708 1921 2763; x_wconf 91' lang='lat' dir='ltr'>enim</span> 
     </span>
    </p>
   </div>
   <div class='ocr_carea' id='block_1_30' title="bbox 275 2794 1923 2869">
    <p class='ocr_par' dir='ltr' id='par_1_30' title="bbox 275 2794 1923 2869">
     <span class='ocr_line' id='line_1_30' title="bbox 275 2794 1923 2869; baseline 0.001 -19"><span class='ocrx_word' id='word_1_203' title='bbox 275 2800 366 2850; x_wconf 90' lang='lat' dir='ltr'>est</span> <span class='ocrx_word' id='word_1_204' title='bbox 389 2795 491 2866; x_wconf 88' lang='lat' dir='ltr'>qui</span> <span class='ocrx_word' id='word_1_205' title='bbox 509 2794 882 2865; x_wconf 88' lang='lat' dir='ltr'>repromisit),</span> <span class='ocrx_word' id='word_1_206' title='bbox 908 2798 964 2848; x_wconf 91' lang='lat' dir='ltr'>et</span> <span class='ocrx_word' id='word_1_207' title='bbox 988 2794 1425 2850; x_wconf 87' lang='lat' dir='ltr'>consideremus</span> <span class='ocrx_word' id='word_1_208' title='bbox 1449 2796 1692 2851; x_wconf 84' lang='lat' dir='ltr'>invicem</span> <span class='ocrx_word' id='word_1_209' title='bbox 1717 2798 1772 2851; x_wconf 92' lang='lat' dir='ltr'>in</span> <span class='ocrx_word' id='word_1_210' title='bbox 1800 2815 1923 2869; x_wconf 85' lang='lat' dir='ltr'>pro-</span> 
     </span>
    </p>
   </div>
   <div class='ocr_carea' id='block_1_31' title="bbox 274 2882 1922 2956">
    <p class='ocr_par' dir='ltr' id='par_1_31' title="bbox 274 2882 1922 2956">
     <span class='ocr_line' id='line_1_31' title="bbox 274 2882 1922 2956; baseline 0.001 -18"><span class='ocrx_word' id='word_1_211' title='bbox 274 2882 577 2939; x_wconf 84' lang='lat' dir='ltr'>vocatione</span> <span class='ocrx_word' id='word_1_212' title='bbox 605 2882 927 2949; x_wconf 89' lang='lat' dir='ltr'>charitatis,</span> <span class='ocrx_word' id='word_1_213' title='bbox 958 2887 1015 2937; x_wconf 91' lang='lat' dir='ltr'>et</span> <span class='ocrx_word' id='word_1_214' title='bbox 1043 2883 1327 2938; x_wconf 91' lang='lat' dir='ltr'>bonorum</span> <span class='ocrx_word' id='word_1_215' title='bbox 1356 2901 1618 2955; x_wconf 90' lang='lat' dir='ltr'>operum.</span> <span class='ocrx_word' id='word_1_216' title='bbox 1650 2907 1677 2933; x_wconf 86' lang='grc'><strong>››</strong></span> <span class='ocrx_word' id='word_1_217' title='bbox 1714 2886 1773 2939; x_wconf 88' lang='lat' dir='ltr'>In</span> <span class='ocrx_word' id='word_1_218' title='bbox 1807 2903 1922 2956; x_wconf 92' lang='lat' dir='ltr'>quo</span> 
     </span>
    </p>
   </div>
   <div class='ocr_carea' id='block_1_32' title="bbox 277 2971 1923 3043">
    <p class='ocr_par' dir='ltr' id='par_1_32' title="bbox 277 2971 1923 3043">
     <span class='ocr_line' id='line_1_32' title="bbox 277 2971 1923 3043; baseline 0.001 -16"><span class='ocrx_word' id='word_1_219' title='bbox 277 2972 668 3028; x_wconf 88' lang='lat' dir='ltr'>accedamus?</span> <span class='ocrx_word' id='word_1_220' title='bbox 690 2971 1004 3027; x_wconf 84' lang='lat' dir='ltr'>Sanctitate</span> <span class='ocrx_word' id='word_1_221' title='bbox 1034 2972 1189 3037; x_wconf 91' lang='lat' dir='ltr'>ﬁdei,</span> <span class='ocrx_word' id='word_1_222' title='bbox 1222 2972 1475 3043; x_wconf 88' lang='lat' dir='ltr'>spiritali</span> <span class='ocrx_word' id='word_1_223' title='bbox 1501 2972 1729 3027; x_wconf 87' lang='lat' dir='ltr'>cultura</span> <span class='ocrx_word' id='word_1_224' title='bbox 1754 2974 1809 3028; x_wconf 93' lang='lat' dir='ltr'>in</span> <span class='ocrx_word' id='word_1_225' title='bbox 1833 2990 1923 3028; x_wconf 90' lang='lat' dir='ltr'>ve-</span> 
     </span>
    </p>
   </div>
   <div class='ocr_carea' id='block_1_33' title="bbox 276 3059 1922 3130">
    <p class='ocr_par' dir='ltr' id='par_1_33' title="bbox 276 3059 1922 3130">
     <span class='ocr_line' id='line_1_33' title="bbox 276 3059 1922 3130; baseline 0 -15"><span class='ocrx_word' id='word_1_226' title='bbox 276 3060 394 3116; x_wconf 90' lang='lat' dir='ltr'>raci</span> <span class='ocrx_word' id='word_1_227' title='bbox 429 3061 621 3126; x_wconf 91' lang='lat' dir='ltr'>corde,</span> <span class='ocrx_word' id='word_1_228' title='bbox 654 3062 712 3113; x_wconf 92' lang='lat' dir='ltr'>in</span> <span class='ocrx_word' id='word_1_229' title='bbox 743 3059 1106 3130; x_wconf 90' lang='lat' dir='ltr'>plenitudine</span> <span class='ocrx_word' id='word_1_230' title='bbox 1137 3060 1290 3127; x_wconf 92' lang='lat' dir='ltr'>ﬁdei,</span> <span class='ocrx_word' id='word_1_231' title='bbox 1328 3060 1463 3130; x_wconf 89' lang='lat' dir='ltr'>quia</span> <span class='ocrx_word' id='word_1_232' title='bbox 1495 3060 1637 3114; x_wconf 90' lang='lat' dir='ltr'>nihil</span> <span class='ocrx_word' id='word_1_233' title='bbox 1670 3066 1757 3115; x_wconf 91' lang='lat' dir='ltr'>est</span> <span class='ocrx_word' id='word_1_234' title='bbox 1786 3061 1922 3115; x_wconf 90' lang='lat' dir='ltr'>visi-</span> 
     </span>
    </p>
   </div>
   <div class='ocr_carea' id='block_1_34' title="bbox 274 3148 1920 3221">
    <p class='ocr_par' dir='ltr' id='par_1_34' title="bbox 274 3148 1920 3221">
     <span class='ocr_line' id='line_1_34' title="bbox 274 3148 1920 3221; baseline -0.001 -17"><span class='ocrx_word' id='word_1_235' title='bbox 274 3149 391 3204; x_wconf 89' lang='lat' dir='ltr'>bile</span> <span class='ocrx_word' id='word_1_236' title='bbox 421 3150 657 3219; x_wconf 89' lang='lat' dir='ltr'>horum,</span> <span class='ocrx_word' id='word_1_237' title='bbox 694 3164 881 3219; x_wconf 90' lang='lat' dir='ltr'>neque</span> <span class='ocrx_word' id='word_1_238' title='bbox 914 3148 1205 3217; x_wconf 86' lang='lat' dir='ltr'>sacerdos,</span> <span class='ocrx_word' id='word_1_239' title='bbox 1238 3149 1391 3202; x_wconf 89' lang='lat' dir='ltr'>sicut</span> <span class='ocrx_word' id='word_1_240' title='bbox 1431 3149 1486 3202; x_wconf 93' lang='lat' dir='ltr'>in</span> <span class='ocrx_word' id='word_1_241' title='bbox 1538 3151 1714 3205; x_wconf 91' lang='lat' dir='ltr'>veteri</span> <span class='ocrx_word' id='word_1_242' title='bbox 1774 3150 1920 3221; x_wconf 88' lang='lat' dir='ltr'>lege,</span> 
     </span>
    </p>
   </div>
   <div class='ocr_carea' id='block_1_35' title="bbox 2050 576 3685 647">
    <p class='ocr_par' dir='ltr' id='par_1_35' title="bbox 2050 576 3685 647">
     <span class='ocr_line' id='line_1_35' title="bbox 2050 576 3685 647; baseline -0.001 -16"><span class='ocrx_word' id='word_1_243' title='bbox 2050 579 2219 632; x_wconf 91' lang='lat' dir='ltr'>corde</span> <span class='ocrx_word' id='word_1_244' title='bbox 2243 578 2270 631; x_wconf 83' lang='lat'>‘?</span> <span class='ocrx_word' id='word_1_245' title='bbox 2299 579 2414 633; x_wconf 89' lang='lat' dir='ltr'>Hoc</span> <span class='ocrx_word' id='word_1_246' title='bbox 2447 584 2554 645; x_wconf 90' lang='lat' dir='ltr'>est,</span> <span class='ocrx_word' id='word_1_247' title='bbox 2585 579 2711 633; x_wconf 88' lang='lat' dir='ltr'>sine</span> <span class='ocrx_word' id='word_1_248' title='bbox 2742 578 3138 633; x_wconf 90' lang='lat' dir='ltr'>simulatione.</span> <span class='ocrx_word' id='word_1_249' title='bbox 3174 577 3264 632; x_wconf 66' lang='lat' dir='ltr'>Va:</span> <span class='ocrx_word' id='word_1_250' title='bbox 3296 576 3452 631; x_wconf 91' lang='lat' dir='ltr'>enim</span> <span class='ocrx_word' id='word_1_251' title='bbox 3485 593 3685 647; x_wconf 84' lang='lat' dir='ltr'>pecea-</span> 
     </span>
    </p>
   </div>
   <div class='ocr_carea' id='block_1_36' title="bbox 2048 665 3686 739">
    <p class='ocr_par' dir='ltr' id='par_1_36' title="bbox 2048 665 3686 739">
     <span class='ocr_line' id='line_1_36' title="bbox 2048 665 3686 739; baseline 0 -18"><span class='ocrx_word' id='word_1_252' title='bbox 2048 668 2156 721; x_wconf 91' lang='lat' dir='ltr'>tori</span> <span class='ocrx_word' id='word_1_253' title='bbox 2185 668 2528 739; x_wconf 87' lang='lat' dir='ltr'>ingredienti</span> <span class='ocrx_word' id='word_1_254' title='bbox 2555 668 2785 723; x_wconf 89' lang='lat' dir='ltr'>duabus</span> <span class='ocrx_word' id='word_1_255' title='bbox 2805 668 2930 721; x_wconf 91' lang='lat' dir='ltr'>viis.</span> <span class='ocrx_word' id='word_1_256' title='bbox 2956 667 3109 721; x_wconf 78' lang='lat' dir='ltr'>Nihil</span> <span class='ocrx_word' id='word_1_257' title='bbox 3136 665 3449 736; x_wconf 89' lang='lat' dir='ltr'>sit,inquit,</span> <span class='ocrx_word' id='word_1_258' title='bbox 3477 665 3686 721; x_wconf 85' lang='lat' dir='ltr'>falsum</span> 
     </span>
    </p>
   </div>
   <div class='ocr_carea' id='block_1_37' title="bbox 2047 754 3687 828">
    <p class='ocr_par' dir='ltr' id='par_1_37' title="bbox 2047 754 3687 828">
     <span class='ocr_line' id='line_1_37' title="bbox 2047 754 3687 828; baseline -0.001 -19"><span class='ocrx_word' id='word_1_259' title='bbox 2047 755 2107 810; x_wconf 91' lang='lat' dir='ltr'>in</span> <span class='ocrx_word' id='word_1_260' title='bbox 2138 757 2322 811; x_wconf 91' lang='lat' dir='ltr'>vobis.</span> <span class='ocrx_word' id='word_1_261' title='bbox 2359 757 2481 810; x_wconf 90' lang='lat' dir='ltr'>Non</span> <span class='ocrx_word' id='word_1_262' title='bbox 2516 756 2629 810; x_wconf 90' lang='lat' dir='ltr'>alia</span> <span class='ocrx_word' id='word_1_263' title='bbox 2660 758 2896 828; x_wconf 87' lang='lat' dir='ltr'>quidem</span> <span class='ocrx_word' id='word_1_264' title='bbox 2930 756 3216 819; x_wconf 89' lang='lat' dir='ltr'>dicamus,</span> <span class='ocrx_word' id='word_1_265' title='bbox 3242 754 3357 808; x_wconf 85' lang='lat' dir='ltr'>alia</span> <span class='ocrx_word' id='word_1_266' title='bbox 3378 770 3511 807; x_wconf 88' lang='lat' dir='ltr'>vera</span> <span class='ocrx_word' id='word_1_267' title='bbox 3533 755 3687 825; x_wconf 88' lang='lat' dir='ltr'>cogi-</span> 
     </span>
    </p>
   </div>
   <div class='ocr_carea' id='block_1_38' title="bbox 2046 843 3687 901">
    <p class='ocr_par' dir='ltr' id='par_1_38' title="bbox 2046 843 3687 901">
     <span class='ocr_line' id='line_1_38' title="bbox 2046 843 3687 901; baseline -0.001 -2"><span class='ocrx_word' id='word_1_268' title='bbox 2046 852 2259 901; x_wconf 88' lang='lat' dir='ltr'>temus.</span> <span class='ocrx_word' id='word_1_269' title='bbox 2293 850 2409 900; x_wconf 87' lang='lat' dir='ltr'>Hoc</span> <span class='ocrx_word' id='word_1_270' title='bbox 2439 850 2527 899; x_wconf 90' lang='lat' dir='ltr'>est</span> <span class='ocrx_word' id='word_1_271' title='bbox 2556 846 2730 900; x_wconf 89' lang='lat' dir='ltr'>etiam</span> <span class='ocrx_word' id='word_1_272' title='bbox 2764 862 2879 899; x_wconf 91' lang='lat' dir='ltr'>non</span> <span class='ocrx_word' id='word_1_273' title='bbox 2934 845 3051 898; x_wconf 91' lang='lat' dir='ltr'>veri</span> <span class='ocrx_word' id='word_1_274' title='bbox 3106 843 3318 898; x_wconf 82' lang='lat' dir='ltr'>cordis.</span> <span class='ocrx_word' id='word_1_275' title='bbox 3366 847 3483 897; x_wconf 89' lang='lat' dir='ltr'>Hoc</span> <span class='ocrx_word' id='word_1_276' title='bbox 3531 843 3687 897; x_wconf 85' lang='lat' dir='ltr'>enim</span> 
     </span>
    </p>
   </div>
   <div class='ocr_carea' id='block_1_39' title="bbox 2048 932 3688 1004">
    <p class='ocr_par' dir='ltr' id='par_1_39' title="bbox 2048 932 3688 1004">
     <span class='ocr_line' id='line_1_39' title="bbox 2048 932 3688 1004; baseline -0.001 -17"><span class='ocrx_word' id='word_1_277' title='bbox 2048 934 2417 989; x_wconf 86' lang='lat' dir='ltr'>mendacium</span> <span class='ocrx_word' id='word_1_278' title='bbox 2435 932 3415 1004; x_wconf 87' lang='lat' dir='ltr'>nequissimum,pusillanimisest;</span> <span class='ocrx_word' id='word_1_279' title='bbox 3435 948 3547 985; x_wconf 88' lang='lat' dir='ltr'>non</span> <span class='ocrx_word' id='word_1_280' title='bbox 3567 948 3688 986; x_wconf 92' lang='lat' dir='ltr'>cre-</span> 
     </span>
    </p>
   </div>
   <div class='ocr_carea' id='block_1_40' title="bbox 2046 1020 3685 1093">
    <p class='ocr_par' dir='ltr' id='par_1_40' title="bbox 2046 1020 3685 1093">
     <span class='ocr_line' id='line_1_40' title="bbox 2046 1020 3685 1093; baseline -0.002 -17"><span class='ocrx_word' id='word_1_281' title='bbox 2046 1024 2235 1078; x_wconf 91' lang='lat' dir='ltr'>dendo</span> <span class='ocrx_word' id='word_1_282' title='bbox 2263 1023 2417 1077; x_wconf 91' lang='lat' dir='ltr'>enim</span> <span class='ocrx_word' id='word_1_283' title='bbox 2453 1022 2908 1093; x_wconf 84' lang='lat' dir='ltr'>pusillanimitas</span> <span class='ocrx_word' id='word_1_284' title='bbox 2940 1021 3207 1076; x_wconf 71' lang='lat' dir='ltr'>efficitur.</span> <span class='ocrx_word' id='word_1_285' title='bbox 3243 1020 3360 1074; x_wconf 86' lang='lat' dir='ltr'>Hoc</span> <span class='ocrx_word' id='word_1_286' title='bbox 3392 1026 3479 1074; x_wconf 90' lang='lat' dir='ltr'>est</span> <span class='ocrx_word' id='word_1_287' title='bbox 3507 1020 3685 1085; x_wconf 91' lang='lat' dir='ltr'>enim,</span> 
     </span>
    </p>
   </div>
   <div class='ocr_carea' id='block_1_41' title="bbox 2045 1108 3687 1183">
    <p class='ocr_par' dir='ltr' id='par_1_41' title="bbox 2045 1108 3687 1183">
     <span class='ocr_line' id='line_1_41' title="bbox 2045 1108 3687 1183; baseline -0.002 -18"><span class='ocrx_word' id='word_1_288' title='bbox 2045 1129 2147 1182; x_wconf 90' lang='lat' dir='ltr'>per</span> <span class='ocrx_word' id='word_1_289' title='bbox 2177 1113 2351 1165; x_wconf 90' lang='lat' dir='ltr'>ﬁdem</span> <span class='ocrx_word' id='word_1_290' title='bbox 2384 1128 2689 1183; x_wconf 85' lang='lat' dir='ltr'>aspergere</span> <span class='ocrx_word' id='word_1_291' title='bbox 2719 1111 2913 1165; x_wconf 91' lang='lat' dir='ltr'>corda.</span> <span class='ocrx_word' id='word_1_292' title='bbox 2958 1133 2984 1159; x_wconf 87' lang='grc'><em>‹‹</em></span> <span class='ocrx_word' id='word_1_293' title='bbox 3012 1109 3223 1164; x_wconf 86' lang='lat' dir='ltr'>Fidelis</span> <span class='ocrx_word' id='word_1_294' title='bbox 3256 1112 3409 1164; x_wconf 89' lang='lat' dir='ltr'>enim</span> <span class='ocrx_word' id='word_1_295' title='bbox 3443 1114 3528 1163; x_wconf 90' lang='lat' dir='ltr'>est</span> <span class='ocrx_word' id='word_1_296' title='bbox 3584 1108 3687 1178; x_wconf 92' lang='lat' dir='ltr'>qui</span> 
     </span>
    </p>
   </div>
   <div class='ocr_carea' id='block_1_42' title="bbox 2044 1198 3689 1272">
    <p class='ocr_par' dir='ltr' id='par_1_42' title="bbox 2044 1198 3689 1272">
     <span class='ocr_line' id='line_1_42' title="bbox 2044 1198 3689 1272; baseline -0.002 -17"><span class='ocrx_word' id='word_1_297' title='bbox 2044 1200 2377 1272; x_wconf 87' lang='lat' dir='ltr'>repromisit</span> <span class='ocrx_word' id='word_1_298' title='bbox 2404 1218 2416 1255; x_wconf 94' lang='lat'>:</span> <span class='ocrx_word' id='word_1_299' title='bbox 2451 1204 2507 1254; x_wconf 85' lang='lat' dir='ltr'>et</span> <span class='ocrx_word' id='word_1_300' title='bbox 2538 1200 2975 1255; x_wconf 89' lang='lat' dir='ltr'>consideremus</span> <span class='ocrx_word' id='word_1_301' title='bbox 3007 1199 3251 1253; x_wconf 90' lang='lat' dir='ltr'>invicem</span> <span class='ocrx_word' id='word_1_302' title='bbox 3295 1198 3352 1251; x_wconf 92' lang='lat' dir='ltr'>in</span> <span class='ocrx_word' id='word_1_303' title='bbox 3413 1213 3689 1269; x_wconf 84' lang='lat' dir='ltr'>provoca-</span> 
     </span>
    </p>
   </div>
   <div class='ocr_carea' id='block_1_43' title="bbox 2043 1286 3690 1358">
    <p class='ocr_par' dir='ltr' id='par_1_43' title="bbox 2043 1286 3690 1358">
     <span class='ocr_line' id='line_1_43' title="bbox 2043 1286 3690 1358; baseline -0.002 -15"><span class='ocrx_word' id='word_1_304' title='bbox 2043 1290 2199 1343; x_wconf 87' lang='lat' dir='ltr'>tione</span> <span class='ocrx_word' id='word_1_305' title='bbox 2233 1288 2536 1343; x_wconf 90' lang='lat' dir='ltr'>charitatis</span> <span class='ocrx_word' id='word_1_306' title='bbox 2568 1289 2924 1343; x_wconf 85' lang='lat' dir='ltr'>etbonorum</span> <span class='ocrx_word' id='word_1_307' title='bbox 2951 1304 3212 1358; x_wconf 89' lang='lat' dir='ltr'>operum.</span> <span class='ocrx_word' id='word_1_308' title='bbox 3241 1310 3267 1334; x_wconf 84' lang='grc'><strong>››</strong></span> <span class='ocrx_word' id='word_1_309' title='bbox 3292 1286 3523 1351; x_wconf 81' lang='lat' dir='ltr'>Fidelis,</span> <span class='ocrx_word' id='word_1_310' title='bbox 3552 1286 3690 1356; x_wconf 91' lang='lat' dir='ltr'>quia</span> 
     </span>
    </p>
   </div>
   <div class='ocr_carea' id='block_1_44' title="bbox 2044 1373 3689 1443">
    <p class='ocr_par' dir='ltr' id='par_1_44' title="bbox 2044 1373 3689 1443">
     <span class='ocr_line' id='line_1_44' title="bbox 2044 1373 3689 1443; baseline -0.003 -11"><span class='ocrx_word' id='word_1_311' title='bbox 2044 1395 2158 1432; x_wconf 92' lang='lat' dir='ltr'>non</span> <span class='ocrx_word' id='word_1_312' title='bbox 2192 1377 2379 1443; x_wconf 83' lang='lat' dir='ltr'>fallit;</span> <span class='ocrx_word' id='word_1_313' title='bbox 2417 1378 2569 1431; x_wconf 89' lang='lat' dir='ltr'>unde</span> <span class='ocrx_word' id='word_1_314' title='bbox 2601 1377 2659 1429; x_wconf 94' lang='lat' dir='ltr'>in</span> <span class='ocrx_word' id='word_1_315' title='bbox 2707 1375 2818 1430; x_wconf 87' lang='lat' dir='ltr'>alio</span> <span class='ocrx_word' id='word_1_316' title='bbox 2869 1376 2990 1430; x_wconf 91' lang='lat' dir='ltr'>loco</span> <span class='ocrx_word' id='word_1_317' title='bbox 3031 1375 3206 1429; x_wconf 88' lang='lat' dir='ltr'>dicit:</span> <span class='ocrx_word' id='word_1_318' title='bbox 3270 1396 3297 1424; x_wconf 85' lang='lat'><strong>«</strong></span> <span class='ocrx_word' id='word_1_319' title='bbox 3332 1373 3541 1429; x_wconf 86' lang='lat' dir='ltr'>Fidelis</span> <span class='ocrx_word' id='word_1_320' title='bbox 3598 1378 3689 1428; x_wconf 89' lang='lat' dir='ltr'>est</span> 
     </span>
    </p>
   </div>
   <div class='ocr_carea' id='block_1_45' title="bbox 2044 1463 3681 1536">
    <p class='ocr_par' dir='ltr' id='par_1_45' title="bbox 2044 1463 3681 1536">
     <span class='ocr_line' id='line_1_45' title="bbox 2044 1463 3681 1536; baseline -0.002 -17"><span class='ocrx_word' id='word_1_321' title='bbox 2044 1472 2216 1529; x_wconf 93' lang='lat' dir='ltr'>Deus,</span> <span class='ocrx_word' id='word_1_322' title='bbox 2244 1483 2345 1536; x_wconf 88' lang='lat' dir='ltr'>per</span> <span class='ocrx_word' id='word_1_323' title='bbox 2367 1482 2540 1536; x_wconf 90' lang='lat' dir='ltr'>quem</span> <span class='ocrx_word' id='word_1_324' title='bbox 2565 1464 2745 1519; x_wconf 91' lang='lat' dir='ltr'>vocati</span> <span class='ocrx_word' id='word_1_325' title='bbox 2774 1464 2914 1519; x_wconf 90' lang='lat' dir='ltr'>estis</span> <span class='ocrx_word' id='word_1_326' title='bbox 2962 1466 3003 1531; x_wconf 89' lang='grc' dir='ltr'>(Ι</span> <span class='ocrx_word' id='word_1_327' title='bbox 3034 1464 3153 1517; x_wconf 87' lang='lat' dir='ltr'>Cor.</span> <span class='ocrx_word' id='word_1_328' title='bbox 3209 1482 3244 1526; x_wconf 84' lang='grc' dir='ltr'>ι,</span> <span class='ocrx_word' id='word_1_329' title='bbox 3286 1465 3349 1528; x_wconf 83' lang='lat'>9;</span> <span class='ocrx_word' id='word_1_330' title='bbox 3403 1463 3579 1517; x_wconf 78' lang='lat' dir='ltr'>Thess.</span> <span class='ocrx_word' id='word_1_331' title='bbox 3630 1480 3681 1528; x_wconf 92' lang='lat' dir='ltr'>v,</span> 
     </span>
    </p>
   </div>
   <div class='ocr_carea' id='block_1_46' title="bbox 2041 1550 3683 1625">
    <p class='ocr_par' dir='ltr' id='par_1_46' title="bbox 2041 1550 3683 1625">
     <span class='ocr_line' id='line_1_46' title="bbox 2041 1550 3683 1625; baseline -0.002 -18"><span class='ocrx_word' id='word_1_332' title='bbox 2041 1556 2151 1625; x_wconf 77' lang='grc'>⁸24).</span> <span class='ocrx_word' id='word_1_333' title='bbox 2182 1578 2207 1601; x_wconf 86' lang='grc'>››</span> <span class='ocrx_word' id='word_1_334' title='bbox 2240 1554 2526 1619; x_wconf 90' lang='lat' dir='ltr'>Quoniam</span> <span class='ocrx_word' id='word_1_335' title='bbox 2558 1557 2783 1625; x_wconf 81' lang='lat' dir='ltr'>Oportet</span> <span class='ocrx_word' id='word_1_336' title='bbox 2812 1553 2894 1606; x_wconf 89' lang='lat' dir='ltr'>ire</span> <span class='ocrx_word' id='word_1_337' title='bbox 2928 1552 3087 1618; x_wconf 89' lang='lat' dir='ltr'>illuc,</span> <span class='ocrx_word' id='word_1_338' title='bbox 3119 1556 3174 1606; x_wconf 92' lang='lat' dir='ltr'>et</span> <span class='ocrx_word' id='word_1_339' title='bbox 3224 1550 3440 1605; x_wconf 90' lang='lat' dir='ltr'>intrare</span> <span class='ocrx_word' id='word_1_340' title='bbox 3485 1552 3543 1604; x_wconf 89' lang='lat' dir='ltr'>in</span> <span class='ocrx_word' id='word_1_341' title='bbox 3598 1568 3683 1604; x_wconf 88' lang='lat' dir='ltr'>re-</span> 
     </span>
    </p>
   </div>
   <div class='ocr_carea' id='block_1_47' title="bbox 2042 1640 3681 1715">
    <p class='ocr_par' dir='ltr' id='par_1_47' title="bbox 2042 1640 3681 1715">
     <span class='ocr_line' id='line_1_47' title="bbox 2042 1640 3681 1715; baseline -0.003 -18"><span class='ocrx_word' id='word_1_342' title='bbox 2042 1660 2245 1715; x_wconf 89' lang='lat' dir='ltr'>gnum.</span> <span class='ocrx_word' id='word_1_343' title='bbox 2278 1642 2433 1697; x_wconf 88' lang='lat' dir='ltr'>Nihil</span> <span class='ocrx_word' id='word_1_344' title='bbox 2455 1642 2636 1713; x_wconf 88' lang='lat' dir='ltr'>igitur</span> <span class='ocrx_word' id='word_1_345' title='bbox 2657 1641 2955 1705; x_wconf 90' lang='lat' dir='ltr'>seruteris,</span> <span class='ocrx_word' id='word_1_346' title='bbox 2982 1656 3171 1710; x_wconf 90' lang='lat' dir='ltr'>neque</span> <span class='ocrx_word' id='word_1_347' title='bbox 3204 1640 3455 1694; x_wconf 87' lang='lat' dir='ltr'>rationes</span> <span class='ocrx_word' id='word_1_348' title='bbox 3478 1655 3681 1709; x_wconf 77' lang='lat' dir='ltr'>exspe-</span> 
     </span>
    </p>
   </div>
   <div class='ocr_carea' id='block_1_48' title="bbox 2040 1731 3637 1802">
    <p class='ocr_par' dir='ltr' id='par_1_48' title="bbox 2040 1731 3637 1802">
     <span class='ocr_line' id='line_1_48' title="bbox 2040 1731 3637 1802; baseline -0.003 -16"><span class='ocrx_word' id='word_1_349' title='bbox 2040 1737 2192 1799; x_wconf 89' lang='lat' dir='ltr'>ctes;</span> <span class='ocrx_word' id='word_1_350' title='bbox 2219 1732 2330 1786; x_wconf 90' lang='lat' dir='ltr'>ﬁde</span> <span class='ocrx_word' id='word_1_351' title='bbox 2363 1748 2509 1802; x_wconf 91' lang='lat' dir='ltr'>opus</span> <span class='ocrx_word' id='word_1_352' title='bbox 2541 1731 2756 1785; x_wconf 86' lang='lat' dir='ltr'>habent</span> <span class='ocrx_word' id='word_1_353' title='bbox 2786 1734 2993 1783; x_wconf 71' lang='lat' dir='ltr'>nostrae</span> <span class='ocrx_word' id='word_1_354' title='bbox 3027 1746 3214 1784; x_wconf 69' lang='lat' dir='ltr'>causae</span> <span class='ocrx_word' id='word_1_355' title='bbox 3242 1746 3253 1783; x_wconf 93' lang='lat'>:</span> <span class='ocrx_word' id='word_1_356' title='bbox 3636 1740 3637 1743; x_wconf 79' lang='lat'>‘</span> 
     </span>
    </p>
   </div>
   <div class='ocr_carea' id='block_1_49' title="bbox 2113 1816 3682 1888">
    <p class='ocr_par' dir='ltr' id='par_1_49' title="bbox 2113 1816 3682 1888">
     <span class='ocr_line' id='line_1_49' title="bbox 2113 1816 3682 1888; baseline -0.004 -13"><span class='ocrx_word' id='word_1_357' title='bbox 2113 1842 2140 1870; x_wconf 82' lang='lat'><strong>«</strong></span> <span class='ocrx_word' id='word_1_358' title='bbox 2176 1821 2622 1875; x_wconf 89' lang='lat' dir='ltr'>Consideremus</span> <span class='ocrx_word' id='word_1_359' title='bbox 2654 1818 2898 1873; x_wconf 92' lang='lat' dir='ltr'>invicem</span> <span class='ocrx_word' id='word_1_360' title='bbox 2923 1818 2979 1871; x_wconf 91' lang='lat' dir='ltr'>in</span> <span class='ocrx_word' id='word_1_361' title='bbox 3005 1817 3411 1888; x_wconf 89' lang='lat' dir='ltr'>provocatione</span> <span class='ocrx_word' id='word_1_362' title='bbox 3433 1816 3682 1869; x_wconf 90' lang='lat' dir='ltr'>charita-</span> 
     </span>
    </p>
   </div>
   <div class='ocr_carea' id='block_1_50' title="bbox 2042 1904 3684 1979">
    <p class='ocr_par' dir='ltr' id='par_1_50' title="bbox 2042 1904 3684 1979">
     <span class='ocr_line' id='line_1_50' title="bbox 2042 1904 3684 1979; baseline -0.003 -16"><span class='ocrx_word' id='word_1_363' title='bbox 2042 1910 2137 1965; x_wconf 91' lang='lat' dir='ltr'>tis.</span> <span class='ocrx_word' id='word_1_364' title='bbox 2170 1933 2196 1960; x_wconf 86' lang='lat'>»</span> <span class='ocrx_word' id='word_1_365' title='bbox 2218 1909 2366 1973; x_wconf 89' lang='lat' dir='ltr'>Quid</span> <span class='ocrx_word' id='word_1_366' title='bbox 2390 1913 2495 1979; x_wconf 89' lang='lat' dir='ltr'>est,</span> <span class='ocrx_word' id='word_1_367' title='bbox 2522 1906 2997 1962; x_wconf 84' lang='lat' dir='ltr'>consideremus?</span> <span class='ocrx_word' id='word_1_368' title='bbox 3034 1906 3091 1960; x_wconf 90' lang='lat' dir='ltr'>1d</span> <span class='ocrx_word' id='word_1_369' title='bbox 3148 1910 3236 1960; x_wconf 92' lang='lat' dir='ltr'>est</span> <span class='ocrx_word' id='word_1_370' title='bbox 3285 1904 3684 1975; x_wconf 90' lang='lat' dir='ltr'>intelligamus</span> 
     </span>
    </p>
   </div>
   <div class='ocr_carea' id='block_1_51' title="bbox 2042 1992 3686 2070">
    <p class='ocr_par' dir='ltr' id='par_1_51' title="bbox 2042 1992 3686 2070">
     <span class='ocr_line' id='line_1_51' title="bbox 2042 1992 3686 2070; baseline -0.005 -16"><span class='ocrx_word' id='word_1_371' title='bbox 2042 2000 2196 2070; x_wconf 90' lang='lat' dir='ltr'>quod</span> <span class='ocrx_word' id='word_1_372' title='bbox 2226 2000 2285 2053; x_wconf 91' lang='lat' dir='ltr'>in</span> <span class='ocrx_word' id='word_1_373' title='bbox 2312 1999 2665 2069; x_wconf 91' lang='lat' dir='ltr'>quibusdam</span> <span class='ocrx_word' id='word_1_374' title='bbox 2691 1996 3083 2050; x_wconf 90' lang='lat' dir='ltr'>codicibusita</span> <span class='ocrx_word' id='word_1_375' title='bbox 3106 1993 3340 2066; x_wconf 89' lang='lat' dir='ltr'>legitur.</span> <span class='ocrx_word' id='word_1_376' title='bbox 3365 1995 3440 2047; x_wconf 89' lang='lat' dir='ltr'>Ae</span> <span class='ocrx_word' id='word_1_377' title='bbox 3466 1994 3514 2046; x_wconf 89' lang='lat' dir='ltr'>si</span> <span class='ocrx_word' id='word_1_378' title='bbox 3540 1992 3686 2047; x_wconf 90' lang='lat' dir='ltr'>dice-</span> 
     </span>
    </p>
   </div>
   <div class='ocr_carea' id='block_1_52' title="bbox 2040 2081 3681 2158">
    <p class='ocr_par' dir='ltr' id='par_1_52' title="bbox 2040 2081 3681 2158">
     <span class='ocr_line' id='line_1_52' title="bbox 2040 2081 3681 2158; baseline -0.006 -16"><span class='ocrx_word' id='word_1_379' title='bbox 2040 2093 2165 2142; x_wconf 90' lang='lat' dir='ltr'>ret:</span> <span class='ocrx_word' id='word_1_380' title='bbox 2201 2087 2509 2158; x_wconf 91' lang='lat' dir='ltr'>Siquisest</span> <span class='ocrx_word' id='word_1_381' title='bbox 2531 2085 2747 2139; x_wconf 92' lang='lat' dir='ltr'>virtute</span> <span class='ocrx_word' id='word_1_382' title='bbox 2783 2084 3078 2155; x_wconf 65' lang='lat' dir='ltr'>praeditus,</span> <span class='ocrx_word' id='word_1_383' title='bbox 3113 2083 3269 2136; x_wconf 91' lang='lat' dir='ltr'>hunc</span> <span class='ocrx_word' id='word_1_384' title='bbox 3308 2082 3598 2146; x_wconf 88' lang='lat' dir='ltr'>imitetur;</span> <span class='ocrx_word' id='word_1_385' title='bbox 3624 2081 3681 2133; x_wconf 91' lang='lat' dir='ltr'>in</span> 
     </span>
    </p>
   </div>
   <div class='ocr_carea' id='block_1_53' title="bbox 2038 2169 3683 2245">
    <p class='ocr_par' dir='ltr' id='par_1_53' title="bbox 2038 2169 3683 2245">
     <span class='ocr_line' id='line_1_53' title="bbox 2038 2169 3683 2245; baseline -0.005 -14"><span class='ocrx_word' id='word_1_386' title='bbox 2038 2193 2171 2232; x_wconf 86' lang='lat' dir='ltr'>eum</span> <span class='ocrx_word' id='word_1_387' title='bbox 2208 2177 2602 2238; x_wconf 88' lang='lat' dir='ltr'>intendamus,</span> <span class='ocrx_word' id='word_1_388' title='bbox 2638 2172 3025 2245; x_wconf 88' lang='lat' dir='ltr'>utdiligamus</span> <span class='ocrx_word' id='word_1_389' title='bbox 3043 2177 3099 2226; x_wconf 88' lang='lat' dir='ltr'>et</span> <span class='ocrx_word' id='word_1_390' title='bbox 3118 2170 3475 2242; x_wconf 89' lang='lat' dir='ltr'>deligamur;</span> <span class='ocrx_word' id='word_1_391' title='bbox 3501 2186 3569 2224; x_wconf 82' lang='lat' dir='ltr'>ex</span> <span class='ocrx_word' id='word_1_392' title='bbox 3590 2169 3683 2223; x_wconf 90' lang='lat' dir='ltr'>di-</span> 
     </span>
    </p>
   </div>
   <div class='ocr_carea' id='block_1_54' title="bbox 2038 2259 3680 2334">
    <p class='ocr_par' dir='ltr' id='par_1_54' title="bbox 2038 2259 3680 2334">
     <span class='ocr_line' id='line_1_54' title="bbox 2038 2259 3680 2334; baseline -0.004 -15"><span class='ocrx_word' id='word_1_393' title='bbox 2038 2264 2280 2320; x_wconf 89' lang='lat' dir='ltr'>lectione</span> <span class='ocrx_word' id='word_1_394' title='bbox 2305 2264 2519 2334; x_wconf 84' lang='lat' dir='ltr'>quippe</span> <span class='ocrx_word' id='word_1_395' title='bbox 2546 2264 2696 2316; x_wconf 89' lang='lat' dir='ltr'>bona</span> <span class='ocrx_word' id='word_1_396' title='bbox 2712 2278 2887 2333; x_wconf 90' lang='lat' dir='ltr'>opera</span> <span class='ocrx_word' id='word_1_397' title='bbox 2908 2261 3075 2315; x_wconf 87' lang='lat' dir='ltr'>ﬁunt.</span> <span class='ocrx_word' id='word_1_398' title='bbox 3096 2259 3241 2323; x_wconf 87' lang='lat' dir='ltr'>Quid</span> <span class='ocrx_word' id='word_1_399' title='bbox 3257 2264 3365 2324; x_wconf 90' lang='lat' dir='ltr'>est,</span> <span class='ocrx_word' id='word_1_400' title='bbox 3383 2259 3454 2313; x_wconf 88' lang='lat' dir='ltr'>ad</span> <span class='ocrx_word' id='word_1_401' title='bbox 3478 2274 3680 2329; x_wconf 91' lang='lat' dir='ltr'>provo-</span> 
     </span>
    </p>
   </div>
   <div class='ocr_carea' id='block_1_55' title="bbox 2037 2346 3683 2421">
    <p class='ocr_par' dir='ltr' id='par_1_55' title="bbox 2037 2346 3683 2421">
     <span class='ocr_line' id='line_1_55' title="bbox 2037 2346 3683 2421; baseline -0.005 -13"><span class='ocrx_word' id='word_1_402' title='bbox 2037 2354 2326 2409; x_wconf 89' lang='lat' dir='ltr'>cationem</span> <span class='ocrx_word' id='word_1_403' title='bbox 2350 2351 2649 2406; x_wconf 90' lang='lat' dir='ltr'>charitatis</span> <span class='ocrx_word' id='word_1_404' title='bbox 2667 2351 2693 2404; x_wconf 84' lang='lat'>‘?</span> <span class='ocrx_word' id='word_1_405' title='bbox 2713 2349 2983 2421; x_wconf 87' lang='lat' dir='ltr'>Amplius</span> <span class='ocrx_word' id='word_1_406' title='bbox 3005 2348 3245 2419; x_wconf 74' lang='lat' dir='ltr'>diligere</span> <span class='ocrx_word' id='word_1_407' title='bbox 3269 2351 3323 2401; x_wconf 90' lang='lat' dir='ltr'>et</span> <span class='ocrx_word' id='word_1_408' title='bbox 3355 2346 3536 2417; x_wconf 89' lang='lat' dir='ltr'>diligi.</span> <span class='ocrx_word' id='word_1_409' title='bbox 3562 2368 3588 2394; x_wconf 87' lang='grc'>‹‹</span> <span class='ocrx_word' id='word_1_410' title='bbox 3614 2346 3683 2399; x_wconf 89' lang='lat' dir='ltr'>Et</span> 
     </span>
    </p>
   </div>
   <div class='ocr_carea' id='block_1_56' title="bbox 2036 2433 3675 2511">
    <p class='ocr_par' dir='ltr' id='par_1_56' title="bbox 2036 2433 3675 2511">
     <span class='ocr_line' id='line_1_56' title="bbox 2036 2433 3675 2511; baseline -0.005 -14"><span class='ocrx_word' id='word_1_411' title='bbox 2036 2444 2323 2497; x_wconf 89' lang='lat' dir='ltr'>bonorum</span> <span class='ocrx_word' id='word_1_412' title='bbox 2343 2456 2641 2511; x_wconf 78' lang='lat' dir='ltr'>operumzn</span> <span class='ocrx_word' id='word_1_413' title='bbox 2668 2443 2731 2493; x_wconf 89' lang='lat' dir='ltr'>ut</span> <span class='ocrx_word' id='word_1_414' title='bbox 2753 2439 2809 2491; x_wconf 92' lang='lat' dir='ltr'>in</span> <span class='ocrx_word' id='word_1_415' title='bbox 2829 2438 2937 2491; x_wconf 92' lang='lat' dir='ltr'>hoc</span> <span class='ocrx_word' id='word_1_416' title='bbox 2954 2437 3208 2491; x_wconf 79' lang='lat' dir='ltr'>habeant</span> <span class='ocrx_word' id='word_1_417' title='bbox 3224 2433 3675 2489; x_wconf 67' lang='lat' dir='ltr'>aemulationem.</span> 
     </span>
    </p>
   </div>
   <div class='ocr_carea' id='block_1_57' title="bbox 2036 2523 3678 2599">
    <p class='ocr_par' dir='ltr' id='par_1_57' title="bbox 2036 2523 3678 2599">
     <span class='ocr_line' id='line_1_57' title="bbox 2036 2523 3678 2599; baseline -0.007 -12"><span class='ocrx_word' id='word_1_418' title='bbox 2036 2533 2243 2587; x_wconf 88' lang='lat' dir='ltr'>Facere</span> <span class='ocrx_word' id='word_1_419' title='bbox 2266 2530 2422 2585; x_wconf 88' lang='lat' dir='ltr'>enim</span> <span class='ocrx_word' id='word_1_420' title='bbox 2443 2545 2619 2599; x_wconf 86' lang='lat' dir='ltr'>quam</span> <span class='ocrx_word' id='word_1_421' title='bbox 2638 2525 3093 2595; x_wconf 88' lang='lat' dir='ltr'>dicere,majoris</span> <span class='ocrx_word' id='word_1_422' title='bbox 3106 2523 3337 2578; x_wconf 81' lang='lat' dir='ltr'>virtutis</span> <span class='ocrx_word' id='word_1_423' title='bbox 3350 2528 3458 2579; x_wconf 91' lang='lat' dir='ltr'>est.</span> <span class='ocrx_word' id='word_1_424' title='bbox 3484 2525 3678 2587; x_wconf 89' lang='lat' dir='ltr'>Quan-</span> 
     </span>
    </p>
   </div>
   <div class='ocr_carea' id='block_1_58' title="bbox 2033 2608 3676 2687">
    <p class='ocr_par' dir='ltr' id='par_1_58' title="bbox 2033 2608 3676 2687">
     <span class='ocr_line' id='line_1_58' title="bbox 2033 2608 3676 2687; baseline -0.007 -12"><span class='ocrx_word' id='word_1_425' title='bbox 2033 2608 2159 2675; x_wconf 87' lang='lat' dir='ltr'>tum</span> <span class='ocrx_word' id='word_1_426' title='bbox 2184 2621 2253 2674; x_wconf 91' lang='lat' dir='ltr'>ad</span> <span class='ocrx_word' id='word_1_427' title='bbox 2277 2619 2598 2673; x_wconf 88' lang='lat' dir='ltr'>doctrinam</span> <span class='ocrx_word' id='word_1_428' title='bbox 2615 2615 3104 2687; x_wconf 89' lang='lat' dir='ltr'>pertinet,multos</span> <span class='ocrx_word' id='word_1_429' title='bbox 3127 2613 3354 2668; x_wconf 88' lang='lat' dir='ltr'>habetis</span> <span class='ocrx_word' id='word_1_430' title='bbox 3376 2612 3551 2667; x_wconf 87' lang='lat' dir='ltr'>etiam</span> <span class='ocrx_word' id='word_1_431' title='bbox 3572 2627 3676 2665; x_wconf 85' lang='lat' dir='ltr'>vos</span> 
     </span>
    </p>
   </div>
   <div class='ocr_carea' id='block_1_59' title="bbox 2035 2700 3673 2774">
    <p class='ocr_par' dir='ltr' id='par_1_59' title="bbox 2035 2700 3673 2774">
     <span class='ocr_line' id='line_1_59' title="bbox 2035 2700 3673 2774; baseline -0.007 -10"><span class='ocrx_word' id='word_1_432' title='bbox 2035 2711 2299 2765; x_wconf 89' lang='lat' dir='ltr'>doctores</span> <span class='ocrx_word' id='word_1_433' title='bbox 2330 2706 2389 2761; x_wconf 92' lang='lat' dir='ltr'>in</span> <span class='ocrx_word' id='word_1_434' title='bbox 2420 2712 2610 2761; x_wconf 86' lang='lat' dir='ltr'>vestra</span> <span class='ocrx_word' id='word_1_435' title='bbox 2641 2704 3017 2759; x_wconf 88' lang='lat' dir='ltr'>multitudine</span> <span class='ocrx_word' id='word_1_436' title='bbox 3054 2719 3153 2774; x_wconf 90' lang='lat' dir='ltr'>per</span> <span class='ocrx_word' id='word_1_437' title='bbox 3178 2718 3351 2774; x_wconf 88' lang='lat' dir='ltr'>opera</span> <span class='ocrx_word' id='word_1_438' title='bbox 3380 2701 3508 2772; x_wconf 89' lang='lat' dir='ltr'>ipsa</span> <span class='ocrx_word' id='word_1_439' title='bbox 3565 2700 3673 2753; x_wconf 91' lang='lat' dir='ltr'>hoc</span> 
     </span>
    </p>
   </div>
   <div class='ocr_carea' id='block_1_60' title="bbox 2032 2798 2332 2853">
    <p class='ocr_par' dir='ltr' id='par_1_60' title="bbox 2032 2798 2332 2853">
     <span class='ocr_line' id='line_1_60' title="bbox 2032 2798 2332 2853; baseline -0.003 -1"><span class='ocrx_word' id='word_1_440' title='bbox 2032 2798 2332 2853; x_wconf 89' lang='lat' dir='ltr'>facientes.</span> 
     </span>
    </p>
   </div>
   <div class='ocr_carea' id='block_1_61' title="bbox 2104 2878 3678 2948">
    <p class='ocr_par' dir='ltr' id='par_1_61' title="bbox 2104 2878 3678 2948">
     <span class='ocr_line' id='line_1_61' title="bbox 2104 2878 3678 2948; baseline -0.006 -8"><span class='ocrx_word' id='word_1_441' title='bbox 2104 2910 2129 2935; x_wconf 84' lang='lat'>«</span> <span class='ocrx_word' id='word_1_442' title='bbox 2164 2887 2286 2939; x_wconf 90' lang='lat' dir='ltr'>Non</span> <span class='ocrx_word' id='word_1_443' title='bbox 2317 2886 2654 2939; x_wconf 86' lang='lat' dir='ltr'>deserentes</span> <span class='ocrx_word' id='word_1_444' title='bbox 2678 2882 3078 2937; x_wconf 89' lang='lat' dir='ltr'>collectionem</span> <span class='ocrx_word' id='word_1_445' title='bbox 3099 2884 3381 2948; x_wconf 90' lang='lat' dir='ltr'>nostram,</span> <span class='ocrx_word' id='word_1_446' title='bbox 3408 2878 3561 2933; x_wconf 89' lang='lat' dir='ltr'>sicut</span> <span class='ocrx_word' id='word_1_447' title='bbox 3588 2882 3678 2932; x_wconf 83' lang='lat' dir='ltr'>est</span> 
     </span>
    </p>
   </div>
   <div class='ocr_carea' id='block_1_62' title="bbox 2033 2965 3687 3041">
    <p class='ocr_par' dir='ltr' id='par_1_62' title="bbox 2033 2965 3687 3041">
     <span class='ocr_line' id='line_1_62' title="bbox 2033 2965 3687 3041; baseline -0.007 -13"><span class='ocrx_word' id='word_1_448' title='bbox 2033 2973 2478 3028; x_wconf 89' lang='lat' dir='ltr'>consuetudinis</span> <span class='ocrx_word' id='word_1_449' title='bbox 2503 2970 2887 3041; x_wconf 91' lang='lat' dir='ltr'>quibusdam,</span> <span class='ocrx_word' id='word_1_450' title='bbox 2914 2968 3012 3021; x_wconf 92' lang='lat' dir='ltr'>sed</span> <span class='ocrx_word' id='word_1_451' title='bbox 3032 2965 3423 3034; x_wconf 87' lang='lat' dir='ltr'>consolantes,</span> <span class='ocrx_word' id='word_1_452' title='bbox 3449 2969 3505 3019; x_wconf 91' lang='lat' dir='ltr'>et</span> <span class='ocrx_word' id='word_1_453' title='bbox 3528 2968 3687 3018; x_wconf 89' lang='lat' dir='ltr'>tanto</span> 
     </span>
    </p>
   </div>
   <div class='ocr_carea' id='block_1_63' title="bbox 2032 3054 3682 3131">
    <p class='ocr_par' dir='ltr' id='par_1_63' title="bbox 2032 3054 3682 3131">
     <span class='ocr_line' id='line_1_63' title="bbox 2032 3054 3682 3131; baseline -0.007 -15"><span class='ocrx_word' id='word_1_454' title='bbox 2032 3061 2245 3131; x_wconf 89' lang='lat' dir='ltr'>magis,</span> <span class='ocrx_word' id='word_1_455' title='bbox 2279 3064 2501 3131; x_wconf 88' lang='lat' dir='ltr'>quanto</span> <span class='ocrx_word' id='word_1_456' title='bbox 2533 3057 2795 3112; x_wconf 90' lang='lat' dir='ltr'>videritis</span> <span class='ocrx_word' id='word_1_457' title='bbox 2828 3055 3396 3127; x_wconf 89' lang='lat' dir='ltr'>appropinquantem</span> <span class='ocrx_word' id='word_1_458' title='bbox 3449 3054 3625 3107; x_wconf 91' lang='lat' dir='ltr'>diem.</span> <span class='ocrx_word' id='word_1_459' title='bbox 3655 3074 3682 3099; x_wconf 86' lang='grc'><strong>››</strong></span> 
     </span>
    </p>
   </div>
   <div class='ocr_carea' id='block_1_64' title="bbox 2034 3140 3685 3221">
    <p class='ocr_par' dir='ltr' id='par_1_64' title="bbox 2034 3140 3685 3221">
     <span class='ocr_line' id='line_1_64' title="bbox 2034 3140 3685 3221; baseline -0.007 -16"><span class='ocrx_word' id='word_1_460' title='bbox 2034 3151 2280 3221; x_wconf 86' lang='lat' dir='ltr'>Aliquos</span> <span class='ocrx_word' id='word_1_461' title='bbox 2312 3152 2367 3203; x_wconf 92' lang='lat' dir='ltr'>in</span> <span class='ocrx_word' id='word_1_462' title='bbox 2404 3149 2515 3203; x_wconf 92' lang='lat' dir='ltr'>hoc</span> <span class='ocrx_word' id='word_1_463' title='bbox 2539 3148 2666 3202; x_wconf 92' lang='lat' dir='ltr'>loco</span> <span class='ocrx_word' id='word_1_464' title='bbox 2691 3163 2804 3200; x_wconf 88' lang='lat' dir='ltr'>non</span> <span class='ocrx_word' id='word_1_465' title='bbox 2822 3145 3010 3199; x_wconf 91' lang='lat' dir='ltr'>solum</span> <span class='ocrx_word' id='word_1_466' title='bbox 3030 3144 3356 3210; x_wconf 87' lang='lat' dir='ltr'>admonuit,</span> <span class='ocrx_word' id='word_1_467' title='bbox 3384 3143 3481 3196; x_wconf 90' lang='lat' dir='ltr'>sed</span> <span class='ocrx_word' id='word_1_468' title='bbox 3509 3140 3685 3221; x_wconf 89' lang='lat' dir='ltr'>etiam</span> 
     </span>
    </p>
   </div>
   <div class='ocr_carea' id='block_1_65' title="bbox 277 3220 3687 3311">
    <p class='ocr_par' dir='ltr' id='par_1_65' title="bbox 277 3220 3687 3311">
     <span class='ocr_line' id='line_1_65' title="bbox 277 3220 3687 3311; baseline -0.003 -18"><span class='ocrx_word' id='word_1_469' title='bbox 277 3254 615 3311; x_wconf 87' lang='lat' dir='ltr'>quanquam</span> <span class='ocrx_word' id='word_1_470' title='bbox 632 3255 736 3293; x_wconf 91' lang='lat' dir='ltr'>nec</span> <span class='ocrx_word' id='word_1_471' title='bbox 756 3238 1028 3291; x_wconf 88' lang='lat' dir='ltr'>sacerdos</span> <span class='ocrx_word' id='word_1_472' title='bbox 1047 3236 1349 3307; x_wconf 86' lang='lat' dir='ltr'>ingressus</span> <span class='ocrx_word' id='word_1_473' title='bbox 1370 3244 1458 3292; x_wconf 92' lang='lat' dir='ltr'>est</span> <span class='ocrx_word' id='word_1_474' title='bbox 1476 3237 1534 3291; x_wconf 93' lang='lat' dir='ltr'>in</span> <span class='ocrx_word' id='word_1_475' title='bbox 1554 3244 1775 3293; x_wconf 89' lang='lat' dir='ltr'>sancta.</span> <span class='ocrx_word' id='word_1_476' title='bbox 1812 3220 1919 3294; x_wconf 83' lang='lat' dir='ltr'>Sed</span> <span class='ocrx_word' id='word_1_477' title='bbox 1955 3220 1997 3285; x_wconf 81' lang='lat' dir='ltr'>C</span> <span class='ocrx_word' id='word_1_478' title='bbox 2036 3220 2207 3294; x_wconf 86' lang='lat' dir='ltr'>tacite</span> <span class='ocrx_word' id='word_1_479' title='bbox 2235 3237 2513 3308; x_wconf 87' lang='lat' dir='ltr'>culpavit.</span> <span class='ocrx_word' id='word_1_480' title='bbox 2548 3234 2813 3289; x_wconf 83' lang='lat' dir='ltr'>Charitas</span> <span class='ocrx_word' id='word_1_481' title='bbox 2840 3234 3299 3287; x_wconf 88' lang='lat' dir='ltr'>incrementatur</span> <span class='ocrx_word' id='word_1_482' title='bbox 3324 3247 3423 3301; x_wconf 91' lang='lat' dir='ltr'>per</span> <span class='ocrx_word' id='word_1_483' title='bbox 3444 3244 3687 3299; x_wconf 89' lang='lat' dir='ltr'>congre-</span> 
     </span>
    </p>
   </div>
   <div class='ocr_carea' id='block_1_66' title="bbox 275 3324 1925 3397">
    <p class='ocr_par' dir='ltr' id='par_1_66' title="bbox 275 3324 1925 3397">
     <span class='ocr_line' id='line_1_66' title="bbox 275 3324 1925 3397; baseline -0.001 -15"><span class='ocrx_word' id='word_1_484' title='bbox 275 3328 452 3383; x_wconf 89' lang='lat' dir='ltr'>etiam</span> <span class='ocrx_word' id='word_1_485' title='bbox 473 3326 611 3397; x_wconf 91' lang='lat' dir='ltr'>quia</span> <span class='ocrx_word' id='word_1_486' title='bbox 628 3343 733 3380; x_wconf 93' lang='lat' dir='ltr'>nos</span> <span class='ocrx_word' id='word_1_487' title='bbox 757 3324 1508 3395; x_wconf 87' lang='lat' dir='ltr'>intravimus,proptereain</span> <span class='ocrx_word' id='word_1_488' title='bbox 1529 3326 1925 3381; x_wconf 82' lang='lat' dir='ltr'>satisfactione</span> 
     </span>
    </p>
   </div>
   <div class='ocr_carea' id='block_1_67' title="bbox 276 3412 1922 3485">
    <p class='ocr_par' dir='ltr' id='par_1_67' title="bbox 276 3412 1922 3485">
     <span class='ocr_line' id='line_1_67' title="bbox 276 3412 1922 3485; baseline -0.001 -16"><span class='ocrx_word' id='word_1_489' title='bbox 276 3416 410 3469; x_wconf 83' lang='lat' dir='ltr'>fidei</span> <span class='ocrx_word' id='word_1_490' title='bbox 440 3432 453 3481; x_wconf 92' lang='lat'><strong>;</strong></span> <span class='ocrx_word' id='word_1_491' title='bbox 488 3431 600 3469; x_wconf 86' lang='lat' dir='ltr'>non</span> <span class='ocrx_word' id='word_1_492' title='bbox 635 3430 768 3467; x_wconf 92' lang='lat' dir='ltr'>cum</span> <span class='ocrx_word' id='word_1_493' title='bbox 804 3412 1169 3467; x_wconf 75' lang='lat' dir='ltr'>hzesitatione</span> <span class='ocrx_word' id='word_1_494' title='bbox 1199 3412 1425 3483; x_wconf 90' lang='lat' dir='ltr'>(quales</span> <span class='ocrx_word' id='word_1_495' title='bbox 1453 3419 1591 3467; x_wconf 87' lang='lat' dir='ltr'>sunt</span> <span class='ocrx_word' id='word_1_496' title='bbox 1615 3432 1768 3469; x_wconf 90' lang='lat' dir='ltr'>nunc</span> <span class='ocrx_word' id='word_1_497' title='bbox 1790 3414 1922 3485; x_wconf 84' lang='lat' dir='ltr'>plu-</span> 
     </span>
    </p>
   </div>
   <div class='ocr_carea' id='block_1_68' title="bbox 278 3501 1923 3573">
    <p class='ocr_par' dir='ltr' id='par_1_68' title="bbox 278 3501 1923 3573">
     <span class='ocr_line' id='line_1_68' title="bbox 278 3501 1923 3573; baseline 0.001 -16"><span class='ocrx_word' id='word_1_498' title='bbox 278 3503 415 3557; x_wconf 88' lang='lat' dir='ltr'>rimi</span> <span class='ocrx_word' id='word_1_499' title='bbox 447 3503 727 3569; x_wconf 90' lang='lat' dir='ltr'>dicentes,</span> <span class='ocrx_word' id='word_1_500' title='bbox 761 3501 1039 3572; x_wconf 90' lang='lat' dir='ltr'>quoniam</span> <span class='ocrx_word' id='word_1_501' title='bbox 1074 3503 1465 3573; x_wconf 88' lang='lat' dir='ltr'>quorumdam</span> <span class='ocrx_word' id='word_1_502' title='bbox 1512 3502 1620 3556; x_wconf 90' lang='lat' dir='ltr'>erit</span> <span class='ocrx_word' id='word_1_503' title='bbox 1668 3520 1923 3558; x_wconf 88' lang='lat' dir='ltr'>resurre-</span> 
     </span>
    </p>
   </div>
   <div class='ocr_carea' id='block_1_69' title="bbox 276 3590 1920 3663">
    <p class='ocr_par' dir='ltr' id='par_1_69' title="bbox 276 3590 1920 3663">
     <span class='ocr_line' id='line_1_69' title="bbox 276 3590 1920 3663; baseline 0.001 -18"><span class='ocrx_word' id='word_1_504' title='bbox 276 3590 414 3658; x_wconf 92' lang='lat' dir='ltr'>ctio,</span> <span class='ocrx_word' id='word_1_505' title='bbox 450 3591 1072 3662; x_wconf 84' lang='lat' dir='ltr'>quorumdam&#39;autem</span> <span class='ocrx_word' id='word_1_506' title='bbox 1106 3590 1243 3659; x_wconf 90' lang='lat' dir='ltr'>non)</span> <span class='ocrx_word' id='word_1_507' title='bbox 1276 3590 1383 3644; x_wconf 89' lang='lat' dir='ltr'>hoc</span> <span class='ocrx_word' id='word_1_508' title='bbox 1436 3597 1544 3657; x_wconf 88' lang='lat' dir='ltr'>est,</span> <span class='ocrx_word' id='word_1_509' title='bbox 1596 3610 1710 3647; x_wconf 92' lang='lat' dir='ltr'>non</span> <span class='ocrx_word' id='word_1_510' title='bbox 1767 3593 1920 3663; x_wconf 89' lang='lat' dir='ltr'>ﬁdei,</span> 
     </span>
    </p>
   </div>
   <div class='ocr_carea' id='block_1_70' title="bbox 276 3679 1924 3753">
    <p class='ocr_par' dir='ltr' id='par_1_70' title="bbox 276 3679 1924 3753">
     <span class='ocr_line' id='line_1_70' title="bbox 276 3679 1924 3753; baseline 0.002 -20"><span class='ocrx_word' id='word_1_511' title='bbox 276 3679 512 3750; x_wconf 86' lang='lat' dir='ltr'>inquit;</span> <span class='ocrx_word' id='word_1_512' title='bbox 544 3679 626 3734; x_wconf 92' lang='lat' dir='ltr'>sic</span> <span class='ocrx_word' id='word_1_513' title='bbox 657 3695 763 3733; x_wconf 91' lang='lat' dir='ltr'>nos</span> <span class='ocrx_word' id='word_1_514' title='bbox 793 3683 1021 3753; x_wconf 80' lang='lat' dir='ltr'>oportet</span> <span class='ocrx_word' id='word_1_515' title='bbox 1052 3679 1283 3732; x_wconf 89' lang='lat' dir='ltr'>credere</span> <span class='ocrx_word' id='word_1_516' title='bbox 1314 3680 1384 3733; x_wconf 88' lang='lat' dir='ltr'>de</span> <span class='ocrx_word' id='word_1_517' title='bbox 1419 3680 1834 3747; x_wconf 88' lang='lat' dir='ltr'>invisibilibus,</span> <span class='ocrx_word' id='word_1_518' title='bbox 1867 3687 1924 3736; x_wconf 92' lang='lat' dir='ltr'>et</span> 
     </span>
    </p>
   </div>
   <div class='ocr_carea' id='block_1_71' title="bbox 278 3766 1923 3839">
    <p class='ocr_par' dir='ltr' id='par_1_71' title="bbox 278 3766 1923 3839">
     <span class='ocr_line' id='line_1_71' title="bbox 278 3766 1923 3839; baseline 0.001 -17"><span class='ocrx_word' id='word_1_519' title='bbox 278 3768 472 3823; x_wconf 90' lang='lat' dir='ltr'>adhuc</span> <span class='ocrx_word' id='word_1_520' title='bbox 495 3766 769 3838; x_wconf 90' lang='lat' dir='ltr'>amplius.</span> <span class='ocrx_word' id='word_1_521' title='bbox 796 3767 897 3821; x_wconf 88' lang='lat' dir='ltr'>Hic</span> <span class='ocrx_word' id='word_1_522' title='bbox 920 3767 1157 3835; x_wconf 84' lang='lat' dir='ltr'>quidem</span> <span class='ocrx_word' id='word_1_523' title='bbox 1193 3783 1365 3821; x_wconf 89' lang='lat' dir='ltr'>sensu</span> <span class='ocrx_word' id='word_1_524' title='bbox 1392 3769 1779 3839; x_wconf 90' lang='lat' dir='ltr'>percipimus:</span> <span class='ocrx_word' id='word_1_525' title='bbox 1808 3771 1923 3824; x_wconf 92' lang='lat' dir='ltr'>illic</span> 
     </span>
    </p>
   </div>
   <div class='ocr_carea' id='block_1_72' title="bbox 278 3856 1922 3926">
    <p class='ocr_par' dir='ltr' id='par_1_72' title="bbox 278 3856 1922 3926">
     <span class='ocr_line' id='line_1_72' title="bbox 278 3856 1922 3926; baseline 0.002 -15"><span class='ocrx_word' id='word_1_526' title='bbox 278 3862 473 3911; x_wconf 87' lang='lat' dir='ltr'>autem</span> <span class='ocrx_word' id='word_1_527' title='bbox 498 3856 730 3926; x_wconf 90' lang='lat' dir='ltr'>spiritu.</span> <span class='ocrx_word' id='word_1_528' title='bbox 759 3878 786 3905; x_wconf 86' lang='lat'><strong>«</strong></span> <span class='ocrx_word' id='word_1_529' title='bbox 808 3856 1042 3926; x_wconf 91' lang='lat' dir='ltr'>Aspersi</span> <span class='ocrx_word' id='word_1_530' title='bbox 1076 3857 1295 3910; x_wconf 89' lang='lat' dir='ltr'>cordaa</span> <span class='ocrx_word' id='word_1_531' title='bbox 1318 3858 1672 3913; x_wconf 90' lang='lat' dir='ltr'>conscientia</span> <span class='ocrx_word' id='word_1_532' title='bbox 1694 3860 1865 3915; x_wconf 88' lang='lat' dir='ltr'>mala.</span> <span class='ocrx_word' id='word_1_533' title='bbox 1896 3882 1922 3908; x_wconf 89' lang='grc'>››</span> 
     </span>
    </p>
   </div>
   <div class='ocr_carea' id='block_1_73' title="bbox 276 3944 1920 4015">
    <p class='ocr_par' dir='ltr' id='par_1_73' title="bbox 276 3944 1920 4015">
     <span class='ocr_line' id='line_1_73' title="bbox 276 3944 1920 4015; baseline 0.001 -15"><span class='ocrx_word' id='word_1_534' title='bbox 276 3944 546 4000; x_wconf 91' lang='lat' dir='ltr'>Ostendit</span> <span class='ocrx_word' id='word_1_535' title='bbox 577 3945 716 4015; x_wconf 90' lang='lat' dir='ltr'>quia</span> <span class='ocrx_word' id='word_1_536' title='bbox 741 3960 855 3998; x_wconf 92' lang='lat' dir='ltr'>non</span> <span class='ocrx_word' id='word_1_537' title='bbox 887 3944 1030 3997; x_wconf 89' lang='lat' dir='ltr'>ﬁdes</span> <span class='ocrx_word' id='word_1_538' title='bbox 1049 3944 1191 4013; x_wconf 78' lang='lat' dir='ltr'>sola,</span> <span class='ocrx_word' id='word_1_539' title='bbox 1210 3946 1309 3998; x_wconf 86' lang='lat' dir='ltr'>sed</span> <span class='ocrx_word' id='word_1_540' title='bbox 1325 3944 1499 3999; x_wconf 91' lang='lat' dir='ltr'>etiam</span> <span class='ocrx_word' id='word_1_541' title='bbox 1526 3946 1639 3999; x_wconf 91' lang='lat' dir='ltr'>vita</span> <span class='ocrx_word' id='word_1_542' title='bbox 1659 3949 1920 4002; x_wconf 88' lang='lat' dir='ltr'>cumvir-</span> 
     </span>
    </p>
   </div>
   <div class='ocr_carea' id='block_1_74' title="bbox 276 4031 1926 4105">
    <p class='ocr_par' dir='ltr' id='par_1_74' title="bbox 276 4031 1926 4105">
     <span class='ocr_line' id='line_1_74' title="bbox 276 4031 1926 4105; baseline 0.001 -16"><span class='ocrx_word' id='word_1_543' title='bbox 276 4040 401 4089; x_wconf 87' lang='lat' dir='ltr'>tute</span> <span class='ocrx_word' id='word_1_544' title='bbox 431 4035 733 4105; x_wconf 61' lang='lat' dir='ltr'>quaritur,</span> <span class='ocrx_word' id='word_1_545' title='bbox 766 4038 822 4086; x_wconf 91' lang='lat' dir='ltr'>et</span> <span class='ocrx_word' id='word_1_546' title='bbox 851 4037 915 4086; x_wconf 92' lang='lat' dir='ltr'>ut</span> <span class='ocrx_word' id='word_1_547' title='bbox 945 4031 1089 4085; x_wconf 89' lang='lat' dir='ltr'>nihil</span> <span class='ocrx_word' id='word_1_548' title='bbox 1124 4032 1233 4086; x_wconf 88' lang='lat' dir='ltr'>sibi</span> <span class='ocrx_word' id='word_1_549' title='bbox 1268 4034 1518 4103; x_wconf 89' lang='lat' dir='ltr'>quisque</span> <span class='ocrx_word' id='word_1_550' title='bbox 1548 4036 1816 4089; x_wconf 90' lang='lat' dir='ltr'>conscius</span> <span class='ocrx_word' id='word_1_551' title='bbox 1848 4038 1926 4091; x_wconf 90' lang='lat' dir='ltr'>sit</span> 
     </span>
    </p>
   </div>
   <div class='ocr_carea' id='block_1_75' title="bbox 278 4121 1925 4193">
    <p class='ocr_par' dir='ltr' id='par_1_75' title="bbox 278 4121 1925 4193">
     <span class='ocr_line' id='line_1_75' title="bbox 278 4121 1925 4193; baseline 0.002 -16"><span class='ocrx_word' id='word_1_552' title='bbox 278 4121 816 4193; x_wconf 86' lang='lat' dir='ltr'>malignitatis.Non</span> <span class='ocrx_word' id='word_1_553' title='bbox 850 4121 1004 4175; x_wconf 92' lang='lat' dir='ltr'>enim</span> <span class='ocrx_word' id='word_1_554' title='bbox 1040 4121 1379 4191; x_wconf 89' lang='lat' dir='ltr'>suscipiunt</span> <span class='ocrx_word' id='word_1_555' title='bbox 1407 4138 1539 4176; x_wconf 92' lang='lat' dir='ltr'>cum</span> <span class='ocrx_word' id='word_1_556' title='bbox 1562 4122 1925 4193; x_wconf 85' lang='lat' dir='ltr'>plenitudine</span> 
     </span>
    </p>
   </div>
   <div class='ocr_carea' id='block_1_76' title="bbox 277 4208 1922 4279">
    <p class='ocr_par' dir='ltr' id='par_1_76' title="bbox 277 4208 1922 4279">
     <span class='ocr_line' id='line_1_76' title="bbox 277 4208 1922 4279; baseline 0.001 -14"><span class='ocrx_word' id='word_1_557' title='bbox 277 4210 413 4266; x_wconf 87' lang='lat' dir='ltr'>ﬁdei</span> <span class='ocrx_word' id='word_1_558' title='bbox 444 4215 648 4266; x_wconf 90' lang='lat' dir='ltr'>sancta</span> <span class='ocrx_word' id='word_1_559' title='bbox 678 4208 738 4279; x_wconf 91' lang='lat' dir='ltr'>ii,</span> <span class='ocrx_word' id='word_1_560' title='bbox 773 4208 875 4279; x_wconf 91' lang='lat' dir='ltr'>qui</span> <span class='ocrx_word' id='word_1_561' title='bbox 908 4226 1021 4263; x_wconf 90' lang='lat' dir='ltr'>non</span> <span class='ocrx_word' id='word_1_562' title='bbox 1042 4209 1125 4263; x_wconf 89' lang='lat' dir='ltr'>ita</span> <span class='ocrx_word' id='word_1_563' title='bbox 1148 4209 1504 4264; x_wconf 73' lang='lat' dir='ltr'>afﬁciuntur.</span> <span class='ocrx_word' id='word_1_564' title='bbox 1537 4211 1743 4266; x_wconf 92' lang='lat' dir='ltr'>Nullus</span> <span class='ocrx_word' id='word_1_565' title='bbox 1768 4214 1922 4267; x_wconf 89' lang='lat' dir='ltr'>enim</span> 
     </span>
    </p>
   </div>
   <div class='ocr_carea' id='block_1_77' title="bbox 279 4296 1927 4370">
    <p class='ocr_par' dir='ltr' id='par_1_77' title="bbox 279 4296 1927 4370">
     <span class='ocr_line' id='line_1_77' title="bbox 279 4296 1927 4370; baseline 0 -15"><span class='ocrx_word' id='word_1_566' title='bbox 279 4299 717 4370; x_wconf 88' lang='lat' dir='ltr'>ingrediebatur</span> <span class='ocrx_word' id='word_1_567' title='bbox 739 4298 798 4351; x_wconf 92' lang='lat' dir='ltr'>in</span> <span class='ocrx_word' id='word_1_568' title='bbox 823 4302 1045 4364; x_wconf 89' lang='lat' dir='ltr'>sancta,</span> <span class='ocrx_word' id='word_1_569' title='bbox 1072 4298 1119 4352; x_wconf 92' lang='lat' dir='ltr'>si</span> <span class='ocrx_word' id='word_1_570' title='bbox 1144 4296 1297 4353; x_wconf 89' lang='lat' dir='ltr'>lotus</span> <span class='ocrx_word' id='word_1_571' title='bbox 1321 4315 1435 4353; x_wconf 92' lang='lat' dir='ltr'>non</span> <span class='ocrx_word' id='word_1_572' title='bbox 1460 4300 1685 4355; x_wconf 85' lang='lat' dir='ltr'>fuisset.</span> <span class='ocrx_word' id='word_1_573' title='bbox 1710 4302 1776 4355; x_wconf 83' lang='lat' dir='ltr'>Et</span> <span class='ocrx_word' id='word_1_574' title='bbox 1802 4302 1927 4355; x_wconf 89' lang='lat' dir='ltr'>nul-</span> 
     </span>
    </p>
   </div>
   <div class='ocr_carea' id='block_1_78' title="bbox 280 4386 1924 4460">
    <p class='ocr_par' dir='ltr' id='par_1_78' title="bbox 280 4386 1924 4460">
     <span class='ocr_line' id='line_1_78' title="bbox 280 4386 1924 4460; baseline 0.001 -17"><span class='ocrx_word' id='word_1_575' title='bbox 280 4389 375 4444; x_wconf 89' lang='lat' dir='ltr'>lus</span> <span class='ocrx_word' id='word_1_576' title='bbox 398 4388 679 4460; x_wconf 87' lang='lat' dir='ltr'>profanus</span> <span class='ocrx_word' id='word_1_577' title='bbox 702 4386 1099 4458; x_wconf 88' lang='lat' dir='ltr'>ingrediturin</span> <span class='ocrx_word' id='word_1_578' title='bbox 1125 4386 1282 4441; x_wconf 92' lang='lat' dir='ltr'>illam</span> <span class='ocrx_word' id='word_1_579' title='bbox 1306 4386 1594 4442; x_wconf 82' lang='lat' dir='ltr'>ccelestem</span> <span class='ocrx_word' id='word_1_580' title='bbox 1618 4390 1924 4457; x_wconf 74' lang='lat' dir='ltr'>visionem,</span> 
     </span>
    </p>
   </div>
   <div class='ocr_carea' id='block_1_79' title="bbox 283 4475 1923 4548">
    <p class='ocr_par' dir='ltr' id='par_1_79' title="bbox 283 4475 1923 4548">
     <span class='ocr_line' id='line_1_79' title="bbox 283 4475 1923 4548; baseline 0.001 -16"><span class='ocrx_word' id='word_1_581' title='bbox 283 4477 396 4533; x_wconf 88' lang='lat' dir='ltr'>nisi</span> <span class='ocrx_word' id='word_1_582' title='bbox 430 4477 595 4548; x_wconf 87' lang='lat' dir='ltr'>prius</span> <span class='ocrx_word' id='word_1_583' title='bbox 628 4494 731 4547; x_wconf 92' lang='lat' dir='ltr'>per</span> <span class='ocrx_word' id='word_1_584' title='bbox 760 4475 1163 4547; x_wconf 81' lang='lat' dir='ltr'>paenitentiam</span> <span class='ocrx_word' id='word_1_585' title='bbox 1196 4475 1350 4530; x_wconf 90' lang='lat' dir='ltr'>lotus</span> <span class='ocrx_word' id='word_1_586' title='bbox 1385 4476 1575 4530; x_wconf 81' lang='lat' dir='ltr'>fuerit.</span> <span class='ocrx_word' id='word_1_587' title='bbox 1614 4478 1693 4530; x_wconf 90' lang='lat' dir='ltr'>Illi</span> <span class='ocrx_word' id='word_1_588' title='bbox 1731 4484 1923 4533; x_wconf 88' lang='lat' dir='ltr'>autem</span> 
     </span>
    </p>
   </div>
   <div class='ocr_carea' id='block_1_80' title="bbox 2035 3316 3680 3399">
    <p class='ocr_par' dir='ltr' id='par_1_80' title="bbox 2035 3316 3680 3399">
     <span class='ocr_line' id='line_1_80' title="bbox 2035 3316 3680 3399; baseline -0.007 -17"><span class='ocrx_word' id='word_1_589' title='bbox 2035 3330 2364 3399; x_wconf 90' lang='lat' dir='ltr'>gationem;</span> <span class='ocrx_word' id='word_1_590' title='bbox 2401 3326 2554 3379; x_wconf 89' lang='lat' dir='ltr'>unde</span> <span class='ocrx_word' id='word_1_591' title='bbox 2586 3323 2871 3377; x_wconf 90' lang='lat' dir='ltr'>Dominus</span> <span class='ocrx_word' id='word_1_592' title='bbox 2894 3321 3003 3375; x_wconf 88' lang='lat' dir='ltr'>ait:</span> <span class='ocrx_word' id='word_1_593' title='bbox 3033 3320 3183 3375; x_wconf 83' lang='lat' dir='ltr'>«Ubi</span> <span class='ocrx_word' id='word_1_594' title='bbox 3211 3319 3429 3373; x_wconf 88' lang='lat' dir='ltr'>fuerint</span> <span class='ocrx_word' id='word_1_595' title='bbox 3454 3319 3568 3371; x_wconf 92' lang='lat' dir='ltr'>duo</span> <span class='ocrx_word' id='word_1_596' title='bbox 3590 3316 3680 3371; x_wconf 89' lang='lat' dir='ltr'>vel</span> 
     </span>
    </p>
   </div>
   <div class='ocr_carea' id='block_1_81' title="bbox 2037 3406 3677 3486">
    <p class='ocr_par' dir='ltr' id='par_1_81' title="bbox 2037 3406 3677 3486">
     <span class='ocr_line' id='line_1_81' title="bbox 2037 3406 3677 3486; baseline -0.008 -14"><span class='ocrx_word' id='word_1_597' title='bbox 2037 3424 2153 3472; x_wconf 92' lang='lat' dir='ltr'>tres</span> <span class='ocrx_word' id='word_1_598' title='bbox 2186 3413 2519 3486; x_wconf 84' lang='lat' dir='ltr'>congregati</span> <span class='ocrx_word' id='word_1_599' title='bbox 2556 3412 2612 3465; x_wconf 89' lang='lat' dir='ltr'>in</span> <span class='ocrx_word' id='word_1_600' title='bbox 2646 3410 2880 3465; x_wconf 84' lang='lat' dir='ltr'>nomine</span> <span class='ocrx_word' id='word_1_601' title='bbox 2914 3426 3063 3475; x_wconf 91' lang='lat' dir='ltr'>meo,</span> <span class='ocrx_word' id='word_1_602' title='bbox 3098 3408 3175 3462; x_wconf 89' lang='lat' dir='ltr'>ibi</span> <span class='ocrx_word' id='word_1_603' title='bbox 3210 3424 3341 3461; x_wconf 90' lang='lat' dir='ltr'>sum</span> <span class='ocrx_word' id='word_1_604' title='bbox 3374 3408 3432 3459; x_wconf 90' lang='lat' dir='ltr'>in</span> <span class='ocrx_word' id='word_1_605' title='bbox 3486 3406 3677 3461; x_wconf 89' lang='lat' dir='ltr'>medio</span> 
     </span>
    </p>
   </div>
   <div class='ocr_carea' id='block_1_82' title="bbox 2034 3496 3679 3576">
    <p class='ocr_par' dir='ltr' id='par_1_82' title="bbox 2034 3496 3679 3576">
     <span class='ocr_line' id='line_1_82' title="bbox 2034 3496 3679 3576; baseline -0.009 -15"><span class='ocrx_word' id='word_1_606' title='bbox 2034 3524 2234 3562; x_wconf 87' lang='lat' dir='ltr'>eorum</span> <span class='ocrx_word' id='word_1_607' title='bbox 2260 3504 2470 3576; x_wconf 72' lang='lat' dir='ltr'>(Matth.</span> <span class='ocrx_word' id='word_1_608' title='bbox 2497 3519 2660 3565; x_wconf 79' lang='lat' dir='ltr'>xviii,</span> <span class='ocrx_word' id='word_1_609' title='bbox 2692 3502 2817 3567; x_wconf 85' lang='lat'>20);</span> <span class='ocrx_word' id='word_1_610' title='bbox 2850 3522 2873 3546; x_wconf 88' lang='grc'><strong>››</strong></span> <span class='ocrx_word' id='word_1_611' title='bbox 2898 3504 2953 3553; x_wconf 83' lang='lat' dir='ltr'>et</span> <span class='ocrx_word' id='word_1_612' title='bbox 2976 3496 3349 3552; x_wconf 86' lang='lat' dir='ltr'>Ecclesiastes</span> <span class='ocrx_word' id='word_1_613' title='bbox 3375 3512 3387 3551; x_wconf 90' lang='lat'>:</span> <span class='ocrx_word' id='word_1_614' title='bbox 3433 3517 3458 3543; x_wconf 90' lang='grc'>‹‹</span> <span class='ocrx_word' id='word_1_615' title='bbox 3482 3496 3679 3549; x_wconf 81' lang='lat' dir='ltr'>Frater</span> 
     </span>
    </p>
   </div>
   <div class='ocr_carea' id='block_1_83' title="bbox 2035 3584 3677 3667">
    <p class='ocr_par' dir='ltr' id='par_1_83' title="bbox 2035 3584 3677 3667">
     <span class='ocr_line' id='line_1_83' title="bbox 2035 3584 3677 3667; baseline -0.008 -18"><span class='ocrx_word' id='word_1_616' title='bbox 2035 3596 2251 3667; x_wconf 82' lang='lat' dir='ltr'>quippe</span> <span class='ocrx_word' id='word_1_617' title='bbox 2282 3611 2315 3647; x_wconf 90' lang='lat' dir='ltr'>a</span> <span class='ocrx_word' id='word_1_618' title='bbox 2347 3594 2521 3646; x_wconf 87' lang='lat' dir='ltr'>fratre</span> <span class='ocrx_word' id='word_1_619' title='bbox 2540 3590 2801 3659; x_wconf 86' lang='lat' dir='ltr'>adjutus,</span> <span class='ocrx_word' id='word_1_620' title='bbox 2832 3588 2996 3658; x_wconf 88' lang='lat' dir='ltr'>quasi</span> <span class='ocrx_word' id='word_1_621' title='bbox 3024 3587 3224 3641; x_wconf 83' lang='lat' dir='ltr'>civitas</span> <span class='ocrx_word' id='word_1_622' title='bbox 3248 3584 3475 3639; x_wconf 90' lang='lat' dir='ltr'>munita</span> <span class='ocrx_word' id='word_1_623' title='bbox 3495 3586 3677 3651; x_wconf 80' lang='lat' dir='ltr'>(Prov.</span> 
     </span>
    </p>
   </div>
   <div class='ocr_carea' id='block_1_84' title="bbox 2034 3673 3681 3753">
    <p class='ocr_par' dir='ltr' id='par_1_84' title="bbox 2034 3673 3681 3753">
     <span class='ocr_line' id='line_1_84' title="bbox 2034 3673 3681 3753; baseline -0.008 -15"><span class='ocrx_word' id='word_1_624' title='bbox 2034 3702 2192 3753; x_wconf 83' lang='lat' dir='ltr'>xvm,</span> <span class='ocrx_word' id='word_1_625' title='bbox 2221 3684 2328 3752; x_wconf 79' lang='lat'>19).</span> <span class='ocrx_word' id='word_1_626' title='bbox 2360 3680 2676 3751; x_wconf 79' lang='lat' dir='ltr'>nMagnum</span> <span class='ocrx_word' id='word_1_627' title='bbox 2703 3676 2917 3747; x_wconf 90' lang='lat' dir='ltr'>quippe</span> <span class='ocrx_word' id='word_1_628' title='bbox 2942 3677 3158 3729; x_wconf 86' lang='lat' dir='ltr'>bonum</span> <span class='ocrx_word' id='word_1_629' title='bbox 3181 3679 3269 3728; x_wconf 90' lang='lat' dir='ltr'>est</span> <span class='ocrx_word' id='word_1_630' title='bbox 3291 3673 3681 3745; x_wconf 87' lang='lat' dir='ltr'>congregatio.</span> 
     </span>
    </p>
   </div>
   <div class='ocr_carea' id='block_1_85' title="bbox 2036 3763 3685 3845">
    <p class='ocr_par' dir='ltr' id='par_1_85' title="bbox 2036 3763 3685 3845">
     <span class='ocr_line' id='line_1_85' title="bbox 2036 3763 3685 3845; baseline -0.008 -17"><span class='ocrx_word' id='word_1_631' title='bbox 2036 3774 2227 3845; x_wconf 88' lang='lat' dir='ltr'>Ipsam</span> <span class='ocrx_word' id='word_1_632' title='bbox 2254 3786 2508 3838; x_wconf 88' lang='lat' dir='ltr'>namque</span> <span class='ocrx_word' id='word_1_633' title='bbox 2526 3766 2865 3823; x_wconf 88' lang='lat' dir='ltr'>charitatem</span> <span class='ocrx_word' id='word_1_634' title='bbox 2884 3763 3571 3835; x_wconf 84' lang='lat' dir='ltr'>opcraturferventiorem</span> <span class='ocrx_word' id='word_1_635' title='bbox 3595 3777 3685 3828; x_wconf 68' lang='lat' dir='ltr'>gex</span> 
     </span>
    </p>
   </div>
   <div class='ocr_carea' id='block_1_86' title="bbox 2034 3850 3679 3927">
    <p class='ocr_par' dir='ltr' id='par_1_86' title="bbox 2034 3850 3679 3927">
     <span class='ocr_line' id='line_1_86' title="bbox 2034 3850 3679 3927; baseline -0.008 -13"><span class='ocrx_word' id='word_1_636' title='bbox 2034 3877 2101 3915; x_wconf 92' lang='lat' dir='ltr'>ea</span> <span class='ocrx_word' id='word_1_637' title='bbox 2122 3863 2335 3914; x_wconf 89' lang='lat' dir='ltr'>cuncta</span> <span class='ocrx_word' id='word_1_638' title='bbox 2358 3857 2582 3927; x_wconf 89' lang='lat' dir='ltr'>optima</span> <span class='ocrx_word' id='word_1_639' title='bbox 2604 3858 2976 3925; x_wconf 87' lang='lat' dir='ltr'>generantur.</span> <span class='ocrx_word' id='word_1_640' title='bbox 3000 3852 3152 3905; x_wconf 89' lang='lat' dir='ltr'>Nihil</span> <span class='ocrx_word' id='word_1_641' title='bbox 3182 3867 3435 3920; x_wconf 91' lang='lat' dir='ltr'>namque</span> <span class='ocrx_word' id='word_1_642' title='bbox 3458 3850 3679 3903; x_wconf 90' lang='lat' dir='ltr'>bonum</span> 
     </span>
    </p>
   </div>
   <div class='ocr_carea' id='block_1_87' title="bbox 2035 3938 3680 4017">
    <p class='ocr_par' dir='ltr' id='par_1_87' title="bbox 2035 3938 3680 4017">
     <span class='ocr_line' id='line_1_87' title="bbox 2035 3938 3680 4017; baseline -0.009 -14"><span class='ocrx_word' id='word_1_643' title='bbox 2035 3954 2143 4011; x_wconf 90' lang='lat' dir='ltr'>est,</span> <span class='ocrx_word' id='word_1_644' title='bbox 2165 3947 2320 4017; x_wconf 92' lang='lat' dir='ltr'>quod</span> <span class='ocrx_word' id='word_1_645' title='bbox 2350 3962 2460 3999; x_wconf 92' lang='lat' dir='ltr'>non</span> <span class='ocrx_word' id='word_1_646' title='bbox 2482 3960 2583 4014; x_wconf 90' lang='lat' dir='ltr'>per</span> <span class='ocrx_word' id='word_1_647' title='bbox 2604 3942 2945 3996; x_wconf 84' lang='lat' dir='ltr'>cbaritatem</span> <span class='ocrx_word' id='word_1_648' title='bbox 2970 3942 3051 3993; x_wconf 87' lang='lat' dir='ltr'>ﬁt.</span> <span class='ocrx_word' id='word_1_649' title='bbox 3072 3941 3248 3993; x_wconf 85' lang='lat' dir='ltr'>Istam</span> <span class='ocrx_word' id='word_1_650' title='bbox 3272 3938 3450 4008; x_wconf 90' lang='lat' dir='ltr'>igitur</span> <span class='ocrx_word' id='word_1_651' title='bbox 3469 3938 3680 3991; x_wconf 87' lang='lat' dir='ltr'>conﬁr-</span> 
     </span>
    </p>
   </div>
   <div class='ocr_carea' id='block_1_88' title="bbox 2033 4025 3672 4097">
    <p class='ocr_par' dir='ltr' id='par_1_88' title="bbox 2033 4025 3672 4097">
     <span class='ocr_line' id='line_1_88' title="bbox 2033 4025 3672 4097; baseline -0.008 -6"><span class='ocrx_word' id='word_1_652' title='bbox 2033 4035 2538 4091; x_wconf 87' lang='lat' dir='ltr'>memusinvicem.</span> <span class='ocrx_word' id='word_1_653' title='bbox 2566 4030 2872 4084; x_wconf 88' lang='lat' dir='ltr'>Plenitudo</span> <span class='ocrx_word' id='word_1_654' title='bbox 2897 4028 3042 4097; x_wconf 86' lang='lat' dir='ltr'>legis</span> <span class='ocrx_word' id='word_1_655' title='bbox 3068 4027 3343 4081; x_wconf 81' lang='lat' dir='ltr'>Charitas.</span> <span class='ocrx_word' id='word_1_656' title='bbox 3370 4026 3493 4079; x_wconf 89' lang='lat' dir='ltr'>Non</span> <span class='ocrx_word' id='word_1_657' title='bbox 3520 4025 3672 4079; x_wconf 86' lang='lat' dir='ltr'>enim</span> 
     </span>
    </p>
   </div>
   <div class='ocr_carea' id='block_1_89' title="bbox 2036 4112 3683 4193">
    <p class='ocr_par' dir='ltr' id='par_1_89' title="bbox 2036 4112 3683 4193">
     <span class='ocr_line' id='line_1_89' title="bbox 2036 4112 3683 4193; baseline -0.009 -13"><span class='ocrx_word' id='word_1_658' title='bbox 2036 4126 2232 4180; x_wconf 86' lang='lat' dir='ltr'>labore</span> <span class='ocrx_word' id='word_1_659' title='bbox 2256 4139 2403 4193; x_wconf 89' lang='lat' dir='ltr'>opus</span> <span class='ocrx_word' id='word_1_660' title='bbox 2428 4121 2843 4188; x_wconf 88' lang='lat' dir='ltr'>habemus,aut</span> <span class='ocrx_word' id='word_1_661' title='bbox 2866 4117 3201 4172; x_wconf 90' lang='lat' dir='ltr'>sudoribus.</span> <span class='ocrx_word' id='word_1_662' title='bbox 3228 4114 3287 4169; x_wconf 91' lang='lat' dir='ltr'>Si</span> <span class='ocrx_word' id='word_1_663' title='bbox 3305 4112 3683 4168; x_wconf 84' lang='lat' dir='ltr'>dilexerimus</span> 
     </span>
    </p>
   </div>
   <div class='ocr_carea' id='block_1_90' title="bbox 2038 4202 3686 4283">
    <p class='ocr_par' dir='ltr' id='par_1_90' title="bbox 2038 4202 3686 4283">
     <span class='ocr_line' id='line_1_90' title="bbox 2038 4202 3686 4283; baseline -0.007 -16"><span class='ocrx_word' id='word_1_664' title='bbox 2038 4213 2282 4267; x_wconf 88' lang='lat' dir='ltr'>invicem</span> <span class='ocrx_word' id='word_1_665' title='bbox 2296 4252 2308 4276; x_wconf 94' lang='lat'>,</span> <span class='ocrx_word' id='word_1_666' title='bbox 2328 4214 2653 4283; x_wconf 85' lang='lat' dir='ltr'>epontanea</span> <span class='ocrx_word' id='word_1_667' title='bbox 2671 4206 2840 4261; x_wconf 84' lang='lat' dir='ltr'>nobis</span> <span class='ocrx_word' id='word_1_668' title='bbox 2866 4206 2957 4259; x_wconf 87' lang='lat' dir='ltr'>via</span> <span class='ocrx_word' id='word_1_669' title='bbox 2976 4203 3364 4275; x_wconf 86' lang='lat' dir='ltr'>prosternitur</span> <span class='ocrx_word' id='word_1_670' title='bbox 3379 4202 3598 4256; x_wconf 90' lang='lat' dir='ltr'>ducens</span> <span class='ocrx_word' id='word_1_671' title='bbox 3614 4202 3686 4255; x_wconf 90' lang='lat' dir='ltr'>ad</span> 
     </span>
    </p>
   </div>
   <div class='ocr_carea' id='block_1_91' title="bbox 2037 4288 3684 4369">
    <p class='ocr_par' dir='ltr' id='par_1_91' title="bbox 2037 4288 3684 4369">
     <span class='ocr_line' id='line_1_91' title="bbox 2037 4288 3684 4369; baseline -0.009 -13"><span class='ocrx_word' id='word_1_672' title='bbox 2037 4303 2333 4357; x_wconf 90' lang='lat' dir='ltr'>virtutem.</span> <span class='ocrx_word' id='word_1_673' title='bbox 2357 4296 2937 4369; x_wconf 84' lang='lat' dir='ltr'>Appropinquantcm</span> <span class='ocrx_word' id='word_1_674' title='bbox 2966 4293 3143 4363; x_wconf 91' lang='lat' dir='ltr'>diem,</span> <span class='ocrx_word' id='word_1_675' title='bbox 3172 4292 3325 4363; x_wconf 89' lang='lat' dir='ltr'>quod</span> <span class='ocrx_word' id='word_1_676' title='bbox 3349 4291 3512 4353; x_wconf 90' lang='lat' dir='ltr'>dicit,</span> <span class='ocrx_word' id='word_1_677' title='bbox 3538 4288 3684 4343; x_wconf 92' lang='lat' dir='ltr'>illud</span> 
     </span>
    </p>
   </div>
   <div class='ocr_carea' id='block_1_92' title="bbox 2037 4379 3684 4460">
    <p class='ocr_par' dir='ltr' id='par_1_92' title="bbox 2037 4379 3684 4460">
     <span class='ocr_line' id='line_1_92' title="bbox 2037 4379 3684 4460; baseline -0.009 -14"><span class='ocrx_word' id='word_1_678' title='bbox 2037 4395 2145 4455; x_wconf 91' lang='lat' dir='ltr'>est,</span> <span class='ocrx_word' id='word_1_679' title='bbox 2162 4389 2315 4460; x_wconf 89' lang='lat' dir='ltr'>quod</span> <span class='ocrx_word' id='word_1_680' title='bbox 2334 4388 2390 4441; x_wconf 91' lang='lat' dir='ltr'>in</span> <span class='ocrx_word' id='word_1_681' title='bbox 2410 4386 2657 4441; x_wconf 89' lang='lat' dir='ltr'>alioloco</span> <span class='ocrx_word' id='word_1_682' title='bbox 2675 4380 3337 4453; x_wconf 86' lang='lat' dir='ltr'>idemApostolusdieit:</span> <span class='ocrx_word' id='word_1_683' title='bbox 3360 4404 3379 4427; x_wconf 78' lang='grc' dir='ltr'>ιι</span> <span class='ocrx_word' id='word_1_684' title='bbox 3400 4379 3684 4433; x_wconf 88' lang='lat' dir='ltr'>Dominus</span> 
     </span>
    </p>
   </div>
   <div class='ocr_carea' id='block_1_93' title="bbox 2037 4470 3681 4552">
    <p class='ocr_par' dir='ltr' id='par_1_93' title="bbox 2037 4470 3681 4552">
     <span class='ocr_line' id='line_1_93' title="bbox 2037 4470 3681 4552; baseline -0.007 -18"><span class='ocrx_word' id='word_1_685' title='bbox 2037 4496 2214 4552; x_wconf 88' lang='lat' dir='ltr'>prope</span> <span class='ocrx_word' id='word_1_686' title='bbox 2236 4474 2499 4541; x_wconf 87' lang='lat' dir='ltr'>est,nihil</span> <span class='ocrx_word' id='word_1_687' title='bbox 2518 4473 2761 4529; x_wconf 87' lang='lat' dir='ltr'>sollicite</span> <span class='ocrx_word' id='word_1_688' title='bbox 2780 4472 2911 4526; x_wconf 90' lang='lat' dir='ltr'>sitis</span> <span class='ocrx_word' id='word_1_689' title='bbox 2928 4471 3343 4541; x_wconf 75' lang='lat' dir='ltr'>(l’lu&#39;lz&#39;pp.iv,5.</span> <span class='ocrx_word' id='word_1_690' title='bbox 3368 4470 3422 4535; x_wconf 76' lang='lat'>(3)</span> <span class='ocrx_word' id='word_1_691' title='bbox 3442 4486 3453 4534; x_wconf 91' lang='lat'>;</span> <span class='ocrx_word' id='word_1_692' title='bbox 3476 4491 3500 4515; x_wconf 86' lang='grc'><strong>››</strong></span> <span class='ocrx_word' id='word_1_693' title='bbox 3526 4484 3681 4522; x_wconf 91' lang='lat' dir='ltr'>nunc</span> 
     </span>
    </p>
   </div>
   <div class='ocr_carea' id='block_1_94' title="bbox 283 4557 3683 4645">
    <p class='ocr_par' dir='ltr' id='par_1_94' title="bbox 283 4557 3683 4645">
     <span class='ocr_line' id='line_1_94' title="bbox 283 4557 3683 4645; baseline -0.003 -24"><span class='ocrx_word' id='word_1_694' title='bbox 283 4582 496 4637; x_wconf 89' lang='lat' dir='ltr'>corpus</span> <span class='ocrx_word' id='word_1_695' title='bbox 527 4565 933 4635; x_wconf 87' lang='lat' dir='ltr'>aspergebant,</span> <span class='ocrx_word' id='word_1_696' title='bbox 959 4581 1065 4619; x_wconf 94' lang='lat' dir='ltr'>nos</span> <span class='ocrx_word' id='word_1_697' title='bbox 1096 4566 1535 4621; x_wconf 88' lang='lat' dir='ltr'>conscientiam.</span> <span class='ocrx_word' id='word_1_698' title='bbox 1570 4569 1755 4631; x_wconf 82' lang='lat' dir='ltr'>Quare</span> <span class='ocrx_word' id='word_1_699' title='bbox 1815 4587 1927 4624; x_wconf 91' lang='lat' dir='ltr'>non</span> <span class='ocrx_word' id='word_1_700' title='bbox 1962 4583 2006 4645; x_wconf 69' lang='grc' dir='ltr'>Ι)</span> <span class='ocrx_word' id='word_1_701' title='bbox 2040 4574 2233 4624; x_wconf 88' lang='lat' dir='ltr'>autem</span> <span class='ocrx_word' id='word_1_702' title='bbox 2268 4566 2632 4637; x_wconf 80' lang='lat' dir='ltr'>prepinquus</span> <span class='ocrx_word' id='word_1_703' title='bbox 2660 4561 2830 4615; x_wconf 88' lang='lat' dir='ltr'>nobis</span> <span class='ocrx_word' id='word_1_704' title='bbox 2861 4566 2948 4614; x_wconf 84' lang='lat' dir='ltr'>cst.</span> <span class='ocrx_word' id='word_1_705' title='bbox 2972 4560 3153 4629; x_wconf 70' lang='grc'>(1436)</span> <span class='ocrx_word' id='word_1_706' title='bbox 3179 4578 3191 4623; x_wconf 89' lang='grc'><strong>;</strong></span> <span class='ocrx_word' id='word_1_707' title='bbox 3216 4557 3421 4611; x_wconf 87' lang='lat' dir='ltr'>salutis</span> <span class='ocrx_word' id='word_1_708' title='bbox 3451 4562 3683 4625; x_wconf 82' lang='lat' dir='ltr'>tempus</span> 
     </span>
    </p>
   </div>
   <div class='ocr_carea' id='block_1_95' title="bbox 282 4654 1926 4727">
    <p class='ocr_par' dir='ltr' id='par_1_95' title="bbox 282 4654 1926 4727">
     <span class='ocr_line' id='line_1_95' title="bbox 282 4654 1926 4727; baseline 0.002 -17"><span class='ocrx_word' id='word_1_709' title='bbox 282 4655 751 4722; x_wconf 84' lang='lat' dir='ltr'>dixit,mundati,</span> <span class='ocrx_word' id='word_1_710' title='bbox 778 4658 833 4707; x_wconf 94' lang='lat' dir='ltr'>et</span> <span class='ocrx_word' id='word_1_711' title='bbox 864 4654 1086 4724; x_wconf 89' lang='lat' dir='ltr'>aspersi</span> <span class='ocrx_word' id='word_1_712' title='bbox 1107 4654 1134 4707; x_wconf 77' lang='lat' dir='ltr'>‘I</span> <span class='ocrx_word' id='word_1_713' title='bbox 1149 4654 1541 4709; x_wconf 78' lang='lat' dir='ltr'>Diﬁ‘erentiam</span> <span class='ocrx_word' id='word_1_714' title='bbox 1568 4658 1926 4727; x_wconf 89' lang='lat' dir='ltr'>aspersionis</span> 
     </span>
    </p>
   </div>
   <div class='ocr_carea' id='block_1_96' title="bbox 280 4742 1917 4814">
    <p class='ocr_par' dir='ltr' id='par_1_96' title="bbox 280 4742 1917 4814">
     <span class='ocr_line' id='line_1_96' title="bbox 280 4742 1917 4814; baseline 0.002 -17"><span class='ocrx_word' id='word_1_715' title='bbox 280 4743 484 4799; x_wconf 90' lang='lat' dir='ltr'>volens</span> <span class='ocrx_word' id='word_1_716' title='bbox 515 4743 836 4812; x_wconf 90' lang='lat' dir='ltr'>ostendere,</span> <span class='ocrx_word' id='word_1_717' title='bbox 872 4743 999 4797; x_wconf 88' lang='lat' dir='ltr'>ideo</span> <span class='ocrx_word' id='word_1_718' title='bbox 1026 4742 1287 4813; x_wconf 90' lang='lat' dir='ltr'>protulit,</span> <span class='ocrx_word' id='word_1_719' title='bbox 1343 4765 1363 4792; x_wconf 73' lang='grc' dir='ltr'><strong><em>α</em></strong></span> <span class='ocrx_word' id='word_1_720' title='bbox 1401 4745 1643 4814; x_wconf 87' lang='lat' dir='ltr'>aspersi.</span> <span class='ocrx_word' id='word_1_721' title='bbox 1670 4765 1696 4796; x_wconf 72' lang='grc' dir='ltr'><strong><em>ιο</em></strong></span> <span class='ocrx_word' id='word_1_722' title='bbox 1752 4747 1917 4801; x_wconf 90' lang='lat' dir='ltr'>Aliud</span> 
     </span>
    </p>
   </div>
   <div class='ocr_carea' id='block_1_97' title="bbox 282 4829 1929 4905">
    <p class='ocr_par' dir='ltr' id='par_1_97' title="bbox 282 4829 1929 4905">
     <span class='ocr_line' id='line_1_97' title="bbox 282 4829 1929 4905; baseline 0.004 -18"><span class='ocrx_word' id='word_1_723' title='bbox 282 4832 523 4905; x_wconf 89' lang='lat' dir='ltr'>quidem</span> <span class='ocrx_word' id='word_1_724' title='bbox 555 4848 683 4887; x_wconf 90' lang='lat' dir='ltr'>esse</span> <span class='ocrx_word' id='word_1_725' title='bbox 707 4831 847 4897; x_wconf 92' lang='lat' dir='ltr'>Dei;</span> <span class='ocrx_word' id='word_1_726' title='bbox 884 4829 1043 4885; x_wconf 90' lang='lat' dir='ltr'>aliud</span> <span class='ocrx_word' id='word_1_727' title='bbox 1104 4836 1299 4886; x_wconf 88' lang='lat' dir='ltr'>autem</span> <span class='ocrx_word' id='word_1_728' title='bbox 1340 4838 1626 4887; x_wconf 89' lang='lat' dir='ltr'>nostrum.</span> <span class='ocrx_word' id='word_1_729' title='bbox 1682 4835 1929 4893; x_wconf 91' lang='lat' dir='ltr'>Abluere</span> 
     </span>
    </p>
   </div>
   <div class='ocr_carea' id='block_1_98' title="bbox 282 4919 1927 4993">
    <p class='ocr_par' dir='ltr' id='par_1_98' title="bbox 282 4919 1927 4993">
     <span class='ocr_line' id='line_1_98' title="bbox 282 4919 1927 4993; baseline 0.002 -18"><span class='ocrx_word' id='word_1_730' title='bbox 282 4922 524 4993; x_wconf 91' lang='lat' dir='ltr'>quippe,</span> <span class='ocrx_word' id='word_1_731' title='bbox 554 4925 610 4975; x_wconf 87' lang='lat' dir='ltr'>et</span> <span class='ocrx_word' id='word_1_732' title='bbox 642 4935 969 4990; x_wconf 88' lang='lat' dir='ltr'>aspergere,</span> <span class='ocrx_word' id='word_1_733' title='bbox 1003 4919 1101 4972; x_wconf 89' lang='lat' dir='ltr'>Dei</span> <span class='ocrx_word' id='word_1_734' title='bbox 1135 4924 1223 4974; x_wconf 90' lang='lat' dir='ltr'>est</span> <span class='ocrx_word' id='word_1_735' title='bbox 1250 4937 1263 4985; x_wconf 89' lang='lat'><strong>;</strong></span> <span class='ocrx_word' id='word_1_736' title='bbox 1292 4936 1424 4974; x_wconf 91' lang='lat' dir='ltr'>cum</span> <span class='ocrx_word' id='word_1_737' title='bbox 1455 4924 1695 4977; x_wconf 87' lang='lat' dir='ltr'>veritate</span> <span class='ocrx_word' id='word_1_738' title='bbox 1734 4930 1927 4979; x_wconf 88' lang='lat' dir='ltr'>autem</span> 
     </span>
    </p>
   </div>
   <div class='ocr_carea' id='block_1_99' title="bbox 286 5007 1932 5080">
    <p class='ocr_par' dir='ltr' id='par_1_99' title="bbox 286 5007 1932 5080">
     <span class='ocr_line' id='line_1_99' title="bbox 286 5007 1932 5080; baseline 0.002 -15"><span class='ocrx_word' id='word_1_739' title='bbox 286 5010 580 5075; x_wconf 89' lang='lat' dir='ltr'>recedere,</span> <span class='ocrx_word' id='word_1_740' title='bbox 614 5014 670 5064; x_wconf 91' lang='lat' dir='ltr'>et</span> <span class='ocrx_word' id='word_1_741' title='bbox 700 5007 1061 5079; x_wconf 88' lang='lat' dir='ltr'>plenitudine</span> <span class='ocrx_word' id='word_1_742' title='bbox 1084 5007 1238 5074; x_wconf 88' lang='lat' dir='ltr'>ﬁdei,</span> <span class='ocrx_word' id='word_1_743' title='bbox 1268 5024 1397 5062; x_wconf 90' lang='lat' dir='ltr'>cum</span> <span class='ocrx_word' id='word_1_744' title='bbox 1423 5011 1610 5080; x_wconf 86' lang='lat' dir='ltr'>gratia</span> <span class='ocrx_word' id='word_1_745' title='bbox 1647 5012 1806 5067; x_wconf 91' lang='lat' dir='ltr'>illius</span> <span class='ocrx_word' id='word_1_746' title='bbox 1837 5031 1932 5069; x_wconf 87' lang='lat' dir='ltr'>no-</span> 
     </span>
    </p>
   </div>
   <div class='ocr_carea' id='block_1_100' title="bbox 282 5095 1932 5173">
    <p class='ocr_par' dir='ltr' id='par_1_100' title="bbox 282 5095 1932 5173">
     <span class='ocr_line' id='line_1_100' title="bbox 282 5095 1932 5173; baseline 0.001 -19"><span class='ocrx_word' id='word_1_747' title='bbox 282 5104 476 5155; x_wconf 88' lang='lat' dir='ltr'>strum</span> <span class='ocrx_word' id='word_1_748' title='bbox 509 5103 615 5153; x_wconf 89' lang='lat' dir='ltr'>est.</span> <span class='ocrx_word' id='word_1_749' title='bbox 675 5120 703 5147; x_wconf 85' lang='lat'><strong>«</strong></span> <span class='ocrx_word' id='word_1_750' title='bbox 737 5097 807 5151; x_wconf 89' lang='lat' dir='ltr'>Et</span> <span class='ocrx_word' id='word_1_751' title='bbox 866 5095 1137 5167; x_wconf 81' lang='lat' dir='ltr'>abluti,»</span> <span class='ocrx_word' id='word_1_752' title='bbox 1189 5096 1401 5168; x_wconf 91' lang='lat' dir='ltr'>inquit,</span> <span class='ocrx_word' id='word_1_753' title='bbox 1456 5116 1727 5169; x_wconf 88' lang='lat' dir='ltr'>«corpus</span> <span class='ocrx_word' id='word_1_754' title='bbox 1778 5120 1932 5173; x_wconf 89' lang='lat' dir='ltr'>aqua</span> 
     </span>
    </p>
   </div>
   <div class='ocr_carea' id='block_1_101' title="bbox 280 5184 1929 5257">
    <p class='ocr_par' dir='ltr' id='par_1_101' title="bbox 280 5184 1929 5257">
     <span class='ocr_line' id='line_1_101' title="bbox 280 5184 1929 5257; baseline 0.001 -14"><span class='ocrx_word' id='word_1_755' title='bbox 280 5188 527 5243; x_wconf 87' lang='lat' dir='ltr'>munda.</span> <span class='ocrx_word' id='word_1_756' title='bbox 554 5209 583 5236; x_wconf 87' lang='grc'><strong>››</strong></span> <span class='ocrx_word' id='word_1_757' title='bbox 604 5186 917 5241; x_wconf 88' lang='lat' dir='ltr'>Lavacrum</span> <span class='ocrx_word' id='word_1_758' title='bbox 944 5184 1318 5255; x_wconf 88' lang='lat' dir='ltr'>baptismatis</span> <span class='ocrx_word' id='word_1_759' title='bbox 1350 5186 1411 5239; x_wconf 91' lang='lat' dir='ltr'>in</span> <span class='ocrx_word' id='word_1_760' title='bbox 1436 5186 1545 5241; x_wconf 91' lang='lat' dir='ltr'>hoc</span> <span class='ocrx_word' id='word_1_761' title='bbox 1596 5186 1720 5242; x_wconf 93' lang='lat' dir='ltr'>loco</span> <span class='ocrx_word' id='word_1_762' title='bbox 1752 5189 1891 5244; x_wconf 90' lang='lat' dir='ltr'>dicit</span> <span class='ocrx_word' id='word_1_763' title='bbox 1916 5214 1929 5257; x_wconf 88' lang='lat'><strong>;</strong></span> 
     </span>
    </p>
   </div>
   <div class='ocr_carea' id='block_1_102' title="bbox 281 5272 1931 5348">
    <p class='ocr_par' dir='ltr' id='par_1_102' title="bbox 281 5272 1931 5348">
     <span class='ocr_line' id='line_1_102' title="bbox 281 5272 1931 5348; baseline 0.001 -16"><span class='ocrx_word' id='word_1_764' title='bbox 281 5277 423 5348; x_wconf 85' lang='lat' dir='ltr'>quia</span> <span class='ocrx_word' id='word_1_765' title='bbox 454 5276 597 5332; x_wconf 87' lang='lat' dir='ltr'>foris</span> <span class='ocrx_word' id='word_1_766' title='bbox 626 5275 893 5330; x_wconf 89' lang='lat' dir='ltr'>lavamur</span> <span class='ocrx_word' id='word_1_767' title='bbox 922 5290 1094 5345; x_wconf 88' lang='lat' dir='ltr'>aqua,</span> <span class='ocrx_word' id='word_1_768' title='bbox 1126 5272 1287 5328; x_wconf 88' lang='lat' dir='ltr'>intus</span> <span class='ocrx_word' id='word_1_769' title='bbox 1316 5290 1449 5330; x_wconf 90' lang='lat' dir='ltr'>vero</span> <span class='ocrx_word' id='word_1_770' title='bbox 1480 5276 1696 5347; x_wconf 89' lang='lat' dir='ltr'>Spiritu</span> <span class='ocrx_word' id='word_1_771' title='bbox 1731 5283 1931 5333; x_wconf 88' lang='lat' dir='ltr'>sancto</span> 
     </span>
    </p>
   </div>
   <div class='ocr_carea' id='block_1_103' title="bbox 356 5416 1933 5489">
    <p class='ocr_par' dir='ltr' id='par_1_103' title="bbox 356 5416 1933 5489">
     <span class='ocr_line' id='line_1_103' title="bbox 356 5416 1933 5489; baseline 0.001 -16"><span class='ocrx_word' id='word_1_772' title='bbox 356 5418 541 5489; x_wconf 87' lang='grc'>(1434)</span> <span class='ocrx_word' id='word_1_773' title='bbox 574 5418 636 5473; x_wconf 91' lang='lat' dir='ltr'>In</span> <span class='ocrx_word' id='word_1_774' title='bbox 660 5417 786 5471; x_wconf 92' lang='lat' dir='ltr'>cod.</span> <span class='ocrx_word' id='word_1_775' title='bbox 811 5416 894 5470; x_wconf 90' lang='lat' dir='ltr'>ita</span> <span class='ocrx_word' id='word_1_776' title='bbox 913 5419 1237 5485; x_wconf 82' lang='lat' dir='ltr'>perceptam,</span> <span class='ocrx_word' id='word_1_777' title='bbox 1259 5432 1357 5486; x_wconf 84' lang='lat' dir='ltr'>per</span> <span class='ocrx_word' id='word_1_778' title='bbox 1386 5418 1670 5474; x_wconf 84' lang='lat' dir='ltr'>velamen:</span> <span class='ocrx_word' id='word_1_779' title='bbox 1729 5419 1933 5474; x_wconf 91' lang='lat' dir='ltr'>imme-</span> 
     </span>
    </p>
   </div>
   <div class='ocr_carea' id='block_1_104' title="bbox 266 5489 1934 5563">
    <p class='ocr_par' dir='ltr' id='par_1_104' title="bbox 266 5489 1934 5563">
     <span class='ocr_line' id='line_1_104' title="bbox 266 5489 1934 5563; baseline 0 -18"><span class='ocrx_word' id='word_1_780' title='bbox 266 5490 439 5545; x_wconf 71' lang='lat' dir='ltr'>diate</span> <span class='ocrx_word' id='word_1_781' title='bbox 460 5493 744 5563; x_wconf 72' lang='lat' dir='ltr'>autemsu</span> <span class='ocrx_word' id='word_1_782' title='bbox 758 5504 859 5558; x_wconf 87' lang='lat' dir='ltr'>pra</span> <span class='ocrx_word' id='word_1_783' title='bbox 885 5504 953 5541; x_wconf 88' lang='lat' dir='ltr'>ea</span> <span class='ocrx_word' id='word_1_784' title='bbox 968 5489 1142 5542; x_wconf 86' lang='lat' dir='ltr'>verba</span> <span class='ocrx_word' id='word_1_785' title='bbox 1161 5502 1258 5563; x_wconf 77' lang='lat' dir='ltr'>per</span> <span class='ocrx_word' id='word_1_786' title='bbox 1279 5490 1540 5563; x_wconf 74' lang='lat' dir='ltr'>velamen,</span> <span class='ocrx_word' id='word_1_787' title='bbox 1569 5491 1779 5563; x_wconf 88' lang='lat' dir='ltr'>legitur</span> <span class='ocrx_word' id='word_1_788' title='bbox 1810 5508 1934 5563; x_wconf 72' lang='lat' dir='ltr'>per-</span> 
     </span>
    </p>
   </div>
   <div class='ocr_carea' id='block_1_105' title="bbox 286 5559 1932 5635">
    <p class='ocr_par' dir='ltr' id='par_1_105' title="bbox 286 5559 1932 5635">
     <span class='ocr_line' id='line_1_105' title="bbox 286 5559 1932 5635; baseline 0.001 -19"><span class='ocrx_word' id='word_1_789' title='bbox 286 5561 896 5635; x_wconf 53' lang='lat' dir='ltr'>manentemlfqrtassq</span> <span class='ocrx_word' id='word_1_790' title='bbox 915 5559 1294 5635; x_wconf 78' lang='lat' dir='ltr'>transpositio</span> <span class='ocrx_word' id='word_1_791' title='bbox 1316 5562 1556 5616; x_wconf 88' lang='lat' dir='ltr'>verboru</span> <span class='ocrx_word' id='word_1_792' title='bbox 1569 5559 1932 5635; x_wconf 46' lang='lat' dir='ltr'>m&#39;aptiorem</span> 
     </span>
    </p>
   </div>
   <div class='ocr_carea' id='block_1_106' title="bbox 286 5630 1933 5708">
    <p class='ocr_par' dir='ltr' id='par_1_106' title="bbox 286 5630 1933 5708">
     <span class='ocr_line' id='line_1_106' title="bbox 286 5630 1933 5708; baseline 0.001 -17"><span class='ocrx_word' id='word_1_793' title='bbox 286 5650 532 5691; x_wconf 85' lang='lat' dir='ltr'>sensum</span> <span class='ocrx_word' id='word_1_794' title='bbox 564 5633 852 5703; x_wconf 89' lang='lat' dir='ltr'>redderet,</span> <span class='ocrx_word' id='word_1_795' title='bbox 883 5630 992 5687; x_wconf 91' lang='lat' dir='ltr'>hoc</span> <span class='ocrx_word' id='word_1_796' title='bbox 1022 5630 1225 5687; x_wconf 91' lang='lat' dir='ltr'>modo:</span> <span class='ocrx_word' id='word_1_797' title='bbox 1271 5630 1704 5706; x_wconf 64' lang='lat' dir='ltr'>permanentem,</span> <span class='ocrx_word' id='word_1_798' title='bbox 1748 5651 1933 5708; x_wconf 81' lang='lat' dir='ltr'>perce-</span> 
     </span>
    </p>
   </div>
   <div class='ocr_carea' id='block_1_107' title="bbox 2033 4649 3171 4730">
    <p class='ocr_par' dir='ltr' id='par_1_107' title="bbox 2033 4649 3171 4730">
     <span class='ocr_line' id='line_1_107' title="bbox 2033 4649 3171 4730; baseline -0.014 -16"><span class='ocrx_word' id='word_1_799' title='bbox 2033 4662 2156 4730; x_wconf 89' lang='lat' dir='ltr'>jam</span> <span class='ocrx_word' id='word_1_800' title='bbox 2190 4654 2591 4711; x_wconf 87' lang='lat' dir='ltr'>abbreviatum</span> <span class='ocrx_word' id='word_1_801' title='bbox 2623 4654 2711 4705; x_wconf 92' lang='lat' dir='ltr'>est</span> <span class='ocrx_word' id='word_1_802' title='bbox 2750 4652 2922 4718; x_wconf 84' lang='lat' dir='ltr'>(Rom.</span> <span class='ocrx_word' id='word_1_803' title='bbox 2963 4666 3033 4714; x_wconf 81' lang='lat' dir='ltr'>ix,</span> <span class='ocrx_word' id='word_1_804' title='bbox 3062 4649 3171 4716; x_wconf 75' lang='lat'>‘25).</span> 
     </span>
    </p>
   </div>
   <div class='ocr_carea' id='block_1_108' title="bbox 2106 4735 3679 4808">
    <p class='ocr_par' dir='ltr' id='par_1_108' title="bbox 2106 4735 3679 4808">
     <span class='ocr_line' id='line_1_108' title="bbox 2106 4735 3679 4808; baseline -0.007 -9"><span class='ocrx_word' id='word_1_805' title='bbox 2106 4770 2134 4799; x_wconf 89' lang='grc'>‹‹</span> <span class='ocrx_word' id='word_1_806' title='bbox 2169 4743 2507 4800; x_wconf 89' lang='lat' dir='ltr'>Voluntarie</span> <span class='ocrx_word' id='word_1_807' title='bbox 2536 4740 2691 4795; x_wconf 89' lang='lat' dir='ltr'>enim</span> <span class='ocrx_word' id='word_1_808' title='bbox 2722 4738 3098 4808; x_wconf 90' lang='lat' dir='ltr'>peccantibus</span> <span class='ocrx_word' id='word_1_809' title='bbox 3147 4735 3315 4790; x_wconf 90' lang='lat' dir='ltr'>nobis</span> <span class='ocrx_word' id='word_1_810' title='bbox 3347 4738 3478 4805; x_wconf 90' lang='lat' dir='ltr'>post</span> <span class='ocrx_word' id='word_1_811' title='bbox 3519 4750 3679 4789; x_wconf 88' lang='lat' dir='ltr'>acce-</span> 
     </span>
    </p>
   </div>
   <div class='ocr_carea' id='block_1_109' title="bbox 2044 4823 3683 4909">
    <p class='ocr_par' dir='ltr' id='par_1_109' title="bbox 2044 4823 3683 4909">
     <span class='ocr_line' id='line_1_109' title="bbox 2044 4823 3683 4909; baseline -0.01 -17"><span class='ocrx_word' id='word_1_812' title='bbox 2044 4842 2202 4909; x_wconf 87' lang='lat' dir='ltr'>ptam</span> <span class='ocrx_word' id='word_1_813' title='bbox 2228 4833 2493 4888; x_wconf 87' lang='lat' dir='ltr'>notitiam</span> <span class='ocrx_word' id='word_1_814' title='bbox 2516 4828 2921 4896; x_wconf 89' lang='lat' dir='ltr'>veritatis,jam</span> <span class='ocrx_word' id='word_1_815' title='bbox 2942 4843 3053 4880; x_wconf 90' lang='lat' dir='ltr'>non</span> <span class='ocrx_word' id='word_1_816' title='bbox 3072 4823 3420 4895; x_wconf 88' lang='lat' dir='ltr'>relinquitur</span> <span class='ocrx_word' id='word_1_817' title='bbox 3434 4840 3534 4894; x_wconf 91' lang='lat' dir='ltr'>pro</span> <span class='ocrx_word' id='word_1_818' title='bbox 3554 4839 3683 4894; x_wconf 87' lang='lat' dir='ltr'>pec-</span> 
     </span>
    </p>
   </div>
   <div class='ocr_carea' id='block_1_110' title="bbox 2041 4912 3683 4979">
    <p class='ocr_par' dir='ltr' id='par_1_110' title="bbox 2041 4912 3683 4979">
     <span class='ocr_line' id='line_1_110' title="bbox 2041 4912 3683 4979; baseline -0.009 0"><span class='ocrx_word' id='word_1_819' title='bbox 2041 4925 2184 4979; x_wconf 86' lang='lat' dir='ltr'>catis</span> <span class='ocrx_word' id='word_1_820' title='bbox 2210 4920 2422 4976; x_wconf 89' lang='lat' dir='ltr'>hostia.</span> <span class='ocrx_word' id='word_1_821' title='bbox 2453 4941 2479 4965; x_wconf 74' lang='lat' dir='ltr'>n</span> <span class='ocrx_word' id='word_1_822' title='bbox 2506 4919 2631 4972; x_wconf 88' lang='lat' dir='ltr'>Non</span> <span class='ocrx_word' id='word_1_823' title='bbox 2653 4916 2807 4969; x_wconf 90' lang='lat' dir='ltr'>enim</span> <span class='ocrx_word' id='word_1_824' title='bbox 2826 4920 2914 4969; x_wconf 90' lang='lat' dir='ltr'>est</span> <span class='ocrx_word' id='word_1_825' title='bbox 2931 4914 3123 4969; x_wconf 86' lang='lat' dir='ltr'>hostia</span> <span class='ocrx_word' id='word_1_826' title='bbox 3146 4912 3423 4970; x_wconf 88' lang='lat' dir='ltr'>secunda.</span> <span class='ocrx_word' id='word_1_827' title='bbox 3442 4913 3543 4966; x_wconf 83' lang='lat' dir='ltr'>Hic</span> <span class='ocrx_word' id='word_1_828' title='bbox 3576 4913 3683 4965; x_wconf 88' lang='lat' dir='ltr'>ite-</span> 
     </span>
    </p>
   </div>
   <div class='ocr_carea' id='block_1_111' title="bbox 2042 5000 3677 5079">
    <p class='ocr_par' dir='ltr' id='par_1_111' title="bbox 2042 5000 3677 5079">
     <span class='ocr_line' id='line_1_111' title="bbox 2042 5000 3677 5079; baseline -0.01 -11"><span class='ocrx_word' id='word_1_829' title='bbox 2042 5030 2170 5067; x_wconf 86' lang='lat' dir='ltr'>rum</span> <span class='ocrx_word' id='word_1_830' title='bbox 2203 5025 2452 5079; x_wconf 83' lang='lat' dir='ltr'>exsurgu</span> <span class='ocrx_word' id='word_1_831' title='bbox 2466 5012 2544 5075; x_wconf 92' lang='lat' dir='ltr'>nt,</span> <span class='ocrx_word' id='word_1_832' title='bbox 2559 5006 2656 5075; x_wconf 89' lang='lat' dir='ltr'>qui</span> <span class='ocrx_word' id='word_1_833' title='bbox 2674 5004 3072 5076; x_wconf 67' lang='lat' dir='ltr'>pwnitentiam</span> <span class='ocrx_word' id='word_1_834' title='bbox 3088 5021 3156 5057; x_wconf 88' lang='lat' dir='ltr'>au</span> <span class='ocrx_word' id='word_1_835' title='bbox 3170 5005 3378 5057; x_wconf 89' lang='lat' dir='ltr'>ferunt.</span> <span class='ocrx_word' id='word_1_836' title='bbox 3396 5000 3677 5065; x_wconf 89' lang='lat' dir='ltr'>Quoniam</span> 
     </span>
    </p>
   </div>
   <div class='ocr_carea' id='block_1_112' title="bbox 2042 5088 3679 5168">
    <p class='ocr_par' dir='ltr' id='par_1_112' title="bbox 2042 5088 3679 5168">
     <span class='ocr_line' id='line_1_112' title="bbox 2042 5088 3679 5168; baseline -0.01 -12"><span class='ocrx_word' id='word_1_837' title='bbox 2042 5103 2098 5156; x_wconf 90' lang='lat' dir='ltr'>in</span> <span class='ocrx_word' id='word_1_838' title='bbox 2125 5101 2231 5155; x_wconf 89' lang='lat' dir='ltr'>hoc</span> <span class='ocrx_word' id='word_1_839' title='bbox 2253 5115 2367 5153; x_wconf 91' lang='lat' dir='ltr'>non</span> <span class='ocrx_word' id='word_1_840' title='bbox 2394 5094 2792 5168; x_wconf 64' lang='lat' dir='ltr'>paenitentiam</span> <span class='ocrx_word' id='word_1_841' title='bbox 2824 5094 3097 5158; x_wconf 84' lang='lat' dir='ltr'>excludit,</span> <span class='ocrx_word' id='word_1_842' title='bbox 3126 5108 3307 5161; x_wconf 81' lang='lat' dir='ltr'>neque</span> <span class='ocrx_word' id='word_1_843' title='bbox 3322 5088 3679 5161; x_wconf 89' lang='lat' dir='ltr'>propitiatio-</span> 
     </span>
    </p>
   </div>
   <div class='ocr_carea' id='block_1_113' title="bbox 2040 5176 3685 5258">
    <p class='ocr_par' dir='ltr' id='par_1_113' title="bbox 2040 5176 3685 5258">
     <span class='ocr_line' id='line_1_113' title="bbox 2040 5176 3685 5258; baseline -0.01 -13"><span class='ocrx_word' id='word_1_844' title='bbox 2040 5207 2197 5257; x_wconf 87' lang='lat' dir='ltr'>nem,</span> <span class='ocrx_word' id='word_1_845' title='bbox 2232 5204 2358 5258; x_wconf 66' lang='lat' dir='ltr'>qua:</span> <span class='ocrx_word' id='word_1_846' title='bbox 2394 5188 2457 5237; x_wconf 90' lang='lat' dir='ltr'>ﬁt</span> <span class='ocrx_word' id='word_1_847' title='bbox 2483 5200 2585 5255; x_wconf 88' lang='lat' dir='ltr'>per</span> <span class='ocrx_word' id='word_1_848' title='bbox 2607 5183 3223 5254; x_wconf 73' lang='lat' dir='ltr'>pmnitentiam,neque</span> <span class='ocrx_word' id='word_1_849' title='bbox 3244 5176 3489 5247; x_wconf 88' lang='lat' dir='ltr'>repellit,</span> <span class='ocrx_word' id='word_1_850' title='bbox 3508 5182 3563 5229; x_wconf 86' lang='lat' dir='ltr'>et</span> <span class='ocrx_word' id='word_1_851' title='bbox 3585 5176 3685 5230; x_wconf 88' lang='lat' dir='ltr'>de-</span> 
     </span>
    </p>
   </div>
   <div class='ocr_carea' id='block_1_114' title="bbox 2034 5262 3686 5351">
    <p class='ocr_par' dir='ltr' id='par_1_114' title="bbox 2034 5262 3686 5351">
     <span class='ocr_line' id='line_1_114' title="bbox 2034 5262 3686 5351; baseline -0.011 -18"><span class='ocrx_word' id='word_1_852' title='bbox 2034 5280 2168 5351; x_wconf 89' lang='lat' dir='ltr'>jicit</span> <span class='ocrx_word' id='word_1_853' title='bbox 2199 5292 2300 5348; x_wconf 89' lang='lat' dir='ltr'>per</span> <span class='ocrx_word' id='word_1_854' title='bbox 2330 5273 2791 5345; x_wconf 89' lang='lat' dir='ltr'>desperationem</span> <span class='ocrx_word' id='word_1_855' title='bbox 2826 5271 3251 5341; x_wconf 90' lang='lat' dir='ltr'>delinquentes.</span> <span class='ocrx_word' id='word_1_856' title='bbox 3286 5266 3409 5320; x_wconf 87' lang='lat' dir='ltr'>Non</span> <span class='ocrx_word' id='word_1_857' title='bbox 3432 5262 3586 5317; x_wconf 89' lang='lat' dir='ltr'>enim</span> <span class='ocrx_word' id='word_1_858' title='bbox 3606 5262 3686 5318; x_wconf 91' lang='lat' dir='ltr'>ita</span> 
     </span>
    </p>
   </div>
   <div class='ocr_carea' id='block_1_115' title="bbox 2039 5418 3067 5492">
    <p class='ocr_par' dir='ltr' id='par_1_115' title="bbox 2039 5418 3067 5492">
     <span class='ocr_line' id='line_1_115' title="bbox 2039 5418 3067 5492; baseline -0.009 -17"><span class='ocrx_word' id='word_1_859' title='bbox 2039 5430 2189 5492; x_wconf 66' lang='lat' dir='ltr'>piam</span> <span class='ocrx_word' id='word_1_860' title='bbox 2218 5418 2604 5492; x_wconf 57' lang='lat' dir='ltr'>perpelamen.</span> <span class='ocrx_word' id='word_1_861' title='bbox 2683 5487 2691 5492; x_wconf 85' lang='lat'><strong>_</strong></span> <span class='ocrx_word' id='word_1_862' title='bbox 2719 5487 2726 5492; x_wconf 86' lang='lat'><strong>_</strong></span> <span class='ocrx_word' id='word_1_863' title='bbox 3062 5482 3067 5487; x_wconf 31' lang='grc' dir='ltr'><strong><em>Ι</em></strong></span> 
     </span>
    </p>
   </div>
   <div class='ocr_carea' id='block_1_116' title="bbox 2113 5481 3687 5618">
    <p class='ocr_par' dir='ltr' id='par_1_116' title="bbox 2113 5481 3687 5618">
     <span class='ocr_line' id='line_1_116' title="bbox 2113 5481 3687 5618; baseline -0.01 -74"><span class='ocrx_word' id='word_1_864' title='bbox 2113 5481 2296 5618; x_wconf 71' lang='lat' dir='ltr'>(H35)</span> <span class='ocrx_word' id='word_1_865' title='bbox 2331 5490 2495 5543; x_wconf 82' lang='lat' dir='ltr'>Rom.</span> <span class='ocrx_word' id='word_1_866' title='bbox 2523 5505 2645 5549; x_wconf 80' lang='lat' dir='ltr'>xm,</span> <span class='ocrx_word' id='word_1_867' title='bbox 2674 5487 2757 5547; x_wconf 82' lang='grc'>11,</span> <span class='ocrx_word' id='word_1_868' title='bbox 2782 5499 2931 5537; x_wconf 76' lang='lat' dir='ltr'>nunc</span> <span class='ocrx_word' id='word_1_869' title='bbox 2978 5482 3122 5534; x_wconf 75' lang='lat' dir='ltr'>enim</span> <span class='ocrx_word' id='word_1_870' title='bbox 3148 5481 3374 5550; x_wconf 61' lang='lat' dir='ltr'>promer</span> <span class='ocrx_word' id='word_1_871' title='bbox 3394 5482 3471 5531; x_wconf 80' lang='lat' dir='ltr'>est</span> <span class='ocrx_word' id='word_1_872' title='bbox 3495 5482 3687 5532; x_wconf 76' lang='lat' dir='ltr'>nostra</span> 
     </span>
     <span class='ocr_line' id='line_1_117' title="bbox 2139 5556 2959 5618; baseline -0.016 0"><span class='ocrx_word' id='word_1_873' title='bbox 2139 5579 2223 5618; x_wconf 80' lang='lat' dir='ltr'>us.</span> <span class='ocrx_word' id='word_1_874' title='bbox 2253 5578 2416 5618; x_wconf 76' lang='lat' dir='ltr'>quam</span> <span class='ocrx_word' id='word_1_875' title='bbox 2447 5576 2570 5614; x_wconf 87' lang='lat' dir='ltr'>cum</span> <span class='ocrx_word' id='word_1_876' title='bbox 2598 5556 2959 5612; x_wconf 71' lang='lat' dir='ltr'>credidimus.</span> 
     </span>
    </p>
   </div>
   <div class='ocr_carea' id='block_1_117' title="bbox 2044 5580 2102 5618">
    <p class='ocr_par' dir='ltr' id='par_1_117' title="bbox 2044 5580 2102 5618">
     <span class='ocr_line' id='line_1_118' title="bbox 2044 5580 2102 5618; baseline 0 -1"><span class='ocrx_word' id='word_1_877' title='bbox 2044 5580 2102 5618; x_wconf 75' lang='grc' dir='ltr'>δα</span> 
     </span>
    </p>
   </div>
   <div class='ocr_carea' id='block_1_118' title="bbox 2139 5556 2959 5632">
    <p class='ocr_par' dir='ltr' id='par_1_118' title="bbox 2139 5556 2959 5632">
     <span class='ocr_line' id='line_1_119' title="bbox 2139 5556 2959 5632; baseline -0.015 -15"><span class='ocrx_word' id='word_1_878' title='bbox 2139 5579 2223 5627; x_wconf 79' lang='lat' dir='ltr'>us,</span> <span class='ocrx_word' id='word_1_879' title='bbox 2253 5556 2416 5632; x_wconf 40' lang='lat' dir='ltr'>q&#39;uam</span> <span class='ocrx_word' id='word_1_880' title='bbox 2447 5576 2570 5614; x_wconf 87' lang='lat' dir='ltr'>cum</span> <span class='ocrx_word' id='word_1_881' title='bbox 2598 5556 2959 5612; x_wconf 72' lang='lat' dir='ltr'>credidimus.</span> 
     </span>
    </p>
   </div>
  </div>
