4020 6178
333 296 450 358 791

1355 291 1690 354 ATTONIS
1733 286 2318 376 VERCELLENSIS
2364 286 2713 350 EPISGOPI

3627 285 3742 344 792

339 433 428 488 est
458 429 733 486 inimicus
765 425 972 482 salutis
1001 427 1232 483 nostrae.
1266 426 1377 482 Sed
1409 425 1597 496 quid?
1643 421 1978 480 Secundum
2009 421 2063 488 Α
2097 421 2288 474 totum
2323 419 2632 478 aediﬁcium
2664 419 2962 476 subvertet
2991 431 3228 474 necesse
3256 419 3366 474 est.
3425 419 3747 488 Propterea

341 517 595 576 excludit
618 516 936 572 lavacrum.
971 516 1096 572 Non
1128 515 1284 571 enim
1317 515 1480 582 dixit,
1531 531 1642 568 non
1695 515 1782 568 est
1833 508 1984 564 ultra

342 605 700 679 paenitentia,
732 620 922 676 neque
953 605 1118 670 dixit,
1145 604 1297 660 ultra
1321 621 1435 660 non
1461 607 1549 660 est
1569 600 1858 669 remissio,
1883 599 1983 653 sed

341 694 557 760 hostia,
589 694 805 765 inquit,
839 711 953 748 non
976 697 1099 760 est;
1127 693 1235 748 hoc
1261 697 1367 760 est,
1395 709 1532 746 crux
1555 691 1707 745 ultra
1729 688 1986 744 secunda

342 801 458 840 non
490 787 598 839 est.
633 782 894 837 Hostiam
931 781 1148 856 quippe
1180 783 1328 838 hanc
1359 786 1541 836 vocat.
1576 780 1700 834 Una
1731 793 1987 848 namque

344 871 572 945 perﬁcit
601 871 660 926 in
695 876 1044 942 perpetuum
1069 887 1188 938 eos,
1221 871 1318 942 qui
1343 869 1784 924 sanctiﬁcantur
1804 867 1984 936 (Hebr.

344 978 402 1028 ι,
428 961 535 1034 lli).
559 959 686 1015 Non
706 958 858 1015 sicut
878 959 1154 1015 Judaicaa.
1187 958 1335 1014 Illud
1356 958 1510 1029 quod
1529 958 1586 1010 in
1606 957 1713 1011 hac
1736 953 1990 1027 Epistola

346 1048 450 1122 qui
480 1047 818 1122 diligentius
847 1052 1226 1120 pertractant,
1253 1047 1336 1102 sic
1368 1045 1726 1118 intelligunt,
1761 1049 1826 1099 ut
1875 1060 1988 1098 non

351 1139 422 1196 de
452 1137 734 1194 sacriﬁcio
768 1136 1142 1193 contribulati
1194 1153 1299 1207 per
1347 1135 1750 1206 paenitentiam
1800 1133 1991 1188 cordis

347 1225 750 1298 accipiendum
783 1227 860 1282 sit
884 1226 1038 1298 quod
1073 1225 1293 1280 dictum
1326 1229 1434 1291 cst,
1489 1241 1604 1278 non
1650 1223 1839 1277 adhuc
1889 1238 1990 1292 pro

345 1315 602 1390 peccatis
634 1313 985 1386 relinquitur
1014 1312 1409 1380 sacriﬁcium;
1444 1312 1544 1368 sed
1577 1313 1648 1366 de
1681 1309 1989 1375 sacriﬁcio,

347 1405 420 1460 do
444 1420 559 1476 quo
580 1402 1084 1473 tuncloquebatur
1105 1401 1438 1472 Apostolus,
1465 1401 1522 1454 id
1544 1404 1634 1454 est
1655 1399 1991 1454 holocausto

349 1491 660 1550 Dominicae
681 1489 1160 1563 passionis,quod
1185 1506 1250 1544 eo
1271 1493 1532 1560 tempore
1555 1489 1720 1544 offert
1743 1487 1993 1560 quisque

349 1598 453 1653 pro
484 1579 758 1650 peccatis,
789 1594 904 1648 quo
927 1579 1188 1647 ejusdem
1215 1577 1509 1648 passionis
1531 1578 1644 1632 ﬁde
1669 1576 1990 1644 dedicatur,

349 1673 406 1725 et
421 1667 885 1723 Christianorum
901 1665 1158 1722 ﬁdelium
1180 1666 1415 1721 nomine
1437 1665 1766 1737 baptizatus
1781 1663 1992 1719 imbui-

349 1761 466 1812 tur.
497 1761 564 1812 Et
591 1755 701 1812 hoc
727 1755 1366 1854 signiﬁcat-Apostolus
1393 1843 1404 1853 .
1429 1771 1553 1854 non.
1599 1770 1772 1825 posse
1829 1753 1991 1854 dein-
2027 1790 2072 1854 Β

348 1845 654 1917 ceps,dum
669 1843 1229 1916 peccaverit,iterum
1247 1843 1596 1914 baptizando
1611 1841 1996 1915 purgari.Quo

347 1931 648 1990 intellectu
664 1950 778 1988 non
793 1931 1208 1990 intercluditur
1221 1931 1537 2003 pmnitendi
1551 1931 1732 1986 locus.
1747 1933 1826 1984 Ita
1839 1947 1996 1999 sane,

349 2027 417 2080 ut
445 2038 568 2090 eos,
601 2021 700 2092 qui
731 2021 993 2076 nondum
1025 2019 1302 2092 baptizati
1348 2025 1506 2090 sunt,
1569 2020 1828 2074 nondum
1879 2019 1997 2089 ple-

343 2128 480 2168 nam
503 2107 808 2172 scientiam
825 2109 1086 2166 veritatis
1109 2109 1496 2181 accepisse,ut
1517 2113 1572 2164 et
1589 2109 1716 2180 jam
1742 2108 2001 2180 baptiza-

341 2197 832 2272 tus,intelligatur
860 2198 1198 2270 (1436).Non
1223 2202 1417 2252 autem
1436 2198 1629 2254 omnis
1646 2197 1998 2269 baptizatus,

344 2289 520 2354 etiam
535 2285 1098 2350 scientiamveritatis
1112 2286 1302 2358 accepi
1313 2290 1460 2358 t,pro
1469 2291 1595 2358 pter
1608 2287 1892 2358 quorumd
1904 2303 1996 2340 am

344 2375 725 2450 posteriorem
753 2379 1108 2447 provectum,
1141 2374 1230 2430 vel
1263 2375 1658 2430 miserabilem
1694 2375 1994 2448 negligen-

346 2465 512 2522 tiam.
541 2465 608 2520 Et
626 2468 822 2521 tamen
854 2461 1000 2520 illud
1024 2463 1379 2519 sacriﬁcium
1402 2465 1472 2518 de
1492 2481 1604 2535 quo
1626 2463 1996 2536 loquebatur,

349 2555 408 2611 id
439 2559 547 2620 est,
570 2553 980 2610 holocaustum
1002 2553 1253 2620 Domini,
1273 2553 1428 2623 quod
1449 2557 1588 2608 tunc
1607 2571 1708 2623 pro
1732 2570 1996 2624 unoquo-

349 2659 462 2716 que
477 2643 1314 2712 oﬁ'erturquodammodo,cum
1330 2642 1458 2710 ejus
1473 2641 1708 2696 nomine
1722 2641 1996 2712 baptizan

350 2733 423 2786 do
445 2731 731 2801 signatur,
765 2729 1001 2797 iterum,
1021 2729 1068 2783 si
1096 2729 1634 2800 peccaverit,oﬁ'erri
1651 2746 1765 2783 non
1785 2733 1992 2800 potest.

348 2819 476 2878 Non
501 2818 657 2874 enim
680 2821 928 2890 possunt
949 2817 1139 2874 denuo
1155 2817 1457 2888 baptizari,
1483 2817 1583 2889 qui
1607 2816 1786 2873 semel
1808 2819 1994 2890 bapti-

349 2907 463 2964 zati
479 2905 915 2978 sunt.quamvis
927 2905 1101 2962 etiam
1116 2906 1618 2978 postbaptismum
1636 2907 1993 2978 perignoran

345 2997 490 3052 tiam
524 2995 787 3051 veritatis
807 2995 1186 3068 peccaverint.
1208 2993 1388 3066 (1437)
1413 2996 1497 3050 Ita
1517 2996 1601 3061 ﬁt,
1629 2999 1694 3050 ut
1716 2997 1992 3066 quoniam

348 3073 477 3142 sine
487 3083 781 3156 baptismo
799 3099 969 3138 nemo
988 3087 1141 3138 recte
1153 3082 1366 3138 dicitur
1381 3082 1674 3154 accepisse
1687 3084 1990 3139 scientiam

2093 507 2202 564 hoc
2235 507 2375 562 dicit
2405 508 2682 573 Hebraeis,
2714 508 2852 579 quia
2880 524 2948 562 ex
2967 507 3124 562 Novo
3146 507 3528 562 Testamento
3553 505 3630 560 ad
3655 522 3744 562 sa-

2095 596 2415 652 cerdotium
2440 601 2604 652 vetus
2619 596 2941 652 declinasse
2961 595 3634 664 videbantur.«ldeoque
3655 611 3744 649 re-

2097 685 2414 750 mittentes,
2446 685 2657 757 inquit,
2707 684 2856 740 initii
2905 684 3122 742 Christi
3173 685 3442 754 verbum,
3497 683 3556 738 in
3611 700 3746 738 con-

2097 775 2550 828 summationem
2609 774 3016 846 respiciamus,
3070 790 3141 830 ne
3189 773 3402 828 iterum
3454 773 3748 843 jacientes

2099 863 2546 918 fundamentum
2579 863 2932 934 pcenitentiae
2954 879 2988 917 a
3009 863 3256 918 mortuis
3277 862 3584 933 operibus,
3615 867 3674 916 et
3691 861 3750 915 ﬁ-

2099 951 2191 1006 dei
2209 951 2700 1017 inDeum,lavacri
2719 951 3420 1022 doctrinmﬁmpositionis
3435 966 3752 1012 manuum,

2100 1039 2545 1095 resurrectionis
2577 1039 2755 1094 etiam
2786 1045 3176 1106 mortuorum,
3203 1043 3260 1094 et
3283 1037 3498 1109 judicii
3557 1037 3756 1093 aterni

2101 1129 2284 1200 (Hebr.
2318 1145 2392 1192 v1,
2421 1129 2469 1197 1,
2501 1129 2576 1201 2).
2603 1153 2630 1179 »
2659 1130 2776 1183 Ista
2799 1127 3072 1183 omniain
3097 1128 3390 1200 baptismo
3415 1128 3756 1194 traduntur,

2103 1234 2228 1288 quae
2257 1222 2428 1290 negat
2457 1234 2584 1274 esse
2616 1218 2948 1289 repetenda,
2984 1217 3188 1288 utique
3219 1217 3280 1271 in
3329 1216 3754 1274 consecrandis

2103 1306 2410 1360 ﬁdelibus:
2445 1324 2584 1361 nam
2619 1307 2674 1360 in
2707 1306 2866 1362 verbi
2890 1306 2990 1360 Dei
3023 1306 3388 1373 tractatione,
3423 1311 3620 1378 atque
3652 1306 3758 1359 do-

2103 1395 2290 1450 ctrina
2311 1413 2426 1450 non
2450 1395 2660 1450 iterum
2683 1399 2935 1462 tantum,
2961 1395 3060 1450 sed
3088 1394 3301 1466 saepius
3324 1395 3576 1450 dicenda
3597 1400 3761 1461 sunt,

2103 1485 2255 1540 sicut
2277 1501 2493 1552 rerum,
2519 1485 2588 1540 de
2615 1484 2830 1555 quibus
2855 1483 3186 1553 disseritur,
3215 1484 3634 1554 opportunitas
3657 1484 3760 1538 fla-

2103 1575 2268 1646 gitat.
2295 1597 2320 1622 (ι
2346 1573 2647 1628 Terribilis
2668 1579 2862 1628 autem
2889 1573 3156 1642 quaedam
3181 1577 3269 1627 est
3289 1573 3766 1644 exspectatioju-

2104 1661 2264 1728 dicii,
2297 1667 2354 1718 et
2385 1661 2540 1734 ignis
2574 1661 2890 1727 zemulatio,
2925 1678 3051 1732 qua:
3085 1667 3518 1732 consumptura
3547 1665 3644 1715 est
3663 1662 3764 1716 ad-

2102 1750 2410 1805 versarios.
2441 1772 2470 1798 ››
2493 1750 2612 1804 Hoc
2631 1750 2686 1804 in
2711 1749 2834 1805 loco
2855 1749 3172 1822 Apostolus
3204 1754 3531 1804 extremum
3551 1749 3760 1820 judicii

2109 1839 2288 1906 diem,
2320 1839 2439 1894 sive
2471 1839 2665 1910 ignem
2683 1843 3032 1910 perpetuum
3065 1837 3552 1894 manifestissime
3571 1837 3760 1893 decla-

2109 1933 2218 1982 rat.
2233 1953 2250 1975 ει
2262 1929 2394 1991 Quae
2410 1945 2651 1983 consum
2663 1933 2836 1999 ptura
2847 1933 2936 1983 est
2953 1926 3760 1982 adversarios.»Adversarios

2108 2017 2265 2072 enim
2290 2034 2404 2072 non
2426 2016 2691 2072 inﬁdeles
2714 2016 2852 2071 dicit
2872 2016 3232 2084 tantum,sed
3255 2015 3432 2072 etiam
3457 2017 3752 2070 contraria

2107 2097 2306 2160 virtuti
2331 2111 2590 2177 agentes,
2625 2105 2920 2160 daemones
2967 2104 3257 2170 videlicet,
3291 2121 3392 2159 seu
3425 2104 3754 2170 haereticos,

2109 2193 2195 2250 vel
2226 2211 2430 2250 omnes
2462 2193 2614 2250 male
2646 2207 2886 2266 agentes
2916 2193 3330 2262 concremabit,
3365 2193 3510 2260 sive,
3535 2193 3681 2264 quia
3707 2199 3760 2248 et

2109 2283 2457 2338 domesticos
2487 2288 2544 2338 et
2575 2282 2914 2348 familiares,
2944 2283 3100 2338 idem
3131 2283 3257 2354 ipse
3304 2281 3462 2354 ignis
3510 2281 3766 2354 accipiat

2108 2373 2284 2428 etiam
2317 2373 2663 2428 contrarios.

2180 2461 2363 2534 (1438)
2393 2485 2419 2511 ‹‹
2448 2461 2676 2516 Irritam
2711 2461 2813 2534 qui
2845 2461 3018 2516 faciet
3047 2460 3236 2532 legem
3259 2460 3466 2532 Moysi,
3493 2460 3628 2516 sine
3648 2460 3772 2516 ulla

2107 2549 2480 2606 miseratione
2511 2551 2763 2616 duobus,
2795 2549 2883 2604 vel
2951 2550 3142 2604 tribus
3205 2550 3460 2605 testibus
3511 2550 3772 2604 moritur

2105 2641 2283 2710 (Deut.
2315 2657 2452 2708 xvu,
2485 2640 2560 2711 6).
2591 2661 2619 2689 »
2651 2639 2786 2694 Sine
2819 2639 3220 2704 miseratione,
3255 2637 3470 2710 inquit,
3507 2643 3576 2694 ut
3605 2638 3772 2694 nulla

2107 2727 2183 2782 sit
2211 2727 2398 2798 venia,
2425 2726 2587 2782 nulla
2617 2728 2691 2783 sit
2714 2727 3143 2794 misericordia;
3176 2744 3518 2800 quanquam
3543 2727 3772 2799 Moysis

2104 2820 2258 2872 esset
2285 2815 2387 2872 illa
2417 2817 2526 2884 lex,
2562 2817 2828 2888 plurima
2881 2833 3142 2888 namque
3187 2817 3312 2888 ipse
3361 2816 3768 2887 disposuerat.

2104 2905 2250 2968 Quid
2283 2909 2389 2971 est,
2424 2922 2620 2961 coram
2671 2907 2922 2975 duobus,
2955 2905 3046 2960 vel
3081 2905 3322 2960 tribus?
3369 2905 3428 2960 Si
3477 2907 3622 2971 duo,
3673 2905 3766 2962 vel

2101 2997 2220 3049 tres
2251 2994 2545 3050 testiﬁcati
2568 2995 2802 3058 fuerint,
2837 2995 3144 3050 confestim
3168 2995 3466 3065 judicium
3495 2996 3662 3052 dant.
3693 2996 3760 3050 Si

2103 3083 2284 3155 igitur
2313 3081 2370 3136 in
2395 3082 2586 3138 Veteri
2610 3085 3005 3150 Testamento,
3038 3083 3134 3140 ubi
3157 3082 3248 3138 lex
3265 3082 3450 3156 Moysi
3473 3084 3640 3138 irrita
3665 3084 3760 3152 ﬁt,

346 3153 631 3244 veritatis,
663 3172 747 3227 sic
779 3171 914 3228 licet
943 3171 1081 3243 quia
1110 3172 1302 3227 omnis
1329 3171 1428 3242 qui
1461 3153 1680 3244 accepit
1701 3189 1852 3240 eam,
1876 3190 1990 3228 non
2024 3153 2067 3222 α
2105 3153 2372 3226 h‘om'ines
2402 3175 2736 3244 peccatores
2769 3177 2931 3228 tanto
2963 3189 3026 3227 ac
3047 3171 3148 3226 tali
3171 3153 3458 3244 supplicio
3473 3173 3762 3228 condem-

346 3261 712 3334 relinquatur
741 3277 844 3332 pro
877 3259 1132 3332 peccatis
1165 3259 1519 3316 sacriﬁcium
1547 3280 1561 3329 ;
1594 3260 1702 3315 hoc
1734 3267 1822 3316 est
1878 3279 1993 3316 non

349 3351 536 3423 possit
566 3350 757 3406 denuo
797 3349 1101 3422 baptizari,
1137 3366 1241 3404 nec
1272 3353 1468 3404 tamen
1500 3350 1713 3418 omnis,
1747 3350 1844 3420 qui
1877 3368 1992 3405 non

349 3439 560 3512 accipit
581 3455 682 3510 per
706 3438 1029 3492 doctrinam
1057 3437 1357 3492 scientiam
1379 3438 1657 3498 veritatis,
1682 3439 1766 3493 sic
1789 3440 1996 3494 debeat

348 3525 622 3582 arbitrari
654 3541 826 3596 posse
854 3542 956 3596 pro
987 3542 1048 3580 se
1081 3524 1224 3579 illud
1257 3526 1462 3580 offerre
1491 3526 1862 3582 sacriﬁcium.
1894 3547 1914 3575 α
1938 3527 1995 3582 Si

344 3616 471 3687 jam
496 3611 732 3668 ablutus
752 3617 842 3668 est
869 3629 881 3666 :
906 3612 962 3667 id
989 3617 1097 3676 est,
1121 3613 1181 3668 in
1204 3615 1404 3683 sejam
1429 3613 1694 3683 ejusdem
1735 3615 1995 3672 veritatis

351 3718 456 3774 per
483 3701 844 3772 baptismum
872 3705 1238 3756 sacramenta
1263 3702 1538 3772 percepit,
1568 3719 1678 3757 non
1704 3720 1874 3774 posse
1893 3704 1994 3760 ite-

357 3807 490 3847 rum
519 3787 822 3862 baptizari.
857 3791 1164 3861 Tanquam
1198 3791 1242 3845 si
1278 3789 1604 3846 diceremus
1635 3807 1868 3848 omnem
1899 3794 1998 3849 ho-

363 3877 582 3934 minem
612 3894 726 3933 non
757 3894 885 3934 esse
919 3879 1399 3950 quadrupedem;
1450 3895 1564 3934 non
1615 3879 1746 3936 ideo
1799 3885 1996 3938 tamen

355 3983 529 4024 omne
561 3966 801 4036 animal,
828 3967 982 4040 quod
1009 3966 1184 4022 homo
1203 3984 1317 4024 non
1341 3971 1446 4035 est,
1470 3969 1804 4041 quadrupes
1827 3972 1999 4028 debet

354 4073 503 4130 esse,
536 4059 645 4112 etc.
681 4057 792 4112 Eos
821 4056 1001 4126 enim,
1035 4056 1135 4127 qui
1161 4057 1284 4126 jam
1319 4057 1596 4128 baptizati
1616 4059 1852 4129 fuerint,
1897 4079 1986 4116 cu-

283 4181 286 4184 -
351 4145 469 4220 rari
499 4143 710 4202 melius
741 4143 1016 4210 dicimus,
1049 4161 1226 4216 quam
1261 4161 1363 4216 per
1389 4144 1792 4215 paenitentiam
1826 4165 1996 4205 reno-

347 4233 472 4290 vari
508 4250 522 4300 ;
550 4231 690 4304 quia
719 4232 1012 4288 renovatio
1044 4233 1102 4287 in
1135 4233 1428 4304 baptismo
1460 4237 1569 4304 est,
1603 4235 1702 4289 ubi
1760 4236 1996 4310 quidem

351 4325 629 4394 operatur
657 4321 1014 4394 poenitentia,
1039 4321 1140 4376 sed
1163 4325 1445 4392 tanquam
1469 4322 1848 4379 fundamento
1872 4342 1995 4380 ma-

353 4413 552 4474 nente.
582 4409 786 4482 Itaque
814 4426 849 4466 a
876 4409 1259 4465 fundamento
1281 4410 1534 4464 recurari
1562 4409 1870 4468 mdiﬁcium
1895 4431 1994 4486 po-

2105 3261 2434 3316 nebantur:
2476 3280 2495 3307 α
2523 3261 2749 3324 Quanto
2783 3261 2972 3333 magis
2996 3261 3214 3332 putatis
3239 3261 3524 3316 deteriora
3539 3261 3762 3316 mereri

2104 3347 2414 3420 supplicia,
2447 3349 2548 3420 qui
2582 3348 2792 3404 Filium
2825 3349 2925 3404 Dei
2959 3348 3406 3418 conculcaverit,
3429 3355 3488 3404 et
3515 3351 3762 3422 sangui-

2105 3454 2237 3493 nem
2257 3437 2590 3492 testamenti
2613 3437 2908 3508 pollutum
2930 3437 3178 3504 duxerit,
3205 3438 3262 3492 in
3286 3455 3402 3509 quo
3423 3438 3762 3494 sanctiﬁca-

2105 3531 2201 3580 tus
2232 3530 2341 3594 est,
2374 3531 2432 3580 et
2459 3526 2702 3598 Spiritui
2735 3528 2935 3598 gratiae
2979 3526 3398 3582 contumeliam
3455 3527 3704 3582 fecerit?
3729 3551 3760 3576 υ

2105 3615 2401 3678 Quomodo
2425 3615 2728 3670 conculcat
2746 3615 2993 3688 quisque
3019 3614 3226 3670 Fiiium
3257 3616 3398 3672 Dei?
3419 3621 3562 3670 Cum
3595 3617 3758 3672 enim

2104 3703 2343 3775 indigne
2373 3719 2442 3757 ex
2473 3720 2539 3758 eo
2572 3704 2883 3776 participat
2913 3704 3165 3776 quisque
3208 3721 3306 3777 per
3361 3709 3760 3774 sacramenta,

2105 3808 2297 3848 nonne
2330 3795 2566 3864 peccata
2597 3793 2949 3860 committit;
2985 3811 3178 3850 nonne
3207 3793 3374 3848 illum
3425 3793 3760 3862 conculcat,

2107 3897 2300 3936 nonne
2318 3881 2512 3952 ipsum
2537 3882 2894 3937 contemnit?
2916 3882 3160 3938 Sicutea
3182 3900 3308 3954 quae
3336 3881 3764 3938 conculcamus

2108 3968 2328 4024 nullius
2363 3970 2642 4025 momenti
2678 3969 3010 4042 pendimus,
3072 3972 3156 4025 sic
3213 3977 3271 4026 et
3327 3971 3428 4042 qui
3487 3977 3762 4042 peccant,

2106 4058 2402 4114 Christum
2439 4057 2664 4114 nullius
2694 4059 2976 4114 momenti
3035 4060 3392 4116 existimant.
3443 4060 3653 4116 Factus
3695 4076 3766 4117 es

2107 4163 2318 4218 corpus
2348 4147 2586 4218 Christi,
2611 4153 2668 4202 et
2691 4147 2876 4204 tradis
2901 4147 3155 4219 teipsum
3181 4146 3410 4204 diabolo
3433 4154 3498 4203 ut
3517 4147 3763 4204 concul-

2107 4253 2200 4292 ces
2233 4235 2604 4291 Christum.»
2639 4237 2707 4291 Et
2766 4238 3137 4308 sanguinem,
3163 4259 3191 4286 ››
3246 4237 3456 4309 inquit,
3515 4260 3544 4287 (τ
3575 4241 3766 4292 testa-

2107 4325 2286 4380 menti
2303 4324 2590 4397 pollutum
2607 4325 2866 4380 duxerit:
2891 4348 2918 4374 »
2937 4326 3076 4396 sive,
3095 4325 3231 4382 utin
3254 4326 3448 4382 Graeco
3483 4325 3762 4394 habetur,

2107 4436 2134 4462 «
2165 4415 2809 4483 communemjudicas.
2835 4436 2864 4463 »
2883 4414 3206 4471 Commune
3223 4415 3766 4487 quidem,immun-

350 4503 468 4576 test
498 4499 548 4556 si
581 4502 776 4556 autem
808 4499 1260 4554 fundamentum
1293 4497 1504 4554 iterare
1553 4500 1685 4570 quis
1731 4502 2000 4574 voluerit,
2033 4515 2076 4580 Β
2111 4503 2272 4567 dum,
2304 4504 2424 4558 sive
2456 4503 2608 4574 quod
2637 4502 2778 4558 nihil
2804 4502 3062 4576 amplius
3094 4522 3128 4558 a
3155 4504 3378 4560 caeteris
3401 4503 3634 4560 habeat.
3659 4503 3762 4560 Illi

427 4642 610 4714 (1436)
641 4643 874 4716 Sensus,
893 4641 986 4716 hic
1019 4643 1186 4716 tanto
1201 4641 1508 4716 verborum
1529 4641 1827 4716 involucra
1847 4647 1994 4716 tegi-

355 4715 472 4784 tur,
505 4717 572 4767 ut
593 4711 734 4768 eum
766 4718 832 4768 ut
863 4711 1350 4784 inintelligibilem
1383 4729 1528 4784 pene
1559 4711 1994 4784 reliquerimus,

356 4783 407 4839 si
421 4788 616 4838 autem
631 4784 886 4857 divinari
903 4785 990 4838 fas
1013 4783 1345 4857 sit,vide_tur
1366 4783 1532 4839 nobis
1547 4784 1629 4840 ita
1645 4783 1846 4857 legend
1861 4805 1955 4842 um
1981 4783 1992 4843 ἐ

353 4857 434 4910 ita
464 4871 620 4923 sane,
652 4860 712 4910 ut
743 4853 915 4910 illud:
939 4855 1186 4908 nondum
1203 4855 1423 4925 plenam
1443 4853 1729 4911 scz'entimﬁ
1749 4859 1997 4914 veritatis

349 4929 579 4998 accepit,
611 4927 674 4981 de
704 4927 946 4998 nondum
978 4929 1266 4998 baptizata
1297 4927 1665 4998 intelligatur,
1689 4931 1785 4998 qui
1806 4947 1910 4984 non
1938 4935 1996 4984 ut

352 4996 484 5062 ille,
507 4997 603 5069 qui
621 4999 744 5069 jam
776 4997 1082 5066 baptizatus
1111 5005 1212 5064 est,
1241 4996 1447 5052 habere
1479 4996 1838 5055 valet'Unde
1871 4999 1994 5057 loco

351 5073 409 5124 ut
429 5072 618 5141 etiam,
651 5073 712 5124 ut
742 5078 794 5124 et
813 5070 936 5141 jam
965 5069 1275 5141 legendum
1308 5071 1666 5126 censuimus.
1710 5073 1871 5136 Quod
1903 5091 1993 5126 se-

351 5142 553 5212 quitur
581 5140 734 5205 vero,
793 5140 902 5196 non
955 5142 1160 5209 autem,
1209 5140 1538 5210 signiﬁcare
1588 5143 1833 5210 videtur,
1882 5161 1993 5198 non

353 5228 555 5286 omnes
584 5214 910 5286 baptizatos
941 5213 1500 5286 omnemscientiam
1523 5213 1785 5270 veritatis
1807 5216 1994 5286 possi-

355 5284 509 5356 dere,
536 5285 619 5337 vel
648 5284 881 5356 propter
903 5284 1658 5356 quorumdamprolectum.
1685 5286 1782 5356 qui
1809 5284 1990 5351 addit,

351 5354 455 5428 vel
472 5353 706 5428 prmi-ter
731 5353 1134 5428 quorumdam,
1158 5353 1598 5428 negligentiam,
1621 5353 1746 5426 quae
1770 5357 1856 5411 vel
1883 5358 1992 5412 im-

351 5425 531 5495 pedit,
565 5425 646 5499 vel
667 5425 821 5483 delet
849 5427 1025 5499 ineis
1057 5425 1382 5499 scientiam.
1413 5425 1692 5499 Cisteruin
1728 5430 1992 5499 patienti,

349 5499 406 5550 et
437 5497 711 5554 acutioris
743 5497 962 5570 ingenii
992 5495 1186 5554 lcetori
1239 5513 1361 5553 rem
1411 5496 1661 5554 libenter
1709 5495 1990 5572 relinqui?

349 5583 502 5624 mus.
667 5583 674 5588 “

2174 4645 2357 4714 (1436)
2389 4647 2523 4710 Qum
2563 4651 2914 4716 sequuntur,
2946 4663 3058 4702 non
3103 4647 3301 4702 minus
3350 4648 3621 4702 obscura.
3671 4647 3760 4703 ita

2107 4721 2301 4771 tamen
2318 4717 2586 4771 videntur
2606 4716 3006 4788 intelligenda,
3033 4718 3081 4772 si
3105 4718 3267 4774 locus
3283 4720 3630 4787 conjecturae
3643 4719 3722 4772 sit
3737 4737 3755 4772 :

2108 4791 2192 4842 ita
2221 4790 2302 4856 ﬁt.
2341 4798 2398 4842 ut
2430 4789 2707 4856 (quoniam
2739 4807 2860 4844 sine
2889 4791 3150 4860 baptismo
3179 4805 3332 4846 nemo
3363 4793 3504 4846 recte
3545 4789 3760 4845 dicitur

2107 4862 2378 4928 accepisse
2407 4861 2692 4914 srz'entzam
2727 4861 2994 4932 veritatis)
3026 4864 3204 4916 omnis
3233 4863 3329 4932 qui
3355 4878 3486 4916 eam
3527 4863 3754 4931 accepit,

2109 4932 2231 4984 ideo
2255 4934 2384 5000 quia
2415 4947 2534 4985 eam
2565 4935 2789 5002 accepit,
2848 4947 2956 4986 non
3013 4935 3184 5002 possit
3238 4933 3413 4987 denuo
3455 4932 3754 5002 baptizari.

2105 5003 2215 5057 Nec
2245 5010 2422 5056 tamen
2455 5005 2655 5065 omnis,
2717 5006 2814 5073 qui
2867 5021 2973 5058 non
3035 5006 3234 5074 accipit
3289 5019 3387 5073 per
3413 5003 3416 5006 ’
3444 5003 3762 5058 doctrinam

2103 5075 2394 5145 scientiam
2429 5077 2697 5138 veritatis,
2729 5077 2812 5129 sic
2841 5076 3029 5130 debeat
3062 5076 3340 5129 arbitrari
3365 5090 3522 5145 posse
3539 5091 3648 5144 pro
3675 5091 3756 5141 se,

2105 5150 2216 5198 etc.
2253 5144 2472 5200 Sensus
2503 5146 2780 5212 auctoris,
2841 5151 2898 5199 et
2948 5144 3420 5200 cohaerentiorem
3473 5147 3758 5212 superius

2101 5217 2296 5340 {licttus
2328 5217 2668 5288 arripuisse,
2703 5223 2768 5272 ut
2797 5217 2941 5271 mihi
2966 5217 3253 5284 blandior,
3280 5218 3526 5274 videtur.
3547 5215 3758 5274 Videat

2127 5304 2186 5340 ec
2217 5305 2299 5340 or.

2127 5293 2299 5342 ector.

2177 5359 2358 5439 (-14:58)
2389 5358 2492 5414 Hic
2515 5357 2590 5440 _in
2652 5375 2837 5440 marg.
2893 5358 3106 5431 legitur
3161 5375 3300 5440 capx
3351 5357 3544 5440 XXVI,
3605 5360 3750 5431 quin

2102 5430 2374 5500 superius
2430 5434 2633 5486 caetera
2692 5429 2876 5502 capita
2935 5429 3179 5486 numero
3238 5429 3488 5502 ’signata
3569 5429 3750 5504 appa-

2100 5506 2284 5558 reant.
