4062 6186
236 349 354 410 793

800 348 1217 411 EXPOSITIO
1262 349 1339 409 IN
1389 346 1815 411 EPISTOLAS
1860 350 2127 413 PAULI.
2158 384 2235 396 ——
2264 353 2343 412 IN
2386 350 2641 414 EPIST.
2687 348 2792 407 AD
2834 346 3075 407 HEBR.

3544 350 3665 415 794

238 481 458 555 quippe
478 479 837 552 sanguinem
869 481 1083 537 Christi
1116 480 1408 553 polluant,
1424 479 1524 549 qui
1554 479 1887 540 haereticam
1918 482 1972 549 Α
2003 486 2302 551 docens,et
2330 483 2461 541 aliis
2481 479 2842 540 testimoniis
2867 478 3129 549 amplius
3151 478 3264 536 hoc
3278 480 3663 551 afﬂrmans,et

237 570 563 627 doctrinam
594 568 654 623 in
686 585 749 623 se
779 570 1157 643 recipiunt,et
1188 588 1299 627 non
1316 569 1659 641 Christi,per
1687 586 1887 642 pecca-

237 665 299 716 ta
331 676 531 715 eorum
563 657 861 714 Christum
896 659 967 714 de
996 676 1059 714 se
1103 660 1366 731 ejiciunt,
1419 658 1659 729 Spiritui
1690 661 1888 731 gratias

237 748 651 804 contumeliam
706 747 928 801 faciunt
980 749 1081 819 qui
1148 767 1261 804 non
1329 748 1571 803 credunt
1626 750 1780 819 quod
1831 751 1889 804 in

237 836 493 893 Ecclesia
524 837 589 889 fit
618 835 888 890 remissio
928 844 1303 907 peccatorum
1346 856 1357 892 :
1393 838 1697 893 utdictum
1752 844 1841 894 est
1873 856 1885 893 :

239 950 268 975 ‹‹
304 925 408 989 Qui
440 926 496 979 in
529 924 745 992 Spiritu
774 931 979 980 sancto
1013 926 1524 998 blasphemaverit,
1552 945 1666 983 non
1696 928 1889 983 remit-

242 1019 402 1069 tetur
458 1013 531 1081 ei,
566 1029 753 1083 neque
785 1013 845 1068 in
877 1013 988 1069 hoc
1037 1014 1269 1079 sasculo,
1332 1032 1519 1087 neque
1577 1017 1636 1071 in
1695 1017 1888 1072 futuro

245 1105 401 1174 (Luc.
434 1120 533 1157 x11.
570 1102 672 1169 19;
705 1101 889 1156 Matth.
922 1120 1027 1165 xu.
1063 1105 1170 1169 32;
1202 1106 1371 1160 Marc.
1408 1123 1489 1170 ιιι,
1523 1106 1670 1177 29).»
1705 1106 1891 1177 Siqui-

248 1194 379 1248 dem
412 1196 466 1246 et
487 1190 583 1245 ille
614 1191 854 1261 Spiritui
886 1193 1089 1262 gratim
1141 1194 1557 1249 contumeliam
1620 1195 1755 1249 facit
1788 1195 1886 1266 qui

241 1281 397 1352 quod
423 1279 518 1334 ille
548 1280 771 1348 tribuit,
806 1298 920 1335 non
948 1288 1198 1337 exercet.
1224 1283 1329 1347 Qui
1360 1283 1515 1337 enim
1540 1283 1886 1338 beneficium

243 1385 358 1423 non
392 1367 655 1439 suscipit,
715 1369 960 1438 injuriat
1018 1371 1166 1426 bene
1216 1372 1543 1426 facientem.
1621 1373 1779 1427 Fecit
1834 1376 1889 1427 te

238 1458 452 1512 filium:
480 1461 541 1510 tu
573 1460 769 1511 autem
792 1457 880 1512 vis
894 1458 1019 1513 fieri
1052 1456 1254 1520 servus
1284 1461 1310 1513 ‘?
1339 1459 1593 1515 Venitad
1614 1461 1885 1515 habitan-

240 1547 383 1601 dum
415 1546 568 1617 apud
601 1550 746 1611 te;tu
780 1551 977 1601 autem
1011 1548 1258 1603 adducis
1288 1548 1337 1603 ei
1369 1548 1749 1619 cogitationes
1773 1565 1889 1603 ma-

237 1634 428 1705 lignas
457 1635 483 1688 ?
513 1634 782 1690 Christus
812 1633 937 1690 vult
977 1634 1216 1691 solidari
1271 1638 1425 1707 apud
1458 1643 1512 1691 te
1547 1655 1559 1704 ;
1593 1642 1655 1692 tu
1689 1642 1886 1693 autem

238 1740 373 1778 eum
412 1722 720 1778 conculcas
752 1738 856 1794 per
887 1724 1212 1794 crapulam,
1248 1742 1349 1796 per
1380 1726 1740 1781 ebrietatem.
1770 1731 1885 1781 Au-

238 1813 473 1867 diamus
536 1812 634 1883 qui
702 1811 941 1883 indigne
1001 1819 1369 1869 sacramenta
1444 1816 1883 1885 participamus.
1921 1850 1968 1913 Β

238 1902 565 1955 Audiamus
589 1900 689 1970 qui
718 1899 960 1972 indigne
984 1902 1053 1955 ad
1081 1918 1346 1956 mensam
1364 1901 1520 1957 illam
1556 1902 1886 1957 accedimus

234 1989 378 2061 quid
411 1994 687 2059 sequatur
718 2004 732 2042 ε

316 2098 342 2129 α
374 2079 603 2133 Scimus
634 2077 793 2132 enim
828 2077 968 2148 quid
1009 2078 1157 2132 dixit
1188 2095 1200 2133 ;
1237 2078 1377 2133 Mihi
1438 2079 1781 2151 vindictam,
1830 2085 1888 2135 et

235 2184 343 2239 ego
371 2167 714 2221 retribuam.
751 2167 817 2220 Et
834 2167 1047 2221 iterum
1079 2184 1092 2221 :
1128 2170 1266 2239 quia
1290 2168 1575 2237 iudicabit
1606 2170 1886 2225 Dominus

235 2255 517 2327 populum
549 2272 727 2310 suum
760 2255 942 2327 (Deut.
978 2257 1272 2325 xxxn,35;
1306 2258 1739 2324 Ecclz'.'xxxvm,
1775 2260 1880 2329 1).»

235 2344 320 2399 De
346 2343 600 2399 inimicis
630 2343 740 2398 hoc
772 2344 997 2398 dictum
1039 2348 1146 2411 est,
1178 2344 1276 2415 qni
1317 2345 1468 2400 male
1501 2346 1739 2412 faciunt,
1770 2364 1887 2402 non

237 2436 311 2489 de
343 2434 454 2501 his,
489 2434 587 2505 qui
615 2432 768 2489 male
799 2434 1439 2505 patiuntur.Hicautem
1470 2441 1527 2490 et
1555 2436 1889 2493 consolatur

238 2540 362 2593 eos,
397 2522 591 2578 dicens
625 2539 638 2577 :
675 2546 702 2572 «
738 2523 857 2593 Ego
879 2522 1219 2578 retribuam.
1247 2546 1275 2573 ››
1310 2529 1619 2579 Permanet
1647 2526 1803 2581 enim
1826 2527 1885 2582 in

239 2613 666 2682 sempiternum
699 2610 875 2676 Deus,
900 2615 955 2666 et
980 2611 1120 2665 vivit
1154 2628 1166 2666 :
1202 2612 1443 2682 proinde
1460 2613 1567 2668 etsi
1596 2632 1750 2669 nunc
1772 2633 1887 2671 non

238 2700 761 2773 recipiunt,postea
792 2700 1080 2771 recepturi
1103 2701 1405 2758 sunt.Illos
1429 2708 1655 2774 Oportet
1677 2721 1886 2777 conge-

240 2791 511 2859 misccre,
548 2807 660 2845 non
694 2807 822 2845 nos.
856 2790 972 2844 Nos
1005 2789 1163 2844 enim
1204 2792 1261 2845 in
1296 2790 1533 2847 illorum
1569 2792 1887 2850 incidimus

248 2896 467 2935 manus
504 2898 516 2946 ;
551 2878 632 2933 illi
664 2884 861 2934 autem
921 2879 981 2933 in
1040 2896 1252 2935 manus
1302 2880 1418 2936 Dei.
1480 2882 1677 2951 Neque
1731 2884 1886 2940 enim

247 2969 352 3040 qui
407 2969 640 3040 patitur,
720 2968 959 3041 aliquod
1018 2968 1241 3024 malum
1303 2970 1543 3040 patitur,
1629 2973 1727 3027 sed
1787 2974 1887 3044 qui

240 3058 401 3113 facit.

317 3170 344 3197 ‹‹
377 3147 1119 3203 Horrendumestincidere
1143 3148 1201 3201 in
1227 3163 1438 3203 manus
1462 3149 1561 3204 Dei
1583 3149 1886 3205 viventis.»

243 3236 517 3291 Incidunt
544 3237 601 3291 in
636 3253 849 3291 manus
884 3236 1138 3304 Domini,
1172 3236 1270 3306 qui
1323 3237 1551 3306 judicia
1582 3237 1887 3295 hominum
1921 3215 1965 3281 C

239 3327 775 3380 contremiscentes.
810 3324 1035 3395 judicia
1064 3324 1164 3379 Dei
1208 3325 1659 3396 parvipendunt.
1694 3328 1803 3381 Sed
1838 3334 1894 3384 et

240 3421 307 3469 tu
340 3414 674 3485 quicunque
706 3418 975 3485 peccator
1022 3430 1104 3478 es,
1161 3414 1209 3468 si
1269 3431 1383 3468 non
1437 3416 1798 3486 paenitueris,
1832 3417 1891 3473 in

242 3521 457 3558 manus
482 3503 713 3558 Domini
747 3502 989 3557 incides.
1027 3501 1178 3556 lllud
1210 3504 1367 3557 enim
1401 3505 1779 3560 metuendum
1805 3511 1894 3561 est

242 3592 304 3647 id
338 3592 730 3662 estjudicium
762 3590 1000 3657 Dei,hoc
1023 3596 1218 3646 autem
1244 3592 1387 3646 nihil
1418 3593 1589 3657 est,id
1624 3598 1712 3649 est
1735 3595 1893 3665 judi.

242 3681 403 3735 cium
435 3680 762 3736 hominum.
793 3684 935 3735 Cum
966 3679 1286 3735 viderimus
1326 3680 1506 3753 igitur
1536 3699 1891 3753 quemquam

241 3769 340 3825 hic
372 3768 708 3840 puniri,non
740 3769 1151 3823 tremiscamus
1184 3769 1253 3824 ad
1286 3771 1729 3840 praesentia,sed
1755 3790 1891 3829 con-

240 3858 654 3913 tremiscamus
687 3858 885 3912 futura
915 3856 1016 3913 Dei
1040 3856 1629 3926 judicia.Secundum
1664 3861 1892 3918 miseri-

240 3947 505 4003 cordiam
536 3946 691 4001 enim
725 3947 941 4017 ejus,et
961 3945 1286 4017 indignatio
1317 3949 1562 4017 ejusest,
1583 3954 1640 4003 et
1662 3966 1895 4022 semper

239 4051 423 4107 super
453 4040 787 4107 peccatores
819 4034 1134 4107 requiescit
1180 4035 1341 4090 furor
1396 4037 1526 4106 ejus
1566 4037 1624 4092 in
1665 4054 1764 4093 eos
1794 4041 1892 4110 qui

236 4125 511 4181 incidunt
542 4125 600 4178 in
632 4140 843 4181 manus
874 4124 1030 4193 ejus.
1856 4130 1859 4131 '

320 4236 348 4263 «
379 4213 875 4269 Bememoramini
920 4217 1115 4268 autem
1168 4212 1449 4285 pristinos
1496 4215 1641 4281 dies,
1677 4216 1893 4287 quibus

236 4303 580 4368 illuminati,
615 4320 898 4375 magnum
931 4306 1227 4359 certamen
1274 4302 1642 4359 sustinuistis
1669 4306 1892 4376 passio-

236 4410 409 4463 num,
442 4396 500 4446 et
532 4392 591 4445 in
624 4390 801 4447 altero
831 4392 1075 4463 quidem
1109 4390 1438 4461 opprobriis
1472 4396 1527 4446 et
1565 4392 1893 4449 tribulatio-

237 4482 421 4537 nibus
453 4481 851 4553 spectaculum
880 4480 1082 4536 facti.»
1116 4478 1334 4550 Optimi
1368 4480 1726 4537 medicorum
1758 4499 1891 4537 cum

2003 575 2205 630 dicens
2236 576 2623 629 metuendum
2660 586 2791 626 esse
2851 569 3112 626 incidere
3170 568 3231 624 in
3293 587 3503 628 manus
3562 576 3659 633 Dei

2001 662 2515 733 viventis,proinde
2546 679 2622 717 ne
2654 657 2843 715 multo
2873 659 3085 714 timore
3101 660 3510 731 desperantem
3532 664 3653 718 ani-

2004 771 2162 809 mam
2196 751 2493 807 absorberi
2525 746 3229 813 faceret,consolatureos
3261 766 3365 821 per
3386 749 3585 806 laudes
3607 756 3662 806 et

2004 842 2317 905 orationes,
2349 843 2406 893 et
2434 838 2906 893 immolationem
2940 838 3327 893 domesticam
3379 838 3429 892 ei
3467 839 3658 910 profe-

2003 948 2247 986 rens:«
2309 926 2835 993 Rememoramini,
2895 927 3112 997 inquit,
3176 926 3454 998 pristinos
3512 928 3655 994 dies,

2003 1020 2061 1073 in
2122 1018 2336 1090 quibus
2394 1015 2715 1071 illuminati
2786 1031 3068 1087 magnum
3127 1020 3424 1071 certamen
3480 1016 3658 1071 susti-

2001 1108 2235 1162 nuistis.
2271 1128 2299 1157 ››
2328 1108 2405 1161 Ac
2437 1106 2484 1160 si
2516 1106 2741 1160 diceret
2775 1120 2787 1157 ε
2826 1105 3103 1175 quoniam
3144 1104 3460 1159 introducti
3492 1105 3653 1171 estis,

2001 1196 2101 1266 qui
2124 1213 2239 1250 non
2259 1195 2315 1249 in
2335 1194 2539 1249 ordine
2557 1191 2991 1263 discipulorum
3004 1193 3435 1258 eratis,tantam
3450 1191 3655 1247 alacri-

2000 1290 2178 1340 tatem
2197 1282 2875 1346 demonstratis,tantam
2893 1280 3295 1337 fortitudinem
3332 1298 3344 1346 ;
3379 1297 3534 1336 nunc
3557 1298 3658 1353 per

2000 1372 2547 1429 rememorationem
2580 1386 2724 1441 rogo
2761 1374 2825 1425 ut
2853 1369 2913 1423 in
2967 1370 3098 1440 ipsa
3157 1370 3557 1441 perseveretis,
3592 1373 3657 1425 ut

2000 1463 2385 1534 perdurantes
2402 1460 2461 1514 in
2488 1457 2999 1527 tribulationibus,
3021 1458 3260 1529 possitis
3273 1458 3505 1513 aﬂectui
3528 1474 3656 1519 esse

1984 1540 2338 1620 unicuique.
2374 1548 2589 1603 Dividit
2621 1547 2877 1618 qualiter
2906 1546 3236 1602 sustineant
3278 1547 3651 1615 tentationes,

1999 1658 2102 1695 seu
2135 1639 2475 1702 certamina,
2510 1638 2667 1708 quod
2703 1641 2793 1691 est
2823 1636 3117 1691 maximus
3141 1633 3652 1690 titulus-laudum.

1998 1729 2219 1784 Deinde
2249 1727 2589 1798 exsequitur
2626 1725 2971 1780 minutatim
3030 1724 3286 1780 dilatans
3325 1741 3654 1780 sermonem

1998 1834 2198 1881 suum,
2230 1821 2287 1871 et
2315 1815 2516 1871 laudes
2549 1814 2844 1885 plurimas
2875 1813 3476 1885 proferens.0umodo
3508 1812 3656 1869 hoc?

2000 1930 2027 1957 ‹‹
2060 1908 2230 1961 Nunc
2261 1905 2522 1975 quidem,
2555 1902 2775 1975 inquit,
2826 1902 3155 1974 opprobriis
3214 1905 3270 1956 et
3318 1900 3658 1956 tribulatio-

1998 1997 2175 2051 nibus
2206 1992 2607 2065 spectaculum
2641 1993 2805 2048 facti.
2844 2015 2864 2040 ιο
2902 1991 3104 2048 Gravis
3143 1991 3358 2062 quippe
3414 2006 3507 2045 res
3564 1993 3656 2044 est

1998 2083 2465 2156 opprobrium,et
2492 2082 2709 2137 idonea
2724 2082 2797 2136 ad
2815 2080 3073 2136 animam
3092 2078 3571 2147 subvertendam,
3598 2081 3655 2132 et

1998 2175 2068 2229 ad
2102 2172 2504 2228 excaecandam
2536 2174 2978 2226 mentem.Nam
2996 2168 3134 2225 audi
3165 2168 3321 2239 quod
3353 2167 3499 2223 dixit
3519 2169 3656 2223 Pro-

1998 2263 2172 2334 pheta
2208 2278 2221 2316 :
2262 2282 2288 2313 α
2317 2259 2464 2314 Cum
2496 2258 2709 2313 dicunt
2758 2257 2903 2314 mihi
2963 2258 3174 2329 inquit.
3238 2273 3339 2328 per
3391 2255 3657 2328 singulos

1997 2352 2125 2406 dies
2161 2367 2173 2405 :
2210 2348 2317 2404 Ubi
2349 2354 2439 2403 est
2468 2348 2627 2403 Deus
2659 2352 2802 2403 tuus
2832 2348 2860 2402 ?
2890 2369 2918 2399 ο
2953 2348 3131 2418 (Psal.
3188 2364 3299 2411 xu,
3333 2346 3410 2413 4.)
3454 2346 3521 2401 Et
3551 2345 3655 2401 ite-

1998 2456 2129 2495 rum
2165 2457 2177 2494 :
2221 2459 2246 2490 ιι
2272 2436 2330 2491 Si
2360 2436 2642 2491 inimicus
2675 2438 3056 2508 exprobraret
3104 2435 3272 2501 mihi,
3304 2434 3657 2491 sustinerem

1996 2528 2236 2599 (1439).»
2275 2525 2565 2589 Quoniam
2594 2526 3066 2597 valdeappetens
3096 2524 3442 2596 estgloriam
3471 2541 3659 2597 genus

1998 2619 2368 2674 humannum
2394 2619 2703 2686 propterea
2724 2615 2902 2672 etiam
2916 2616 3252 2687 cpprobriis
3272 2614 3440 2672 facile
3468 2616 3655 2688 capti-

1995 2711 2182 2763 vatur.
2219 2706 2287 2759 Et
2344 2720 2460 2757 non
2518 2703 2875 2775 simpliciter
2933 2705 3105 2772 dixit,
3160 2704 3506 2777 opprobriis,
3554 2706 3656 2761 sed

1998 2796 2175 2852 etiam
2198 2794 2291 2848 hic
2319 2798 2709 2864 augmentum
2744 2793 3119 2858 fecit,dicens
3147 2812 3159 2851 :
3191 2794 3657 2867 etspectaculum

1999 2885 2152 2941 facti.
2188 2883 2333 2938 Cum
2364 2880 2521 2935 enim
2555 2880 2693 2949 quis
2722 2886 2948 2937 secreto
3000 2884 3405 2957 exprobratur,
3440 2885 3657 2942 contri-

2000 2979 2188 3031 statur
2220 2970 2457 3042 quidem
2519 2970 2622 3023 sed
2686 2969 2875 3025 multo
2935 2970 3218 3041 amplius,
3278 2990 3411 3030 cum
3462 2990 3659 3029 coram

2000 3062 2277 3119 omnibus
2314 3076 2325 3125 ;
2360 3060 2653 3129 quantum
2690 3063 2817 3114 erat
2882 3058 3133 3128 malum,
3193 3064 3562 3121 discedentes
3595 3063 3667 3120 ab

2002 3150 2343 3208 infirmitate
2372 3146 2621 3201 Judaica
2638 3151 2695 3201 et
2725 3148 2797 3201 ad
2820 3147 3113 3217 optimam
3142 3152 3320 3209 vitam
3352 3158 3669 3210 transeun-

2002 3248 2112 3305 tes,
2144 3244 2201 3295 et
2232 3244 2504 3309 paternas
2534 3235 2888 3291 traditiones
2947 3243 3411 3311 contemnentes,
3474 3247 3540 3298 ut
3596 3244 3668 3300 ab

2004 3329 2147 3401 ipsis
2202 3322 2541 3381 domesticis
2584 3328 2929 3394 paterentur
2988 3327 3174 3384 multa
3220 3331 3399 3399 mala,
3437 3349 3473 3388 a
3502 3333 3669 3391 nullo

2002 3420 2286 3474 haberent
2335 3412 2760 3468 defensionem.
2822 3418 2948 3468 Non
3003 3414 3213 3483 habeo,
3268 3420 3485 3493 inquit,
3521 3424 3666 3495 quid

2004 3509 2217 3573 dicam,
2253 3502 2391 3575 quia
2420 3500 2531 3556 hoc
2563 3502 2720 3571 passi
2755 3502 2993 3571 quidem
3048 3507 3211 3573 estis,
3261 3515 3319 3563 et
3376 3511 3527 3567 forte
3560 3516 3664 3572 do-

2004 3594 2219 3663 luistis,
2254 3594 2370 3647 imo
2404 3590 2594 3661 magis
2623 3591 2990 3661 gaudebatis.
3026 3594 3149 3649 Non
3183 3596 3400 3665 solum,
3461 3600 3659 3675 inquit

2004 3685 2062 3740 in
2095 3682 2345 3757 propriis
2378 3679 2753 3752 passionibus
2784 3697 2897 3736 non
2928 3682 3436 3758 erubuistis,quin
3470 3693 3654 3750 etiam

2004 3773 2135 3828 aliis
2165 3771 2358 3826 taliter
2423 3768 2780 3838 patientibus
2824 3770 2966 3824 socii
2999 3771 3133 3827 facti
3168 3774 3310 3830 estis
3345 3797 3360 3844 ς
3394 3782 3551 3847 quod
3583 3784 3655 3839 de

2005 3859 2285 3933 apostolis
2316 3856 2537 3911 dictum
2571 3872 2699 3911 esse
2751 3857 3021 3913 arbitror.
3058 3881 3085 3909 «
3118 3860 3182 3915 In
3243 3861 3424 3919 altero
3455 3872 3651 3925 autem

2006 3950 2147 4004 socii
2180 3947 2375 4003 taliter
2403 3945 2873 4000 conversantium
2904 3946 3112 4001 effecti.
3153 3971 3173 3997 ι
3211 3952 3285 4004 Ac
3341 3951 3390 4005 εί
3444 3953 3603 4011 dicat
3634 3973 3648 4011 ε

2003 4038 2139 4104 Vos,
2173 4037 2273 4108 qui
2305 4033 2421 4089 illis
2452 4032 2825 4102 ministratis,
2875 4034 3017 4090 socii
3070 4036 3211 4093 estis
3267 4038 3532 4108 ipsorum
3590 4044 3647 4098 in

2006 4123 2495 4180 remuneratione.

2080 4236 2109 4264 ((
2141 4214 2285 4271 Nam
2318 4216 2375 4267 et
2405 4210 2617 4266 vinctis
2648 4210 2941 4281 compassi
2972 4210 3133 4283 estis,
3166 4217 3224 4268 et
3254 4215 3521 4285 rapinam
3554 4218 3650 4273 bo-

2004 4320 2214 4360 norum
2244 4304 2569 4355 vrstrorum
2602 4315 2741 4354 cum
2775 4299 2992 4370 gaudio
3031 4301 3395 4374 suscepistis,
3430 4320 3646 4377 cogno-

2004 4396 2234 4450 scentes
2264 4405 2365 4443 vos
2378 4388 2591 4443 habere
2608 4387 2911 4443 meliorem
2930 4392 2989 4443 et
3007 4395 3345 4446 manentem
3368 4394 3647 4450 substan-

2003 4483 2167 4537 tiam.
2202 4502 2229 4529 ‹‹
2265 4478 2441 4532 Vides
2473 4477 2612 4547 quia
2642 4478 2712 4531 de
2742 4477 2868 4547 ipso
2901 4477 3063 4545 dicit,
3094 4482 3151 4533 et
3169 4479 3384 4535 dealiis
3413 4481 3641 4539 vinctis.

236 4562 535 4627 malitiam
594 4570 920 4626 secaverint
968 4572 1025 4624 et
1075 4584 1179 4640 per
1248 4567 1597 4624 incisionem
1657 4571 1897 4627 fecerint
1925 4589 1972 4651 D
2005 4572 2133 4629 Non
2164 4567 2319 4624 enim
2354 4566 2605 4638 putastis
2634 4564 2867 4621 vincula
2923 4582 3051 4621 esse
3109 4566 3208 4622 illa
3258 4567 3510 4635 vincula,
3542 4572 3644 4627 sed

236 4659 463 4719 doloris
508 4664 915 4731 augmentum,
964 4657 1240 4713 solatium
1296 4658 1495 4715 statim
1536 4660 1803 4727 afferunt,
1838 4665 1895 4716 et

234 4748 572 4805 remedium
604 4747 688 4802 illi
722 4747 869 4816 loco,
905 4746 1003 4801 ubi
1035 4745 1391 4813 dolorinest,
1434 4751 1488 4801 et
1523 4749 1891 4818 pertubatam

234 4840 503 4895 refovent
533 4839 793 4893 animam
835 4858 848 4907 ;
884 4838 1196 4909 postquam
1251 4842 1443 4891 autem
1492 4838 1891 4906 recreaverint,

235 4928 485 4985 alteram
511 4929 638 4997 jam
674 4945 791 4982 non
828 4927 1115 4997 adjiciunt
1146 4926 1503 4981 sectionem:
1537 4927 1680 4996 quin
1715 4928 1891 4981 etiam

232 5016 429 5087 illam,
462 5034 591 5087 quis
625 5016 775 5071 facta
805 5020 912 5083 est,
948 5014 1441 5070 medicaminibus
1483 5014 1815 5070 mitioribus
1838 5021 1894 5071 et

230 5105 570 5163 valentibus
594 5104 1043 5177 amplitudinem
1065 5104 1331 5175 mitigare
1350 5102 1566 5159 doloris
1588 5105 1894 5161 confovent

231 5196 359 5251 Hoc
391 5194 568 5249 etiam
600 5192 916 5265 Apostolus
948 5192 1425 5263 fecit.Postquam
1450 5192 1747 5247 concussit
1777 5192 1894 5247 ani-

227 5301 368 5340 mas
398 5300 601 5338 eorum
634 5287 691 5338 et
742 5281 1085 5353 compunxit
1140 5280 1436 5336 mentione
1494 5280 1793 5350 gehennae,
1835 5286 1893 5336 et

225 5375 413 5429 fidem
442 5373 683 5440 faciens,
718 5370 855 5442 quia
884 5370 1163 5426 omnibus
1197 5368 1390 5425 modis
1431 5373 1658 5440 oportet
1706 5369 1891 5441 perire

221 5461 619 5533 injuriantem
664 5460 761 5516 Dei
825 5459 1097 5529 gratiam,
1158 5462 1214 5513 et
1269 5458 1378 5513 hoc
1428 5473 1495 5512 ex
1528 5456 1651 5529 lege
1708 5457 1891 5530 Moysi

2003 4660 2158 4715 sicut
2188 4656 2439 4722 athletae,
2470 4655 2647 4711 fortes
2677 4654 2759 4709 sic
2791 4654 3035 4710 stetistis
3070 4672 3081 4709 :
3118 4656 3218 4725 qui
3275 4672 3393 4714 non
3451 4658 3643 4716 solum

2003 4746 2214 4803 vestris
2244 4762 2392 4816 opus
2417 4760 2532 4799 non
2565 4743 2857 4799 habuistis
2885 4743 3215 4800 hortatione
3259 4743 3347 4801 vel
3378 4748 3643 4805 consola-

2003 4838 2178 4901 tione,
2212 4850 2410 4889 verum
2438 4826 2613 4887 etiam
2647 4831 2778 4887 aliis
2810 4832 3059 4887 hortatio
3089 4839 3146 4888 et
3174 4835 3493 4892 consolatio
3511 4837 3643 4893 facti

2002 4925 2164 4980 estis.
2199 4946 2225 4973 ‹‹
2261 4925 2328 4977 Et
2358 4921 2622 4992 rapinam
2655 4921 3120 4978 substantiarum
3152 4928 3475 4980 vestrarum
3507 4942 3641 4980 cum

2002 5012 2216 5085 gaudio
2248 5009 2606 5081 suscepistis.
2646 5032 2673 5057 »
2733 5009 3039 5081 Rapinam,
3081 5013 3235 5083 quod
3296 5013 3454 5077 dicit,
3506 5030 3640 5069 cum

2001 5100 2215 5173 gaudio
2247 5098 2610 5168 suscepistis,
2643 5098 2695 5152 id
2731 5104 2820 5153 est
2850 5100 2949 5169 qui
3005 5117 3097 5155 res
3150 5100 3382 5155 illorum
3422 5102 3493 5155 ab
3523 5098 3639 5155 illis

2002 5191 2426 5255 abstraxerant,
2487 5204 2619 5242 cum
2675 5188 2889 5259 gaudio
2946 5193 3344 5260 susceperant,
3406 5193 3640 5259 propter

2002 5276 2531 5334 remunerationem
2562 5280 2860 5332 aeternam.
2892 5276 3233 5332 Mirabiliter
3262 5276 3547 5332 satisfacit
3579 5282 3640 5334 et

2001 5367 2357 5439 comprobat.
2413 5366 2559 5422 Nam
2618 5365 2824 5438 rapina
2876 5364 2975 5419 illa
3033 5364 3297 5420 fortassis
3350 5364 3636 5422 violentias

2001 5462 2301 5528 raptorum
2333 5454 2661 5510 ascribitur.
2696 5453 2902 5510 Nullus
2934 5452 3088 5509 enim
3123 5456 3318 5525 posset
3347 5454 3635 5517 violentos

294 5640 490 5715 (1439)
517 5640 670 5698 Psal.
704 5656 793 5700 Liv
822 5640 895 5705 13
924 5656 939 5700 ς
973 5639 1241 5699 Inimicus
1294 5636 1668 5697 maledixisset
1712 5637 1876 5707 mihi,
1917 5636 2305 5701 sustinuissent
2331 5635 2543 5707 utique.
