4062 6186
395 347 513 409 795

1411 346 1747 415 ATTONIS
1793 349 2375 413 VEBCELLENSIS
2418 349 2771 413 EPISCOPI

3684 345 3809 405 796

399 479 643 537 forsitan
674 479 1004 552 prohibere,
1037 483 1287 554 possetis
1318 485 1555 556 quippe,
1587 484 1636 540 si
1666 483 1889 540 velletis
1920 502 2036 542 non
2067 485 2122 551 Α
2150 488 2208 540 et
2235 484 2360 556 ipse
2391 484 2758 556 signiﬁcavit,
2792 484 2988 541 dicens
3024 501 3036 539 :
3071 504 3100 532 «
3131 480 3335 537 Adhuc
3365 478 3670 535 modicum
3701 478 3810 534 ali-

398 585 526 626 esse
557 570 845 641 rapinam,
880 571 1242 642 abnegantes
1299 574 1491 629 ﬁdem.
1541 575 1649 630 Sed
1712 575 1864 645 quod
1927 575 2037 629 isto

400 659 580 714 multo
612 659 866 730 amplius
897 666 1004 728 est,
1036 662 1145 716 hoc
1176 663 1490 727 fecistis,ut
1519 680 1651 719 cum
1686 665 1897 736 gaudio
1929 665 2040 719 ista

397 746 652 803 toleretis
690 773 703 816 ;
735 750 887 820 quod
921 755 1043 805 erat
1083 755 1270 806 totum
1330 753 1710 824 apostolicum
1761 770 1929 824 opus,
1984 758 2040 808 et

397 837 642 908 dignum
676 837 794 893 illis
817 838 1063 894 fortibus
1085 841 1396 896 animabus
1417 847 1480 896 ut
1502 842 2035 914 ﬁagellatisgaude-

396 926 1293 1001 rent.Remunerabantur(1440)
1313 931 1466 985 enim
1482 931 1734 1002 inquit,a
1753 932 1893 986 facie
1909 949 2039 986 con-

397 1013 516 1068 cilii
552 1016 895 1085 gaudentes,
930 1018 1067 1088 quia
1097 1018 1255 1088 digni
1289 1019 1420 1074 facti
1463 1023 1628 1074 erant
1667 1037 1768 1090 pro
1805 1020 2038 1074 nomine

393 1101 568 1157 Jesus
598 1103 935 1158 inbonorari
968 1105 1104 1175 (Act.
1137 1107 1308 1174 ν,41).
1333 1107 1438 1170 Qui
1473 1108 1626 1162 enim
1663 1125 1792 1162 cum
1827 1108 2039 1179 gaudio

398 1192 529 1256 fert,
561 1193 816 1247 ostendit
859 1194 998 1264 quia
1043 1195 1216 1249 habet
1273 1197 1619 1250 mercedem.
1680 1197 1840 1259 Quod
1898 1196 2042 1249 dixit

404 1301 431 1333 ι
462 1281 863 1352 suscepistis,»
893 1282 1217 1338 ultroneam
1251 1301 1450 1339 eorum
1487 1285 1823 1356 patientiam
1851 1284 2038 1339 decla-

398 1370 568 1424 ravit.
601 1371 888 1434 Quoniam
921 1372 1288 1444 suscepistis,
1351 1373 1558 1444 inquit,
1619 1377 2040 1444 cognoscentes

399 1459 612 1514 habere
641 1476 745 1514 vos
779 1460 1079 1515 meliorem
1113 1461 1501 1516 substantiam
1550 1463 1606 1516 in
1639 1462 1798 1516 caelis
1829 1468 1884 1517 et
1913 1479 2038 1532 per-

399 1552 735 1602 manentem
770 1553 826 1602 et
849 1549 1145 1620 possidere
1177 1551 1406 1604 ﬁrmam
1430 1556 1485 1605 et
1513 1551 1805 1617 stabilem,
1831 1556 1888 1606 et
1915 1569 2039 1622 quae

399 1636 588 1707 perire
619 1653 734 1691 non
771 1638 973 1707 possit,
999 1638 1148 1693 sicut
1180 1639 1294 1694 ista
1323 1644 1556 1694 terrena
1587 1641 1751 1711 perit.

471 1726 654 1796 (1441)
687 1748 706 1774 ι
744 1725 932 1781 Nolite
953 1728 1492 1798 itaqueammittere
1510 1729 1922 1784 conﬁdentiam
1938 1746 2038 1784 ve-

399 1820 582 1869 stram
608 1832 732 1885 quae
758 1831 1033 1887 magnam
1057 1816 1233 1872 habet
1260 1817 2042 1872 remunerationem.Patien-
2070 1851 2117 1915 Β

293 1901 302 1912 “
396 1901 480 1956 tia
509 1902 663 1957 enim
696 1903 858 1958 vobis
902 1906 1230 1960 necessaria
1274 1912 1380 1973 est,
1433 1913 1497 1961 ut
1547 1907 1904 1962 voluntatem
1937 1908 2038 1962 Dei

399 1989 700 2059 facientes,
734 1993 1040 2062 reportetis
1072 1995 1584 2066 promissionem.»
1617 1997 1741 2051 Non
1772 1996 1927 2052 enim
1951 1997 2037 2050 di-

396 2080 496 2146 xit,
530 2081 670 2150 quia
693 2081 995 2153 amisistis,
1030 2084 1129 2138 sed
1161 2083 1339 2139 nolite
1371 2085 1654 2140 amittere.
1688 2085 1848 2148 Quod
1881 2085 2039 2140 enim

396 2168 689 2224 amittitur
718 2174 782 2223 ut
811 2170 1021 2226 iterum
1055 2172 1412 2244 acquiratur,
1446 2173 1641 2230 labore
1675 2175 1858 2229 multo
1888 2175 2040 2230 indi-

395 2261 492 2328 get
523 2274 536 2323 ;
570 2258 726 2328 quod
759 2263 951 2314 autem
983 2265 1296 2329 tenetur,et
1318 2263 1688 2318 formidinem
1720 2264 2040 2330 habet,for-

395 2345 709 2402 titudinem
742 2365 977 2405 necesse
1008 2355 1097 2405 est
1123 2351 1355 2406 habeat.
1375 2352 1564 2407 Nolite
1585 2353 1827 2408 deﬁcere
1850 2354 1906 2407 in
1939 2353 2040 2408 tri-

399 2433 825 2503 bulationibus,
859 2439 998 2508 quia
1029 2455 1243 2511 magna
1273 2445 1361 2496 est
1390 2442 1802 2498 remuneratio.
1837 2443 2040 2498 Horta-

397 2527 496 2578 tur
522 2525 678 2580 enim
711 2541 831 2592 eos,
867 2533 932 2582 ut
961 2528 1228 2584 fortiores
1267 2530 1497 2594 faceret,
1553 2535 1610 2585 et
1657 2531 1928 2586 stabilem
1976 2548 2042 2587 ac

399 2613 632 2669 ﬁrmam
663 2614 838 2670 ﬁdem
877 2615 1386 2673 haberent.Aliter
1415 2619 1571 2673 cnim
1603 2618 1824 2675 Calatis
1854 2620 2043 2692 loqui-

398 2705 514 2767 tur,
551 2701 719 2756 aliter
748 2704 1022 2773 Hebrzeis,
1055 2705 1194 2772 illis,
1231 2712 1292 2760 ut
1332 2707 1599 2762 Christus
1630 2709 2043 2764 ﬁrmareturin

401 2788 485 2844 eis
517 2808 530 2856 ;
566 2790 718 2856 istis,
769 2796 832 2845 ut
880 2792 1171 2848 stabilitas
1228 2795 1398 2850 ﬁrma
1444 2796 1606 2851 ﬁeret
1640 2821 1653 2863 ;
1693 2796 1811 2852 illis
1855 2796 2041 2853 dicit:

408 2901 430 2928 ι
468 2879 656 2934 Filioli
692 2879 824 2947 mei,
860 2897 1008 2952 quos
1041 2883 1250 2938 iterum
1276 2884 1744 2956 parturio,donec
1775 2888 2048 2941 reforme-

405 2972 502 3023 tur
531 2967 798 3025 Christus
831 2970 888 3024 in
920 2971 1084 3027 vobis
1113 2973 1252 3043 (Gal.
1281 2991 1355 3038 1v,
1391 2975 1494 3045 19),
1531 2996 1558 3023 »
1593 2975 1660 3029 Et
1691 2975 1919 3031 merito.
1955 2974 2042 3029 Illi

406 3057 563 3112 enim
596 3058 868 3130 superius
905 3060 1328 3134 efficiebantur,
1381 3067 1683 3136 propterea
1732 3081 1880 3136 opus
1930 3063 2047 3119 illis

404 3151 528 3202 erat
557 3147 910 3220 increpativo
932 3165 1230 3219 sermone;
1265 3151 1360 3207 isti
1393 3157 1585 3208 autem
1615 3152 2047 3224 aliquantulum

2149 575 2502 647 quantulum
2537 593 2549 630 :
2586 575 2685 646 qui
2716 578 2998 630 venturus
3025 576 3134 640 est,
3165 570 3356 626 veniet
3383 573 3438 624 et
3466 586 3582 624 non
3615 569 3810 624 tarda-

2149 665 2234 718 bit
2281 665 2500 734 (Habac.
2538 683 2598 730 11,
2651 666 2723 735 4).
2756 687 2783 714 ››
2819 663 2925 728 Qui
2957 666 3236 716 venturus
3277 664 3387 724 est,
3443 675 3558 713 non
3612 658 3808 712 tarda-

2149 754 2255 819 bit,
2287 754 2344 808 id
2379 760 2484 820 est,
2518 753 2803 808 Christus.
2836 753 2905 806 Et
2937 768 3006 806 ne
3040 751 3182 805 forte
3217 749 3478 804 dicerent
3509 764 3521 800 :
3562 748 3810 813 Quando

2148 843 2386 898 veniet?
2415 859 2481 898 ex
2531 842 2845 913 Scripturis
2872 858 2970 896 eos
2999 838 3349 895 consolatur.
3383 837 3621 892 Etenim
3673 836 3810 908 quia

2150 949 2328 1004 prope
2358 938 2445 987 est
2491 932 2651 987 salus
2683 936 2884 986 nostra
2933 931 3104 1000 (Rom.
3160 945 3283 991 xm,
3319 927 3432 998 11),
3465 925 3810 981 consolatur

2149 1037 2248 1076 eos
2279 1037 2291 1075 :
2329 1026 2609 1093 tanquam
2645 1035 2886 1091 parvum
2921 1019 2999 1072 sit
3028 1017 3447 1088 tempus,quod
3482 1019 3805 1070 remaneat.

2153 1111 2268 1164 lloc
2301 1127 2414 1164 non
2459 1124 2527 1163 ex
2558 1125 2618 1163 se
2649 1107 2775 1179 ipso
2819 1107 2978 1173 dicit,
3009 1106 3109 1160 sed
3140 1122 3208 1159 ex
3255 1103 3603 1176 Scripturis.
3638 1125 3668 1152 «
3704 1103 3812 1157 Ju-

2151 1203 2277 1254 stus
2309 1201 2504 1251 autem
2537 1212 2702 1250 meus
2732 1213 2798 1249 ex
2829 1195 2942 1249 ﬁde
2970 1194 3109 1248 vivit
3139 1193 3358 1264 (Habac.
3393 1193 3506 1258 11,4
3533 1210 3546 1259 ;
3586 1192 3742 1245 Rom.
3773 1209 3810 1261 1,

2151 1288 2215 1340 17
2246 1305 2258 1353 ;
2296 1285 2417 1341 Gal.
2450 1285 2687 1355 111,11)»
2722 1285 2884 1350 Quod
2907 1283 2955 1338 si
2986 1283 3336 1338 subtraxerit
3366 1298 3582 1347 se,non
3618 1280 3813 1351 place-

2151 1376 2236 1430 bit
2267 1375 2474 1429 animze
2508 1391 2664 1429 meae.
2691 1374 2807 1428 Nos
2837 1378 3030 1428 autem
3063 1388 3175 1426 non
3209 1387 3414 1426 sumus
3449 1370 3813 1425 subtractio-

2151 1465 2242 1519 nis
2274 1463 2376 1517 ﬁlii
2410 1463 2467 1518 in
2518 1462 2926 1533 perditionem,
2959 1462 3057 1516 sed
3091 1460 3223 1515 ﬁdei
3253 1459 3310 1514 in
3351 1459 3813 1529 acquisitionem

2151 1554 2379 1608 animae.
2413 1575 2441 1602 »
2475 1551 2681 1607 Justus
2729 1567 2797 1606 ex
2846 1550 2957 1604 ﬁde
2998 1549 3155 1616 vivit,
3191 1548 3326 1619 quia
3374 1550 3496 1602 vita
3552 1547 3814 1618 corporis

2150 1643 2237 1698 tui
2268 1647 2356 1697 est
2405 1640 2603 1696 anima
2632 1645 2774 1706 tua;
2807 1639 2933 1693 vitae
2981 1638 3189 1694 animm
3219 1642 3330 1692 tuae
3363 1641 3457 1692 est
3505 1637 3660 1691 ﬁdes
3694 1642 3815 1702 tua,

2151 1749 2183 1786 a
2217 1748 2333 1802 qua
2365 1730 2465 1802 qui
2499 1746 2560 1785 se
2591 1728 3078 1792 abstraxerit,non
3113 1726 3361 1798 placebit
3392 1731 3531 1780 Deo.
3561 1725 3814 1780 Labora-

2151 1819 2282 1884 stis,
2314 1817 2856 1888 inquit,certamina
2883 1815 3136 1887 plurima
3165 1814 3541 1870 sustinuistis
3566 1833 3579 1870 :
3609 1831 3815 1886 exspe-

2148 1912 2303 1964 ctate
2330 1908 2561 1962 beatam
2594 1923 2795 1978 spem;
2827 1905 3002 1960 nolite
3032 1904 3127 1960 hic
3159 1920 3414 1976 quaerere
3446 1920 3583 1975 qua:
3616 1921 3814 1976 spera~

2151 1997 2278 2063 stis,
2314 1995 2452 2067 quia
2474 1997 2676 2066 justus
2704 2009 2773 2048 ex
2806 1993 2916 2048 ﬁde
2952 1993 3112 2048 vivit.

2223 2087 2380 2158 (CAP.
2411 2085 2527 2156 ΧῙ.)
2559 2108 2586 2134 ‹‹
2622 2088 2720 2138 Est
2773 2087 2967 2138 autem
3001 2082 3147 2138 ﬁdes
3185 2082 3620 2154 sperandarum
3679 2083 3814 2138 sub-

2151 2176 2370 2230 stantia
2417 2191 2636 2243 rerum,
2669 2175 3079 2244 argumentum
3112 2188 3228 2226 non
3273 2172 3720 2242 apparentium.
3754 2172 3811 2225 In

2151 2264 2260 2320 hac
2291 2263 2446 2320 enim
2478 2261 2880 2318 testimonium
2931 2260 3224 2316 consecuti
3257 2265 3397 2316 sunt
3427 2277 3625 2316 senes.
3667 2284 3693 2308 η
3728 2261 3814 2317 Fi-

2153 2353 2254 2408 des
2303 2352 2504 2425 igitur,
2536 2350 2680 2406 visio
2711 2354 2820 2419 est,
2870 2349 3086 2420 inquit,
3120 2365 3233 2404 non
3283 2349 3729 2421 apparentium,
3761 2353 3816 2404 et

2153 2443 2223 2497 ad
2269 2441 2532 2496 eamdem
2583 2438 3037 2495 satisfactionem
3071 2439 3312 2504 ducens,
3343 2445 3637 2510 tanquam
3692 2455 3813 2510 qua:

2151 2529 2440 2586 videntur.
2493 2528 2742 2584 Proinde
2791 2543 2980 2599 neque
3043 2527 3196 2582 circa
3241 2542 3310 2582 ea
3359 2544 3490 2599 quae
3544 2527 3818 2582 videntur

2155 2617 2470 2674 credulitas
2496 2617 2586 2672 vel
2609 2615 2988 2672 incredulitas
3017 2616 3129 2671 dici
3162 2620 3574 2688 potest,neque
3603 2616 3813 2671 iterum

2156 2709 2301 2764 ﬁdes
2332 2706 2445 2762 dici
2477 2711 2688 2778 potest,
2722 2706 2834 2761 nisi
2867 2723 2998 2762 cum
3031 2706 3185 2762 circa
3213 2722 3281 2761 ea
3311 2723 3440 2777 quae
3474 2723 3593 2761 non
3627 2706 3818 2760 viden-

2157 2801 2256 2852 tur
2283 2796 2747 2852 satisfactionem
2798 2796 3111 2868 quisquam
3143 2794 3434 2850 habuerit.
3471 2798 3617 2849 Cum
3667 2794 3816 2849 enim

2157 2902 2282 2957 quae
2307 2888 2445 2940 sunt
2467 2885 2524 2937 in
2557 2883 2814 2956 spe,sine
2835 2883 3165 2939 substantia
3185 2899 3312 2938 esse
3336 2881 3819 2954 putantur;ﬁdes

2157 2973 2241 3028 eis
2271 2972 2475 3028 tribuit
2505 2973 2899 3028 substantiam
2924 2971 3535 3044 puram.Resurrectio
3568 2971 3818 3026 necdum

2158 3063 2310 3118 facta
2339 3066 2448 3126 est,
2481 3067 2537 3117 et
2567 3062 2815 3117 necdum
2847 3066 2936 3117 est
2963 3061 3024 3116 in
3055 3060 3406 3128 substantia,
3440 3061 3544 3115 sed
3577 3076 3716 3132 spes
3747 3059 3821 3113 fa-

2161 3151 2238 3206 cit
2265 3167 2393 3205 eam
2446 3150 2766 3205 subsistere
2793 3150 2850 3206 in
2885 3151 3082 3205 anima
3120 3153 3339 3205 nostra.
3374 3149 3493 3204 Hoc
3544 3153 3637 3204 est
3667 3148 3821 3219 quod

405 3217 918 3308 frigidioresmnde
951 3240 1180 3295 mitiore
1198 3217 1386 3313 magis
1418 3259 1686 3298 sermone
1709 3217 1855 3314 opus
1879 3243 2051 3299 habe-
2081 3217 2123 3284 (ἶ
2162 3239 2326 3306 dixit,
2360 3239 2782 3295 substantia.Si
2804 3239 2984 3310 igitur
3012 3242 3426 3310 argumentum
3457 3243 3550 3292 est
3580 3217 3701 3292 non
3723 3253 3822 3308 ap-

407 3324 568 3381 bant.
605 3325 790 3382 Nolite
820 3326 1015 3399 itaque
1048 3329 1336 3399 amittere,
1371 3330 1582 3402 inquit,
1633 3332 2048 3386 conﬁdentiam

405 3417 659 3486 Apparet
675 3433 812 3488 ergo
825 3418 1024 3487 quiain
1040 3419 1391 3474 conﬁdentia
1404 3420 1591 3474 multa
1603 3422 1848 3475 erantad
1866 3421 2049 3475 Deum

408 3503 544 3566 Quae
578 3520 874 3575 magnam,
903 3506 1114 3577 inquit,
1149 3507 1325 3562 habet
1347 3509 1894 3564 remunerationem.
1922 3515 2052 3564 Pro-

410 3595 608 3663 pterea
639 3593 953 3649 antecessit
983 3611 1183 3649 eorum
1215 3596 1624 3668 cogitationem
1658 3615 1822 3668 pene,
1851 3597 2051 3653 dicens

412 3679 459 3734 si
492 3679 552 3734 in
583 3679 745 3735 caelis
778 3681 1102 3753 intelligitis
1131 3700 1230 3738 vos
1263 3684 1476 3740 habere
1506 3686 1898 3742 substantiam
1931 3704 2051 3743 me-

410 3766 637 3835 liorem,
674 3768 818 3824 nihil
853 3771 1182 3842 requiratis,
1216 3773 1314 3828 sed
1357 3777 1590 3829 tantum
1634 3775 1726 3829 hic
1777 3775 2054 3847 patientia

415 3872 563 3927 opus
593 3861 702 3924 est,
734 3862 790 3913 et
821 3875 936 3914 non
970 3865 1034 3914 ut
1065 3861 1307 3927 cadatis,
1343 3863 1443 3917 sed
1477 3869 1541 3917 ut
1570 3863 1626 3917 in
1658 3864 1880 3918 eisdem
1909 3864 2053 3935 ipsis

413 3947 805 4017 permaneatis
835 3968 849 4010 ς
885 3953 950 4003 ut
980 3965 1094 4004 non
1124 3950 1579 4022 abjiciatisquod
1602 3952 1765 4008 vobis
1795 3954 2054 4024 imperti-

411 4038 540 4089 tum
572 4040 682 4105 est,
719 4035 866 4090 nihil
896 4037 1062 4094 vobis
1094 4038 1251 4093 aliud
1284 4056 1432 4112 opus
1463 4046 1570 4106 est,
1605 4041 1718 4096 nisi
1750 4046 1813 4096 ut
1864 4042 2052 4110 stetis,

412 4123 566 4178 sicut
596 4125 843 4181 stetistis
879 4144 891 4184 :
925 4127 1072 4181 utad
1090 4127 1262 4182 ﬁnem
1281 4128 1575 4184 venientes
1593 4130 1834 4199 portetis
1858 4147 2054 4202 repro-

413 4213 901 4279 missionem,uno
933 4231 1082 4287 opus
1114 4215 1343 4271 habetis
1375 4221 1609 4272 tantum
1641 4223 1705 4272 ut
1735 4235 2058 4289 persevere-

413 4301 492 4356 tis
540 4305 598 4356 et
643 4303 988 4374 exspectetis
1038 4303 1254 4370 futura,
1274 4321 1388 4360 non
1443 4310 1509 4360 ut
1545 4306 1758 4362 iterum
1803 4308 2055 4363 certetis.

411 4390 498 4446 Ad
531 4389 720 4462 ipsam
745 4391 872 4462 jam
904 4408 1180 4450 coronam
1214 4393 1460 4465 proximi
1495 4394 1628 4449 facti
1651 4395 1791 4450 estis
1826 4413 1838 4462 ;
1872 4401 2056 4450 certa-

415 4479 576 4536 mina
633 4484 842 4535 cuncta
885 4482 1272 4549 sustinuistis,
1323 4483 1574 4554 vincula,
1624 4484 2054 4552 tribulationes,

2160 3328 2512 3400 parentium,
2537 3327 2677 3398 quid
2707 3330 2796 3382 est
2825 3328 2978 3397 quod
3010 3343 3138 3382 eam
3167 3325 3348 3381 vultis
3372 3326 3502 3394 jam
3533 3324 3824 3388 videre,ut

2159 3417 2440 3472 excidatis
2488 3433 2521 3471 a
2571 3415 2714 3470 facie
2762 3415 3033 3471 sanitatis
3062 3416 3090 3470 ‘I
3135 3416 3400 3471 Profecto
3447 3414 3638 3486 liquet
3688 3413 3825 3485 quia

2163 3506 2307 3561 ﬁdes
2338 3505 2569 3560 illarum
2598 3522 2794 3560 rerum
2819 3509 3232 3576 argumentum
3261 3509 3510 3576 est,qus3
3541 3519 3823 3575 apparere

2162 3611 2277 3650 non
2308 3599 2577 3666 possunt.
2627 3596 2760 3660 Quae
2791 3595 2946 3649 enim
2979 3597 3281 3665 apparent,
3324 3594 3451 3663 jam
3479 3593 3661 3647 ﬁdem
3708 3609 3821 3646 non

2161 3685 2396 3750 habent,
2427 3685 2528 3739 sed
2580 3683 2959 3756 agnitionem.
2993 3683 3141 3738 Dum
3183 3698 3319 3753 ergo
3345 3681 3492 3736 vidit
3539 3681 3822 3745 Thomas,

2161 3777 2302 3830 dum
2346 3772 2621 3845 palpavit,
2655 3789 2760 3827 cur
2807 3771 2856 3826 ei
2911 3771 3168 3826 dicitur:
3206 3794 3234 3821 «
3266 3769 3480 3825 Vidisti
3533 3786 3651 3838 me,
3702 3785 3825 3823 cre-

2163 3863 2409 3922 didisti?
2443 3884 2470 3911 »
2503 3865 2676 3929 (Joan.
2709 3879 2801 3932 xx,
2832 3861 2946 3924 29.)
2976 3862 3083 3916 Sed
3116 3860 3273 3915 aliud
3305 3858 3471 3926 vidit,
3507 3858 3674 3914 aliud
3704 3875 3827 3912 cre-

2163 3953 2310 4009 didit
2331 3969 2393 4020 ;a
2424 3950 2656 4006 mortali
2687 3950 2904 4021 quippe
2925 3949 3161 4004 homine
3191 3947 3468 4003 divinitas
3489 3947 3678 4002 videri
3710 3963 3826 4001 non

2164 4042 2371 4114 potuit.
2404 4040 2710 4096 Hominem
2759 4039 2938 4110 igitur
2983 4037 3146 4106 vidit,
3175 4041 3232 4092 et
3281 4036 3467 4093 Deum
3520 4035 3832 4091 confessus

2165 4135 2272 4201 est,
2305 4129 2506 4185 dicens
2540 4145 2552 4182 :
2587 4150 2615 4177 ‹‹
2650 4133 2803 4182 Deus
2833 4143 3024 4194 meus,
3045 4131 3104 4182 et
3136 4125 3417 4181 Dominus
3449 4142 3644 4181 meus.
3670 4147 3698 4171 υ
3728 4124 3832 4178 Vi-

2166 4219 2356 4274 dendo
2383 4234 2519 4288 ergo
2536 4215 2911 4287 credidit,qui
2941 4215 3365 4271 considerando
3387 4231 3595 4270 verum
3629 4213 3832 4269 homi-

2167 4324 2299 4364 nem
2352 4311 2555 4375 Deum,
2605 4320 2781 4376 quem
2835 4304 3030 4360 videre
3075 4320 3190 4358 non
3235 4308 3480 4374 poterat,
3533 4302 3833 4358 exclama-

2166 4397 2269 4451 vit.

2244 4483 2522 4540 Laetiﬁcat
2551 4483 2716 4539 valde
2760 4483 2917 4554 quod
2949 4481 3217 4553 sequitur
3248 4499 3260 4536 :
3295 4503 3324 4531 «
3360 4481 3522 4537 Beati
3557 4483 3659 4553 qui
3711 4498 3830 4537 non

415 4570 758 4626 substantiae
780 4576 984 4625 vestrae
1007 4571 1244 4643 direptae
1263 4573 1576 4643 sunt,Quid
1607 4590 1742 4645 ergo
1765 4579 2056 4644 est,quam
2089 4581 2136 4645 D
2167 4574 2458 4640 viderunt,
2493 4577 2548 4627 et
2577 4572 2950 4627 crediderunt
2979 4571 3184 4642 (Ibid)
3217 4592 3245 4620 ››
3285 4572 3345 4625 In
3377 4587 3498 4641 qua
3541 4571 3832 4626 nimirum

415 4659 530 4713 nisi
564 4659 632 4713 de
664 4663 869 4714 caetero
901 4661 971 4714 ad
1004 4659 1113 4716 hoc
1144 4663 1329 4731 stetis,
1379 4666 1442 4716 ut
1493 4663 1854 4718 coronemini
1881 4663 1909 4716 ?
1940 4663 2056 4717 Hoc

415 4747 607 4802 solum
643 4748 1081 4818 praestolamini,
1115 4751 1428 4806 adventum
1461 4768 1705 4806 coronae.
1739 4752 1782 4807 Ο
1841 4757 2061 4822 quanta

417 4836 762 4907 magnitudo
793 4837 1142 4893 hortationis
1190 4844 1246 4894 et
1289 4839 1708 4896 consolationis
1742 4841 1753 4894 l
1788 4839 1978 4894 Veluti
2008 4840 2056 4895 si

415 4927 516 4998 qui
549 4925 776 4981 athletae
807 4926 916 4982 hoc
945 4928 1339 4999 diceret,quid
1372 4934 1614 4984 cunctos
1644 4933 1980 5001 superasset
2003 4932 2061 4984 et

414 5015 645 5071 nullum
679 5015 946 5071 relictum
977 5016 1217 5072 haberet
1238 5018 1335 5090 qui
1367 5017 1478 5073 sibi
1505 5022 1832 5084 certaret,et
1853 5017 2060 5073 deinde

415 5107 474 5161 in
508 5107 702 5161 futuro
736 5111 799 5161 ut
821 5113 1131 5162 coronetur
1163 5113 1399 5179 tempus
1430 5099 1945 5175 dilataretur,dum
1970 5125 2058 5163 ar-

414 5195 567 5251 biter
594 5196 935 5251 certaminis
961 5196 1277 5264 adveniret,
1313 5196 1412 5267 qui
1443 5213 1715 5252 coronam
1741 5197 1925 5252 daret.
1960 5195 2060 5251 Ille

416 5290 612 5339 autem
641 5284 994 5356 inpatienter
1025 5285 1415 5350 ferens,vellet
1441 5286 1596 5341 exire
1627 5292 1685 5341 et
1710 5286 2060 5358 fugere,non

416 5371 672 5428 tolerans
703 5373 1030 5444 sic,timens
1056 5374 1326 5430 ﬂammas
1347 5375 1861 5430 aestuationis.Hoc
1885 5373 2062 5446 igitur

492 5565 856 5655 Lpoo
918 5570 1418 5655 remaneralgartt‘ur
1463 5570 1692 5655 videtur
1724 5570 2059 5655 legendum

413 5637 850 5708 revertebantur,
881 5639 970 5696 vel
1002 5639 1163 5697 aliud
1196 5641 1410 5712 simile,
1442 5646 1508 5699 ut
1526 5657 1596 5700 ex
1624 5646 1783 5708 textu
1803 5637 1965 5699 infra
1985 5642 2060 5698 ci-

2167 4662 2456 4718 sententia
2502 4678 2609 4716 nos
2638 4659 2966 4733 specialiter
3010 4659 3222 4730 signati
3262 4675 3496 4727 sumus,
3531 4661 3635 4732 qui
3667 4676 3833 4725 eum,

2170 4768 2341 4822 quem
2393 4766 2566 4805 carne
2595 4767 2711 4806 non
2758 4749 3035 4818 vidimus,
3076 4752 3269 4804 mente
3325 4748 3675 4804 retinemus.
3710 4749 3834 4806 Nos

2168 4839 2382 4911 signati
2411 4838 2694 4908 sumus,si
2719 4838 2892 4893 ﬁdem
2912 4841 3172 4893 nostram
3195 4837 3474 4909 operibus
3495 4839 3833 4910 sequimur.

2173 4929 2270 4984 Ille
2299 4929 2454 4984 enim
2500 4944 2629 4983 vere
2679 4928 2885 4993 credit,
2917 4927 3016 4998 qui
3047 4931 3271 4982 exercet
3317 4927 3616 4998 operando
3670 4927 3833 4998 quod

2170 5018 2370 5072 credit.
2395 5017 2555 5081 Quod
2587 5020 2788 5072 contra
2817 5017 2888 5071 de
2920 5015 3138 5086 his,qui
3174 5015 3348 5070 ﬁdem
3380 5017 3623 5071 nomine
3656 5021 3834 5071 tenus

2171 5105 2662 5175 retinent,Paulus
2691 5105 2834 5160 dicit
2866 5122 2918 5159 :«
2949 5104 3315 5160 Conﬁtentur
3343 5121 3404 5160 se
3436 5120 3613 5161 nosse
3642 5105 3832 5160 Deum

2172 5197 2340 5250 factis
2370 5200 2565 5251 autem
2596 5198 2813 5267 negant
2842 5195 2962 5266 (Tit.
2997 5211 3038 5264 1,
3071 5195 3180 5264 16).
3213 5213 3240 5245 ιι

2243 5309 2270 5335 ‹‹
2303 5284 2441 5339 Fide
2496 5283 2883 5356 intelligimus
2939 5286 3136 5354 aptata
3193 5298 3322 5338 esse
3378 5281 3596 5339 saecula
3654 5283 3831 5340 verbo

2171 5374 2292 5440 Dei,
2327 5378 2391 5428 ut
2415 5389 2484 5428 ex
2513 5371 2908 5429 invisibilibus
2935 5370 3192 5428 visibilia
3214 5372 3477 5443 ﬁerent,»
3513 5372 3665 5429 ﬁdes
3693 5372 3830 5427 forti

2169 5575 2418 5716 mill/11)
2452 5643 2517 5700 In
2547 5656 2732 5714 marg.
2766 5641 2896 5700 cod.
2927 5639 3024 5700 hic
3052 5639 3268 5715 legitur
3295 5653 3426 5713 cap.
3455 5637 3682 5700 XXVII.
