4020 6178
257 401 376 462 797

798 399 1206 464 EXPOSITIO
1250 401 1327 461 IN
1374 395 1800 460 EPIS'I'OLAS
1842 395 2103 456 PAULI.
2139 426 2217 439 —
2257 395 2336 455 IN
2381 395 2631 457 EPIST.
2678 393 2780 455 AD
2824 393 3061 455 HEBR.

3549 388 3669 452 798

258 534 477 602 animo,
511 537 568 589 et
595 532 747 588 virili
778 550 924 605 opus
956 534 1149 598 habet,
1181 533 1379 588 omnia
1427 533 1903 605 supergrediente
1930 529 1983 594 Α
2016 529 2302 584 Dominus
2332 545 2508 600 super
2527 527 2690 595 Abel,
2713 530 2769 583 et
2791 542 2965 597 super
2989 522 3343 581 sacriﬁcium
3370 523 3529 594 ejus;
3564 539 3667 579 seu

258 622 581 693 sensibilis,
616 628 671 677 et
702 623 1100 677 inﬁrmitatem
1135 622 1426 678 rationum
1473 623 1779 677 hominum
1815 625 1905 678 in-

256 716 617 766 transeuntc.
651 712 773 765 Non
807 712 962 765 enim
996 716 1184 782 potest
1215 711 1381 766 aliter
1412 712 1727 782 quisquam
1764 713 1908 767 ﬁde-

254 799 329 855 lis
361 799 636 866 ﬁeri,nisi
669 800 927 870 seipsum
961 818 993 855 a
1025 801 1446 855 consuetudine
1483 800 1779 855 communi
1804 803 1909 855 ab-

261 890 457 944 ducat.
484 889 628 951 Quia
657 906 791 959 ergo
823 888 1031 943 animae
1067 889 1433 944 Hebraeorum
1468 890 1689 945 debiles
1721 895 1905 956 erant,

249 981 307 1032 et
339 995 373 1031 a
406 978 517 1031 ﬁde
551 976 787 1047 quidem
822 977 1053 1031 initium
1090 987 1481 1048 sumpserant,
1516 995 1583 1032 ex
1618 980 1903 1049 passioni-

249 1066 361 1119 bus
380 1070 573 1119 autem
590 1064 1034 1120 tribulationum
1057 1066 1463 1137 pusillanimes
1480 1067 1904 1137 efﬁciebantur,

248 1160 306 1209 et
357 1154 553 1209 minus
605 1156 890 1226 patienter
948 1157 1233 1222 ferebant,
1284 1163 1339 1211 et
1387 1157 1901 1223 concutiebantur;

247 1244 440 1315 primo
471 1260 569 1298 eos
615 1261 682 1298 ex
709 1245 918 1315 seipsis
951 1245 1294 1300 adhortatus
1326 1251 1434 1315 est,
1460 1246 1656 1300 dicens
1688 1264 1699 1300 :
1734 1269 1761 1295 «
1798 1248 1903 1301 lte-

246 1334 661 1388 memoramini
696 1333 819 1388 dies
853 1334 1205 1403 pristinos,»
1246 1334 1453 1388 deinde
1507 1350 1573 1388 ex
1604 1336 1903 1405 Scriptura

247 1421 447 1477 divina
467 1421 692 1475 dicente
728 1439 738 1475 :
776 1446 802 1470 ‹‹
836 1422 1041 1477 Justus
1076 1440 1138 1476 ex
1175 1423 1285 1476 ﬁde
1318 1424 1456 1478 vivit
1492 1442 1503 1479 :
1542 1445 1567 1470 »
1602 1423 1811 1477 deinde
1834 1440 1900 1478 ex

246 1510 813 1576 ratiocinationibus,
864 1511 1065 1566 dicens
1101 1528 1113 1566 :
1149 1535 1175 1559 ‹‹
1222 1513 1387 1566 Fides
1439 1518 1529 1566 est
1583 1514 1898 1583 speranda-

247 1607 378 1644 rum
412 1591 745 1645 substantia
776 1608 990 1656 rerum,
1018 1614 1044 1639 ››
1081 1592 1362 1646 convictio
1396 1610 1758 1663 earum,quaa
1785 1610 1899 1647 non

242 1680 544 1746 videntur;
582 1698 737 1736 nunc
768 1686 963 1735 autem
997 1688 1054 1735 et
1107 1680 1472 1752 genitoribus
1504 1681 1709 1752 incipit
1741 1682 1899 1752 loqui

245 1769 477 1839 magnis
507 1770 731 1835 viris,et
762 1769 1259 1825 mirabiliterillos
1293 1788 1625 1841 proponens
1648 1772 1814 1825 nobis
1839 1772 1896 1825 in

240 1857 597 1929 exemplum,
627 1859 785 1930 quia,
807 1860 959 1914 sicut
988 1859 1070 1913 illi
1104 1877 1305 1915 omnes
1339 1878 1439 1930 per
1471 1861 1644 1914 ﬁdem
1687 1859 1892 1915 salvati
1932 1894 1977 1958 B

240 1950 398 2015 sunt,
432 1946 515 2000 ita
562 1952 617 2001 et
671 1964 775 2002 nos
822 1964 923 2018 per
966 1949 1140 2002 ﬁdem
1174 1965 1377 2003 omnes
1408 1948 1725 2002 salvamur.
1758 1952 1900 2003 Cum

246 2034 703 2089 eniminvenerit
724 2036 991 2091 animain
1016 2038 1235 2091 eisdem
1258 2037 1633 2107 passionibus
1660 2036 1906 2091 socium.

254 2123 570 2194 requiescit
600 2130 657 2178 et
688 2123 953 2195 respirat.
993 2127 1106 2180 Hoc
1147 2131 1203 2180 et
1242 2126 1299 2179 in
1332 2126 1463 2190 ﬁde,
1497 2126 1605 2179 hoc
1631 2131 1686 2180 et
1714 2127 1770 2179 in
1803 2126 1904 2180 tri-

241 2210 548 2267 bulatione
580 2213 729 2267 solet
754 2214 1294 2269 accidere.Proinde
1323 2216 1399 2269 sit
1432 2216 1486 2269 in
1519 2215 1682 2270 vobis
1707 2231 1907 2269 conso-

247 2298 412 2366 latio,
442 2299 763 2371 inquit,per
793 2307 1060 2357 mutuam
1092 2304 1478 2359 ﬁdem.Valde
1508 2304 1663 2358 enim
1699 2303 1903 2377 fragile

249 2392 339 2442 est
369 2403 555 2459 genus
586 2388 912 2444 humanum
945 2398 999 2445 et
1031 2391 1278 2446 nimium
1313 2392 1589 2448 haesitans
1612 2393 1669 2446 in
1694 2394 1904 2463 cogita‘

248 2474 426 2530 tione.
481 2477 795 2547 Apostolus
844 2495 979 2550 ergo
1029 2495 1095 2533 ex
1144 2479 1408 2550 patribus
1462 2497 1559 2534 eos
1615 2480 1896 2537 hortatur.

255 2566 325 2619 Et
355 2564 541 2636 primo
561 2582 628 2620 ex
651 2567 948 2622 communi
976 2567 1465 2631 intellectu,initio
1498 2570 1897 2640 manifestum,

255 2652 580 2724 inquit,est,
632 2656 769 2726 quia
814 2674 927 2711 non
982 2657 1368 2725 exstantibus,
1403 2675 1529 2728 qua:
1562 2664 1719 2726 sunt,
1747 2660 1899 2716 Deus

252 2741 431 2795 efﬁcit
482 2759 493 2795 :
547 2744 646 2797 sed
697 2762 765 2798 ex
808 2744 1205 2801 invisibilibus
1233 2746 1507 2816 Visibilia,
1542 2764 1609 2801 ex
1640 2765 1753 2802 non
1788 2750 1899 2804 exi-

257 2831 550 2885 stentibus
575 2832 1052 2888 subsistentiaEt
1074 2836 1228 2889 unde
1245 2835 1390 2889 hoc?
1420 2836 1565 2899 Quia
1593 2838 1766 2891 verbo
1791 2836 1899 2893 hoc

252 2919 798 2976 fecit.Ratiocinatio
832 2924 1069 2993 quidem
1104 2924 1161 2977 in
1194 2924 1301 2978 hoc
1328 2925 1468 2979 nihil
1502 2926 1669 2979 nobis
1701 2927 1901 2980 suﬁ'ra-

256 3012 446 3080 gatur.
504 3010 662 3065 Unde
721 3011 957 3081 quidem
1021 3013 1328 3078 habemus,
1388 3013 1528 3082 quia
1582 3018 1734 3067 Deus
1793 3013 1900 3068 hoc

256 3096 408 3164 fecit,
442 3098 589 3153 ratio
619 3116 735 3154 non
782 3101 1152 3171 suffragatur.
1208 3100 1454 3171 Aliquis,
1506 3102 1739 3171 quando
1796 3104 1899 3157 ﬁe-

252 3185 413 3252 bant,
448 3204 561 3241 non
595 3188 811 3245 aderat.
849 3189 1008 3243 Unde
1061 3205 1195 3259 ergo
1253 3194 1473 3243 certum
1506 3190 1632 3243 est?
1662 3191 1901 3246 Manife-

2019 635 2118 689 per
2141 617 2299 672 illam
2321 618 2548 672 Domini
2570 614 3101 687 sententiam,quod
3126 631 3159 669 a
3179 613 3369 685 primo
3392 618 3665 683 martyre,

2018 708 2118 776 qui
2150 707 2257 761 fuit
2279 724 2463 777 usque
2485 707 2554 760 ad
2580 712 2903 761 extremum
2937 707 3357 759 rememoratus
3383 707 3470 756 est
3494 707 3665 769 Deus,

2018 795 2304 850 vindicari
2337 810 2514 866 super
2545 788 2776 865 his,qui
2812 794 3033 848 faciunt
3060 792 3377 846 vindictam
3401 791 3460 844 in
3485 790 3666 846 servis

2018 886 2141 940 suis
2192 903 2203 939 :
2256 890 2318 938 ut
2362 885 2419 937 in
2469 883 2775 954 Evangelio
2824 883 3076 953 legimus
3121 881 3339 948 (Matth.
3372 898 3528 946 xxm,
3560 880 3661 947 35;

2020 979 2149 1029 Luc.
2187 992 2248 1037 ιι,
2280 973 2369 1043 51)
2395 990 2445 1027 :«
2476 978 2520 1024 A
2554 972 2839 1043 sanguine
2865 970 3003 1026 Abel
3027 970 3175 1041 justi
3207 986 3395 1041 usque
3427 970 3497 1024 ad
3530 987 3663 1024 san-

2016 1064 2253 1135 guinem
2287 1062 2573 1117 Zachariae
2596 1064 2671 1129 (ll
2694 1063 3054 1128 Paral.xx1v,
3074 1062 3185 1131 ‘22),
3212 1059 3316 1114 ﬁlii
3350 1059 3661 1128 Barachiaa,

2014 1169 2189 1222 quem
2218 1152 2555 1206 occiderunt
2600 1152 2750 1205 inter
2796 1150 3104 1221 templum,
3138 1154 3193 1204 et
3225 1150 3425 1203 altare.
3460 1150 3528 1203 Et
3558 1166 3663 1220 per

2012 1240 2171 1294 illam
2208 1241 2521 1295 defunctus
2553 1240 2742 1294 adhuc
2775 1238 3052 1309 loquitur,
3087 1259 3112 1289 ι)
3149 1243 3213 1292 ut
3243 1238 3490 1291 dicitur:
3516 1236 3661 1292 San-

2012 1329 2143 1399 guis
2174 1328 2313 1382 Ahel
2347 1328 2562 1383 clamat
2593 1328 2661 1381 ad
2698 1344 2789 1381 me
2822 1328 2891 1381 de
2921 1331 3075 1381 terra
3108 1327 3256 1397 (Gen.
3293 1343 3367 1391 1v,
3403 1326 3510 1390 10),
3557 1341 3660 1380 seu

2013 1417 2203 1471 adhuc
2254 1416 2541 1487 loquitur;
2591 1416 2699 1469 hoc
2744 1420 2852 1481 est,
2899 1416 3193 1469 interemit
3235 1413 3468 1485 quidem
3502 1431 3658 1481 eum,

2013 1507 2113 1561 sed
2148 1523 2262 1560 non
2296 1522 2428 1559 cum
2463 1522 2526 1559 eo
2559 1504 2853 1559 interemit
2883 1506 3010 1575 ejus
3042 1503 3309 1575 gloriam.
3334 1505 3411 1557 Ac
3443 1503 3489 1557 si
3515 1502 3663 1558 dice-

2011 1600 2116 1660 ret,
2154 1612 2267 1649 non
2298 1593 2394 1647 ille
2430 1600 2696 1647 mortuus
2729 1598 2839 1661 est,
2872 1609 3007 1664 ergo
3040 1608 3144 1647 nec
3171 1608 3271 1646 vos
3304 1591 3658 1645 moriemini.

2011 1682 2219 1737 Omnia
2250 1684 2372 1737 hrrc
2400 1684 2517 1753 egit
2548 1682 2881 1753 Apostolus,
2914 1688 2979 1736 ut
3010 1682 3340 1752 capacioces
3380 1696 3478 1734 eos
3529 1680 3658 1733 red-

2009 1772 2167 1826 deret
2189 1772 2245 1825 in
2271 1773 2381 1826 ﬁde
2405 1777 2460 1826 et
2485 1772 2771 1827 ﬁrmiores
2802 1772 2871 1826 ad
2904 1768 3555 1825 tolerandum.Proinde
3577 1772 3662 1822 tot

2009 1861 2197 1930 signa,
2231 1865 2315 1915 tot
2346 1859 2651 1927 miracula,
2687 1864 2764 1914 tot
2804 1858 3234 1913 consolationes
3284 1856 3656 1927 multiplicat.

2020 1952 2246 2014 Quanto
2279 1950 2412 2020 quis
2444 1949 2636 2003 acrius
2668 1966 2876 2020 passus
2910 1946 3100 2013 fuerit,
3134 1949 3293 2000 tanto
3325 1944 3515 2015 magis
3536 1943 3656 2015 glo-

2017 2040 2103 2094 ria
2136 2038 2715 2111 procrescit.Quando
2747 2038 2937 2091 adhuc
2961 2035 3242 2107 loquitur,
3264 2034 3373 2089 hoc
3394 2033 3549 2088 enim
3572 2032 3660 2087 in-

2016 2127 2234 2182 dicium
2258 2129 2530 2198 est,quod
2549 2126 2868 2197 vivit,quod
2893 2126 2951 2180 in
2974 2142 3071 2181 ore
3092 2124 3354 2179 omnium
3373 2126 3657 2186 versatur,

2016 2218 2168 2287 quod
2220 2233 2423 2271 omnes
2471 2233 2604 2271 eum
2652 2215 3020 2270 admirantur
3061 2218 3117 2267 et
3162 2212 3515 2267 beatiﬁcant.
3550 2210 3657 2276 Qui

2015 2306 2171 2361 enim
2194 2307 2468 2361 admonet
2495 2305 2637 2360 alios
2664 2308 2728 2359 ut
2750 2304 2898 2375 justi
2926 2304 3043 2358 sint
3066 2301 3479 2375 loquitur.Non
3501 2299 3656 2355 enim

2013 2400 2244 2450 tantum
2306 2395 2532 2465 proﬁcit
2590 2410 2804 2459 sermo,
2873 2396 3160 2465 quantum
3229 2389 3423 2461 passio
3476 2388 3654 2444 illius.

2011 2484 2173 2539 Sicut
2230 2482 2437 2538 ccslum
2507 2486 2737 2537 tantum
2787 2498 3072 2553 apparens
3127 2479 3408 2551 loquitur,
3462 2478 3545 2532 sic
3602 2481 3659 2532 et

2010 2572 2125 2643 ille,
2161 2574 2297 2627 dum
2334 2572 2393 2626 in
2428 2572 2769 2627 memoriam
2819 2570 2995 2625 venit.
3047 2569 3358 2639 Nunquam
3408 2567 3563 2621 enim
3596 2566 3653 2620 in

2010 2666 2171 2716 tanta
2200 2665 2352 2716 esset
2382 2660 2790 2725 admiratione,
2838 2659 2886 2713 si
2937 2657 3095 2713 mille
3132 2657 3363 2729 linguas
3395 2656 3653 2724 haberet,

2010 2751 2058 2807 si
2098 2751 2331 2819 viveret,
2386 2750 2444 2803 in
2496 2756 2715 2820 quanta
2764 2765 2921 2802 nunc
2966 2745 3353 2801 admiratione
3382 2749 3489 2799 est.
3525 2749 3655 2797 Haec

2009 2838 2194 2911 gloria
2224 2856 2336 2892 non
2373 2838 2697 2908 acquiritur
2724 2836 2849 2891 sine
2880 2833 3172 2906 periculis.

2081 2950 2107 2975 ‹‹
2144 2927 2280 2981 Fide
2311 2925 2547 2979 chocb
2582 2924 2903 2979 translatus
2928 2928 3016 2977 est
3045 2938 3115 2975 ne
3135 2921 3353 2976 videret
3383 2925 3652 2991 mortem,

2010 3019 2066 3069 et
2095 3032 2209 3069 non
2241 3014 2664 3081 inveniebatur,
2719 3010 2856 3082 quia
2906 3008 3209 3064 transtulit
3257 3008 3425 3062 illum
3478 3008 3653 3072 Deus,

2012 3108 2143 3159 ante
2174 3102 2616 3157 translationem
2650 3099 2803 3154 enim
2835 3097 3239 3153 testimonium
3288 3096 3495 3151 habuit
3528 3096 3654 3167 pla-

2012 3192 2205 3247 cuisse
2239 3191 2517 3245 Deo.Sine
2550 3190 2661 3243 ﬁde
2692 3193 2886 3242 autem
2920 3185 3282 3258 impossibile
3313 3189 3400 3240 est
3430 3185 3656 3257 placere

256 3278 415 3329 stum
446 3281 552 3345 est,
588 3278 743 3347 quod
794 3276 927 3331 ﬁdei
978 3294 1070 3332 res
1124 3258 1231 3332 est.
1272 3300 1291 3325 α
1326 3277 1462 3332 Fide
1494 3278 1898 3350 intelligimus,
1933 3258 1975 3324 (ἶ
2015 3282 2151 3335 Deo.
2187 3280 2429 3334 Credere
2473 3278 2628 3333 enim
2678 3280 2901 3348 oportet
2959 3275 3325 3330 accedentem
3368 3274 3437 3328 ad
3474 3279 3653 3328 Deum

253 3363 466 3435 inquit,
529 3370 725 3434 aptata
782 3382 910 3419 esse
978 3365 1187 3420 smeula
1263 3366 1435 3421 verbo
1494 3366 1613 3421 Dei.
1678 3389 1706 3415 »
1766 3370 1901 3424 Fide

252 3451 470 3521 quippe
501 3452 793 3506 credimus
826 3454 1111 3523 aptata.id
1148 3459 1255 3519 est,
1283 3455 1553 3525 perfecta,
1591 3472 1691 3510 seu
1725 3457 1897 3513 facta:

255 3538 395 3608 quia
426 3555 541 3593 non
574 3556 641 3593 ex
672 3541 1023 3608 visibilibus,
1060 3543 1158 3596 sed
1208 3560 1274 3597 ex
1326 3543 1718 3599 invisibilibus
1752 3548 1901 3600 facta

253 3630 394 3681 sunt
425 3643 549 3697 qum
580 3628 866 3683 videntur.
907 3631 1017 3685 Hoc
1050 3635 1247 3685 autem
1279 3636 1368 3686 est
1400 3632 1550 3686 ﬁdei.
1586 3634 1902 3690 lnvisibilia

253 3715 471 3786 quippe
501 3721 684 3782 erant,
718 3718 995 3788 quoniam
1044 3720 1295 3774 tenebrae
1328 3726 1491 3775 erant
1523 3739 1699 3793 super
1728 3724 1900 3795 abys-

255 3820 385 3857 sum
419 3804 569 3873 (Gen.
606 3821 644 3873 1-,
675 3806 751 3875 2).
785 3806 1054 3861 Visibilia
1083 3808 1235 3863 facta
1267 3814 1421 3873 sunt,
1457 3810 1734 3879 quoniam
1774 3829 1897 3866 om-

255 3892 351 3945 nia
382 3892 630 3947 formam
664 3900 1033 3965 acceperunt.

325 3980 509 4048 (1442)
538 4003 564 4029 ‹‹
597 3980 731 4035 Fide
763 3982 1077 4053 plurimam
1111 3983 1363 4038 hostiam
1396 3985 1738 4055 Abel,quam
1763 3986 1898 4042 Cain

255 4067 466 4123 obtulit
498 4074 628 4137 Deo,
664 4087 764 4141 per
795 4088 970 4141 quam
998 4072 1400 4128 testimonium
1434 4080 1783 4130 consecutus
1816 4081 1902 4131 est

255 4159 1031 4228 essejustus,testimonium
1054 4161 1391 4232 perhibente
1411 4164 1754 4219 muneribus
1776 4167 1902 4235 ejus

254 4244 459 4310 Deo,et
480 4246 755 4318 perillam
771 4248 1080 4303 defunctus
1104 4250 1295 4305 adhuc
1317 4250 1899 4322 loquitur.»Primum

252 4334 416 4405 penit
446 4336 708 4407 eum,qui
741 4335 895 4392 mala
924 4355 1135 4408 passus
1169 4344 1275 4406 est,
1308 4344 1363 4393 et
1412 4339 1520 4395 hoc
1552 4346 1608 4395 et
1639 4360 1671 4395 a
1705 4343 1897 4398 fratre.

254 4421 561 4493 Proprium
596 4424 829 4480 illorum
876 4425 1074 4496 posuit
1120 4426 1452 4495 exemplum
1487 4445 1498 4481 :
1535 4431 1747 4484 etenim
1775 4448 1898 4502 vos,

252 4510 470 4582 inquit,
515 4514 715 4567 eadem
764 4514 923 4585 passi
968 4515 1108 4570 estis
1140 4533 1173 4569 a
1203 4516 1628 4573 contribulihus
1668 4520 1897 4575 vestris.

2011 3369 2149 3440 quia
2177 3376 2283 3434 est,
2316 3372 2371 3421 et
2399 3366 2832 3439 inquirentibus
2863 3382 2923 3419 se
2947 3368 3348 3419 remunerator
3377 3364 3471 3418 sit.
3490 3385 3518 3413 »
3533 3368 3653 3419 Non

2011 3459 2165 3513 enim
2216 3457 2358 3511 dixit
2406 3458 2558 3527 apud
2613 3456 2874 3526 seipsum
2915 3453 3170 3523 Henocb,
3206 3453 3357 3524 quod
3391 3470 3537 3524 opus
3568 3460 3657 3508 est

2010 3545 2240 3601 labores
2264 3551 2316 3599 et
2349 3544 2606 3616 pericula
2628 3543 3089 3598 sustinere.Ecce
3108 3540 3247 3596 Abel
3267 3545 3533 3596 mortuus
3555 3558 3657 3612 pro

2011 3651 2207 3689 amore
2238 3634 2425 3700 Dei,et
2456 3633 2705 3688 necdum
2739 3630 3225 3686 resurrectionem
3262 3630 3508 3701 adeptus
3531 3633 3655 3697 est;

2011 3724 2111 3779 sed
2145 3722 2500 3777 desiderium
2524 3721 2759 3793 quidem
2784 3720 2914 3789 ejus
2936 3719 3313 3774 manifestum
3340 3722 3510 3788 est,et
3532 3734 3657 3788 quis

2012 3811 2083 3864 ab
2116 3811 2215 3864 illo
2249 3810 2371 3864 ﬁeri
2404 3810 2715 3871 debebant,
2748 3809 2901 3862 facta
2932 3812 3088 3861 sunt.
3122 3807 3255 3869 Quae
3292 3823 3424 3862 vero
3455 3806 3659 3862 donari

2011 3904 2340 3971 sperantur,
2379 3899 2629 3952 necdum
2660 3896 2745 3949 illi
2778 3895 2987 3950 collata
3017 3896 3303 3949 sunt.Sed
3335 3911 3440 3948 nec
3471 3896 3659 3964 parri-

2012 3988 2139 4042 cida
2170 3985 2428 4057 suscepit
2460 3984 2889 4040 contritionem.
2922 3983 3174 4037 Minatur
3204 3982 3438 4052 quidem
3468 3982 3539 4036 ab
3571 3999 3657 4052 eo,

2012 4077 2113 4131 sed
2146 4076 2394 4129 necdum
2428 4074 2477 4127 ei
2510 4072 2799 4127 retribuit.
2834 4072 2976 4135 Quid
3013 4070 3096 4124 illi
3128 4087 3196 4124 ex
3226 4069 3334 4124 hoc
3364 4070 3660 4141 proderit?

2012 4166 2112 4220 sed
2146 4165 2216 4219 ab
2258 4162 2601 4233 hujusmodi
2624 4160 2993 4215 cunctatione
3014 4159 3413 4230 pertransiens
3436 4158 3659 4214 intelle-

2010 4251 2409 4323 xit,quoniam
2434 4252 2482 4306 si
2507 4255 2595 4305 est
2625 4252 2794 4319 Deus,
2822 4249 3157 4304 omnimodo
3192 4246 3497 4302 retributio
3528 4247 3656 4302 erit.

2010 4344 2080 4397 Et
2108 4360 2209 4397 vos
2240 4340 2661 4413 igitur,inquit,
2684 4338 2965 4393 attendite
2984 4354 3113 4403 vos;
3137 4342 3194 4391 et
3213 4336 3261 4391 si
3282 4336 3490 4391 videtis
3512 4336 3658 4391 nihil

2009 4448 2109 4485 vos
2137 4431 2232 4485 hic
2264 4429 2582 4501 percipere,
2611 4445 2726 4481 non
2751 4426 3195 4498 perturbemini.
3228 4426 3285 4480 Si
3311 4423 3393 4479 illi
3421 4425 3503 4480 sic
3533 4425 3654 4496 pla-

2011 4524 2258 4575 cuerunt
2286 4519 2423 4585 Deo,
2459 4518 2555 4588 qui
2582 4516 2745 4571 nulla
2775 4514 3059 4587 exempla,
3095 4532 3219 4585 quae
3266 4514 3653 4585 intenderent,

258 4599 537 4655 Hortatur
566 4603 721 4657 enim
754 4620 873 4669 eos,
899 4608 981 4671 ut,
1015 4603 1166 4658 sicut
1195 4604 1289 4659 ille
1321 4605 1537 4674 injuste
1568 4608 1795 4665 occisus
1818 4615 1905 4665 est
1938 4618 1979 4681 D
2012 4609 2588 4678 habuerunt,quanto
2622 4606 2808 4677 magis
2832 4621 2937 4659 nos
2967 4604 3249 4659 debemus
3278 4603 3657 4675 placere,qui-

257 4705 291 4743 a
344 4689 539 4755 fratre,
591 4694 646 4743 et
695 4708 808 4745 non
868 4692 1153 4747 recusavit
1184 4695 1667 4765 persecutionem,
1710 4698 1791 4752 ita
1822 4698 1903 4752 illi

254 4794 368 4831 non
394 4779 807 4847 recusarent,si
830 4779 1045 4850 injuste
1064 4786 1398 4851 paterentur
1414 4800 1447 4838 a
1471 4786 1899 4842 contribulihus

252 4884 475 4921 eorum.
514 4866 830 4922 Plurimam
865 4870 1081 4939 quippe
1106 4869 1356 4924 hostiam
1382 4872 1728 4944 Abel,quam
1761 4876 1898 4931 Cain

251 4955 483 5023 obtulit,
517 4973 632 5010 non
678 4957 829 5027 quod
865 4956 965 5009 illa
994 4956 1185 5011 hostia
1233 4959 1292 5012 in
1343 4960 1517 5015 rebus
1566 4964 1900 5019 carnalibus

255 5045 446 5115 major
475 5045 812 5113 exstitisset,
846 5046 944 5100 sed
981 5046 1268 5116 quidquid
1314 5049 1599 5117 Optimum
1652 5051 1903 5108 habebat

254 5133 536 5199 Abel,Deo
572 5151 674 5206 per
704 5135 877 5189 ﬁdem
910 5134 1185 5189 benevolo
1218 5136 1413 5190 animo
1456 5138 1798 5207 proferebat.
1836 5142 1901 5197 Et

251 5222 457 5279 exinde
482 5223 534 5277 ei
569 5240 677 5278 sua
707 5222 1093 5295 multiplicata
1123 5224 1378 5279 fuerunt.
1412 5226 1477 5279 Et
1516 5226 1899 5299 intelligimus

252 5312 447 5384 ipsum
496 5329 595 5383 per
637 5312 744 5367 hoc
798 5311 1087 5383 placuisse
1118 5312 1252 5367 Deo.
1285 5314 1710 5370 Testimonium
1743 5318 1899 5373 enim

250 5406 600 5456 consecutus
632 5406 720 5456 est
748 5417 874 5456 esse
898 5403 1116 5470 justus;
1143 5402 1260 5457 sive
1294 5403 1447 5474 quod
1482 5404 1633 5475 ignis
1656 5406 1899 5462 descen-

249 5489 334 5543 dit
367 5490 437 5544 de
478 5489 712 5561 cmlo,ut
759 5490 818 5544 in
856 5490 1215 5545 Theodotion
1263 5490 1476 5563 legitur
1514 5494 1901 5551 inﬂammavit

324 5667 509 5739 (1442)
537 5667 637 5723 Ilio
669 5667 726 5723 in
760 5668 886 5725 cod.
920 5684 1104 5741 marg.
1138 5668 1349 5741 legitur
1376 5687 1500 5742 cap.
1534 5669 1772 5729 XXVIII.

2016 4699 2123 4752 bus
2154 4702 2239 4752 tot
2269 4696 2447 4751 stellae
2476 4696 2756 4750 micantes
2787 4694 3171 4759 emicuerunt,
3207 4693 3390 4747 donec
3435 4693 3657 4748 veniret

2011 4805 2181 4842 verus
2233 4786 2369 4840 Sol?
2423 4785 2577 4852 Fide,
2629 4783 2841 4853 inquit,
2892 4782 3214 4837 translatus
3263 4786 3351 4837 est
3396 4783 3653 4837 Henoch.

2014 4875 2242 4930 Henoch
2275 4891 2375 4944 per
2406 4874 2578 4927 ﬁdem
2611 4871 2830 4943 placuit
2880 4876 3009 4937 Deo,
3043 4877 3107 4925 ut
3137 4873 3429 4942 quomodo
3463 4877 3654 4942 patres

2011 4964 2339 5034 superiores
2371 4966 2502 5015 ante
2533 4961 2869 5028 adventum,
2909 4960 3075 5014 illum
3120 4978 3232 5014 non
3282 4961 3551 5014 viderunt
3597 4963 3655 5013 et

2011 5053 2409 5117 crediderunt,
2442 5050 2520 5103 ita
2569 5054 2626 5103 et
2676 5066 2783 5103 nos
2833 5049 3079 5104 scientes
3112 5050 3343 5103 credere
3374 5048 3654 5101 debemus

2012 5143 2165 5214 quod
2190 5158 2303 5195 non
2328 5140 2614 5205 videmus,
2644 5143 2709 5192 ut
2742 5139 3098 5210 accipiamus
3130 5138 3281 5192 sicut
3309 5135 3392 5189 illi
3424 5150 3654 5205 accepe-

2010 5235 2168 5293 runt,
2198 5234 2261 5284 ut
2292 5228 2508 5282 dicitur
2538 5245 2551 5283 :
2590 5249 2615 5276 ‹‹
2647 5227 2893 5290 Quzerite
2923 5226 3255 5290 Dominum,
3282 5229 3339 5278 et
3368 5222 3655 5278 conforta-

2011 5320 2176 5386 mini,
2229 5317 2467 5390 quaerite
2498 5316 2703 5371 faciem
2737 5317 2866 5387 ejus
2896 5331 3127 5385 semper
3155 5312 3328 5383 (Psal.
3370 5328 3477 5381 CIV,
3512 5311 3585 5384 4).
3620 5334 3647 5361 ››

2009 5408 2081 5463 Ut
2111 5407 2265 5462 enim
2299 5406 2730 5471 transferretur,
2764 5421 2938 5459 causa
2971 5403 3080 5457 fuit
3110 5418 3209 5471 per
3240 5401 3392 5471 quod
3416 5400 3649 5473 placue-

2008 5502 2114 5551 rat.
2150 5496 2261 5551 Sed
2292 5500 2356 5550 ut
2386 5493 2618 5550 chocb
2650 5492 2897 5566 placeret
2930 5491 3063 5557 Deo,
3097 5506 3275 5545 causa
3305 5494 3429 5546 erat
3480 5491 3644 5547 ﬁdes.
