4044 6180
397 246 514 308 803

1411 241 1750 301 ATTONIS
1796 239 2384 302 VERGELLENSIS
2431 241 2785 303 EPlSCOPI

3687 243 3798 303 804

395 378 652 434 lutarent
681 393 795 429 eos.
833 375 912 429 Ex
943 372 1286 446 metaphora
1308 373 1710 445 navigantium
1736 372 1842 428 hoc
1863 372 2030 438 dixit,
2063 376 2116 439 Α
2147 373 2204 426 in
2239 374 2383 428 actis
2415 375 2820 429 nefandorum.
2849 373 2958 428 Sed
2986 372 3067 427 illi
3087 373 3167 428 ita
3187 375 3354 428 erant
3375 371 3539 439 clari,
3562 373 3646 427 ita
3665 389 3799 428 con-

395 467 533 538 quia
563 483 595 520 a
625 465 795 534 longe
818 462 1181 534 prospiciunt
1202 463 1562 518 desideratas
1585 462 1868 525 civitates,
1894 478 2041 531 quas

393 560 705 623 antequam
739 551 1162 623 ingrediantur,
1197 551 1548 605 salutatione
1577 550 1958 621 praeveniunt,
1986 554 2042 604 ct

389 659 486 697 eas
508 641 618 696 sibi
644 640 962 695 familiares
985 639 1730 709 efﬁciunt.Aspiciebantin
1753 639 1889 704 fide,
1913 655 2042 692 con-

387 730 707 785 ﬁtebantur
727 730 784 782 in
805 728 1195 793 sermonibus,
1217 728 1354 800 quia
1373 728 1684 798 peregrini,
1702 732 1756 780 et
1780 726 2038 797 hospites

386 823 572 888 erant,
595 823 661 873 ut
680 817 961 888 scriptum
985 822 1100 872 est:
1121 817 1468 887 Peregrinus
1489 833 1641 886 sum,
1662 815 1814 870 sicut
1834 831 2038 870 omnes

386 912 583 979 patres
631 907 744 961 mei
796 909 842 976 (I
869 912 1004 962 Par.
1038 923 1191 972 xx1x,
1229 906 1294 958 15
1329 923 1340 972 ;
1400 905 1526 960 Gen.
1560 922 1723 973 xxm,
1756 906 1824 970 4;
1877 904 2032 958 Psal.

384 1012 624 1061 xxxvm,
659 996 764 1065 13).
799 994 905 1050 Ubi
956 999 1152 1048 autem
1203 994 1510 1048 conﬁtetur
1553 991 1845 1046 Abraham
1879 992 2031 1062 quod

385 1084 750 1157 peregrinus,
787 1088 844 1138 et
881 1084 1096 1153 hospes
1152 1083 1247 1150 sit,
1284 1098 1519 1136 necesse
1566 1085 1655 1135 est
1692 1080 1987 1151 inquirere
2017 1105 2031 1148 ;

383 1173 650 1228 fortassis
679 1173 834 1227 enim
868 1173 1043 1226 etiam
1069 1172 1261 1242 ipsum
1295 1170 1401 1224 hoc
1420 1171 1749 1224 confessum
1785 1186 1912 1222 esse
1941 1186 2028 1224 re-

382 1263 694 1333 periemus.
714 1261 1028 1316 Confessus
1051 1264 1243 1314 tamen
1260 1258 1533 1314 estDavid
1548 1301 1560 1324 ,
1578 1258 1728 1312 sicut
1750 1257 2026 1324 diximus;

383 1351 521 1422 quia
553 1350 914 1420 peregrinus,
949 1349 1157 1418 inquit,
1211 1352 1368 1410 sunt,
1419 1347 1571 1401 sicut
1602 1363 1805 1400 omnes
1836 1351 2027 1416 patres

385 1439 495 1493 mei
521 1457 534 1506 ;
559 1438 902 1509 peregrinus
924 1454 956 1490 a
979 1453 1215 1507 peregre
1247 1434 1666 1504 proficiscendo
1691 1434 1902 1488 dictus.
1925 1434 2026 1490 Pe-

381 1543 615 1597 ragrare
636 1527 814 1592 enim,
839 1525 1242 1596 perambulare
1270 1523 1560 1590 dicimus;
1586 1523 1724 1594 quia
1751 1523 1808 1575 in
1836 1523 2021 1576 taber-

380 1613 605 1668 naculis
628 1613 990 1676 habitabant,
1015 1612 1111 1684 qui
1135 1611 1402 1683 sepulcra
1424 1611 1688 1683 pecuniis
1720 1627 2023 1681 compara-

379 1702 542 1756 bant.
576 1705 805 1756 Certum
829 1705 918 1756 est
943 1700 1217 1771 quoniam
1244 1700 1530 1771 peregrini
1554 1704 1738 1764 erant,
1764 1703 1828 1753 ut
1848 1698 2020 1754 etiam

378 1807 483 1846 nec
513 1789 611 1845 ubi
642 1790 954 1862 sepelirent
984 1806 1120 1844 suos
1155 1789 1456 1844 haberent.
1509 1789 1655 1852 Quid
1707 1799 1794 1843 est
1839 1803 1972 1859 ergo
1996 1789 2022 1842 ?

377 1880 652 1950 Nunquid
684 1879 842 1936 illius
875 1882 1060 1945 terra,
1087 1878 1143 1932 in
1177 1894 1293 1948 qua
1321 1876 1617 1932 Palaestini
1647 1880 1831 1945 erant,
1865 1877 2022 1930 dice-

375 1968 515 2023 bant
547 1985 607 2023 se
636 1966 974 2040 peregrinos
1005 1966 1178 2021 esse?
1226 1966 1602 2036 Nequaquam
1635 1983 1646 2030 ;
1695 1965 1793 2019 sed
1841 1965 2021 2020 totius

373 2057 601 2111 mundi.
637 2057 705 2111 Et
736 2055 962 2111 merito.
988 2055 1140 2108 Nihil
1177 2055 1392 2125 quippe
1413 2053 1849 2125 conspiciebant
1871 2053 1931 2108 in
1955 2070 2020 2108 eo

371 2161 595 2214 eorum,
620 2162 747 2216 quze
771 2143 1060 2209 volebant,
1077 2144 1175 2198 sed
1199 2143 1396 2197 omnia
1417 2159 1741 2213 peregrina,
1757 2147 1812 2196 et
1833 2142 2020 2197 aliena

370 2232 487 2286 illis
519 2239 704 2298 erant,
738 2233 838 2302 qui
887 2232 1162 2286 virtutem
1199 2231 1293 2286 Dei
1352 2231 1536 2286 colere
1586 2231 2016 2286 desiderabant.

372 2320 693 2391 Quomodo,
729 2320 940 2391 inquit,
982 2319 1272 2392 peregrini
1304 2319 1513 2373 erant?
1557 2319 1679 2372 Non
1731 2324 1853 2373 erat
1884 2319 2017 2372 dili-

368 2409 564 2480 gentia
593 2426 792 2464 eorum
825 2409 977 2462 circa
1008 2425 1094 2474 ea,
1130 2424 1256 2478 quas
1288 2407 1468 2476 hujus
1501 2408 1706 2461 mundi
1756 2411 1926 2460 sunt:
1965 2412 2019 2460 et

368 2497 477 2553 hoc
509 2514 624 2552 non
657 2497 846 2552 verbis
879 2496 1090 2566 solum,
1125 2496 1225 2550 sed
1283 2495 1458 2548 etiam
1517 2497 1690 2548 rebus
1739 2495 1902 2565 ipsis,
1963 2499 2019 2548 ct

367 2587 641 2658 operibus
672 2586 1177 2640 demonstrabant.
1211 2584 1367 2638 Dixit
1417 2588 1565 2637 Deus
1595 2583 1840 2637 Abrahae
1868 2601 1880 2636 τ
1915 2583 2016 2636 Exi

367 2675 439 2729 de
468 2678 624 2728 terra
655 2679 776 2738 tua,
811 2690 936 2743 qua:
963 2673 1282 2744 putabatur
1310 2687 1438 2725 esse
1464 2670 1668 2741 patria.
1696 2671 1904 2724 Statim
1929 2687 2017 2725 ex-

368 2761 490 2832 ivit,
522 2767 579 2816 et
608 2778 722 2817 non
764 2766 851 2816 est
900 2764 1158 2816 retentus
1209 2776 1406 2814 amore
1464 2759 1853 2830 propriorum,
1913 2759 2014 2813 sed

369 2852 520 2906 sicut
542 2851 884 2924 peregrinus
906 2865 1179 2922 egressus
1201 2853 1312 2918 est,
1345 2848 1444 2902 sed
1476 2848 1632 2902 venit
1660 2847 1729 2901 ad
1763 2846 2014 2903 alienam

367 2945 606 2996 terram.
640 2939 793 2994 Dixit
821 2938 910 2993 ei:
936 2938 1090 2993 Ofi‘er
1119 2936 1264 2991 mihi
1316 2936 1499 2990 ﬁlium
1531 2941 1722 2990 tuum.
1756 2936 1850 2991 Sic
1879 2953 2013 2991 eum

365 3029 578 3085 obtulit
592 3035 871 3101 tanquam
887 3029 1064 3084 sinon
1083 3026 1716 3082 habuissethumanam
1741 3029 2012 3079 naturam

2154 462 2393 516 ﬁdentia
2416 462 2593 532 pleni,
2611 469 2673 518 ut
2696 481 2810 518 non
2833 463 3312 525 confunderetur,
3329 479 3462 516 cum
3486 478 3690 516 eorum
3714 479 3800 516 vo-

2153 555 2380 605 caretur
2401 551 2573 606 Deus.
2595 552 2818 606 Dicitur
2833 552 2986 606 enim
3015 556 3164 605 Deus
3182 556 3366 617 terrae,
3391 556 3446 604 et
3467 550 3624 605 Deus
3648 551 3792 621 cmli,

2151 637 2442 709 siquidem
2473 645 2528 694 et
2560 645 2708 694 Deus
2740 640 3022 712 gentium,
3057 644 3248 693 etnon
3283 638 3474 694 solum
3506 638 3792 710 gentium,

2149 727 2248 780 sed
2282 727 2458 782 totius
2489 728 2713 798 mundi,
2747 729 2884 799 quia
2915 729 3039 799 ipse
3070 727 3351 792 condidit,
3383 733 3440 782 et
3469 729 3794 782 construxit

2147 815 2378 882 omnia;
2414 822 2748 871 sanctorum
2774 833 2905 871 vero
2929 816 3163 871 illorum
3187 833 3300 871 non
3325 816 3407 871 sic
3428 817 3670 886 dicitur,
3698 818 3791 872 sed

2145 903 2300 958 sicut
2329 905 2573 960 amicus.
2599 906 2822 960 Dicitur
2844 909 2900 959 et
2932 921 3085 959 nunc
3115 904 3419 975 Dominus,
3453 910 3609 961 Deus
3642 905 3794 960 Chri-

2144 993 2495 1060 stianorum,
2529 999 2584 1050 et
2614 1000 2810 1050 tamen
2834 994 3057 1048 excedit
3078 993 3184 1048 hoc
3203 1010 3414 1048 nomen
3441 993 3792 1065 dignitatem

2144 1085 2425 1138 nostram.

2213 1191 2239 1218 ‹‹
2273 1170 2410 1224 Fide
2441 1172 2656 1226 obtulit
2677 1171 2968 1226 Abraham
2999 1173 3176 1238 Isaac,
3201 1188 3334 1227 cum
3367 1174 3720 1240 tentaretur,
3744 1178 3793 1228 et

2139 1258 2508 1329 unigenitum
2551 1260 2846 1328 offerebat,
2869 1258 2965 1330 qui
3006 1263 3343 1329 susceperat
3380 1260 3789 1330 repromissio-

2138 1362 2270 1409 nes;
2291 1347 2360 1401 ad
2381 1364 2553 1417 quem
2570 1348 2788 1401 dictum
2803 1352 2890 1402 est
2910 1365 2922 1401 :
2945 1347 3090 1413 Quia
3108 1346 3165 1400 in
3189 1347 3346 1401 Isaac
3360 1348 3670 1402 vocabitur
3688 1349 3788 1402 tibi

2137 1452 2357 1505 semen,
2384 1437 2674 1490 arbitrans
2696 1436 2834 1506 quia
2854 1439 2909 1490 et
2930 1453 2963 1489 a
2985 1436 3235 1490 mortuis
3257 1436 3542 1490 suscitare
3577 1444 3786 1507 potens

2135 1529 2222 1578 est
2255 1529 2420 1578 Deus.
2450 1549 2469 1576 ι
2526 1525 2827 1595 Siquidem
2860 1525 2916 1577 in
2952 1541 3066 1578 uno
3098 1525 3420 1594 eodemque
3451 1524 3600 1579 facto
3637 1525 3788 1579 beati

2132 1613 2640 1677 Abraham,Jacob
2662 1629 2905 1684 operum
2926 1612 3053 1682 ejus
3073 1612 3782 1684 magniﬁcentiamUHB),

2135 1701 2348 1756 Paulus
2370 1701 2498 1756 ﬁdei
2522 1701 2909 1756 constantiam
2934 1700 3211 1770 laudavit,
3237 1716 3340 1755 nec
3365 1704 3565 1756 tamen
3588 1700 3783 1773 dispa-

2132 1805 2274 1858 rem,
2300 1790 2705 1862 diversamque
2732 1808 2765 1845 a
2784 1790 3000 1844 Jacobo
3024 1789 3267 1860 protulit
3297 1789 3516 1846 Paulus
3546 1797 3783 1846 senten.

2130 1877 2292 1931 tiam.
2315 1878 2586 1932 Sciebant
2607 1895 2861 1949 namque
2883 1879 3055 1932 ambo
3077 1879 3232 1949 quod
3254 1878 3551 1933 Abraham
3569 1883 3627 1934 et
3652 1880 3778 1947 ﬁde,

2130 1965 2472 2036 etoperibus
2491 1969 2614 2020 erat
2637 1966 2959 2037 perfectus;
2980 1970 3035 2021 et
3057 1967 3184 2021 ideo
3199 1967 3438 2037 quisque
3462 1967 3703 2023 illorum
3727 1968 3783 2023 il-

2128 2050 2243 2104 lam
2262 2051 2448 2124 magis
2464 2053 2600 2108 ineo
2618 2053 2895 2108 virtutem
2912 2054 3387 2125 praedicavit,qua
3401 2071 3544 2110 suos
3559 2056 3780 2111 audito-

2130 2156 2221 2191 res
2243 2139 2497 2210 amplius
2530 2139 2790 2211 indigere
2823 2142 3135 2212 prospexit.
3164 2142 3308 2205 Quia
3338 2143 3493 2197 enim
3527 2144 3780 2200 Jacobus

2129 2224 2243 2278 illis
2268 2228 2581 2295 scribebat,
2601 2229 2699 2298 qui
2725 2230 2897 2284 fidem
2915 2229 3040 2283 sine
3062 2230 3334 2300 operibus
3349 2231 3600 2286 otiosam
3625 2239 3780 2287 tene-

2129 2313 2287 2384 bant,
2313 2321 2637 2387 Opportune
2661 2316 2799 2371 illud
2824 2317 3068 2388 protulit
3090 2319 3442 2389 exemplum,
3466 2320 3524 2374 in
3553 2323 3782 2392 quoilla

2131 2403 2419 2474 [urzecipua
2442 2405 2859 2476 ﬁdesAbrahte,
2876 2423 3001 2476 quae
3018 2413 3072 2461 et
3097 2408 3278 2477 prius,
3293 2409 3595 2478 Scriptura
3610 2416 3776 2476 teste,

2125 2490 2360 2546 laudata
2381 2498 2488 2557 est,
2515 2500 2836 2564 appareret,
2863 2495 3001 2564 quia
3022 2512 3136 2548 non
3163 2496 3347 2550 otiosa
3370 2497 3499 2565 ejus
3523 2497 3584 2551 in
3607 2501 3778 2555 corde

2129 2581 2462 2651 torpuisset,
2488 2583 2586 2635 sed
2613 2583 2683 2635 ad
2710 2581 3100 2636 obediendum
3125 2582 3339 2638 divinis
3366 2584 3776 2658 imperiisjam

2125 2674 2395 2740 prompta
2425 2671 2748 2741 flagrasset.
2802 2670 2946 2732 Quia
2975 2688 3106 2726 vero
3154 2672 3370 2726 Paulus
3421 2674 3775 2746 instruebat,

2125 2757 2222 2828 qui
2255 2757 2380 2812 sine
2411 2759 2595 2829 gratia
2615 2760 2746 2813 fidei
2773 2759 2844 2814 de
2865 2759 2990 2814 suis
3009 2777 3071 2814 se
3091 2759 3444 2816 extollebant
3473 2765 3776 2834 Operibus,

2123 2847 2376 2900 ostendit
2407 2847 2545 2917 quia
2577 2847 2703 2902 sine
2726 2847 2836 2901 fide
2868 2847 3231 2918 impossibile
3260 2853 3348 2904 est
3378 2850 3493 2905 Deo
3520 2852 3774 2922 placere.

2121 2937 2308 3006 Atque
2341 2936 2411 2988 ad
2444 2936 2933 3008 redarguendam,
2987 2937 3508 3010 corrigendamque
3570 2958 3777 2998 eorum

2121 3025 2529 3091 temeritatem,
2545 3025 2800 3080 collectis
2823 3026 3086 3080 omnium
3104 3027 3569 3096 patriarcharum
3585 3047 3779 3086 exem-

369 3139 397 3171 α
427 3119 532 3183 Qui
557 3118 711 3174 enim
734 3118 842 3174 hoc
860 3117 1081 3187 dicunt,
1108 3115 1443 3187 signiﬁcant
1463 3131 1525 3169 se
1549 3113 1793 3185 patriam
1816 3113 2008 3184 inqui-
2044 3108 2086 3174 C
2127 3112 2256 3183 plis,
2292 3113 2599 3168 manifeste
2617 3114 2849 3168 edocuit
2880 3113 3018 3185 quia
3039 3131 3242 3169 omnes
3272 3119 3613 3173 testimonio
3639 3121 3778 3175 ﬁdei

365 3223 489 3264 rere
515 3227 528 3276 ;
559 3231 580 3257 Ι
616 3207 674 3262 id
705 3212 814 3276 est,
839 3205 1152 3261 cmlestem.
1177 3204 1245 3258 Et
1267 3220 1337 3258 ne
1359 3203 1492 3274 quis
1522 3202 1740 3256 diceret
1760 3202 2008 3273 patriam

361 3313 490 3353 esse
519 3301 729 3351 terram
761 3294 1187 3362 Chaldmorum,
1222 3291 1484 3346 addidit:
1529 3312 1556 3339 «
1591 3290 1656 3344 Et
1687 3290 1735 3344 si
1767 3290 2004 3362 quidem

359 3385 519 3440 illius
542 3384 971 3447 meminissent,
987 3383 1057 3436 de
1071 3397 1188 3453 qua
1207 3380 1482 3446 exierant,
1501 3378 2008 3450 habebantutique

360 3478 596 3543 tempus
627 3471 948 3526 revertendi
975 3488 988 3524 :
1024 3493 1052 3520 ››
1087 3470 1148 3523 id
1167 3473 1273 3535 est,
1304 3467 1599 3521 habebant
1628 3467 1885 3536 spatium
1918 3483 2004 3520 re-

359 3559 619 3614 vertendi
650 3559 708 3612 in
741 3557 1091 3623 Chaldaeam,
1116 3557 1269 3610 unde
1301 3559 1357 3608 et
1381 3556 1638 3619 fuerunt,
1665 3555 1764 3608 sed
1799 3554 2005 3609 melio-

359 3663 482 3702 rem
516 3652 818 3719 appetunt,
868 3646 924 3700 id
957 3649 1063 3716 est,
1111 3643 1403 3700 ccelestem
1436 3641 1780 3697 Jerusalem.
1813 3643 2005 3697 Prima

359 3737 547 3792 virtus
576 3739 682 3806 est,
719 3735 1090 3806 peregrinum
1118 3749 1246 3788 esse
1269 3732 1472 3787 mundi
1504 3732 1700 3802 hujus,
1727 3737 1783 3786 et
1813 3731 2004 3802 hospi-

354 3829 492 3896 tem,
518 3831 575 3881 et
605 3824 753 3881 nihil
787 3839 1100 3879 commune
1131 3821 1345 3876 habere
1374 3838 1507 3875 cum
1556 3820 1790 3891 regibus
1824 3820 2001 3891 hujus

353 3913 570 3981 saeculi,
595 3913 875 3969 removeri
900 3913 970 3966 ab
994 3912 1098 3976 eis,
1115 3909 1264 3965 sicut
1283 3910 1647 3982 peregrinus.
1672 3909 1784 3964 Iste
1806 3916 2000 3964 autem

351 4003 620 4075 egregius
641 4002 983 4074 przedicator
1007 4018 1118 4054 non
1149 3999 1519 4070 peregrinum
1546 3999 1806 4069 seipsum
1833 4000 1998 4064 dixit,

350 4092 450 4148 sed
485 4097 782 4146 mortuum
817 4089 1054 4145 mundo.
1091 4088 1421 4154 «Mundus,
1453 4087 1663 4158 inquit,
1689 4086 1832 4140 mihi
1865 4103 1995 4141 cru-

349 4180 553 4234 ciﬁxus
584 4185 692 4246 est,
726 4183 783 4234 et
815 4194 918 4249 ego
948 4177 1166 4231 mundo
1200 4175 1350 4245 (Gal.
1383 4192 1458 4241 vr,
1495 4175 1601 4246 14).

427 4287 448 4316 ε
486 4268 616 4324 Ideo
640 4284 756 4323 non
774 4265 1150 4322 confunditur
1171 4263 1325 4319 Deus
1347 4262 1535 4317 vocari
1559 4263 1712 4318 Deus
1737 4263 1991 4330 illorum;

345 4355 571 4428 paravit
593 4356 749 4412 enim
794 4354 913 4408 illis
944 4352 1236 4408 civitatem
1271 4355 1533 4404 sanctam
1574 4352 1778 4422 (1447).
1816 4374 1842 4401 ››
1874 4356 1989 4406 Ma-

343 4461 524 4515 gnum
559 4445 667 4500 hoc
693 4449 802 4511 est,
835 4448 892 4499 et
919 4458 1050 4497 vere
1082 4456 1383 4511 magnum,
1417 4439 1700 4538 etmmultae
1738 4441 1992 4496 beatitu-
2023 4473 2071 4538 D

347 4534 501 4588 dinis
532 4533 835 4588 indicium.
861 4532 1192 4587 Laudemus
1213 4544 1350 4599 ergo
1375 4528 1881 4600 ineffabiliterejus
1903 4547 1992 4585 es-

345 4620 616 4690 sentiam,
651 4626 706 4675 et
731 4636 998 4675 amemus
1029 4617 1512 4685 misericordiam,
1538 4617 1693 4686 quod
1718 4617 1992 4687 dignatus

344 4712 434 4762 est
461 4707 673 4763 habere
705 4726 915 4764 nomen
946 4706 1376 4772 misericordiae,
1402 4704 1684 4761 dicendo:
1712 4707 1828 4778 Ego
1857 4725 1990 4763 sum

347 4799 496 4852 Deus
527 4797 836 4867 Abraham,
860 4803 918 4852 et
955 4798 1110 4852 Deus
1132 4797 1311 4861 Isaac,
1334 4800 1390 4850 et
1438 4795 1592 4850 Deus
1623 4795 1822 4860 Jacob,
1855 4813 1988 4851 cum

341 4886 418 4941 sit
449 4902 660 4941 nomen
694 4887 822 4956 ejus
849 4891 1148 4940 zeternum.
1197 4883 1472 4940 Confusio
1519 4885 1732 4956 quippe
1764 4884 1847 4938 illi
1880 4892 1984 4954 est,

340 4976 576 5048 quando
599 4974 991 5047 malignorum
1016 4974 1323 5028 hominum
1340 4979 1490 5028 Deus
1507 4980 1764 5043 vocatur,
1785 4980 1840 5029 et
1857 4992 1990 5030 con-

339 5064 675 5120 funditillos
689 5063 862 5120 etiam
881 5062 1183 5135 ipse,sicut
1197 5062 1349 5116 enim
1366 5062 1984 5134 gloriﬁcatur,quando

340 5152 750 5226 benignorum,
766 5159 822 5208 et
843 5151 1197 5224 optimorum
1221 5149 1527 5204 hominum
1549 5157 1788 5206 vocatur
1813 5155 1981 5219 Deus,

339 5244 396 5295 et
423 5243 736 5298 colentium
768 5242 1067 5306 virtutem,
1100 5238 1183 5293 sic
1214 5254 1244 5292 e
1276 5239 1562 5293 contrario
1608 5241 1984 5297 confunditur

434 5365 592 5433 1447)
622 5367 1230 5449 Epithetum_sanctarn
1258 5360 1431 5486 Vulg.
1467 5379 1581 5417 non
1613 5363 1808 5420 habet.

434 5435 591 5486 11148l
619 5437 820 5486 Jacobi
853 5436 1075 5486 selllcel.
1104 5434 1353 5486 anostoll
1407 5449 1514 5486 aus
1551 5435 1808 5486 Abrahan

433 5435 591 5516 14ζι8)
619 5433 821 5518 Jacobi
853 5436 1087 5518 scilicet
1104 5433 1353 5518 apostoli
1382 5433 1854 5518 lausﬁbrah‘a‘m
1873 5439 1976 5518 turi-

332 5503 476 5569 bula
504 5503 773 5570 inbuitur
800 5509 860 5567 in
891 5510 1019 5583 ejus
1048 5503 1307 5581 Epistola
1327 5503 1612 5565 catholica
1633 5523 1694 5582 ii,
1717 5510 1782 5567 21
1808 5514 1864 5570 et
1884 5512 1976 5584 23,

2122 3201 2346 3273 probati
2370 3207 2527 3256 sunt.
2545 3201 2706 3257 Unde
2727 3207 2783 3256 et
2800 3202 3130 3274 specialiter
3149 3203 3219 3258 de
3243 3205 3539 3261 Abraham
3575 3208 3778 3264 intulit

2120 3289 2258 3361 quia
2292 3290 2402 3344 ﬁde
2449 3291 2681 3345 offerret
2721 3295 2902 3359 Isaac,
2937 3291 3249 3360 arbitrans,
3293 3293 3505 3366 inquit,
3541 3298 3690 3367 quia
3721 3304 3774 3353 et

2118 3385 2382 3433 mortuos
2413 3379 2695 3433 suscitare
2726 3383 2930 3450 potens
2959 3385 3049 3435 est
3079 3380 3254 3436 Deus.
3279 3381 3600 3453 Conjunxit
3631 3404 3773 3459 ergo

2117 3485 2264 3539 opus
2296 3469 2450 3535 fidei,
2485 3469 2582 3538 qui
2615 3469 2742 3525 ideo
2773 3468 2959 3522 ﬁlium
2985 3486 3119 3524 mox
3158 3470 3363 3526 offerre
3387 3473 3593 3541 voluit,
3627 3477 3772 3547 quia

2114 3557 2295 3610 Deum
2324 3556 2480 3611 hunc
2503 3559 2780 3612 continuo
2803 3558 3286 3613 resuscitaturum
3310 3577 3438 3616 esse
3469 3565 3768 3630 credebat;

2115 3646 2240 3700 ideo
2276 3650 2468 3700 autem
2492 3646 2649 3700 hunc
2672 3651 2802 3717 post
2825 3653 3069 3702 mortem
3094 3665 3128 3701 a
3151 3654 3260 3703 Deo
3285 3651 3768 3710 resuscitandum

2112 3751 2240 3789 esse
2271 3735 2560 3800 credebat,
2593 3735 2731 3806 quia
2759 3752 2960 3790 verum
2993 3737 3266 3792 credebat
3293 3754 3420 3793 esse
3462 3743 3622 3812 quod
3658 3761 3766 3798 au-

2113 3823 2317 3890 dierat,
2351 3823 2490 3894 quia
2535 3823 2594 3877 in
2629 3825 2788 3878 Isaac
2834 3825 3136 3879 vocabitur
3182 3825 3288 3880 tibi
3322 3844 3546 3884 semen.
3603 3833 3770 3888 Sicut

2110 3912 2265 3966 enim
2299 3911 2543 3967 credidit
2565 3929 2677 3966 non
2710 3929 2811 3983 per
2834 3915 3118 3968 rationem
3150 3913 3495 3983 humanam,
3531 3919 3681 3989 quia
3703 3939 3769 3976 ex

2108 3998 2279 4053 vulva
2311 4004 2558 4064 mortua,
2584 4003 2640 4053 et
2670 4015 2826 4067 sene,
2851 3999 3335 4072 licetineptajam
3369 4004 3521 4059 facta
3553 4009 3626 4061 ad
3665 4026 3769 4081 ge-

2111 4088 2458 4152 nerandum,
2490 4088 2704 4142 donare
2727 4088 3013 4159 potuisset
3054 4089 3278 4159 ﬁlium;
3307 4092 3390 4146 ita
3419 4093 3602 4150 etiam
3635 4098 3769 4168 ipsa

2107 4174 2220 4228 ﬁde
2243 4174 2498 4229 occisum
2523 4175 2869 4232 resuscitare
2886 4177 3150 4232 credidit.
3178 4178 3409 4234 Sciebat
3429 4183 3768 4242 certissime

2105 4262 2284 4318 Deum
2338 4263 2456 4318 falli
2505 4281 2619 4320 non
2654 4282 2846 4336 posse,
2891 4271 2968 4335 et,
3002 4265 3135 4323 licet
3187 4285 3333 4339 puer
3371 4271 3765 4340 occideretur,

2104 4352 2552 4423 promissionem
2587 4357 2783 4408 tamen
2818 4354 2918 4409 Dei
2951 4355 3168 4411 salvam
3193 4373 3559 4428 permanere.
3597 4361 3766 4418 Unde

2103 4447 2158 4495 et
2187 4441 2280 4495 hic
2311 4442 2626 4513 Apostolus
2657 4459 2758 4513 per
2805 4443 3078 4514 spiritum
3131 4444 3230 4500 Dei
3265 4446 3554 4503 didicerat
3603 4453 3764 4522 quod

2104 4529 2299 4584 animo
2329 4529 2630 4585 habuisset
2652 4531 2944 4586 Abraham
2969 4536 3119 4588 intra
3141 4550 3220 4601 se,
3247 4535 3386 4590 dum
3418 4537 3600 4593 ﬁdem
3629 4543 3765 4611 ejus

2103 4617 2418 4684 laudando,
2450 4619 2628 4672 dicit:
2693 4619 2860 4674 Fides
2917 4621 3210 4677 Abraham
3272 4641 3385 4678 non
3440 4624 3764 4693 haesitavit,

2101 4723 2233 4761 cum
2259 4707 2497 4761 unicum
2522 4707 2774 4773 offerret,
2799 4709 2856 4762 in
2881 4726 2996 4780 quo
3024 4717 3318 4782 acceperat
3341 4717 3763 4784 repromissio-

2101 4812 2223 4863 nes,
2257 4796 2518 4867 cogitans
2550 4795 2688 4867 quia
2715 4802 2820 4852 eta
2853 4801 3100 4854 mortuis
3121 4816 3252 4855 eum
3273 4803 3631 4860 resuscitare
3653 4823 3758 4877 po-

2097 4890 2226 4939 tens
2257 4890 2346 4940 est
2379 4890 2548 4940 Deus.
2584 4885 2726 4941 Vere
2758 4904 2971 4959 magna
3016 4895 3140 4944 erat
3190 4889 3334 4946 ﬁdes
3379 4891 3657 4949 Abrahae.
3692 4897 3758 4950 In

2095 4973 2235 5029 Abel
2267 4975 2501 5046 quippe,
2526 4978 2582 5029 et
2603 4975 2820 5041 Enoch,
2873 4981 2928 5030 et
2950 4977 3064 5032 Noe
3095 4979 3462 5035 ratiocinatio
3492 4990 3662 5048 erat;
3696 4984 3758 5038 in

2096 5065 2384 5119 Abraham
2406 5070 2600 5118 autem
2626 5064 3098 5122 ratiocinationes
3116 5069 3388 5124 excedere
3417 5068 3757 5127 videbatur.

2094 5153 2236 5207 Nam
2263 5158 2549 5225 praecepta
2570 5153 2785 5225 quippe
2808 5154 2905 5208 Dei
2932 5171 3066 5209 cum
3091 5157 3393 5229 prmeeptis
3417 5157 3653 5230 litigare
3678 5163 3758 5216 vi-

2092 5242 2380 5297 debantur
2406 5260 2418 5309 ;
2454 5247 2510 5296 et
2540 5242 2684 5297 ﬁdes
2713 5243 2846 5297 fidei
2879 5247 3243 5316 repugnabat
3270 5264 3282 5314 ;
3317 5251 3372 5302 et
3397 5250 3753 5305 mandatum

2091 5367 2190 5422 ubi
2213 5366 2473 5440 primum
2511 5382 2717 5440 opera,
2749 5383 2897 5423 vers.
2931 5367 3157 5426 scilicet
3183 5371 3248 5426 21
3280 5388 3293 5440 ;
3341 5369 3558 5428 deinde
3600 5373 3753 5431 fides

2087 5437 2236 5496 vers.
2268 5437 2358 5508 23,
2391 5437 2724 5495 laudantur.
