4044 6180
257 303 374 364 805

822 301 1241 364 EXPOSI'I‘IO
1286 302 1362 361 IN
1407 300 1839 363 EPISTOLAS
1887 303 2138 364 PAULI.
2174 336 2250 349 --
2291 307 2364 365 IN
2413 306 2659 369 EPIST.
2707 273 3087 373 ADHEBR.

3538 320 3655 381 806

262 436 361 491 Dei
392 437 516 490 erat
545 433 983 505 repromissioni
1015 434 1396 499 contrarium,
1430 437 1493 488 ut
1525 439 1683 505 puta,
1718 434 1898 489 veluti
1928 448 1983 511 Α
2014 440 2222 506 potest,
2249 454 2425 507 quam
2449 439 2497 494 si
2522 440 2652 511 quis
2676 440 2864 497 filium
2890 443 3150 511 unicum,
3175 445 3654 507 dilectissimum-

261 524 416 594 quod
449 522 613 588 dixit,
639 522 914 593 quoniam
947 521 1005 574 in
1032 522 1189 575 Isaac
1211 521 1510 576 vocabitur
1540 521 1644 575 tibi
1678 538 1900 586 semen,

259 618 317 668 et
339 611 621 667 credidit:
652 616 707 665 et
727 612 938 664 iterum
962 609 1136 663 dicit:
1163 609 1436 664 Sacrifica
1456 610 1622 663 illum
1647 609 1810 672 mihi,
1836 625 1903 664 ex

259 704 432 771 cujus
455 700 678 756 semine
701 700 957 753 mundus
988 703 1145 753 totus
1168 705 1291 753 erat
1312 699 1644 769 replendus.
1673 701 1903 753 Intuere

260 790 425 846 litem
480 792 920 861 praeceptorum,
973 792 1028 841 et
1078 787 1557 858 promissionum.
1604 788 1907 843 Contraria

259 880 477 951 quippe
508 874 1063 947 repromissionibus
1093 876 1437 946 imperabat.
1478 877 1546 929 Et
1592 892 1779 945 neque
1825 876 1907 929 sic

260 966 571 1037 obstupuit
592 966 794 1035 justus
825 964 941 1034 ille,
976 980 1163 1034 neque
1194 964 1503 1035 deceptum
1546 981 1607 1019 se
1655 964 1906 1018 dicebat.

259 1058 387 1112 Non
418 1054 576 1109 enim
608 1058 805 1124 posset
849 1052 1165 1123 quisquam
1216 1053 1454 1107 dicere:
1508 1053 1655 1116 Quia
1704 1051 1912 1106 habuit

262 1145 444 1202 alium
477 1141 686 1208 ﬁlium,
720 1159 787 1197 ex
816 1140 915 1196 illo
952 1141 1223 1212 sperabat
1253 1141 1767 1212 repromissionem
1798 1140 1907 1194 im-

267 1234 447 1307 plere,
481 1236 538 1286 et
582 1235 889 1302 propterea
918 1230 1218 1285 confidens
1249 1229 1430 1284 istum
1464 1229 1692 1284 obtulit.
1727 1229 1910 1282 Etiam

267 1321 657 1393 unigenitum,
690 1318 902 1389 inquit,
934 1319 1230 1385 offerebat,
1273 1320 1372 1389 qui
1422 1318 1908 1388 repromissiones

267 1412 586 1481 acceperat,
622 1412 910 1478 quantum
942 1407 1013 1461 ad
1048 1408 1331 1461 rationem
1365 1407 1572 1461 attinet
1602 1406 1913 1477 repromis-

268 1499 490 1565 sionis;
527 1501 833 1567 propterea
885 1495 1109 1549 addidit
1151 1494 1483 1566 Apostolus,
1517 1496 1908 1566 unigenitum,

265 1588 466 1645 volens
497 1586 803 1641 ostendere
830 1589 1134 1656 propterea
1156 1584 1525 1655 unigenitum
1552 1600 1701 1653 esse,
1726 1585 1825 1654 qui
1854 1584 1911 1637 in

266 1678 367 1733 illo
399 1679 736 1746 susceperat
765 1672 1272 1746 repromissiones,
1301 1674 1454 1727 sicut
1486 1673 1769 1743 scriptum
1803 1677 1911 1738 est,

267 1767 407 1838 quia
435 1765 493 1819 in
522 1765 683 1820 Isaac
714 1761 1014 1817 vocabitur
1039 1761 1146 1816 tibi
1178 1778 1399 1817 semen.
1431 1762 1648 1816 Deinde
1679 1778 1750 1815 ne
1782 1761 1914 1832 quis
1947 1801 1990 1863 Β

264 1859 498 1929 putaret
526 1852 804 1925 quoniam
837 1852 1155 1921 desperans
1201 1851 1311 1905 hoc
1356 1850 1511 1915 fecit,
1544 1855 1600 1905 et
1652 1868 1755 1922 per
1806 1850 1914 1904 hoc

263 1947 620 2016 praeceptum
668 1940 843 1995 fidem
892 1938 1051 1993 illius
1099 1938 1574 2010 repromissionis
1614 1938 1910 2005 amiserat,

266 2034 585 2105 cognoscat
609 2044 809 2084 revera
834 2027 1049 2095 omnis,
1065 2026 1203 2099 quia
1225 2032 1281 2081 et
1302 2027 1463 2082 illam
1491 2028 1697 2082 habuit
1718 2027 1912 2092 fidem,

268 2122 406 2177 licet
425 2121 719 2175 videretur
739 2116 875 2172 huic
907 2117 1367 2187 repugnare(sed
1385 2133 1500 2171 non
1518 2116 1912 2187 repugnabat:

268 2227 388 2266 non
419 2209 578 2263 enim
623 2205 898 2261 humanis
930 2204 1477 2259 ratiocinationibus
1506 2205 1782 2258 virtutem
1816 2202 1916 2257 Dei

269 2298 574 2371 pensabat,
608 2296 710 2350 sed
742 2294 855 2349 fide
886 2298 1096 2348 cuncta
1124 2293 1383 2365 gerebat)
1415 2311 1427 2359 ;
1462 2298 1769 2364 propterea
1800 2308 1914 2346 non

267 2392 503 2443 veretur
531 2384 721 2439 dicere
740 2382 1072 2454 Apostolus,
1099 2382 1239 2453 quia
1267 2387 1323 2435 et
1352 2398 1419 2435 ex
1450 2381 1697 2436 mortuis
1730 2381 1915 2435 susci-

270 2482 395 2532 tare
429 2470 633 2545 potens
664 2477 752 2527 est
779 2477 948 2526 Deus.
976 2470 1088 2525 Vos
1112 2472 1289 2539 enim,
1315 2470 1526 2540 inquit,
1550 2488 1650 2525 vos
1679 2487 1791 2525 non
1824 2486 1918 2541 po-

269 2565 438 2621 testis
470 2565 577 2618 hoc
609 2562 834 2627 dicere;
872 2560 1010 2631 quia
1040 2560 1299 2631 requiem
1330 2560 1492 2613 vobis
1522 2560 1581 2613 in
1617 2560 1835 2623 futuro,
1861 2564 1917 2611 et

268 2654 328 2708 in
357 2653 574 2707 mundo
592 2649 1029 2705 tribulationem
1050 2648 1336 2720 promisit.
1356 2648 1417 2703 In
1441 2649 1682 2714 mundo,
1702 2647 1914 2718 inquit,

266 2740 707 2797 tribulationem
739 2738 1031 2793 habebitis
1072 2737 1289 2807 (Matth.
1324 2753 1476 2804 xxiv,
1509 2738 1563 2807 9)
1592 2763 1605 2804 ;
1654 2742 1709 2791 et
1742 2753 1755 2791 :
1808 2736 1917 2800 Qui

269 2847 389 2886 non
421 2828 708 2901 acceperit
739 2843 969 2882 crucem
1000 2843 1191 2891 suam,
1224 2832 1281 2881 et
1325 2831 1564 2881 secutus
1597 2843 1689 2880 me
1721 2825 1914 2893 fuerit,

270 2936 388 2974 non
420 2922 509 2972 est
538 2933 630 2971 me
661 2916 874 2987 dignus
907 2914 1121 2985 (Matth.
1169 2932 1225 2984 x,
1276 2915 1383 2981 38;
1436 2916 1599 2969 Marc.
1645 2931 1766 2975 vm,
1808 2914 1916 2980 371;

269 3010 401 3062 Luc.
427 3025 501 3073 1x,
523 3007 615 3073 23)
640 3025 654 3075 ς
688 3010 746 3059 et
764 3005 977 3058 iterum
1005 3021 1017 3057 :
1046 3007 1194 3056 Ante
1218 3002 1529 3073 principes,
1555 3007 1611 3056 et
1641 3002 1918 3073 praesides

274 3097 555 3152 inducent
584 3110 684 3149 vos
716 3101 952 3165 prOpter
984 3107 1075 3146 me
1104 3090 1316 3160 (Matth.
1358 3108 1413 3158 x,
1458 3093 1560 3159 18;
1595 3091 1758 3157 Marc,
1791 3108 1914 3158 x111,

2013 540 2122 594 que
2145 542 2318 579 suum
2344 544 2515 582 senex
2538 535 2777 599 cogatur
2803 532 3062 587 occidere
3080 534 3107 587 ‘P
3132 534 3431 596 Quomodo
3458 544 3653 596 autem

2013 614 2294 683 tunicam,
2320 615 2405 667 vel
2441 632 2602 671 escas
2634 636 2770 674 suas
2803 637 2905 690 pro
2937 621 3131 677 divino
3164 640 3359 679 amore
3393 630 3659 698 pauperi-

2015 702 2125 755 bus
2156 702 2293 757 dare
2324 702 2535 769 differt,
2570 707 2669 775 qui
2705 706 2912 773 tilium,
2946 726 3119 779 quem
3154 728 3325 766 senex
3359 722 3661 785 acceperat

2016 789 2327 854 ha-redem,
2352 792 2422 845 ad
2450 793 2774 861 jussionem
2812 797 3058 860 Domini,
3084 800 3283 854 statim
3319 803 3489 856 morti
3521 805 3660 860 dare

2019 895 2131 931 non
2157 878 2431 933 distulit?
2461 880 2604 935 Illud
2630 884 2784 938 enim
2810 886 2962 955 quod
2988 886 3206 941 dictum
3232 894 3337 955 est,
3367 891 3659 948 arbitrans

2020 967 2158 1037 quia
2186 973 2241 1021 et
2270 984 2303 1021 a
2335 971 2581 1023 mortuis
2614 973 2959 1027 resuscitare
2990 979 3194 1044 potens
3225 982 3312 1031 est
3344 983 3514 1045 Deus,
3550 998 3655 1051 po-

2019 1058 2129 1109 test
2162 1056 2343 1127 accipi
2378 1063 2613 1128 propter
2644 1058 2772 1113 illos
2802 1060 3023 1115 dictum
3056 1079 3203 1133 esse,
3237 1081 3382 1135 quos
3434 1068 3663 1125 volebat

2020 1144 2091 1197 ad
2123 1160 2287 1214 spem
2322 1146 2762 1200 resurrectionis
2793 1149 3100 1215 adducere,
3122 1156 3179 1206 et
3212 1155 3309 1223 qui
3341 1155 3531 1210 dicere
3564 1175 3663 1212 au-

2020 1232 2274 1298 debant;
2328 1233 2466 1303 quia
2517 1239 2647 1305 post
2691 1241 2932 1290 mortem
2969 1239 3137 1293 nobis
3158 1242 3320 1296 'bona
3353 1246 3657 1314 promisit;

2021 1320 2287 1375 fortassis
2303 1321 2993 1393 enim,inquiunt,t'efellit
3011 1328 3407 1385 nos.Ostcndit
3423 1334 3660 1405 quippe,

2022 1407 2160 1479 quia
2189 1426 2258 1462 ex
2289 1410 2534 1465 mortuis
2565 1412 2847 1467 suscitare
2880 1419 3084 1483 potens
3116 1422 3205 1471 est
3234 1418 3385 1474 Deus
3412 1441 3426 1487 ε,
3470 1422 3521 1475 si
3554 1441 3661 1477 au—

2022 1502 2137 1551 tem
2171 1514 2237 1552 ex
2270 1500 2514 1554 mortuis
2546 1502 2832 1556 suscitare
2865 1508 3068 1573 potens
3117 1511 3204 1559 est
3251 1508 3427 1580 Deus,
3462 1512 3663 1583 utique

2022 1590 2231 1640 cuncta
2263 1587 2528 1641 restituet
2559 1605 2683 1657 quae
2716 1590 3001 1659 promisit.

2095 1696 2121 1722 «
2158 1673 2317 1728 Unde
2339 1678 2395 1728 et
2414 1674 2473 1728 in
2502 1676 2774 1746 parabola
2793 1678 3016 1749 accepit
3038 1695 3190 1735 eum.
3214 1705 3241 1731 »
3271 1685 3507 1757 Accepit
3528 1705 3662 1743 eum

2023 1762 2081 1816 in
2116 1763 2449 1832 parabolam
2480 1781 2492 1827 ;
2527 1764 2664 1834 quia
2694 1765 2868 1819 ariete
2899 1767 3088 1822 occiso
3120 1769 3228 1824 iste
3274 1772 3531 1831 salvatus
3580 1784 3669 1832 est

2022 1854 2182 1919 (Gen.
2219 1868 2356 1917 xxu,
2394 1853 2497 1922 13).
2533 1852 2772 1908 Occisus
2804 1859 2894 1909 est
2928 1860 3108 1923 Isaac,
3145 1864 3431 1929 quantum
3466 1866 3535 1918 ad
3569 1882 3666 1921 vo-

2022 1937 2306 1993 luntatem
2328 1939 2485 1994 illius
2508 1941 2818 2011 pertinuit;
2839 1943 3228 2001 deindeillum
3254 1949 3549 2005 redonavit
3572 1969 3670 2023 pa-

2028 2027 2288 2081 triarchae
2340 2029 2398 2081 in
2451 2029 2744 2099 parabola,
2797 2031 2854 2084 id
2906 2038 3014 2102 est,
3064 2032 3121 2087 in
3183 2035 3567 2094 similitudine
3615 2045 3674 2096 et

2025 2117 2213 2186 figura
2232 2117 2519 2186 passionis
2532 2117 2765 2172 Christi.
2784 2120 2845 2173 In
2866 2120 3311 2180 similitudinem
3332 2127 3488 2182 enim
3506 2136 3673 2187 erant

2026 2203 2261 2270 omnia;
2295 2221 2421 2275 quae
2453 2209 2648 2259 tamen
2680 2207 3002 2277 agebantur
3032 2210 3087 2263 in
3120 2212 3441 2279 Abraham,
3471 2218 3667 2272 forma:

2026 2292 2292 2362 quaedam
2326 2298 2509 2361 erant,
2544 2310 2672 2363 quae
2716 2312 2817 2364 pro
2863 2297 3031 2351 nobis
3063 2315 3234 2353 verus
3262 2303 3576 2374 Abraham,
3610 2306 3667 2359 id

2025 2383 2113 2434 est
2134 2381 2285 2434 Deus
2308 2380 2494 2443 Pater,
2522 2381 2579 2433 in
2614 2382 2726 2435 line
2755 2383 2951 2436 saeculi
2982 2402 3151 2456 agere
3184 2388 3449 2444 debebat.
3485 2394 3668 2447 Abra-

2025 2468 2159 2524 ham
2186 2470 2399 2539 quippe
2426 2470 2670 2540 ﬁguram
2700 2470 2796 2524 Dei
2824 2471 3007 2527 Patris
3039 2476 3324 2548 gestabat,
3353 2479 3509 2535 Isaac
3537 2498 3670 2535 vero

2026 2558 2273 2628 figuram
2300 2558 2532 2611 Christi.
2558 2558 2701 2611 Nam
2726 2562 2877 2613 sicut
2897 2561 3187 2617 Abraham
3214 2567 3474 2636 unicum,
3498 2574 3554 2623 et
3583 2570 3667 2623 di-

2025 2646 2237 2701 lectum
2267 2646 2451 2700 filium
2477 2652 2584 2701 Deo
2614 2648 2910 2703 victimam
2934 2650 3181 2718 obtulit;
3217 2654 3297 2708 ita
3318 2655 3471 2711 Deus
3502 2657 3671 2713 Pater

2026 2736 2265 2789 unicum
2288 2735 2496 2789 Filium
2521 2751 2694 2789 suum
2719 2753 2820 2807 pro
2845 2738 3011 2793 nobis
3032 2740 3307 2798 omnibus
3328 2746 3588 2800 tradidit.
3606 2750 3671 2801 Et

2027 2824 2179 2878 sicut
2202 2824 2359 2878 Isaac
2387 2824 2510 2894 ipse
2536 2823 2647 2877 sibi
2676 2823 2832 2894 ligna
2855 2828 3140 2897 portabat,
3168 2831 3384 2900 quibus
3410 2839 3534 2888 erat
3565 2852 3670 2890 im-

2028 2912 2332 2983 ponendus
2349 2928 2360 2977 ;
2376 2911 2456 2964 ita
2469 2911 2799 2966 etChristus
2814 2915 3149 2983 gestabatin
3166 2918 3426 2974 humeris
3441 2920 3665 2992 lignum

2029 3000 2239 3063 crucis,
2272 2999 2328 3051 in
2378 3016 2494 3069 quo
2543 3004 2667 3053 erat
2714 3002 3162 3072 crucitigendus.
3198 3006 3362 3061 Arios
3408 3014 3499 3064 est
3537 3028 3668 3067 caro

2028 3088 2261 3141 Christi.
2290 3088 2447 3141 Isaac
2469 3086 2698 3141 oblatus
2723 3093 2830 3154 est,
2855 3094 2911 3144 et
2933 3107 3045 3145 non
3068 3097 3158 3147 est
3184 3094 3544 3168 interfectus,
3568 3101 3669 3155 sed

273 3183 609 3257 9).Abrahaa
626 3198 761 3238 vero
780 3183 1017 3236 econtra
1034 3180 1255 3234 factum
1274 3183 1453 3245 est,et
1477 3185 1680 3235 contra
1707 3179 1923 3251 quippe
1954 3165 1996 3231 C
2033 3177 2183 3231 aries
2215 3180 2444 3230 tantum
2475 3193 2487 3242 ;
2531 3178 2610 3229 ita
2654 3181 2711 3230 et
2753 3177 3017 3233 Christus
3052 3180 3108 3234 in
3142 3184 3413 3252 passione
3442 3165 3672 3245 oblatus

276 3271 731 3345 promissionem
763 3269 815 3323 ei
847 3267 1247 3338 imperabatur
1275 3276 1338 3319 ut
1384 3267 1619 3333 faceret,
1650 3271 1705 3321 ct
1735 3283 1923 3337 neque

278 3363 364 3416 sic
393 3361 665 3415 turbatus
696 3362 804 3427 est,
828 3373 1017 3427 neque
1047 3356 1370 3427 obstupuit,
1397 3372 1500 3411 nec
1532 3372 1593 3412 se
1620 3357 1923 3426 deceptum

280 3448 699 3505 arbitrabatur.
731 3446 847 3501 Vos
878 3450 1073 3500 autem
1107 3444 1249 3498 nihil
1282 3449 1442 3500 extra
1472 3445 1922 3517 promissionem

273 3536 569 3610 patimini,
594 3539 653 3590 et
677 3532 1130 3589 conturbamini.
1147 3532 1247 3588 Ille
1271 3550 1401 3588 vero
1424 3534 1714 3588 contraria
1736 3551 1924 3605 repro-

279 3624 549 3682 missioni
580 3624 854 3680 audiebat
883 3624 955 3678 ab
987 3624 1191 3677 eodem
1224 3622 1375 3694 ipso,
1409 3623 1507 3694 qui
1557 3623 1657 3677 illa
1705 3624 1921 3694 promi-

276 3719 453 3780 serat,
487 3718 544 3768 et
594 3730 709 3768 non
756 3714 1237 3767 conturbabatur.
1276 3712 1430 3779 Fide,
1464 3712 1675 3783 inquit,
1711 3712 1923 3767 obtulit

275 3803 574 3858 Abraham
591 3801 924 3865 lsaac.Quid
941 3802 1115 3873 ergo?
1131 3802 1438 3873 Ignorabat
1449 3806 1595 3856 Deus
1609 3800 1922 3872 quiafortis

277 3897 402 3948 erat
419 3892 515 3948 ille
537 3892 640 3959 vir,
655 3895 711 3946 et
732 3890 1087 3962 probabilis?
1105 3892 1291 3955 Quare
1310 3906 1445 3961 ergo
1468 3906 1602 3944 eum
1625 3888 1923 3943 tentabat?

276 3982 403 4037 Non
430 3986 493 4036 ut
520 3982 647 4053 ipse
669 3983 1063 4052 cognosceret,
1089 3980 1187 4032 sed
1222 3983 1289 4032 ut
1317 3978 1447 4032 aliis
1469 3979 1919 4042 demonstraret,

274 4076 335 4126 et
380 4070 750 4125 manifestam
784 4070 911 4138 ejus
944 4067 1347 4122 fortitudinem
1381 4067 1761 4121 constitueret
1791 4066 1921 4120 uni-

270 4159 477 4215 versis.
506 4159 565 4212 In
598 4157 707 4213 hoc
738 4157 863 4211 loco
894 4155 1079 4210 etiam
1097 4153 1351 4210 ostendit
1381 4171 1619 4209 causam
1653 4154 1921 4210 tentatio-

272 4265 439 4314 num,
463 4265 535 4303 ne
565 4250 839 4319 putarent
866 4251 1149 4315 tanquam
1181 4243 1490 4299 derelictas
1522 4261 1555 4299 a
1584 4245 1700 4299 Deo
1732 4243 1829 4299 ille
1861 4261 1923 4299 se

272 4336 518 4409 perpeti.
550 4335 605 4389 Si
640 4334 818 4406 igitur
847 4334 928 4388 ita
961 4334 1230 4405 probatos
1262 4332 1614 4387 tentationes
1649 4333 1920 4403 reddunt,

274 4430 343 4480 ut
372 4425 548 4479 etiam
570 4440 685 4479 non
713 4422 998 4478 existente
1020 4439 1219 4486 causa,
1246 4421 1399 4476 Deus
1428 4424 1626 4475 tamen
1660 4426 1923 4476 exerceat

275 4531 418 4570 suos
444 4512 714 4580 athletas,
740 4511 926 4567 multo
950 4511 1138 4583 magis
1160 4527 1260 4565 vos
1283 4511 1354 4564 ob
1378 4526 1498 4564 rem
1523 4513 1732 4565 cuncta
1754 4527 1921 4582 opor-
1956 4533 2000 4596 D

272 4608 357 4658 tet
389 4602 616 4658 fortiter
646 4601 911 4656 tolerare.
950 4600 1255 4671 Eleganter
1286 4597 1619 4669 exemplum
1654 4600 1815 4653 bonae
1852 4600 1923 4652 fi-

274 4691 365 4746 dei
393 4692 463 4746 ab
493 4691 623 4761 ipso
645 4689 976 4761 patriarcha
995 4689 1223 4743 monuit
1244 4704 1374 4742 esse
1400 4688 1769 4751 discendum,
1796 4705 1923 4759 pro-

273 4796 490 4835 vocans
518 4779 786 4833 videlicet
827 4795 946 4847 eos,
973 4778 1071 4849 qui
1104 4778 1173 4832 de
1201 4776 1419 4831 Judaeis
1450 4777 1836 4845 crediderant,
1863 4782 1926 4831 ut

276 4869 450 4940 quasi
482 4868 643 4923 bona:
680 4867 909 4923 soboles
943 4867 1114 4937 primi
1164 4870 1223 4920 et
1273 4865 1511 4919 maximi
1541 4866 1631 4919 sui
1666 4868 1925 4936 parentis

275 4960 443 5013 actus
475 4962 878 5028 sequerentur.
905 4956 971 5009 Et
1000 4955 1277 5024 quoniam
1309 4970 1427 5023 eos,
1458 4970 1529 5007 ne
1563 4956 1619 5007 in
1652 4956 1920 5009 tentatio-

273 5046 453 5101 nibus
485 5046 816 5111 deﬁcerent,
852 5050 907 5099 et
952 5048 1017 5098 ut
1046 5044 1220 5097 ﬁdem
1254 5058 1422 5096 suam
1456 5059 1557 5112 per
1586 5059 1759 5112 opera
1791 5062 1922 5114 pro-

270 5135 504 5201 barent,
538 5135 910 5199 admonebat,
946 5131 1181 5203 elegans
1230 5131 1301 5184 de
1355 5130 1687 5200 patriarcha
1732 5132 1926 5201 posuit

272 5224 628 5295 exemplum,
666 5240 768 5294 per
803 5223 953 5295 quod
987 5237 1086 5277 eos
1118 5220 1178 5273 in
1211 5225 1458 5289 utraque
1487 5218 1699 5273 virtute
1731 5226 1926 5290 posset

271 5313 602 5367 instituere.
639 5311 773 5374 Quae
805 5312 961 5366 enim
994 5309 1239 5365 tentatio
1273 5309 1480 5377 major,
1513 5309 1768 5379 exceptis
1808 5310 1921 5376 his,

272 5419 404 5474 qua:
437 5402 509 5457 ad
542 5400 760 5473 proprii
792 5399 1052 5471 corporis
1082 5397 1379 5470 pertinent
1407 5396 1629 5468 plagas,
1664 5398 1923 5453 accidere

2033 3270 2139 3334 est,
2175 3265 2274 3319 sed
2310 3264 2583 3319 divinitas
2614 3264 2997 3336 impassibilis
3042 3272 3276 3326 mansit.

2108 3377 2128 3401 α
2166 3352 2302 3407 Fide
2350 3356 2405 3406 et
2452 3353 2522 3407 de
2570 3353 2781 3408 futuris
2828 3355 3123 3412 benedixit
3169 3361 3348 3429 Isaac,
3390 3363 3567 3421 Jacob
3618 3372 3677 3423 et

2032 3444 2203 3497 Esau.
2236 3464 2261 3490 ››
2294 3442 2546 3510 Futuris,
2572 3459 2685 3497 non
2720 3443 2982 3499 futurum
3006 3447 3283 3504 saeculum
3309 3451 3671 3523 significans,

2032 3532 2130 3587 sed
2164 3532 2359 3585 futura
2391 3529 2567 3600 hujus
2599 3531 2816 3598 saeculi,
2850 3534 2920 3589 de
2951 3552 3066 3605 quo
3098 3538 3379 3595 Dominus
3423 3543 3565 3598 dicit
3612 3545 3672 3600 in

2031 3619 2377 3691 Evangelio:
2414 3621 2573 3683 Quod
2609 3644 2634 3669 ‹‹
2663 3620 2831 3675 multi
2865 3625 3181 3695 propheta,
3206 3632 3262 3681 et
3295 3646 3460 3703 rcges
3482 3633 3673 3688 volue-

2032 3714 2169 3763 runt
2200 3710 2391 3763 videre
2444 3727 2568 3779 qua:
2624 3726 2724 3764 vos
2773 3710 3001 3779 videtis,
3035 3720 3091 3769 et
3138 3733 3250 3771 non
3296 3719 3585 3788 viderunt,
3618 3727 3677 3778 et

2030 3798 2233 3853 audire
2257 3815 2381 3868 quas
2408 3798 2648 3863 auditis,
2671 3804 2727 3851 et
2757 3816 2871 3853 non
2899 3802 3211 3857 audierunt
3234 3806 3385 3874 (Luc.
3419 3826 3473 3875 x,
3505 3812 3614 3881 24).
3643 3832 3669 3862 n

2030 3888 2088 3941 Si
2118 3886 2272 3940 enim
2321 3891 2625 3957 propterea
2670 3904 2781 3940 non
2823 3888 3189 3945 revelabatur
3224 3894 3399 3950 Filius
3431 3898 3673 3967 quibus-

2032 3975 2188 4039 dam,
2216 3980 2448 4044 propter
2473 3974 2871 4029 infirmitatem
2898 3992 3121 4046 eorum,
3148 3982 3245 4050 qui
3274 4000 3406 4037 eum
3442 4002 3555 4039 non
3580 4003 3677 4057 po-

2036 4067 2222 4117 terant
2251 4062 2533 4132 excipere,
2556 4068 2956 4118 verumtamen
2992 4064 3108 4120 illis
3139 4069 3238 4138 qui
3272 4070 3503 4126 virtutis
3538 4074 3674 4128 cha-

2032 4152 2201 4205 ritate
2234 4152 2555 4223 fulgebant,
2581 4150 2963 4208 revelabatur.
2989 4154 3057 4207 Et
3087 4155 3195 4211 hoc
3226 4158 3399 4214 etiam
3429 4162 3675 4232 Aposto-

2033 4240 2124 4295 lus
2157 4239 2315 4309 dicit,
2349 4239 2486 4310 quia
2518 4256 2619 4310 per
2648 4240 2820 4294 fidem
2856 4257 2952 4296 eos
2985 4243 3279 4302 benedixit
3311 4248 3507 4304 futura
3538 4266 3676 4321 pra:-

2031 4329 2234 4383 videns
2262 4347 2274 4395 ;
2309 4328 2447 4400 quia
2483 4334 2540 4383 et
2568 4328 2746 4383 Jacob
2780 4330 3025 4400 figuram
3058 4332 3289 4403 Christi,
3326 4337 3445 4392 sive
3476 4338 3675 4411 populi

2032 4418 2345 4473 Christiani
2377 4418 2661 4488 gestabat,
2696 4418 2845 4472 Esau
2880 4436 3008 4475 vero
3037 4423 3265 4477 Judaici
3296 4426 3502 4495 (1449).

2105 4528 2131 4554 ‹‹
2166 4505 2302 4560 Fide
2332 4505 2509 4560 Jacob
2541 4506 2815 4572 moriens,
2852 4506 3115 4578 singulos
3157 4511 3413 4567 ﬁliorum
3454 4514 3674 4587 Joseph

2035 4595 2343 4655 benedixit.
2369 4602 2424 4649 et
2446 4595 2707 4650 adoravit
2730 4596 3026 4665 fastigium
3056 4599 3227 4671 virgae
3252 4603 3399 4671 ejus.
3426 4626 3453 4651 »
3478 4604 3599 4659 Imo
3621 4610 3678 4671 et

2032 4685 2156 4756 ipse
2177 4686 2352 4739 Jacob
2376 4701 2477 4755 per
2499 4686 2671 4737 tidem
2697 4684 2992 4739 benedixit
3016 4668 3557 4758 singulos—filiorum
3575 4668 3674 4748 Jo-

2034 4774 2198 4845 seph,
2232 4773 2531 4844 Ephraim,
2560 4778 2614 4826 et
2648 4773 2995 4837 Manassem,
3020 4775 3077 4829 id
3111 4784 3217 4845 est,
3244 4781 3389 4835 duos
3420 4788 3672 4838 tantum.

2036 4865 2165 4918 Ideo
2189 4863 2404 4934 singuli
2432 4863 2724 4929 dicuntur,
2753 4862 2891 4931 quia
2922 4882 3403 4941 unumquemque
3430 4873 3499 4927 de
3532 4873 3675 4927 duo-

2037 4953 2143 5006 bus
2178 4951 2421 5005 seorsim
2454 4950 2765 5004 benedixit.
2799 4951 2942 5006 Nam
2994 4972 3097 5025 per
3145 4960 3447 5029 majorem,
3482 4960 3538 5013 id
3589 4962 3679 5014 est

2033 5058 2136 5112 per
2166 5041 2494 5105 Manassen,
2528 5040 2899 5111 praefigurare
2933 5042 3113 5099 voluit
3144 5047 3424 5117 populum
3445 5048 3674 5101 Judaao-

2036 5147 2163 5185 rum
2194 5148 2205 5194 ;
2241 5146 2341 5200 per
2374 5129 2658 5182 minorem
2688 5145 2841 5197 vero,
2878 5134 3159 5204 populum
3191 5135 3672 5190 Christianorum.

2034 5220 2293 5274 Duorum
2313 5218 2465 5271 enim
2489 5216 2738 5272 ﬁliorum
2766 5219 3222 5277 benedictionem
3248 5223 3409 5293 prius
3425 5238 3679 5278 comme-

2036 5325 2261 5363 morare
2283 5306 2483 5369 voluit,
2499 5310 2563 5359 ut
2584 5322 2685 5377 per
2702 5308 3001 5379 fastigium
3025 5310 3195 5380 virgas
3218 5310 3515 5365 adoranda
3533 5311 3677 5367 fides

2035 5398 2182 5467 ejus,
2208 5400 2264 5451 et
2292 5394 2599 5466 prophetia
2628 5397 3048 5451 ostenderetur.
3079 5396 3141 5450 In
3174 5397 3337 5469 virga
3366 5398 3524 5453 enim
3555 5398 3674 5469 illa,

340 5508 524 5581 (1449)
547 5508 639 5587 _En
667 5505 1241 5587 ques-expositionem
1262 5506 1543 5587 “nostram
1574 5503 1633 5559 in
1673 5521 1741 5561 ea
1780 5506 1955 5565 verba
1982 5521 2131 5564 vers.
2167 5504 2233 5559 12
2262 5502 2439 5575 hujus
2469 5517 2595 5575 cap.
2607 5542 2620 5571 ,
2650 5504 2872 5574 propter
2901 5500 3041 5575 quod
3068 5505 3117 5559 et
3143 5502 3211 5559 ab
3242 5519 3350 5562 uno
3378 5507 3489 5565 orti
3517 5510 3671 5587 sunt,

272 5585 333 5644 et
350 5574 635 5658 superius
665 5574 943 5641 traditam
973 5576 1229 5638 maxime
1256 5574 1526 5635 fulciunt.
