4062 6186
409 346 528 408 807

1425 335 1764 399 ATTONIS
1809 335 2395 397 VERCELLENSIS
2441 331 2791 395 EPISCOPI

3701 329 3817 392 808

411 495 587 551 quam
635 472 894 531 adoravit
947 470 1150 540 Jacob,
1182 472 1239 525 et
1287 468 1626 524 summitate
1656 468 1840 534 illius,
1873 484 2050 540 quam
2079 479 2132 544 Α
2167 484 2371 539 neque,
2393 484 2528 522 cum
2554 469 2750 538 posset
2773 465 2929 519 filius
2951 463 3103 535 regis
3125 477 3275 531 esse,
3299 462 3683 534 contempsit,
3711 461 3821 517 sic-

410 566 704 624 osculatus
730 567 841 628 est,
857 576 1103 633 regnum
1117 557 1522 629 Christi,quod
1547 557 1836 628 praascivit
1858 557 1915 610 in
1940 557 2052 628 spi-

409 657 548 718 ritu,
582 652 737 724 quod
788 652 848 706 in
899 650 1013 704 fine
1047 647 1241 703 seaculi
1272 653 1397 702 erat
1430 649 1717 710 futurum,
1751 645 2045 708 adoravit;

406 743 560 815 quod
591 757 693 812 per
715 754 916 794 verum
937 736 1179 808 Joseph,
1203 736 1258 789 id
1282 739 1392 805 est,
1419 734 1728 790 Dominum
1751 733 2046 787 Christum

403 831 522 902 regi
555 828 923 902 praevidebat.
949 827 1060 882 Seu
1092 824 1398 897 praescivit,
1424 823 1579 894 quod
1611 823 1682 877 de
1715 822 1917 877 eodem
1949 837 2046 893 ge-

2163 561 2227 611 ut
2275 557 2499 628 Moyses
2547 554 2723 620 fecit;
2779 557 2835 608 et
2887 570 3000 607 non
3053 551 3244 607 solum
3296 550 3676 622 contempsit,
3712 553 3813 607 sed

2161 646 2336 700 etiam
2363 645 2686 714 abnegavit.
2717 641 2867 696 Ccelo
2891 642 3106 713 quippe
3134 641 3465 713 praeposito,
3495 639 3689 695 noluit
3721 641 3818 694 ad-

2161 733 2358 788 mirari
2388 731 2708 805 Egyptiaci
2743 730 2905 803 regni
2937 729 3455 801 pulchritudinem,
3490 729 3687 801 magis
3718 728 3817 784 eli-

2159 838 2299 893 gens
2333 839 2466 877 cum
2500 821 2715 893 populo
2745 819 2846 875 Dei
2880 819 3082 890 afﬂigi,
3116 835 3293 890 quam
3323 818 3548 890 peccati
3596 819 3810 874 habere

405 935 542 974 nere
564 916 666 990 qui
686 917 910 988 virgam
931 914 1093 986 regni
1121 916 1526 983 susceperunt,
1551 915 1757 982 postea
1779 910 2047 966 Christus
2148 912 2601 982 jucunditatem.
2636 910 2760 965 Non
2791 908 2972 981 afﬂigi
3003 924 3137 963 cum
3169 907 3318 978 aliis,
3351 907 3463 963 hoc
3498 912 3809 979 peccatum

404 1007 738 1063 nasciturus
758 1009 899 1061 erat.
914 1002 1015 1058 Vel
1037 1003 1191 1058 sicut
1210 1000 1306 1055 alii
1330 999 1682 1071 intelligunt,
1700 999 1852 1070 quod
1877 998 2047 1052 nobis

405 1097 510 1150 abs
543 1111 602 1150 re
631 1110 760 1150 esse
787 1093 1036 1159 videtur,
1062 1089 1340 1161 quoniam
1365 1091 1799 1143 resurrecturus
1825 1090 1950 1140 erat
1978 1101 2048 1140 ex

403 1183 668 1255 Ephrem
691 1181 874 1254 (1450)
909 1197 1025 1246 rex,
1059 1178 1159 1250 qui
1190 1182 1391 1248 postea
1419 1192 1596 1246 super
1627 1176 1825 1230 decem
1857 1174 2044 1228 tribu-

405 1273 517 1329 bus
547 1271 844 1344 regnavit;
879 1273 1184 1341 propterea
1213 1269 1515 1322 adorasset
1545 1263 1843 1336 fastigium
1873 1263 2044 1333 virgae

404 1362 645 1433 Joseph.

477 1474 506 1500 «
541 1451 676 1505 Fide
706 1448 920 1518 Joseph
953 1446 1228 1512 moriens,
1263 1445 1334 1498 de
1386 1442 1737 1514 profectione
1789 1440 2043 1495 ﬂliorum

402 1539 579 1595 Israel
605 1545 965 1593 memoratus
990 1538 1168 1599 est,et
1193 1535 1263 1588 de
1285 1533 1516 1587 ossibus
1539 1531 1662 1585 suis
1689 1530 2042 1584 mandavit.»

403 1627 530 1682 Non
557 1627 714 1681 enim
749 1624 892 1679 dixit
919 1622 1156 1694 Joseph,
1193 1621 1330 1692 quia
1364 1637 1456 1675 me
1493 1619 1720 1674 vivente
1750 1618 1898 1672 hanc
1933 1622 2045 1672 ter-

405 1731 531 1769 ram
559 1730 671 1769 non
706 1712 867 1768 dedit
899 1712 1043 1782 patri
1078 1725 1226 1776 meo,
1258 1725 1445 1780 neque
1475 1725 1578 1763 avo
1610 1707 1759 1772 meo',
1793 1723 2042 1776 quorum

401 1803 675 1857 virtutem
698 1799 893 1871 magni
914 1797 1380 1871 pendebat.Num
1401 1798 1544 1851 istos
1559 1796 1767 1867 dignos
1788 1795 2045 1850 facturus

402 1894 510 1958 est,
527 1894 590 1944 ut
611 1889 934 1962 percipiant
954 1904 1079 1958 qua:
1103 1886 1185 1940 illi
1202 1885 1362 1956 digni
1385 1889 1526 1940 sunt
1549 1883 1686 1939 facti
1709 1883 2005 1955 percipere
2019 1881 2046 1934 ‘I

399 1977 554 2034 Nihil
586 1977 797 2033 horum
843 1975 1007 2043 dixit,
1039 1975 1139 2030 sed
1190 1979 1402 2029 cuncta
1449 1972 1722 2044 speravit,
1754 1971 1891 2042 quia
1943 1987 2046 2042 per

399 2067 575 2122 ﬁdem
599 2065 862 2137 praevidit
883 2081 1010 2136 quae
1036 2064 1232 2118 futura
1253 2066 1436 2118 erant.
1457 2061 1616 2116 Unde
1638 2065 1695 2115 et
1715 2060 1841 2130 ipse
1863 2059 2004 2114 dicit
2027 2076 2040 2113 :

399 2155 678 2210 Visitabit
697 2171 800 2210 vos
826 2155 972 2209 Deus
1005 2158 1136 2224 post
1167 2152 1384 2207 multos
1411 2151 1560 2219 dies,
1585 2151 1727 2204 ferte
1756 2165 1890 2204 ossa
1917 2163 2048 2202 mea

398 2244 702 2298 vobiscum
734 2242 886 2314 (Gen.
934 2259 983 2310 ι,
1033 2242 1140 2308 23;
1188 2239 1366 2294 Exod.
1399 2256 1523 2303 xui,
1561 2240 1666 2308 19).
1702 2239 1846 2292 Hinc
1895 2252 2046 2291 nun-

402 2349 580 2404 quam
611 2332 767 2386 enim
800 2332 870 2386 de
920 2330 1045 2385 suis
1085 2327 1320 2383 ossibus
1352 2328 1680 2392 mandaret,
1714 2325 1827 2380 nisi
1874 2323 2048 2396 plena

402 2421 517 2476 fide
546 2423 806 2490 speraret
834 2418 1126 2473 redditum
1161 2433 1360 2471 eorum
1395 2417 1453 2470 in
1484 2420 1699 2470 terram
1733 2413 2044 2484 repromis-

402 2510 604 2565 sionis.
622 2509 745 2566 Non
763 2508 919 2563 enim
937 2505 1086 2577 justi
1106 2521 1305 2560 curam
1323 2505 1603 2576 gerebant
1621 2501 2041 2574 sepulcrorum.

401 2598 526 2654 Non
557 2597 712 2653 enim
743 2596 1025 2651 debemus
1075 2593 1482 2665 pusillanimes
1528 2593 1674 2658 fieri,
1709 2591 2046 2661 ubicunque

400 2687 774 2757 sepeliamur,
803 2685 1051 2738 maxime
1072 2699 1206 2736 cum
1237 2682 1624 2753 plurimorum
1649 2679 1884 2734 fortium
1908 2695 2040 2732 san-

401 2779 630 2828 ctorum
662 2772 992 2827 nesciamus
1038 2770 1138 2824 ubi
1173 2785 1416 2840 corpora
1445 2784 1644 2823 eorum
1672 2769 1904 2838 jaceant
1936 2765 2044 2819 hu-

404 2867 595 2929 mata;
621 2865 837 2932 quanto
863 2859 1058 2913 minus
1085 2875 1190 2912 nos
1214 2859 1494 2912 debemus
1525 2857 1595 2911 de
1618 2857 1726 2911 hac
1745 2871 1816 2910 ire
1843 2870 2044 2909 curam

403 2967 602 3023 gerere
621 2949 650 3004 ?

473 3040 655 3111 (1451)
702 3060 730 3088 ‹‹
763 3037 896 3092 Fide
925 3038 1151 3108 Moyses
1181 3039 1376 3100 natus,
1407 3032 1734 3089 occultatus
1765 3037 1855 3088 est
1883 3047 2046 3086 men-

406 3129 573 3185 sibus
601 3127 792 3183 tribus
844 3142 878 3181 a
927 3125 1266 3198 parentibus
1299 3124 1446 3189 suis,
1478 3140 1544 3178 eo
1574 3123 1730 3193 quod
1762 3122 2047 3176 vidissent

2157 1017 2284 1055 esse
2315 999 2556 1072 putavit.
2591 999 2646 1053 Si
2677 998 2856 1070 igitur
2881 997 2976 1052 ille
3007 1013 3122 1052 non
3154 996 3334 1069 affligi
3367 995 3647 1052 alacriter
3676 1013 3812 1052 cum

2157 1089 2398 1155 caeteris,
2415 1093 2712 1161 peccatum
2734 1103 2863 1142 esse
2873 1086 3478 1158 judicavit,quantum
3497 1086 3808 1142 cumulum

2155 1178 2377 1248 peccati
2408 1177 2664 1232 habituri
2710 1181 2902 1246 erunt,
2936 1176 3036 1246 qui
3089 1177 3610 1248 congregationem
3647 1176 3809 1231 dese-

2157 1266 2335 1320 runt?
2359 1266 2475 1320 Vos
2501 1266 2655 1320 enim
2679 1282 2781 1336 pro
2802 1265 2967 1319 vobis
2991 1265 3135 1335 ipsis
3158 1264 3461 1336 patimini;
3487 1263 3590 1319 ille
3615 1269 3808 1319 autem

2158 1370 2273 1408 non
2307 1353 2497 1408 solum
2533 1370 2635 1426 pro
2668 1369 2729 1408 se
2763 1353 2886 1408 solo
2931 1353 3219 1424 aspiciens
3271 1354 3327 1407 in
3380 1355 3814 1409 remuneratio-

2157 1459 2312 1508 nem,
2347 1443 2445 1497 sed
2480 1443 2654 1497 etiam
2696 1459 2799 1514 pro
2848 1441 2978 1496 aliis
3027 1441 3136 1496 hoc
3190 1441 3382 1513 elegit,
3418 1447 3486 1496 ut
3535 1441 3812 1497 cumulus

2158 1531 2439 1585 mercedis
2469 1530 2723 1602 amplius
2753 1534 3038 1585 cresceret
3064 1555 3078 1596 ;
3113 1534 3168 1584 et
3197 1530 3348 1585 ultro
3379 1548 3445 1586 se
3476 1531 3730 1602 projecit
3760 1533 3811 1585 in

2155 1623 2317 1674 tanta
2348 1618 2626 1689 pericula,
2661 1635 2794 1674 cum
2827 1619 2878 1673 ei
2912 1618 3107 1673 liceret
3139 1623 3196 1673 et
3227 1619 3318 1690 pie
3349 1619 3572 1690 vivere,
3606 1625 3664 1674 et
3711 1638 3811 1675 sas-

2155 1707 2451 1762 cularibus
2503 1707 2668 1763 bonis
2718 1708 2957 1779 perfrui.
3011 1708 3277 1778 Majores,
3319 1708 3545 1779 inquit,
3580 1709 3813 1765 divitias

2155 1796 2494 1851 existimans
2551 1796 2827 1851 thesauro
2887 1797 3312 1868 lEgyptiorum,
3373 1797 3807 1869 improperium

2155 1884 2388 1940 Christi.
2422 1890 2530 1940 Pro
2560 1885 2786 1940 Christo
2808 1886 2992 1956 (1452)
3021 1886 3177 1940 enim
3208 1884 3646 1957 improperium
3683 1906 3805 1944 sus-

2154 1973 2336 2028 tinere
2370 1973 2581 2029 melius
2602 1973 2908 2045 judicavit,
2934 1990 3110 2046 quam
3140 1974 3200 2028 in
3230 1974 3459 2029 deliciis
3485 1993 3642 2031 esse.
3667 1977 3807 2040 Quid

2156 2066 2244 2118 est
2272 2061 2694 2134 improperium
2727 2062 2989 2118 Christi?
3037 2063 3152 2118 Hoc
3193 2067 3300 2130 est,
3336 2063 3512 2134 quale
3543 2065 3812 2121 Christus

2157 2150 2440 2205 sustinuit
2460 2151 2902 2222 improperium,
2919 2150 3089 2222 quale
3110 2169 3212 2207 vos
3235 2168 3389 2207 nunc
3410 2153 3816 2223 sustinetis,et

2157 2240 2312 2309 quod
2359 2256 2462 2310 pro
2502 2239 2729 2295 Christo
2761 2240 3045 2296 sustinuit
3076 2239 3321 2312 Moyses,
3355 2239 3810 2314 improperium.

2156 2329 2504 2398 Respuendo
2557 2329 2712 2383 enim
2767 2334 3038 2401 paternos
3084 2345 3331 2394 errores,
3382 2331 3811 2403 improperium

2157 2417 2538 2486 sustinemus,
2560 2417 2712 2472 sicut
2731 2417 2905 2472 etiam
2932 2417 3156 2490 Moyses
3178 2419 3614 2490 improperium
3639 2421 3813 2476 susti-

2157 2506 2350 2576 nebat,
2376 2507 2607 2576 quando
2631 2507 2909 2561 audiebat
2938 2523 2950 2561 :
2991 2532 3008 2553 ‹ι
3040 2507 3313 2578 Nunquid
3350 2509 3702 2564 interimere
3729 2527 3816 2564 me

2156 2594 2261 2664 vis,
2296 2595 2448 2649 sicut
2479 2595 2818 2650 interfecisti
2864 2595 2986 2649 heri
3018 2595 3348 2667 Aigyptium
3370 2597 3397 2650 ‘I
3430 2617 3458 2648 ιι
3515 2599 3721 2668 (Exod.
3755 2616 3811 2667 ιι,

2159 2684 2265 2754 14.)
2293 2685 2406 2738 Hoc
2427 2689 2515 2738 est
2538 2683 2952 2755 improperium
2974 2684 3210 2751 Christi,
3227 2686 3464 2756 quando
3488 2687 3809 2759 quisquam

2157 2789 2190 2826 a
2223 2772 2577 2839 domesticis,
2611 2774 2846 2843 quando
2878 2774 3191 2845 quisquam
3222 2775 3294 2828 ab
3324 2775 3410 2829 eis
3453 2777 3681 2847 quibus
3713 2779 3814 2832 be-

2158 2859 2430 2915 neficium
2466 2866 2719 2933 praestat,
2746 2862 2996 2917 sustinet
3026 2863 3477 2934 improperium,
3504 2865 3665 2920 sicut
3697 2867 3813 2938 ipse

2156 2948 2421 3004 Christus
2446 2949 2517 3004 ab
2539 2949 2621 3004 eis
2647 2950 2940 3015 audiebat,
2970 2968 3071 3021 pro
3094 2950 3310 3022 quibus
3334 2953 3814 3025 crncifigebatur,

2158 3037 2432 3093 dicendo:
2466 3059 2493 3088 «
2516 3037 2568 3092 Si
2588 3037 2769 3093 Filius
2788 3039 2883 3094 Dei
2907 3054 2990 3104 es,
3006 3040 3295 3094 descende
3316 3040 3389 3095 de
3415 3042 3813 3112 cruce(Mat(h.

2156 3141 2330 3193 xxvu,
2365 3128 2475 3197 40).
2507 3149 2535 3177 ››
2583 3127 2806 3182 Etenim
2839 3127 3063 3198 Moyses
3095 3145 3196 3200 pro
3228 3129 3523 3185 beneficio
3558 3147 3670 3186 suo
3700 3131 3817 3186 haec

405 3217 731 3290 elegantem
763 3215 1067 3285 infantem,
1100 3218 1157 3268 et
1207 3230 1322 3268 non
1370 3213 1696 3267 timuerunt
1740 3210 1893 3282 regis
1923 3211 2047 3264 edi-
2079 3207 2120 3273 C
2159 3214 2510 3284 patiebatur,
2534 3215 2688 3270 sicut
2716 3219 2773 3270 et
2801 3215 3087 3272 Christus.
3114 3215 3260 3270 Hinc
3283 3218 3446 3272 enim
3471 3235 3577 3274 eos
3606 3220 3818 3274 excita-

405 3311 585 3362 ctum.
619 3329 639 3355 ι
676 3306 736 3361 Si
766 3321 881 3360 non
912 3304 1258 3371 timuerunt,
1283 3301 1575 3373 quomodo
1605 3299 2049 3355 custodierunt?

404 3399 483 3451 Ac
514 3396 563 3451 si
595 3411 711 3450 non
737 3393 1094 3459 timuissent,
1119 3391 1202 3446 ita
1231 3391 1348 3446 illis
1377 3394 1700 3460 reputatur.
1726 3388 1887 3444 Unde
1911 3404 2047 3460 ergo

403 3483 500 3539 isti
551 3485 928 3554 speraverunt
985 3485 1052 3534 ut
1108 3479 1398 3535 salvarent
1455 3495 1725 3548 puerum,
1776 3477 1888 3531 nisi
1948 3493 2049 3548 per

404 3571 581 3625 ﬁdem
594 3571 621 3624 ‘I
636 3569 936 3641 Siquidem
956 3569 1028 3624 ab
1046 3567 1210 3622 initio
1227 3584 1294 3623 ex
1309 3567 1454 3638 ipsis
1473 3566 1844 3622 incunabulis
1864 3565 2048 3621 multa

403 3663 528 3714 erat
565 3660 727 3729 justo
775 3657 861 3711 illi
906 3657 1101 3712 infusa
1128 3657 1335 3728 gratia,
1370 3672 1482 3710 non
1518 3661 1726 3710 natura
1755 3655 1875 3709 haec
1905 3671 2045 3727 ope-

403 3753 590 3819 rante,
605 3748 761 3820 quod
779 3748 1012 3818 genitus
1025 3751 1114 3801 est
1136 3746 1416 3801 honestus
1439 3745 1780 3812 infantulus,
1798 3746 1898 3800 sed
1922 3762 2047 3817 gra-

402 3837 483 3892 tia
535 3837 754 3896 divina.
785 3853 903 3908 qua
949 3836 1123 3891 etiam
1179 3835 1486 3890 barbaram
1535 3834 1697 3889 illam
1740 3834 2043 3889 mulierem

399 3926 730 3998 Egyptiam
761 3924 1048 3989 excitavit,
1083 3929 1147 3978 ut
1176 3928 1417 3991 amaret,
1452 3927 1517 3977 ut
1545 3927 1831 3992 sumuret,
1866 3928 1929 3978 ut
1960 3940 2046 3977 ar-

399 4016 631 4087 riperet.
657 4019 721 4069 In
755 4014 884 4069 istis
904 4013 1062 4069 enim
1095 4013 1237 4067 fides
1269 4028 1384 4067 non
1415 4012 1618 4066 habuit
1645 4012 1918 4066 idoneum
1951 4030 2044 4067 ar-

398 4108 770 4176 gumentum.
796 4103 958 4168 Quod
984 4117 1141 4174 ergo,
1165 4106 1223 4156 et
1253 4107 1536 4173 quantum
1564 4106 1706 4168 erat,
1731 4106 1795 4156 ut
1825 4102 1882 4154 in
1916 4102 2043 4172 ipso

396 4193 559 4248 vultu
583 4193 924 4248 crederent?
954 4191 1065 4246 Sed
1098 4208 1221 4257 vos,
1245 4191 1456 4262 inquit,
1486 4194 1570 4244 tot
1600 4189 1881 4244 habentes
1909 4189 2041 4244 fidei

399 4282 665 4354 pignora,
693 4296 763 4336 ex
792 4279 936 4352 ipsis
963 4280 1138 4334 rebus
1163 4280 1378 4334 auditis
1404 4279 1642 4346 credite,
1666 4283 1730 4332 ut
1750 4295 1882 4332 cum
1908 4294 2045 4350 gau-

399 4369 494 4425 dio
516 4370 782 4441 rapinam
805 4385 1002 4424 rerum
1025 4368 1381 4439 suscipiatis,
1397 4369 1664 4438 quamvis
1689 4368 1832 4422 fides
1854 4372 2044 4422 vestra

398 4476 503 4532 per
532 4457 719 4514 multa
749 4459 1014 4529 tempora
1041 4457 1263 4524 tendat,
1295 4456 1447 4510 sicut
1475 4460 1532 4510 et
1561 4457 1874 4526 Abraham,
1904 4457 2042 4527 quia

397 4552 455 4604 et
481 4547 577 4603 isti
611 4564 714 4619 per
743 4547 917 4602 fidem
951 4563 1065 4602 non
1096 4545 1424 4600 timuerunt
1455 4545 1606 4616 regis
1653 4546 1929 4600 edictum.

475 4637 673 4691 «Fide
723 4636 950 4708 Moyses
996 4636 1236 4707 grandis
1284 4635 1474 4690 factus
1518 4635 1750 4706 negavit
1801 4651 1863 4688 se
1915 4649 2042 4688 esse

401 4723 586 4778 filium
612 4724 744 4778 filiae
767 4723 1105 4788 Pharaonis,
1127 4724 1314 4795 magis
1335 4724 1558 4795 eligens
1581 4723 1757 4793 afﬂigi
1783 4739 1914 4778 cum
1941 4739 2040 4794 po-

400 4810 540 4885 pulo
554 4811 672 4880 Dei,
689 4828 864 4883 quam
884 4811 1224 4884 temporalis
1246 4812 1463 4884 peccati
1481 4811 2042 4883 haberejucundita-

397 4908 540 4972 tem,
577 4901 826 4971 majores
856 4901 1088 4956 divitias
1117 4902 1414 4956 aestimans
1446 4901 1720 4956 thesauro
1748 4901 2040 4973 {Egyptia-

398 5007 553 5061 rum,
585 4989 1006 5062 improperium
1036 4989 1249 5044 Christi
1276 5008 1288 5058 ;
1326 4990 1641 5062 aspiciebat
1671 4991 1828 5044 enim
1861 4991 1919 5044 in
1953 5007 2039 5046 re-

398 5079 886 5136 munerationem.
910 5101 932 5127 ο
961 5079 1266 5150 Tanquam
1291 5079 1337 5134 si
1359 5080 1575 5135 diceret
1597 5080 1666 5135 ad
1685 5097 1804 5148 eos,
1823 5079 2039 5151 quibus

396 5169 518 5225 haec
539 5168 862 5224 scribebat:
893 5167 1101 5224 Nullus
1125 5175 1382 5224 vestrum
1405 5169 1632 5224 dimisit
1657 5168 1851 5224 aulam
1877 5186 2037 5241 rega-

395 5256 531 5329 lem,
564 5261 621 5313 et
649 5257 929 5329 amplam,
955 5261 1012 5311 et
1039 5256 1278 5325 claram,
1312 5273 1501 5328 neque
1533 5257 1678 5312 tales
1707 5258 2037 5323 thesauros,

495 5400 650 5467 1450)
684 5400 841 5456 Idem
871 5416 938 5455 ac
965 5399 1248 5471 Ephraim,
1283 5399 1431 5454 Psal.
1464 5416 1669 5471 LXXVII,
1699 5401 1752 5454 9.

495 5472 652 5542 1451)
683 5472 787 5526 Hie
818 5473 1000 5542 igitur
1028 5472 1197 5526 lectio
1239 5488 1360 5526 xm.

469 5541 652 5618 (1.452)
679 5543 740 5597 Id
757 5541 1282 5618 est’improperium
1296 5541 1490 5618 simile
1505 5542 2039 5618 improperio,quod

397 5612 667 5674 Christus
696 5612 1010 5673 sustinuit:
1042 5612 1130 5672 vel
1156 5631 1257 5689 pro
1288 5614 1525 5686 Christo,
1549 5612 1772 5674 scilicet
1799 5612 1919 5691 pro'
1935 5633 2037 5691 po-

2158 3302 2259 3369 vit,
2295 3304 2630 3371 ostendens,
2666 3303 2802 3374 quia
2849 3309 2906 3358 et
2954 3302 3181 3375 Moyses
3212 3305 3419 3360 eadem
3454 3321 3680 3378 passus
3711 3312 3818 3368 est.

2160 3391 2311 3446 sicut
2340 3396 2394 3446 et
2421 3392 2708 3447 Christus.
2737 3393 3074 3448 Patiebatur
3103 3393 3258 3449 enim
3282 3393 3587 3467 Christus,
3611 3402 3822 3451 cuncta

2159 3480 2400 3546 ferebat,
2429 3481 2542 3536 illis
2569 3481 2936 3537 moventibus
2959 3483 3148 3554 capita
3170 3500 3298 3538 sua.
3325 3483 3441 3540 Sed
3476 3501 3676 3556 neque
3709 3485 3816 3540 ful-

2157 3584 2302 3640 gnra
2322 3570 2645 3639 emittebat,
2670 3587 2859 3642 neque
2881 3573 3141 3643 seipsum
3164 3571 3350 3627 voluit
3373 3573 3612 3642 ulcisci,
3636 3580 3703 3630 ut
3724 3590 3822 3630 no-

2158 3658 2248 3713 bis
2279 3658 2608 3730 exemplum
2650 3660 3001 3716 humilitatis
3034 3666 3408 3717 monstraret.

2234 3768 2259 3798 ιι
2294 3749 2428 3802 Fide
2459 3749 2692 3820 reliquit
2713 3752 3045 3821 Egyptum,
3071 3767 3184 3804 non
3216 3751 3443 3807 veritus
3465 3754 3815 3810 animosita-

2155 3841 2271 3890 tem
2305 3837 2458 3909 regis
2489 3854 2502 3892 :
2536 3837 2825 3892 invisibile
2855 3839 3032 3906 enim,
3068 3843 3352 3910 tanquam
3383 3841 3598 3896 videns
3631 3842 3814 3898 sustio

2155 3926 2354 3980 nuit.»
2381 3926 2624 3982 Proinde
2646 3927 2820 3981 etiam
2839 3929 2992 3998 quod
3015 3927 3072 3981 in
3099 3929 3294 3998 fugam
3318 3945 3532 3985 versus
3549 3937 3660 3997 est,
3680 3931 3812 3986 fidei

2154 4014 2459 4080 fuit.Quod
2485 4032 2620 4088 ergo
2651 4032 2760 4070 non
2786 4015 3355 4087 permansit,inquit,
3375 4035 3448 4072 ne
3472 4036 3535 4073 se
3563 4020 3621 4073 in
3648 4037 3814 4091 aper-

2153 4107 2276 4158 tum
2303 4104 2689 4175 praecipitaret
2708 4104 3062 4176 periculum;
3093 4105 3231 4177 quia
3250 4106 3502 4177 hocjam
3527 4113 3728 4163 tentan
3741 4109 3815 4164 tis

2153 4191 2549 4246 essetinsilire
2578 4193 2632 4246 in
2661 4191 2852 4247 medio
2876 4192 3138 4264 periculi,
3162 4197 3216 4247 et
3242 4193 3457 4258 dicere,
3487 4193 3812 4251 Videamus

2153 4279 2202 4334 si
2237 4297 2329 4336 me
2359 4279 2566 4335 liberet
2598 4285 2786 4337 Deus:
2823 4280 2928 4336 hoc
2960 4281 3134 4335 etiam
3159 4281 3390 4337 Christo
3421 4283 3574 4338 dixit
3603 4285 3810 4340 diabo-

2152 4367 2282 4424 lus:
2317 4392 2343 4418 «
2379 4369 2542 4425 Mitte
2572 4373 2627 4424 te
2658 4370 3264 4440 deorsum(Matth.1v,
3296 4372 3370 4440 6;
3405 4376 3540 4427 Luc.
3569 4391 3644 4443 iv,
3672 4375 3751 4445 9).
3787 4396 3813 4424 ι)

2151 4458 2401 4514 Intueris
2423 4459 2561 4530 quia
2590 4459 2696 4513 hoc
2723 4459 3074 4514 diabolicum
3110 4463 3217 4526 est,
3243 4465 3308 4514 ut
3339 4478 3709 4533 supervacue
3743 4479 3815 4518 ao

2151 4549 2443 4620 superﬂue
2461 4549 2509 4603 si
2529 4549 2842 4619 quisquam
2863 4565 2925 4604 se
2942 4549 2998 4602 in
3020 4548 3566 4621 periculumjaciat,
3583 4557 3817 4608 tentare

2155 4642 2332 4692 Deum
2355 4637 2405 4692 si
2431 4637 2873 4692 salvet.Etenim
2899 4654 3024 4693 esse
3036 4638 3162 4708 jam
3187 4637 3300 4692 illis
3325 4639 3396 4693 ad
3429 4640 3694 4712 regimen
3718 4658 3817 4697 eo-

2153 4742 2283 4779 rum
2333 4743 2447 4780 non
2499 4730 2743 4798 poterat,
2777 4725 2858 4780 ita
2887 4727 3111 4798 ingrate
3143 4726 3378 4782 afﬂictis
3411 4727 3551 4798 illis,
3586 4730 3814 4800 quibus

2151 4819 2313 4870 tanta
2344 4815 2709 4886 praestiterat.
2741 4815 2997 4870 Stultum
3031 4816 3244 4888 quippe
3274 4821 3419 4884 erat,
3454 4822 3513 4873 et
3539 4819 3810 4875 insensa-

2151 4908 2277 4957 tum
2313 4919 2651 4975 permanere
2693 4902 2830 4958 illic.

2227 5015 2248 5040 α
2282 4993 2418 5047 Fide
2447 4992 2755 5047 celebravit
2793 4993 3015 5049 Pascha
3061 5011 3128 5050 ex
3175 4994 3486 5066 sanguinis
3517 4995 3810 5051 effusione

2150 5081 2355 5153 (1453),
2390 5099 2460 5137 ne
2494 5082 2593 5153 qui
2633 5083 2896 5137 vastabat
2943 5083 3258 5154 primitiva,
3293 5089 3562 5156 tangeret
3617 5102 3744 5142 eos.
3781 5108 3807 5136 ι)

2149 5169 2407 5225 Plurima
2437 5171 2591 5226 idem
2624 5171 2956 5241 Apostolus,
2993 5173 3146 5228 inter
3193 5173 3323 5244 ipsa
3353 5190 3484 5243 quae
3516 5172 3806 5245 loquitur,

2149 5258 2298 5314 solet
2320 5261 2738 5331 argumentari,
2766 5266 2823 5316 et
2845 5261 3062 5316 densus
3089 5267 3180 5316 est
3200 5261 3259 5316 in
3282 5263 3595 5318 sententiis
3621 5281 3636 5319 :
3675 5263 3805 5318 talis

2150 5349 2366 5421 quippe
2406 5354 2496 5404 est
2525 5349 2773 5420 Spiritus
2805 5349 2991 5405 sancti
3022 5351 3232 5423 gratia.
3267 5351 3394 5406 Non
3429 5352 3802 5408 abundantia

2149 5473 2307 5550 pulo,
2334 5490 2403 5527 ex
2427 5491 2542 5545 quo
2563 5474 2829 5550 Christus
2852 5474 3184 5550 nasciturus
3209 5479 3352 5550 erat,
3376 5475 3469 5532 vel
3498 5494 3606 5550 pro
3636 5477 3798 5534 Chri-

2149 5548 2538 5618 stoventnro,
2565 5545 2623 5600 in
2655 5562 2832 5618 quem
2863 5547 3180 5618 sperabant
3201 5545 3370 5618 justi.

2219 5616 2405 5694 (1453)
2433 5617 2603 5689 Vulg.
2633 5616 2691 5676 εἱ
2713 5616 3008 5693 sanguinis
3035 5616 3372 5694 e/fusionem.
