4044 6180
243 279 360 339 809

825 277 1233 338 EXPOSITIO
1279 278 1356 336 ΙΝ
1404 277 1827 338 EPISTOLAS
1872 274 2131 337 PAULI.
2159 278 2331 337 -ΙΝ
2376 278 2626 339 EPIS'l‘.
2670 279 2773 337 AD
2820 278 3052 338 HEBB.

3516 280 3635 340 810

243 409 548 479 verborum
581 425 797 480 paucas
827 411 1082 466 continet
1113 410 1447 475 sententias,
1473 410 1573 466 sed
1605 411 1661 464 in
1696 410 1877 464 brevi-
1909 410 1963 476 Α
1993 410 2121 478 quis
2154 410 2310 465 tubis
2342 410 2656 466 insonaret.
2692 411 2802 466 Sed
2834 411 2977 466 ﬁdes
3016 410 3212 466 omnia
3236 410 3404 466 valet.
3436 412 3635 483 Neque

242 504 358 553 tate
387 499 693 554 verborum
726 516 1003 571 magnum
1052 500 1241 565 habet,
1262 505 1319 554 et
1362 498 1679 569 plurimum
1712 499 1877 553 intel—

242 586 478 641 lectum.
512 589 589 641 Ac
621 588 667 642 si
696 587 815 642 illis
865 588 1079 642 diceret
1110 604 1122 642 :
1156 588 1213 641 Si
1246 590 1486 660 sanguis
1534 589 1786 659 agninus
1820 587 1880 641 in

242 676 434 730 medio
456 675 875 747 Egyptiorum,
900 681 956 730 et
975 676 1034 729 in
1068 681 1229 731 tanta
1248 677 1640 730 devastatione
1673 675 1883 730 illaesos

240 766 489 820 servavit
517 765 748 819 Judaeos
791 765 1199 837 (E.r0d.xu,7),
1230 766 1412 819 multo
1463 764 1715 835 amplius
1766 764 1879 819 sal-

237 853 397 907 vabit
430 872 563 920 nos;
600 870 711 907 non
742 858 957 924 postes,
992 854 1092 908 sed
1127 854 1350 907 animas
1383 860 1633 909 nostras.
1666 854 1885 908 Timuit

240 942 397 997 enim
428 942 592 996 illum
619 942 962 1014 sanguinem
987 944 1230 1014 angelus
1258 962 1269 999 :
1296 943 1513 997 sciebat
1533 944 1687 998 enim
1710 945 1881 1014 cujus

239 1038 363 1086 erat
392 1038 591 1104 typus;
642 1032 963 1103 pertimuit,
998 1032 1354 1087 Dominicam
1390 1039 1636 1087 mortem
1668 1032 1879 1087 intelli-

240 1136 383 1191 gens
418 1137 430 1174 :
465 1125 766 1191 propterea
796 1138 910 1175 non
942 1122 1132 1193 tetigit
1174 1126 1390 1192 postes,
1429 1122 1697 1192 quamvis
1728 1121 1879 1191 quod

240 1210 437 1279 ﬁebat,
462 1226 575 1264 non
598 1215 769 1279 esset,
786 1210 884 1265 sed
912 1211 1068 1281 quod
1090 1227 1193 1281 per
1212 1209 1353 1264 illud
1378 1210 1878 1281 praeﬁgurabatur,

238 1313 519 1369 magnum
570 1302 709 1353 erat.
753 1299 915 1365 Quod
960 1298 1118 1353 enim
1165 1299 1358 1365 fiebat,
1405 1298 1711 1370 sanguinis
1760 1302 1883 1352 erat

238 1386 472 1453 effusio;
507 1388 662 1458 quod
693 1392 888 1441 autem
928 1387 1427 1459 praefigurabatur,
1451 1387 1634 1453 salus,
1658 1392 1715 1440 et
1743 1404 1881 1441 con-

239 1475 447 1542 clusio,
470 1480 525 1529 et
547 1475 857 1547 prohibitio
880 1476 1243 1547 perditionis,
1266 1476 1483 1531 scilicet
1504 1476 1755 1531 educens
1777 1493 1881 1531 nos

240 1564 313 1619 de
340 1563 607 1636 Egypto,
629 1563 737 1619 hoc
759 1568 867 1629 est,
892 1566 1144 1618 tenebris
1169 1564 1524 1619 idololatrias.
1548 1564 1663 1619 Vos
1686 1568 1880 1619 autem

235 1651 426 1723 ipsius
449 1653 579 1724 agni
602 1652 881 1708 habentes
903 1653 1271 1724 sanguinem,
1296 1669 1408 1708 non
1432 1652 1879 1708 confundimini.

238 1739 562 1796 Induamur
609 1742 765 1797 enim
819 1743 1173 1812 arma(R0m.
1198 1760 1322 1808 xm,
1348 1742 1454 1813 12),
1481 1742 1589 1797 hoc
1638 1746 1745 1809 est,
1782 1742 1879 1797 illo

236 1830 549 1897 sacriﬁcio;
570 1830 708 1901 quia
730 1832 829 1902 qui
846 1835 1059 1897 vastat,
1076 1832 1133 1884 in
1158 1832 1448 1901 profunda
1470 1836 1632 1886 nocte
1656 1832 1878 1886 circuit.

233 1921 468 1973 Intuere
520 1919 699 1991 igitur
728 1920 1018 1990 quomodo
1049 1920 1381 1991 disputans,
1409 1919 1611 1976 volens
1640 1938 1738 1976 eos
1770 1922 1878 1976 sub

233 2008 542 2063 occasione
570 2007 917 2063 hortationis
941 2008 1248 2075 instruere,
1273 2010 1514 2081 sanguis
1537 2012 1706 2080 cujus
1738 2012 1879 2081 ﬁgu-

233 2113 385 2165 ram,
408 2101 463 2153 et
486 2102 689 2169 typum
715 2097 1035 2152 habuisset.
1060 2098 1356 2170 Sanguine
1381 2099 1514 2170 agni
1547 2098 1881 2155 illiniuntur

234 2186 632 2242 Israelitarum
667 2190 882 2257 postes,
907 2204 979 2241 ne
1008 2190 1264 2242 vastator
1285 2186 1531 2259 angelus
1554 2189 1767 2243 audeat
1796 2189 1880 2243 in-

232 2276 384 2330 ferre
414 2275 758 2347 perniciem;
786 2275 1095 2346 signantur
1124 2276 1290 2347 signo
1316 2276 1629 2331 Dominicae
1653 2278 1878 2348 passio-

231 2364 329 2419 nis
359 2365 417 2418 in
449 2363 736 2419 frontibus
761 2362 958 2418 ﬁdeles
980 2364 1177 2435 populi
1204 2365 1275 2419 ad
1298 2365 1541 2420 tutelam
1566 2366 1795 2437 salutis,
1816 2372 1880 2421 ut

230 2453 294 2507 hi
327 2452 435 2508 soli
466 2454 537 2508 ab
569 2452 808 2507 interitu
836 2451 1174 2521 liberentur,
1204 2454 1303 2525 qui
1334 2470 1537 2509 cruore
1567 2455 1876 2511 Dominicae

229 2542 525 2614 passionis
576 2542 770 2607 corde,
803 2546 860 2596 et
906 2544 1093 2596 fronte
1124 2543 1337 2614 signati
1369 2548 1527 2610 sunt,
1552 2544 1651 2615 qui
1700 2544 1875 2599 etiam

229 2649 331 2689 ore
372 2631 694 2703 loquuntur
726 2648 737 2684 :
769 2653 795 2679 «
826 2630 1131 2702 Signatum
1164 2637 1250 2686 est
1301 2649 1473 2702 super
1524 2649 1629 2687 nos
1678 2633 1876 2688 lumen

227 2720 426 2775 vultus
450 2720 556 2791 tui,
580 2719 823 2774 Domine
845 2720 1023 2789 (Psal.
1053 2737 1126 2785 IV,
1151 2721 1265 2790 7).»
1291 2720 1451 2775 Unde
1472 2726 1528 2775 et
1550 2721 1876 2793 appellatur

228 2810 360 2880 ipsa
394 2808 733 2865 solemnitas
760 2808 947 2879 phase,
972 2809 1126 2879 quod
1161 2826 1265 2863 nos
1314 2809 1627 2864 transitum
1661 2828 1871 2881 possu-

227 2915 365 2953 mus
393 2914 613 2967 vocare,
638 2914 703 2952 eo
733 2898 886 2968 quod
928 2898 997 2951 de
1041 2898 1338 2967 pejoribus
1370 2898 1441 2951 ad
1474 2898 1714 2953 meliora
1743 2916 1873 2970 per-

226 2992 453 3058 gentes,
486 2987 854 3041 tenebrosam
886 2990 1197 3057 JEgyptum
1233 2984 1728 3056 derelinquamus.

300 3099 325 3125 ‹‹
362 3076 498 3130 Fide
536 3074 895 3129 transierunt
947 3090 1105 3128 mare
1154 3074 1434 3139 Rubrum,
1465 3079 1739 3144 tanquam
1772 3094 1875 3147 per

226 3166 451 3220 aridam
510 3168 772 3218 terram:
821 3163 975 3233 quod
1034 3162 1249 3232 experti
1298 3162 1567 3235 .rEgyptii,
1617 3165 1870 3220 devorati
1903 3148 1945 3214 C

226 3259 389 3309 sunt.
413 3278 434 3306 ι
465 3251 955 3323 Contemplamini
984 3252 1121 3322 quia
1152 3251 1367 3321 ubique
1398 3252 1541 3307 ﬁdes
1573 3254 1873 3309 ratiocina-

226 3343 416 3399 tiones
447 3342 737 3396 humanas
768 3340 1012 3405 excedit,
1035 3345 1090 3394 et
1121 3340 1543 3407 infirmitatem,
1568 3347 1741 3413 atque
1772 3343 1872 3397 hu-

224 3431 537 3486 militatem
568 3430 874 3484 hominum
907 3433 1161 3500 superat.
1190 3428 1486 3483 Credendo
1512 3429 1667 3485 enim
1697 3432 1872 3486 etiam

221 3519 519 3591 supplicia
543 3518 999 3574 declinaverunt.
1025 3518 1106 3571 Ex
1132 3516 1238 3572 hoc
1260 3518 1415 3572 enim
1444 3519 1749 3576 manifeste
1781 3539 1875 3592 ap-

225 3608 424 3681 paruit
448 3624 659 3679 aquam
682 3606 976 3677 esse,quia
999 3605 1081 3659 illi
1104 3606 1398 3661 venientes
1432 3608 1687 3679 absorpti
1712 3616 1870 3664 sunt.

226 3698 311 3752 Ex
341 3696 449 3751 hoc
479 3696 751 3768 apparuit
773 3712 886 3749 non
914 3711 1043 3749 esse
1075 3694 1403 3765 phantasia,
1429 3696 1527 3750 sed
1560 3714 1754 3752 rerum
1790 3716 1875 3754 ve-

227 3786 394 3854 ritas,
418 3785 554 3857 quia
585 3784 803 3856 experti
825 3783 1072 3855 Egypti,
1096 3784 1351 3838 devorati
1384 3789 1544 3839 sunt.
1568 3788 1645 3840 Ac
1679 3788 1725 3841 si
1759 3788 1876 3843 illis

227 3873 687 3945 diceret,quibus
709 3872 817 3926 hoc
840 3872 1163 3927 scribebat:
1187 3872 1250 3925 In
1275 3877 1500 3926 tantum
1521 3875 1675 3928 enim
1704 3878 1873 3931 ﬁdem

226 3969 426 4019 tenere
458 3963 760 4027 debemus,
794 3966 860 4015 ut
891 3961 1122 4031 quando
1156 3959 1212 4013 in
1246 3961 1653 4030 desperatione
1683 3963 1879 4034 aliqua

227 4053 463 4108 animus
495 4056 693 4106 noster
718 4050 981 4119 fluctuat,
1007 4053 1144 4103 tunc
1168 4064 1400 4119 quoque
1423 4050 1554 4104 ﬁdei
1589 4052 1795 4117 simus,
1817 4058 1880 4107 ut

224 4143 580 4196 liberemur:
614 4156 678 4193 ac
710 4139 759 4193 si
793 4155 977 4208 usque
1008 4138 1077 4191 ad
1112 4141 1358 4192 mortem
1389 4139 1713 4207 veniamus,
1734 4158 1798 4195 ac
1830 4143 1877 4195 si

226 4232 301 4285 de
335 4230 499 4284 nobis
546 4230 617 4283 ab
651 4228 927 4283 omnibus
959 4227 1320 4299 desperetur,
1354 4232 1493 4281 tunc
1542 4229 1714 4284 ﬁdem
1749 4231 1880 4301 plus

227 4320 475 4373 ﬁrmiter
507 4324 832 4373 teneamus.
858 4320 1130 4381 Quasnam
1159 4333 1292 4387 spes
1319 4321 1543 4386 poterat
1570 4335 1695 4374 esse
1725 4320 1881 4375 illis?

227 4407 585 4462 Circumdati
618 4408 771 4461 enim
808 4406 1088 4476 undique,
1118 4406 1165 4459 si
1212 4404 1427 4459 vellent
1453 4407 1668 4476 fugere,
1694 4414 1793 4462 aut
1823 4411 1881 4463 in

1991 500 2405 569 consequentia
2434 500 2554 555 ulla
2580 518 2795 565 rerum,
2821 516 3007 571 neque
3034 504 3257 556 naturae
3285 500 3408 572 lege
3439 503 3636 557 omnia

1994 589 2329 658 permulari,
2355 592 2452 643 sed
2504 597 2739 661 propter
2786 607 2949 661 spem
2980 594 3191 644 cuncta
3220 590 3364 645 ﬁeri.
3389 591 3635 646 Proinde

1992 676 2165 730 etiam
2228 677 2320 730 hic
2379 684 2609 747 propter
2658 695 2820 749 spem
2870 683 3079 733 cuncta
3129 679 3295 733 ﬁunt.
3320 679 3636 735 Conﬁrmat

1991 767 2145 819 enim
2170 766 2479 835 Apostolus
2498 783 2733 821 sursum
2755 773 2926 838 atque
2949 766 3388 839 deorsum,quia
3407 771 3636 839 oportet

1992 856 2222 909 credere
2252 872 2352 925 spe
2377 855 2606 909 futuris.
2628 856 2873 911 Proinde
2894 862 3013 910 tam
3046 856 3284 927 longum
3307 855 3489 911 istum
3513 873 3633 911 ser-

1993 960 2224 997 monem
2259 943 2483 997 monuit
2521 945 2834 999 ostendens
2883 946 3035 1014 quod
3088 963 3201 1000 non
3236 962 3412 1012 nunc,
3438 946 3537 1001 sed
3568 944 3636 1000 ex

1991 1031 2159 1086 initio
2191 1033 2387 1087 omnia
2417 1032 2699 1087 miracula
2726 1050 2828 1104 per
2858 1034 3032 1088 ﬁdem
3065 1034 3374 1106 impetrata
3396 1039 3556 1101 sunt,
3580 1040 3636 1091 et

1992 1120 2262 1191 perfecta.
2288 1121 2630 1193 Figuraliter
2648 1121 2879 1176 Jericho
2903 1124 3190 1178 mundum
3214 1123 3527 1195 signiﬁcat.
3543 1124 3637 1180 Je-

1991 1208 2151 1264 richo
2167 1214 2362 1264 autem
2382 1226 2483 1281 per
2504 1210 3039 1281 interpretationem
3062 1210 3203 1267 luna
3222 1212 3455 1279 dicitur.
3475 1213 3637 1268 Luna

1989 1314 2122 1353 vero
2155 1298 2360 1352 mundi
2411 1298 2587 1369 hujus
2628 1299 2879 1369 speciem
2910 1303 3093 1368 tenet;
3128 1300 3268 1372 quia
3316 1302 3468 1360 sicut
3496 1301 3638 1357 luna

1993 1386 2308 1442 menstruis
2360 1387 2848 1458 completionibus
2879 1388 3093 1456 deﬁcit,
3125 1389 3204 1444 ita
3232 1389 3327 1445 hic
3376 1391 3635 1446 mundus

1992 1475 2061 1529 ad
2090 1476 2494 1531 conflationem
2518 1482 2847 1548 temporum
2876 1493 3137 1546 currens,
3162 1479 3520 1549 quotidianis
3541 1479 3636 1535 de-

1992 1563 2236 1619 fectibus
2268 1565 2455 1621 cadet.
2491 1566 2553 1619 In
2604 1580 2736 1619 arca
2764 1580 2896 1619 vero
2944 1564 3199 1621 Ecclesia
3227 1565 3541 1638 ﬁguratur;
3572 1565 3633 1622 in

1990 1653 2149 1708 tubis
2181 1656 2375 1709 autem
2402 1654 2586 1721 aereis,
2610 1653 3016 1724 pradicatores
3038 1654 3215 1711 fortes
3243 1655 3631 1728 accipiuntur.

1992 1742 2148 1797 Hanc
2179 1759 2315 1813 ergo
2364 1743 2567 1797 urbem
2595 1742 2825 1798 Jericho
2857 1743 3063 1798 diebus
3111 1748 3332 1815 septem
3382 1745 3632 1801 ferentes

1991 1849 2184 1893 arcam
2219 1831 2514 1902 Israelita},
2538 1832 2714 1886 amcis
2735 1832 2892 1887 tubis
2915 1832 3322 1905 clangentibus
3341 1834 3631 1905 circuunt,

1992 1927 2047 1977 et
2078 1922 2229 1975 muri
2262 1922 2389 1991 ejus
2420 1937 2523 1992 per
2552 1937 2695 1974 arcae
2736 1921 3122 1992 praesentiam,
3148 1926 3323 1992 atque
3350 1938 3633 1979 aarearum

1990 2012 2267 2065 tubarum
2301 2010 2495 2064 sonitu
2529 2010 2767 2075 cadunt,
2797 2010 2935 2080 quia
2964 2009 3024 2065 in
3056 2010 3162 2066 hoc
3193 2011 3634 2083 tempore,quod

1991 2104 2213 2171 septem
2246 2088 2473 2153 dierum
2525 2097 2931 2154 vicissitudine
2960 2098 3234 2169 volvitur,
3266 2100 3406 2154 dum
3458 2100 3638 2155 fertur

1990 2206 2142 2258 arca,
2176 2189 2233 2241 id
2266 2192 2374 2254 est,
2403 2187 2544 2241 dum
2574 2187 2775 2242 orbem
2806 2191 3094 2242 terrarum
3124 2188 3412 2244 circuiens
3443 2204 3634 2244 move-

1988 2283 2084 2332 tur
2107 2276 2379 2343 Ecclesia,
2404 2276 2473 2330 ad
2508 2276 2948 2345 praedicantium
2976 2292 3161 2344 voces,
3187 2277 3356 2348 quasi
3376 2278 3449 2333 ad
3470 2278 3636 2333 tuba-

1990 2383 2119 2420 rum
2154 2366 2434 2429 sonitum,
2459 2365 2613 2419 muri
2640 2364 2890 2432 Jericho,
2918 2366 2976 2419 id
3007 2369 3116 2433 est,
3140 2364 3293 2421 elata
3317 2366 3544 2435 mundi,
3568 2382 3633 2422 ac

1988 2454 2240 2525 superba
2287 2452 2643 2508 inﬁdelitatis
2693 2453 2993 2508 obstacula
3040 2457 3339 2521 corruunt,
3362 2454 3543 2510 donec
3572 2453 3631 2509 in

1990 2546 2100 2598 ﬁne
2133 2549 2461 2613 temporum
2486 2559 2645 2598 mors
2667 2542 2984 2598 novissima
3012 2542 3251 2599 inimica
3273 2544 3627 2599 destruatur.

1987 2630 2204 2685 Deinde
2235 2634 2617 2701 augmentum
2647 2630 2785 2685 facit
2823 2629 3256 2699 consolationis,
3279 2635 3336 2686 et
3364 2631 3629 2688 exhorta-

1986 2720 2161 2773 tionis
2194 2736 2341 2785 suae;
2375 2719 2445 2773 ad
2479 2735 2758 2789 personas
2790 2720 3056 2775 inﬁrmas
3086 2712 3385 2792 deponens
3415 2720 3630 2777 oratio-

1988 2825 2141 2863 nem.
2169 2808 2237 2862 Ut
2266 2808 2421 2863 enim
2444 2808 2822 2863 admirabiles
2848 2824 3108 2879 personae
3141 2809 3260 2865 haec
3282 2810 3508 2866 fortiter
3535 2827 3632 2882 pa—

1986 2900 2263 2962 terentur,
2290 2895 2505 2949 mirum
2538 2896 2683 2951 satis
2724 2912 2839 2950 non
2880 2901 2996 2964 est;
3031 2898 3169 2968 quia
3196 2914 3330 2953 vero
3358 2899 3634 2954 meretrix

1986 2984 2199 3039 mulier
2244 2984 2323 3038 ita
2352 2982 2600 3038 ﬁdeliter
2629 2982 2895 3052 credidit,
2920 2984 2978 3038 in
3012 2984 3122 3040 hoc
3149 2984 3315 3040 vobis
3364 2984 3630 3041 mirabile

1983 3072 2314 3144 exemplum
2347 3076 2737 3126 monstratum
2769 3075 2875 3127 est.
2910 3073 3187 3144 Sequitur
3218 3090 3231 3129 :

2063 3183 2083 3211 ι
2112 3162 2247 3216 Fide
2274 3161 2472 3215 Bahab
2496 3161 2767 3216 meretrix
2788 3178 2904 3217 non
2935 3162 3110 3233 periit
3129 3178 3266 3218 cum
3288 3162 3627 3234 incredulis,

1981 3252 2273 3322 excipiens
2305 3249 2697 3321 exploratores
2745 3267 2879 3305 cum
2927 3246 3067 3322 pane
3096 3252 3361 3324 (Josueu,
3383 3254 3458 3325 3).
3490 3276 3518 3303 »
3546 3254 3626 3308 Ac

1983 3342 2033 3398 si
2064 3345 2327 3413 patenter
2356 3339 2513 3393 dicat
2536 3357 2548 3394 :
2576 3340 2771 3410 Turpe
2800 3344 2888 3395 est
2915 3339 3096 3410 enim,
3118 3343 3167 3395 si
3200 3341 3502 3398 meretrice
3530 3342 3624 3397 in-

1985 3430 2269 3485 fideliores
2300 3426 2461 3483 estis.
2486 3426 2590 3482 Illa
2625 3431 2855 3483 tantum
2880 3428 3174 3484 .homines
3223 3429 3444 3485 audivit
3472 3444 3623 3486 nun-

1982 3521 2214 3589 tiantes,
2239 3523 2296 3574 et
2319 3516 2622 3573 confestim
2646 3517 2923 3585 credidit;
2945 3534 3047 3573 vos
3072 3522 3268 3574 autem
3290 3534 3406 3574 non
3429 3518 3622 3576 solum

1982 3608 2250 3664 homines
2275 3605 2511 3673 auditis,
2531 3606 2632 3660 sed
2657 3605 2830 3660 etiam
2853 3623 3020 3662 voces
3041 3608 3622 3680 prophetarum,quaa

1985 3716 2086 3771 per
2108 3713 2281 3753 omne
2306 3696 2630 3751 Sabbatum
2654 3694 2948 3766 leguntur.
2975 3695 3120 3753 Nam
3144 3697 3321 3752 etiam
3344 3697 3404 3752 in
3429 3697 3631 3753 Rahab

1985 3789 2224 3844 effectus
2266 3785 2399 3839 ﬁdei
2442 3789 2791 3839 consecutus
2832 3790 2951 3851 est;
2982 3785 3257 3839 omnibus
3285 3785 3502 3857 quippe
3530 3802 3630 3857 pe-

1987 3876 2292 3931 reuntibus
2323 3872 2446 3928 sola
2472 3873 2691 3927 salvata
2712 3876 2818 3926 est.
2842 3872 2965 3926 Non
2992 3872 3139 3926 dixit
3161 3874 3316 3944 apud
3339 3890 3400 3929 se
3420 3873 3633 3944 ipsam,

1989 3981 2092 4019 nec
2124 3980 2225 4034 per
2255 3962 2537 4016 rationem
2572 3959 2914 4015 ratiocinata
2943 3966 3034 4016 est
3066 3980 3079 4014 :
3115 3962 3261 4025 Quia
3290 3978 3423 4017 cum
3455 3961 3637 4033 pluri-

1989 4054 2099 4107 bus
2129 4069 2247 4117 ero,
2274 4066 2413 4104 num
2447 4064 2551 4119 ego
2588 4047 2729 4118 ipsis
2760 4049 3102 4119 prudentior
3126 4066 3253 4104 esse
3285 4066 3525 4120 possum
3553 4067 3639 4105 sa-

1989 4141 2287 4213 pientibus
2309 4139 2468 4202 viris,
2486 4136 2583 4207 qui
2608 4154 2723 4191 non
2743 4138 3006 4206 credunt,
3022 4143 3079 4193 et
3097 4154 3202 4210 ego
3224 4138 3494 4193 credam?
3511 4139 3636 4194 Non

1990 4229 2185 4285 taliter
2207 4228 2499 4299 cogitavit,
2523 4226 2623 4281 sed
2648 4226 2893 4280 credidit
2913 4226 3085 4282 dictis
3104 4230 3489 4300 eorum,quod
3512 4246 3639 4300 pos-

1991 4324 2123 4374 sent
2151 4318 2252 4372 illa
2276 4317 2627 4387 contingere.
2656 4316 2857 4370 Rabab
2880 4333 3010 4371 vero
3044 4323 3245 4389 typum
3268 4322 3426 4373 tenet
3446 4318 3636 4375 Eccle-

1993 4408 2115 4473 siae,
2143 4424 2269 4477 quae
2302 4407 2372 4459 de
2413 4404 2719 4469 extraneis,
2744 4410 2914 4473 atque
2954 4404 3156 4460 alienis
3194 4407 3467 4477 gentibus
3498 4424 3641 4462 con-

228 4513 393 4550 mare
426 4501 592 4551 erant
641 4494 908 4566 perituri,
934 4500 1035 4549 aut
1066 4495 1126 4547 in
1160 4511 1372 4548 manus
1420 4497 1717 4566 Egyptias
1748 4496 1891 4551 inci-
1924 4512 1971 4576 Β
2004 4501 2241 4568 gregata
2272 4499 2387 4561 est;
2423 4510 2547 4564 qua:
2580 4497 2747 4547 antea
2777 4494 2972 4548 vivens
3004 4494 3061 4547 in
3095 4495 3399 4550 desideriis
3428 4495 3641 4569 carnis,

228 4586 453 4652 derent,
478 4586 577 4639 sed
631 4601 732 4654 per
780 4583 953 4637 ﬁdem
1002 4587 1211 4637 cuncta
1241 4582 1522 4637 vicerunt.
1578 4584 1637 4637 Id
1694 4586 1892 4657 ipsum

229 4690 394 4728 mare
426 4674 555 4728 istis
586 4679 673 4728 est
722 4672 971 4727 oblitum
1003 4678 1222 4726 naturae
1256 4689 1394 4740 suae,
1424 4672 1542 4726 illis
1593 4681 1886 4731 armatum

228 4766 322 4817 est
351 4763 629 4817 adversus
651 4777 765 4815 eos.
794 4759 1005 4831 Typice
1032 4766 1251 4827 autem,
1277 4761 1419 4832 quid
1454 4779 1557 4832 per
1590 4781 1747 4819 mare
1779 4766 1889 4820 Ru-

228 4853 427 4922 brum,
464 4851 575 4905 nisi
610 4849 969 4920 baptismum
1011 4854 1099 4902 est
1126 4849 1340 4902 Christi
1372 4852 1657 4922 sanguine
1687 4870 1887 4910 conse-

228 4940 498 4996 cratum?
542 4940 748 4993 Hostes
801 4941 1109 5008 sequentes
1156 4954 1288 4991 cum
1342 4955 1492 5009 rege,
1520 4941 1619 5009 qui
1665 4960 1698 4996 a
1728 4948 1888 5015 tergo

226 5030 587 5096 moriuntur,
624 5032 861 5099 peccata
911 5030 1051 5081 sunt
1102 5026 1412 5096 praeterita,
1443 5044 1567 5097 quae
1600 5031 1887 5098 delentur,

228 5124 288 5174 et
321 5118 610 5185 diabolus,
645 5118 743 5189 qui
792 5117 851 5170 in
905 5114 1153 5186 spiritali
1204 5116 1494 5185 baptismo
1546 5120 1887 5175 suffocatur.

227 5209 512 5263 Premunt
542 5206 777 5279 quidem
804 5204 1085 5277 .Egyptii;
1122 5210 1351 5276 urgent,
1376 5205 1601 5260 instant
1630 5213 1887 5278 peccata,

230 5297 333 5353 sed
370 5312 559 5366 usque
591 5296 662 5349 ad
694 5312 931 5365 aquam.

306 5408 333 5435 ‹‹
370 5386 505 5441 Fide
546 5384 699 5439 muri
748 5383 979 5438 Jericho
1002 5388 1349 5439 corruerunt
1380 5384 1631 5440 circuitu
1663 5387 1889 5441 dierum

233 5480 460 5548 septem
493 5474 670 5545 (Iosue
700 5489 776 5541 Vl,
798 5472 910 5541 20).
939 5494 966 5520 »
988 5473 1115 5526 Non
1146 5473 1298 5527 enim
1352 5475 1626 5530 tubarum
1664 5476 1891 5532 sonitus

237 5579 545 5625 murorum
577 5579 717 5618 saxa
743 5559 970 5632 dejecit,
990 5577 1055 5615 ac
1076 5560 1125 5615 si
1147 5578 1251 5637 per
1273 5563 1474 5621 decem
1499 5564 1685 5622 millia
1705 5582 1891 5627 annos

528 5691 787 5755 PATROL.
834 5689 1149 5755 CXXXIV.

2005 4583 2401 4639 fornicabatur
2455 4583 2513 4635 in
2568 4581 2758 4648 idolis,
2793 4582 2863 4635 ad
2896 4590 3072 4652 quam
3131 4583 3415 4639 Dominus
3469 4585 3642 4642 Jesus

1999 4672 2287 4733 Christus,
2304 4672 2372 4726 ad
2401 4671 2745 4725 scrutandos
2769 4686 2959 4724 mores
2986 4670 3293 4726 hominum
3315 4674 3430 4729 duo
3450 4674 3643 4735 Testa-

2000 4768 2195 4816 menta
2226 4761 2451 4815 direxit.
2478 4760 2621 4813 Nam
2654 4759 2803 4823 ideo,
2828 4762 2893 4811 ut
2927 4760 3286 4816 credentium
3320 4763 3517 4834 ﬁdem,
3539 4768 3643 4819 aut

1999 4850 2299 4905 rebellium
2351 4847 2727 4919 pervicaciam
2778 4847 3006 4918 plenius
3056 4852 3476 4923 comprobaret,
3508 4858 3644 4908 ante

1999 4940 2312 4993 adventum
2338 4936 2547 5005 judicii
2592 4935 2704 5002 sui,
2741 4938 2907 5007 quasi
2938 4937 3328 5009 exploratores
3360 4941 3526 5011 duos,
3559 4940 3640 4995 le~

1998 5044 2151 5099 gem,
2184 5033 2241 5080 et
2269 5024 2641 5096 Evangelium
2672 5024 2999 5081 destinavit.

2072 5117 2193 5171 Huc
2224 5132 2409 5185 usque
2438 5113 2692 5168 narravit
2718 5115 2787 5169 de
2819 5114 3169 5188 legislatore,
3191 5123 3247 5173 et
3275 5119 3344 5173 de
3375 5117 3641 5188 patribus

2001 5204 2281 5276 antiquis,
2315 5209 2371 5257 et
2409 5204 2480 5257 de
2519 5218 2852 5258 successore
2883 5204 3066 5276 Moysi
3111 5206 3251 5261 Jesu
3282 5206 3453 5259 Nave.
3476 5204 3642 5260 Nunc

2000 5296 2264 5350 dicturus
2287 5298 2374 5347 est
2396 5286 2783 5362 dejudicibus
2808 5293 3008 5359 Israel,
3032 5294 3272 5348 nomina
3294 5309 3646 5349 commemo-

2000 5402 2136 5439 rans
2182 5386 2419 5454 propter
2466 5381 2803 5436 brevitatem
2839 5381 3146 5449 sermonis,
3174 5382 3273 5453 qui
3319 5399 3421 5454 per
3464 5382 3643 5439 ﬁdem

2000 5475 2423 5546 pugnaverunt,
2458 5475 2513 5524 et
2544 5475 2746 5541 gentes
2777 5469 3061 5541 plurimas
3091 5470 3370 5525 vicerunt.

2004 5633 2008 5636 ξ
2073 5586 2100 5612 ‹‹
2125 5563 2193 5617 Et
2214 5561 2354 5634 quid
2378 5558 2567 5616 adhuc
2589 5559 2779 5615 dicam
2798 5557 2825 5614 ‘I
2845 5557 3084 5616 Deﬁciet
3103 5558 3258 5615 enim
3286 5575 3381 5618 me
3408 5565 3642 5639 tempus

3282 5689 3360 5759 26
