4020 6178
460 343 572 401 811

1478 337 1815 400 ATTONIS
1860 301 2439 398 VERCELLENSIS
2487 335 2837 396 EPISCOPI

3739 313 3818 387 si
3832 329 3866 386 2

460 476 824 528 enarranten.
846 495 869 524 ι
911 472 1112 528 Deﬁcit
1155 471 1310 528 enim
1343 488 1435 526 me
1482 474 1711 542 tempus
1742 468 2098 524 destinatum
2129 470 2182 534 Α
2213 467 2322 522 fuit
2352 472 2484 522 ante
2515 471 2590 523 te.
2618 490 2645 517 ››
2673 467 2834 531 Quod
2859 467 2984 538 jam
3031 465 3093 520 in
3123 461 3354 520 Christo
3383 461 3701 534 impletum
3743 475 3866 516 esse

459 561 530 616 ad
561 561 930 616 scribendam
961 561 1265 633 epistolam
1299 577 1312 615 :
1340 560 1470 627 hoc,
1495 560 1650 631 quod
1680 559 1735 612 in
1771 559 1940 613 corde
1972 573 2098 628 pro-

459 649 650 720 posui,
680 665 782 706 seu
815 650 1119 706 historiam
1149 651 1440 705 narrando
1470 650 1540 704 de
1569 649 1842 720 operibus
1870 662 2093 712 eorum,

455 739 556 793 sed
589 737 765 794 ﬁnem
797 739 1017 796 faciens
1038 740 1098 794 in
1120 740 1504 807 meretricem,
1528 741 1585 793 et
1607 738 1665 792 in
1687 736 2095 792 verecundiam

455 825 540 882 eis
572 827 829 884 excitans
869 828 1209 901 qualitatem
1249 844 1526 901 personas,
1553 843 1668 881 non
1691 827 1816 896 jam
1848 825 2095 880 delecta-

453 919 550 970 tur
580 915 959 973 historiarum
985 916 1555 973 commemoratione.
1582 915 1664 970 Ne
1693 914 1956 970 videatur
1984 930 2097 968 ser-

455 1020 688 1060 monem
711 1022 884 1061 suum
915 1006 1203 1079 protelare
1231 1011 1426 1061 tamen
1451 1022 1566 1059 non
1596 1021 1663 1059 ea
1683 1003 1972 1075 explanat,
1993 1002 2093 1058 sed

452 1094 757 1163 percurrit,
773 1095 1065 1167 sapienter
1083 1095 1248 1150 valde
1270 1099 1586 1164 utrumque
1612 1092 1852 1155 faciens,
1871 1096 1926 1146 et
1948 1097 2094 1145 tem-

454 1196 565 1251 pus
595 1181 845 1253 fugiens,
868 1188 926 1238 et
955 1183 1305 1238 densitatem
1337 1183 1756 1237 sententiarum
1790 1198 1904 1234 non
1937 1181 2093 1234 aufe-

453 1285 605 1325 rens.
653 1270 851 1343 Neque
903 1272 1060 1326 enim
1118 1271 1355 1326 omnino
1409 1270 1611 1335 tacuit,
1653 1286 1840 1340 neque
1896 1269 2094 1323 dicens

452 1358 734 1416 molestus
757 1361 994 1416 effectus
1013 1365 1133 1428 est;
1156 1365 1471 1432 utrumque
1492 1359 1646 1415 enim
1672 1359 1827 1413 facit.
1844 1359 1950 1421 Qui
1966 1359 2092 1426 jam

450 1447 707 1503 credenti
735 1448 1098 1521 longitudine
1120 1448 1407 1504 sermonis
1436 1448 1722 1503 molestus
1750 1463 1878 1502 esse
1903 1445 2094 1501 volue-

450 1536 544 1605 rit,
569 1536 903 1609 opinionem
966 1538 1304 1594 ambitionis
1334 1538 1608 1604 incurrit;
1661 1541 1886 1608 oportet
1937 1536 2092 1590 enim

417 1663 425 1671 .
449 1623 686 1680 utilitati
718 1626 1044 1698 prospicere
1073 1631 1131 1682 et
1159 1627 1435 1698 coaptari.

524 1735 552 1764 «
582 1719 660 1771 De
709 1715 961 1787 Gedeon,
1011 1715 1252 1788 Barach,
1300 1721 1567 1786 Samson,
1608 1714 1842 1787 Jephte,
1885 1713 2087 1780 David,

415 1844 423 1850 .
447 1802 682 1860 Samuel
713 1808 770 1860 et
790 1805 1112 1877 prOphetis,
1132 1805 1230 1877 qui
1252 1822 1354 1878 per
1374 1806 1548 1860 fidem
1571 1805 1833 1859 vicerunt
1854 1820 2088 1875 regna.»

447 1891 608 1955 Quod
642 1908 846 1949 omnes
873 1893 932 1948 in
963 1910 1275 1950 commune
1301 1899 1633 1961 narrantur,
1659 1893 1802 1948 illud
1825 1893 2085 1964 estquod

444 1979 814 2053 singulorum
845 1999 1021 2054 opera
1047 1984 1250 2039 eadem
1273 1985 1385 2038 ﬁde
1415 1987 1544 2038 acta
1573 1988 1730 2050 sunt,
1755 1999 1873 2054 qua
1902 1987 1959 2037 et
1988 1982 2085 2036 isti

417 2083 546 2139 .per
598 2070 772 2125 ﬁdem
831 2071 1103 2127 similiter
1155 2073 1437 2127 vicerunt.
1492 2072 1775 2143 Regnavit
1830 2071 2082 2137 Gedeon,

441 2155 678 2228 signum
717 2159 1052 2230 accipiendo
1101 2160 1160 2214 in
1211 2160 1420 2216 vellere
1471 2161 1543 2215 ad
1601 2159 2084 2232 presternendum

442 2245 624 2301 Zebee
652 2250 709 2301 et
735 2246 1010 2305 Salmana
1040 2249 1182 2319 (Jud.
1216 2266 1336 2317 VIII,
1373 2250 1482 2320 40).
1518 2249 1755 2313 Barach,
1789 2249 1859 2302 ad
1887 2253 2083 2304 conte-

443 2335 691 2390 rendum
719 2335 998 2408 Sisaram,
1025 2341 1081 2392 et
1108 2354 1312 2394 omnes
1341 2355 1550 2393 currus
1579 2340 1706 2409 ejus
1738 2338 1886 2410 (Jud.
1921 2354 1996 2401 Iv,
2027 2339 2083 2400 6,

443 2422 530 2492 15,
565 2423 652 2489 16,
681 2425 794 2493 21).
818 2425 1066 2481 Samson
1114 2425 1310 2497 plures
1360 2426 1758 2482 interficiendo
1809 2426 2084 2492 moriens,

414 2527 618 2583 quam
650 2517 785 2569 ante
819 2513 983 2570 vivus
1013 2515 1304 2570 occiderat
1349 2515 1492 2580 (Iud.
1541 2532 1658 2584 xVI,
1699 2515 1808 2585 30).
1853 2514 2081 2586 Jephte,

439 2601 756 2672 pugnando
807 2607 1009 2657 contra
1064 2603 1216 2658 filios
1272 2610 1546 2668 Ammon,
1579 2609 1636 2658 et
1676 2604 1857 2658 ﬁliam
1916 2620 2084 2658 suam

441 2688 732 2746 offerendo
781 2691 925 2761 (Iud.
969 2707 1047 2754 χι,
1092 2692 1203 2760 30).
1255 2693 1456 2762 David,
1507 2692 1822 2748 occidendo
1873 2692 2080 2747 Philis-

438 2775 679 2845 thaeum,
711 2783 768 2835 et
806 2779 864 2834 in
909 2780 1420 2852 repromissionem
1452 2781 1788 2852 accipiendo
1821 2782 1890 2836 de
1919 2781 2082 2836 Chri-

439 2871 528 2922 sto
571 2871 621 2936 (ι
667 2869 798 2938 Reg.
831 2885 969 2935 xvn,
999 2871 1113 2937 50).
1147 2869 1401 2934 Samuel,
1450 2869 1511 2924 in
1556 2869 1868 2925 occidendo
1920 2872 2082 2942 Agag

434 2955 632 3029 regem
661 2956 933 3012 Amalech
966 2959 1010 3029 (ι
1036 2959 1171 3031 Reg.
1203 2975 1292 3026 xv,
1323 2959 1437 3030 33).

507 3068 536 3096 ‹‹
569 3045 802 3119 Operati
858 3052 999 3102 sunt
1047 3047 1341 3118 justitiam
1386 3065 1448 3103 »ε
1485 3047 1625 3119 quia
1681 3049 1836 3119 quod
1891 3048 2076 3103 credi-

432 3131 669 3203 derunt,
700 3151 871 3208 Opere
914 3135 1349 3208 compleverunt
1380 3155 1392 3193 :
1426 3160 1454 3186 ‹‹
1487 3137 1681 3209 adepti
1734 3137 1888 3192 enim
1941 3142 2078 3192 sunt

432 3225 936 3296 repromissiones,
984 3247 1013 3275 »
1053 3226 1192 3297 quia
1239 3232 1580 3282 meruerunt
1627 3225 1742 3282 illis
1791 3227 2074 3298 promitti.

431 3315 562 3382 Seu,
613 3315 808 3387 adepti
864 3320 1004 3371 sunt
1059 3315 1563 3387 repromissiones,
1607 3316 1747 3387 quia
1794 3332 1926 3371 cum
1978 3318 2073 3388 ju-

431 3403 744 3473 rejurando
802 3421 1149 3475 responsum
1208 3405 1524 3476 accepisset
1577 3405 1958 3476 David,quod
2008 3422 2076 3461 ex

432 3491 560 3562 ipso
590 3493 914 3548 secundum
945 3509 1178 3548 carnem
1203 3493 1466 3548 Christus
1497 3495 1730 3548 futurus
1760 3499 1932 3560 esset,
1959 3512 2071 3550 non

433 3581 740 3649 dubitavit,
771 3582 872 3637 sed
931 3581 1196 3637 credidit.
1229 3581 1323 3636 Sic
1379 3582 1534 3638 enim
1593 3583 1875 3653 scriptum
1935 3589 2068 3638 est:

437 3689 463 3718 «έ
491 3671 715 3726 Juravit
753 3671 1033 3726 Dominus
1078 3670 1254 3726 David
1287 3671 1605 3740 veritatem,
1640 3677 1696 3726 et
1725 3689 1840 3727 non
1887 3674 2070 3744 poeni-

427 3759 573 3814 tebit
621 3775 755 3815 eum
790 3777 803 3815 :
837 3777 907 3816 ex
953 3761 1147 3816 fructu
1204 3760 1422 3816 ventris
1478 3762 1562 3815 tui
1623 3778 1837 3833 ponam
1896 3779 2072 3834 super

425 3847 625 3904 sedem
683 3860 871 3905 meam
903 3849 1106 3920 (1454).
1131 3870 1158 3898 ››
1190 3850 1260 3903 Et
1310 3849 1448 3904 alibi
1501 3867 1573 3905 :«
1635 3850 1823 3907 Semel
1869 3849 2064 3923 juravi

419 3937 483 3994 in
532 3943 733 3995 sancto
781 3955 932 4010 meo,
958 3939 1007 3996 si
1041 3939 1218 3995 David
1251 3941 1502 3995 mentiar
1533 3959 1545 3996 :
1582 3957 1780 3996 semen
1829 3946 1958 4016 ejus
2007 3947 2065 4002 in

419 4031 698 4083 aeternum
762 4030 1038 4084 manebit.
1099 4034 1166 4084 Et
1217 4030 1385 4085 sedes
1443 4031 1592 4100 ejus,
1652 4033 1804 4086 sicut
1860 4034 1945 4088 sol
2005 4036 2061 4090 in

414 4122 731 4190 conspectu
787 4135 916 4174 meo
971 4118 1146 4190 (Psal.
1199 4133 1467 4184 LXXXVIII,
1523 4121 1612 4188 36,
1663 4121 1773 4192 37).
1805 4144 1832 4169 ››
1879 4123 1946 4176 Et
2002 4125 2060 4178 in

311 4235 322 4247 ο
414 4205 896 4278 Paralipomenon
950 4208 994 4276 Ι,
1044 4225 1184 4274 XVII,
1231 4209 1397 4262 11-13
1431 4225 1442 4262 :
1472 4229 1500 4258 «
1531 4209 1599 4262 Et
1656 4210 1785 4278 erit,
1845 4211 2058 4282 inquit,

411 4309 547 4349 cum
579 4294 853 4367 completi
897 4295 1112 4351 fuerint
1149 4295 1272 4351 dies
1322 4296 1430 4362 tui,
1464 4301 1521 4351 et
1568 4297 1874 4354 dormieris
1923 4317 2056 4355 cum

410 4383 673 4455 patribus
729 4383 880 4450 tuis,
941 4385 1236 4440 suscitabo
1295 4401 1494 4441 semen
1563 4391 1731 4441 tuum
1792 4394 1924 4459 post
1981 4394 2056 4455 te,

410 4461 566 4545 quod
601 4474 932 4546 egredietur
960 4474 1032 4529 de
1079 4479 1244 4528 utero
1274 4478 1395 4541 tuo,
1428 4480 1484 4529 et
1513 4475 1758 4530 firmabo
1810 4494 2051 4549 regnum

409 4563 536 4632 ejus
582 4582 599 4617 :

406 4666 652 4722 regnum
686 4654 814 4723 ejus
847 4654 902 4707 in
951 4654 1393 4725 sempiternum.
1429 4655 1544 4725 Ego
1595 4671 1690 4710 ero
1741 4655 1791 4709 ei
1840 4655 1898 4709 in
1952 4675 2050 4728 pa-

403 4740 510 4804 tre,
544 4745 601 4795 et
630 4741 755 4812 ipse
809 4741 917 4796 erit
969 4741 1115 4796 mihi
1170 4742 1227 4796 in
1279 4741 1443 4797 filio:
1480 4747 1535 4797 et
1592 4742 2049 4800 misericordiam

404 4843 597 4883 meam
631 4845 745 4885 non
776 4832 1034 4886 auferam
1067 4832 1138 4886 ab
1169 4847 1256 4898 eo,
1291 4831 1445 4886 sicut
1476 4831 1688 4887 abstuli
1723 4833 1794 4887 ab
1828 4849 1914 4901 eo,
1948 4837 2047 4906 qui

475 4935 658 5007 (1454)
693 4938 841 4992 Psal.
872 4953 1061 5000 CXXXI,
1095 4938 1154 4991 11
1183 4939 1435 4993 :Juravit
1468 4942 1735 4994 Dominus
1765 4941 1943 4996 David
1966 4959 2049 4996 ve-

399 5009 640 5073 ritatem,
673 5011 722 5062 et
749 5025 860 5063 non
905 5009 1270 5077 [rustrabitur
1296 5027 1457 5075 eam;
1496 5012 1566 5064 de
1614 5015 1800 5080 fructu
1841 5017 2048 5068 ventris

395 5082 482 5135 tui
535 5096 738 5151 ponam
791 5081 1186 5153 supersedem
1238 5086 1408 5136 tuam.
1471 5085 1602 5147 Quae
1672 5085 2046 5153 repromissio

395 5153 445 5207 II
470 5154 600 5234 Reg.
629 5169 729 5218 VII,
764 5154 831 5206 12
875 5151 1248 5224 potissimum
1296 5153 1526 5225 legitur,
1561 5160 1616 5210 et
1663 5151 2039 5225 sequentibus

397 5239 603 5277 VGPSIC.

467 5295 647 5368 (1455)
682 5296 943 5351 Muchab.
977 5311 1058 5361 III,
1103 5312 1236 5349 cum
1283 5295 1502 5368 caeteris
1553 5297 1842 5368 capitibus
1890 5298 2038 5368 ejus,

396 5367 452 5417 et
483 5366 725 5420 fratrum
758 5368 1032 5423 Virtutem
1065 5367 1463 5421 narrantibus.

465 5436 649 5512 (1456)
683 5439 757 5494 Ill
803 5441 937 5512 Reg.
966 5456 1108 5512 xVII,
1144 5440 1261 5512 17:_
1291 5439 1486 5508 opinio
1537 5439 1667 5512 haec
1701 5440 1908 5496 Jonam
1958 5441 2038 5496 Vi-

395 5503 520 5586 duaa
551 5503 900 5586 Sareptenae"
921 5509 1108 5586 filium
1154 5503 1394 5586 faciens,
1430 5526 1461 5563 a
1492 5511 1769 5586 Rabbinis
1821 5513 2043 5584 aliquot

394 5574 491 5652 diu
527 5574 799 5652 obtinuit,
833 5583 905 5636 ob
961 5581 1013 5634 id
1067 5582 1217 5652 quod
1274 5574 1487 5652 legitur
1535 5583 1735 5636 eodem
1769 5600 1817 5637 c.
1850 5601 1902 5649 V,
1920 5574 2035 5650 '21:;

389 5650 553 5707 Nunc
581 5650 642 5704 in
666 5650 791 5705 isto
815 5654 1058 5724 cognovi,
1085 5650 1355 5722 quoniam
1381 5654 1466 5708 vir
1507 5653 1603 5708 Dei
1631 5671 1686 5710 es
1717 5659 1798 5723 tu,
1828 5660 1880 5710 et
1909 5671 2035 5710 ver-

650 4565 775 4636 ipse
831 4564 1141 4619 aedificabit
1194 4563 1337 4618 mihi
1394 4565 1658 4634 domum,
1693 4570 1750 4620 et
1806 4567 2050 4624 ﬁrmabo
2085 4572 2132 4636 D

2212 571 2531 612 081111111118.
2619 607 2628 616 κ

2284 669 2304 694 α
2340 646 2769 701 Obturaverunt
2806 661 2907 700 ora
2948 643 3209 710 leonum,
3241 641 3651 697 exstinxerunt
3679 639 3862 711 impe-

2204 738 2332 788 tum
2355 734 2536 806 ignis.
2565 757 2592 784 ››

2287 845 2308 872 ι
2342 824 2772 879 Obturaverunt
2813 839 2915 877 ora
2960 820 3196 876 leonum
3227 842 3255 870 »
3297 837 3397 892 per
3428 819 3632 884 fidem,
3659 822 3728 873 ut
3756 818 3862 872 Da-

2204 912 2320 968 niel
2352 930 2468 978 xw,
2501 914 2591 979 39,
2639 918 2881 967 Samson
2914 911 3062 982 (Iud.
3090 927 3206 979 x1v,
3237 910 3314 980 6),
3345 914 3402 964 et
3437 907 3613 963 David
3651 908 3704 978 (ι
3738 908 3857 976 Reg.

2203 1019 2341 1068 XVII,
2375 1002 2590 1068 34-37).
2965 1031 2970 1036 ε

2276 1132 2302 1157 ‹‹
2340 1109 2754 1162 Exstinxerunt
2797 1107 3083 1178 impetum
3138 1105 3314 1177 ignis,
3341 1129 3362 1157 ι
3401 1121 3503 1175 per
3554 1103 3764 1166 ﬁdem,
3803 1107 3860 1157 ut

2206 1201 2320 1250 tres
2368 1196 2528 1266 pueri
2579 1195 2637 1248 in
2686 1194 2913 1249 camino
2945 1194 3097 1265 ignis
3131 1195 3292 1265 (Dan.
3325 1210 3409 1256 IlI,
3441 1192 3555 1260 93).
3593 1191 3734 1246 Haec
3782 1196 3863 1245 est

2206 1286 2369 1353 fides,
2390 1291 2455 1340 ut
2485 1300 2617 1339 cum
2649 1299 2742 1339 res
2774 1283 2945 1338 nobis
2977 1286 3034 1336 in
3066 1282 3425 1337 contrarium
3459 1283 3704 1347 exeunt,
3727 1285 3861 1334 tunc

2203 1375 2531 1439 credamus,
2567 1373 2705 1444 quia
2752 1372 2896 1428 nihil
2938 1372 3292 1427 contrarium
3344 1370 3565 1425 factum
3613 1369 3858 1435 est,'sed

2203 1466 2414 1516 cuncta
2443 1447 2863 1532 consequentia
2888 1459 3173 1516 ordinata.

2280 1592 2298 1617 »
2336 1569 2754 1641 Effugaverunt
2780 1568 2960 1623 aciem
2986 1566 3188 1638 gladii,
3213 1562 3641 1621 convaluerunt
3673 1564 3746 1618 de
3776 1564 3858 1618 in-

2204 1658 2496 1722 ﬁrmitate,
2525 1658 2702 1712 fortes
2734 1655 2870 1711 facti
2897 1660 3036 1712 sunt
3060 1655 3118 1710 in
3148 1655 3522 1720 bello,castra
3552 1657 3858 1708 verterunt

2201 1745 2554 1802 exterorum.
2587 1768 2615 1795 »
2647 1747 3060 1818 Elfugaverunt
3090 1745 3273 1800 aciem
3305 1741 3484 1815 gladii
3518 1759 3626 1813 per
3657 1742 3856 1808 ﬁdem,

2121 1844 2166 1906 Β
2199 1836 2256 1889 id
2290 1841 2399 1905 est,
2452 1853 2631 1906 supra
2681 1836 2805 1905 jam
2866 1833 3004 1889 dicti
3061 1833 3263 1900 David,
3295 1848 3397 1887 seu
3457 1832 3725 1894 Gedeon,
3760 1847 3856 1886 seu

2197 1924 2292 1978 alii
2328 1924 2586 1994 plurimi,
2612 1924 2766 1995 quod
2800 1923 3040 1996 longum
3062 1927 3152 1978 est
3172 1929 3536 1991 enumerare,
3564 1936 3725 1992 Quos
3749 1921 3852 1974 sci-

2197 2029 2330 2066 mus
2391 2029 2490 2084 per
2519 2014 2692 2067 fidem
2752 2012 2928 2068 fortes
2971 2012 3154 2066 fuisse
3211 2011 3270 2064 in
3328 2008 3503 2074 bello,
3540 2013 3602 2063 et
3663 2015 3853 2063 castra

2195 2101 2436 2157 vertisse
2465 2103 2536 2156 de
2566 2102 2777 2157 exteris
2802 2101 3094 2172 gentibus.
3120 2098 3556 2154 Convaluerunt
3589 2098 3669 2152 de
3699 2098 3853 2152 infir—

2197 2191 2396 2245 mitate
2428 2208 2528 2262 per
2560 2191 2755 2255 fidem,
2788 2192 2941 2246 sicut
2967 2189 3245 2245 Ezechias
3275 2189 3370 2259 (IV
3396 2188 3528 2256 Reg.
3564 2203 3665 2256 xx,
3697 2188 3753 2253 5,
3783 2187 3855 2255 ὃ).

2195 2279 2392 2334 Fortes
2423 2279 2558 2335 facti
2604 2285 2741 2335 sunt
2770 2280 2827 2333 in
2862 2279 3034 2346 bello,
3069 2282 3134 2332 ut
3179 2277 3360 2333 Judas
3391 2280 3449 2332 et
3479 2275 3706 2331 fratres
3735 2276 3856 2346 ejus

2196 2368 2398 2438 (1455).
2458 2389 2480 2416 ι
2537 2374 2902 2439 Acceperunt
2957 2367 3230 2422 mulieres
3288 2367 3360 2421 de
3419 2364 3854 2420 resurrectione

2196 2461 2457 2513 mortuos
2505 2475 2718 2512 suos.»
2753 2457 2829 2512 Ea
2876 2460 3297 2512 commemorat
3346 2453 3694 2526 Apostolus,
3731 2470 3851 2524 qua

2195 2563 2297 2618 per
2325 2547 2508 2601 Eliam
2549 2552 2607 2602 et
2654 2545 2910 2601 Eliseum
2940 2548 3243 2612 venerunt,
3276 2543 3375 2614 qui
3409 2559 3512 2614 per
3546 2543 3732 2597 ﬁdem
3767 2559 3852 2598 ro-

2192 2636 2309 2707 gati
2343 2641 2500 2706 sunt,
2527 2639 2590 2690 ut
2640 2634 2950 2706 Apostolus
2983 2634 3271 2699 meminit,
3306 2633 3377 2686 ab
3423 2630 3546 2686 illis
3583 2630 3850 2686 mulieri-

2192 2724 2323 2792 bus,
2376 2731 2439 2778 ut
2481 2724 2836 2779 suscitarent
2894 2727 3156 2778 mortuos
3207 2737 3429 2776 eorum.
3483 2721 3643 2775 Elias
3696 2720 3847 2776 enim

2192 2812 2519 2868 suscitavit.
2549 2813 2735 2867 ﬁlium
2777 2812 2963 2867 viduae
3021 2812 3232 2867 Jonam
3265 2800 3451 2881 (1456)
3483 2808 3546 2864 in
3600 2809 3850 2881 Sal-cpta

2192 2901 2461 2971 Sidonia,
2495 2905 2551 2957 et
2579 2901 2784 2957 detulit
2813 2901 2980 2956 illum
3015 2900 3189 2955 matri
3221 2917 3371 2966 sua;
3404 2907 3462 2953 et
3492 2897 3754 2952 Elisams
3785 2900 3845 2951 ti-

2189 2989 2332 3045 lium
2363 2990 2728 3045 Sunamitem
2764 2990 2854 3062 (IV
2881 2991 3006 3058 Reg.
3040 3007 3113 3054 IV,
3153 2989 3263 3060 35).

2267 3117 2289 3145 ι
2333 3097 2442 3152 Alii
2505 3103 2697 3152 autem
2757 3096 2993 3152 distenti
3054 3101 3212 3163 sunt,
3277 3111 3389 3149 non
3450 3093 3849 3166 suscipientes

2108 3206 2151 3269 ε
2193 3187 2648 3258 redemptionem
2681 3190 2745 3240 ut
2775 3185 3071 3241 meliorem
3103 3184 3428 3240 invenirent
3458 3185 3855 3260 resurrectio-

2191 3292 2345 3330 nem.
2374 3298 2400 3324 ):
2435 3276 2703 3341 Distenti,
2736 3275 2793 3330 id
2842 3281 2949 3341 est,
2982 3273 3223 3341 extensi,
3275 3273 3383 3328 hoc
3426 3279 3535 3343 est,
3571 3272 3630 3326 in
3685 3271 3850 3344 ligno

2185 3365 2375 3420 crucis
2442 3381 2543 3436 per
2610 3366 2754 3420 fines
2820 3363 3084 3430 extensi;
3138 3380 3261 3433 seu,
3323 3366 3388 3416 ut
3443 3359 3541 3415 alii
3612 3361 3842 3430 dicunt,

2185 3453 2557 3508 incurvantes
2605 3452 3005 3508 summitatem
3056 3453 3352 3518 arborum,
3385 3454 3440 3505 et
3487 3464 3627 3504 ossa
3679 3465 3842 3504 mar-

2183 3545 2374 3613 tyrum
2433 3541 2830 3597 distendentes
2887 3558 2953 3596 ac
3007 3541 3462 3612 disrumpentes,
3522 3538 3666 3610 quia
3725 3539 3838 3610 ipsi

2184 3629 2488 3699 presentia
2514 3631 2902 3702 despexerunt
2946 3635 3003 3685 et
3053 3629 3513 3700 redemptionem
3549 3634 3833 3683 aternam

2183 3720 2622 3790 concupierunt.

2259 3847 2286 3878 α
2313 3825 2422 3880 Alii
2454 3843 2584 3881 vero
2618 3827 2896 3896 Indibria,
2921 3833 2974 3881 et
3024 3826 3262 3882 verbera
3306 3823 3546 3896 experti,
3589 3824 3840 3896 insuper

2178 3919 2234 3970 et
2281 3915 2509 3970 Vincula
2557 3920 2612 3970 et
2660 3932 2995 3970 carceres.»
3029 3915 3159 3970 Ηωο
3208 3913 3508 3986 aliquanta
3560 3913 3617 3967 in
3667 3915 3837 3969 Jers-

2179 4004 2294 4058 mia
2323 4009 2379 4059 et
2422 4004 2479 4058 in
2528 4006 2704 4059 Amos
2759 4004 3009 4077 legimus
3066 4003 3404 4074 adimpleta.
3455 4002 3538 4058 Ita
3593 4003 3664 4058 de
3717 4003 3836 4068 bis,

2176 4109 2277 4148 seu
2332 4093 2403 4147 de
2449 4091 2579 4147 aliis
2635 4092 2828 4148 taliter
2886 4093 3149 4149 scribens
3206 4093 3540 4163 Apostolus,
3575 4090 3836 4162 qualiter

2175 4181 2361 4235 solent
2393 4183 2461 4235 de
2509 4181 2640 4237 aliis
2673 4181 2953 4248 accidere,
2986 4182 3203 4253 quibus
3251 4179 3407 4235 mala
3453 4178 3830 4251 inﬂiguntur.

2171 4270 2340 4324 Prius
2371 4270 2527 4324 enim
2572 4269 2850 4326 deludent
2888 4288 3008 4341 eos,
3044 4270 3198 4324 unde
3243 4273 3302 4323 et
3347 4266 3614 4323 delubria
3642 4268 3827 4337 dicta,

2170 4363 2225 4414 et
2276 4363 2586 4431 postquam
2637 4360 2922 4414 verberati
2970 4359 3202 4425 fuerint,
3245 4364 3310 4413 ut
3355 4356 3623 4412 Michaeas
3655 4374 3692 4411 a
3725 4357 3834 4414 Se-

2171 4449 2331 4502 decia
2362 4450 2465 4518 (III
2496 4453 2619 4518 Reg.
2657 4465 2792 4517 xm,
2825 4450 2939 4513 24),
2971 4453 3302 4520 sequuntur
3347 4446 3576 4501 vincula
3601 4449 3658 4501 et
3692 4463 3828 4502 car-

2165 4552 2324 4591 ceres
2356 4536 2564 4608 (Ibid).

2239 4667 2258 4692 α
2288 4643 2552 4714 Lapidati
2584 4647 2744 4713 sunt,
2769 4644 2909 4699 secti
2943 4648 3098 4709 sunt,
3131 4643 3340 4699 tentati
3375 4647 3531 4708 sunt,
3565 4641 3628 4697 in
3664 4644 3822 4701 occi-

2164 4731 2326 4786 sione
2356 4731 2532 4803 gladii
2567 4731 2779 4786 mortui
2826 4738 3036 4787 sunt.»
3075 4731 3340 4803 Lapidati
3372 4737 3530 4801 sunt,
3565 4735 3630 4785 ut
3657 4735 3821 4789 Jere-

2161 4820 2309 4875 mias
2369 4820 2574 4892 (1457),
2626 4821 2856 4876 Nahoth
2909 4823 3007 4893 (111
3055 4823 3176 4891 Reg.
3231 4839 3346 4890 3m,
3400 4821 3508 4891 13),
3559 4836 3659 4875 seu
3711 4821 3818 4877 Za-

2160 4927 2286 4982 bum
2317 4929 2536 4982 Domini
2567 4930 2626 4982 in
2656 4944 2745 4983 ore
2775 4933 2867 4982 tuo
2897 4945 3085 4982 verum
3109 4933 3207 4984 est.
3241 4927 3420 4982 Filius
3450 4927 3609 4981 enim
3641 4929 3819 4983 Ama-

2156 5015 2239 5069 thi
2272 5017 2452 5072 Jonas
2501 5017 2742 5083 dicitur;
2780 5017 2990 5072 Amath
3024 5035 3153 5072 vero
3197 5017 3475 5072 Ilebraice
3521 5019 3817 5072 veritatem

2157 5094 2344 5142 sonat.
2381 5094 2458 5143 De
2488 5088 2597 5143 hac
2623 5089 2893 5160 opinione
2936 5089 3063 5144 Vide
3113 5090 3308 5143 divum
3362 5087 3810 5160 Hieronymum,

2155 5162 2376 5230 praefat.
2436 5177 2497 5232 In
2547 5158 2778 5232 Jonam,
2821 5162 3040 5232 pseudo
3102 5161 3323 5232 epiph.,
3356 5165 3412 5232 et
3469 5158 3710 5232 Doroth.
3746 5162 3814 5215 de

2157 5239 2342 5286 morte
2372 5237 2427 5286 et
2452 5231 2568 5285 vita
2590 5231 2818 5301 proph.,
2845 5239 3047 5302 quaast.
3075 5233 3145 5286 ad
3167 5231 3430 5286 Antioch.
3459 5247 3516 5301 q.
3541 5231 3637 5295 65,
3660 5231 3815 5302 inter

2153 5319 2328 5372 Opera
2355 5303 2538 5357 sancti
2571 5303 2895 5357 Athanasii.
2922 5306 2992 5357 At
3017 5304 3196 5358 Jonas
3227 5304 3335 5358 sub
3367 5303 3528 5364 Joas,
3555 5311 3615 5356 et
3643 5301 3811 5357 Jero-

2155 5375 2360 5428 boamo
2402 5375 2656 5428 secundo
2708 5373 2937 5428 lsraelis
2973 5375 3209 5445 regibus
3252 5374 3464 5428 ﬂoruit.
3504 5373 3811 5436 Quomodo

2152 5461 2286 5517 ergo
2338 5446 2494 5518 filius
2542 5446 2727 5499 Vidua;
2773 5445 2933 5500 illius
2989 5463 3116 5500 esse
3167 5446 3438 5518 potuerit,
3463 5461 3600 5518 cum
3656 5445 3809 5518 Elias

2151 5516 2464 5590 sexaginta;
2482 5517 2653 5590 annis
2688 5520 2986 5590 ante_Joas
3014 5516 3259 5590 regnum
3288 5516 3753 5590 raptusAfuerit?

2222 5589 2404 5655 (1157)
2435 5588 2640 5659 Opinio
2671 5593 2757 5642 est
2803 5587 3113 5643 Jeremiam
3145 5587 3466 5659 lapidatum
3504 5587 3715 5659 fuisse,
3751 5593 3806 5643 et

2149 5658 2220 5714 de
2237 5675 2302 5715 eo
2319 5658 2661 5732 Apostolum
2683 5658 2778 5714 hic
2802 5659 2958 5731 loqui
2979 5658 3231 5718 voluisse
3249 5659 3520 5734 pluribus
3538 5658 3806 5731 antiquis
