4062 6186
240 343 343 404 813

794 342 1215 404 EXPOSITIO
1258 341 1336 401 IN
1382 339 1811 400 EPISTOLAS
1858 343 2220 403 PAULL—
2250 345 2327 403 IN
2370 344 2620 404 EPIST.
2668 342 2768 401 AD
2813 342 3054 403 HEBR.

3525 350 3643 410 814

241 474 445 530 charias
475 473 679 541 (1458).
724 474 874 528 Secti
932 478 1090 544 sunt,
1150 478 1215 529 ut
1272 474 1381 527 fuit
1431 471 1610 526 Isaias
1655 472 1859 543 (1459).
1899 474 1953 539 Α
1986 472 2178 529 luncis
2196 474 2329 529 etin
2349 475 2619 530 cavernis
2646 473 3104 529 terris.»Eliam
3136 474 3301 542 dicit,
3331 493 3431 531 seu
3479 485 3642 537 caete-

241 562 442 619 Tentati
462 566 618 631 sunt,
643 560 700 615 id
726 563 1094 633 est,probati,
1122 562 1516 626 utAbraham,
1565 566 1621 614 et
1662 561 1862 616 Jacob.

239 654 297 708 In
324 651 597 708 occisione
628 649 808 720 gladii
860 653 1082 707 mortui
1114 658 1273 719 sunt,
1306 656 1370 706 ut
1408 649 1573 705 Urias
1626 650 1692 721 (II
1734 652 1863 719 Reg.

241 759 299 809 ιι,
332 741 436 811 24),
494 745 550 795 et
595 739 789 795 Josias
847 741 943 807 (IV
997 743 1124 811 Reg.
1187 759 1348 808 xxm,
1406 740 1512 807 29;
1573 739 1622 795 Il
1674 740 1863 795 Paral.

238 847 386 897 xxxv,
412 830 520 901 23).
556 830 626 884 Et
657 830 776 883 haec
799 829 1002 884 omnia
1024 847 1126 901 per
1156 829 1517 902 ﬂdempassi
1540 829 1866 901 despicien-

240 924 319 975 tes
334 917 721 991 praesentiamt
736 919 806 972 ad
822 934 1081 989 superna
1103 919 1484 974 elevarentur.
1506 922 1626 972 Duo
1650 918 1867 989 quippe

241 1013 364 1064 sunt
392 1007 670 1062 miracula
703 1006 837 1061 fidei
863 1023 875 1061 :
913 1007 1055 1079 quia
1085 1013 1141 1063 et
1169 1007 1419 1079 imperat
1442 1023 1656 1079 magna
1688 1011 1744 1062 et
1766 1023 1864 1078 pa-

240 1098 370 1152 titur
396 1111 629 1168 magna,
652 1100 709 1149 et
732 1094 878 1149 nihil
915 1100 1153 1167 reputat
1184 1096 1324 1169 pati.

306 1183 766 1242 «Circumierunt
788 1184 845 1237 in
871 1185 1129 1253 melotis,
1157 1191 1213 1241 et
1236 1187 1293 1240 in
1324 1184 1575 1256 pellibus
1590 1183 1865 1255 caprinis,

238 1278 476 1346 egentes,
509 1272 851 1345 angustiati,
884 1273 1112 1328 afﬂicti.
1134 1294 1161 1324 ››
1188 1274 1250 1328 In
1274 1274 1382 1329 hoc
1404 1272 1528 1328 loco
1556 1272 1735 1327 Eliam
1764 1273 1866 1326 de-

239 1364 433 1418 bemus
462 1360 809 1433 intelligere.
844 1361 1049 1431 Ipsum
1082 1362 1299 1434 quippe
1330 1362 1629 1417 insinuat:
1667 1366 1721 1416 et
1753 1378 1867 1415 non

240 1451 412 1508 solum
442 1450 634 1517 illum,
668 1450 770 1504 sed
798 1453 855 1504 et
885 1449 1055 1515 alios,
1089 1451 1188 1522 qui
1222 1450 1412 1505 taliter
1457 1454 1717 1521 egerunt,
1768 1450 1869 1520 qui

240 1540 423 1597 afﬂicti
475 1539 737 1610 undique
792 1540 1073 1610 penuriis.
1126 1545 1183 1594 et
1240 1538 1723 1595 tribulationibus
1768 1556 1870 1593 an-

239 1629 487 1703 gustiati,
520 1630 762 1701 egentes
790 1626 1009 1699 inopia,
1046 1635 1110 1684 ut
1166 1629 1235 1682 ad
1294 1627 1651 1683 desiderium
1706 1633 1870 1682 mter-

240 1735 433 1774 nornm
461 1718 796 1790 potuissent
825 1733 930 1789 per
958 1717 1337 1773 afﬂictionem
1369 1716 1718 1788 pertingere.
1751 1717 1869 1772 Me-

241 1809 374 1863 lotes
415 1806 618 1862 dicunt
655 1805 861 1878 aliqui,
915 1806 1011 1878 qui
1066 1823 1182 1861 uno
1234 1805 1415 1860 latere
1461 1805 1870 1906 tantummodo
1905 1841 1949 1906 Β

242 1897 495 1966 pendeat,
530 1910 598 1950 ex
629 1893 881 1966 pellibus
910 1895 1121 1962 factus,
1156 1897 1221 1948 ut
1252 1893 1523 1948 monachi
1554 1893 1611 1947 in
1633 1893 1874 1965 [Egypto

240 1986 546 2041 utebantur
575 1983 787 2054 (1460),
822 1981 1056 2053 qualem
1092 1981 1247 2037 Elias
1281 1998 1512 2052 quoque
1537 1981 1751 2053 legitur
1779 1981 1877 2037 ha-

237 2076 429 2130 buisse
458 2073 557 2145 (IV
586 2074 713 2143 Reg.
766 2090 805 2137 1,
836 2073 913 2143 8).

309 2186 335 2214 ((
366 2162 586 2228 Quibus
612 2163 829 2233 dignus
860 2177 974 2216 non
1025 2164 1151 2216 erat
1209 2160 1488 2215 mundus.
1518 2182 1543 2208 ››
1593 2160 1876 2214 Mundum

238 2268 487 2323 namque
519 2252 625 2306 hoc
656 2252 715 2305 in
749 2249 875 2305 loco
907 2248 1049 2304 dicit
1106 2248 1376 2303 homines
1426 2247 1632 2302 mundi
1683 2263 1879 2303 amore

237 2342 524 2411 deceptos,
550 2346 726 2410 atque
755 2337 1090 2392 inhaerendo
1113 2341 1388 2391 creaturae
1413 2337 1484 2391 ab
1511 2336 1882 2407 agnoscenda

235 2428 521 2485 Creatoris
552 2428 642 2482 sui
688 2427 996 2497 majestate
1025 2424 1293 2479 reﬂexos.
1334 2425 1413 2479 De
1446 2441 1560 2496 quo
1592 2424 1703 2479 alio
1756 2423 1878 2479 loco

240 2518 413 2573 dicit:
450 2540 477 2567 ‹‹
502 2521 669 2571 Nunc
690 2515 960 2588 princeps
992 2515 1169 2584 hujus
1192 2514 1396 2568 mundi
1431 2514 1695 2585 ejicietur
1726 2512 1880 2569 foras

240 2610 524 2680 (Joan.xu,
558 2604 671 2676 31).
695 2628 723 2654 »
750 2602 1018 2659 Ostendit
1048 2602 1203 2657 enim
1235 2602 1532 2657 diabolum
1558 2603 1879 2673 principem

239 2712 366 2752 esse
395 2700 765 2767 peccatorum
799 2692 1124 2761 hominum,
1159 2708 1271 2747 non
1309 2696 1708 2745 creaturarum
1757 2690 1878 2745 Dei.

241 2787 313 2841 Et
338 2786 809 2856 quotiescunque
833 2781 1041 2835 mundi
1075 2780 1263 2852 figura
1290 2781 1347 2834 in
1379 2778 1536 2834 mala
1594 2779 1884 2851 signiﬁca-

224 2876 393 2929 tione
414 2873 670 2945 ponitur,
705 2870 960 2926 ostendit
990 2870 1193 2923 mundi
1241 2868 1410 2923 istius
1468 2872 1777 2934 amatores,
1828 2872 1883 2923 et

236 2981 352 3019 non
386 2963 508 3017 Dei.
541 2960 707 3017 Absit
729 2960 909 3023 enim,
945 2963 1010 3012 ut
1041 2958 1351 3013 credamus
1378 2974 1511 3012 eum
1560 2957 1880 3028 principem

232 3069 363 3108 esse
395 3050 544 3116 cceli,
580 3056 637 3106 et
666 3054 834 3105 terrae
864 3052 921 3102 et
963 3051 1359 3101 creaturarum
1420 3045 1706 3111 omnium,
1758 3061 1882 3115 qua:

1982 580 2079 618 ros
2113 563 2258 618 alios
2293 564 2392 634 qui
2426 581 2527 634 per
2556 564 2814 632 deserta,
2834 567 2890 617 et
2914 564 3025 618 sub
3046 568 3209 619 terra
3230 568 3287 619 et
3307 564 3368 619 in
3383 570 3641 625 cavernis

1979 656 2149 706 terrae
2184 654 2437 707 fuerunt.

2051 763 2078 790 ‹‹
2116 741 2183 794 Et
2204 740 2265 794 hi
2286 755 2489 795 omnes
2522 739 2868 795 testimonio
2889 740 3022 796 fidei
3046 743 3299 812 probati,
3326 760 3442 798 non
3474 760 3641 800 acce-

1982 834 2192 899 perunt
2215 828 2761 900 repromissionem,
2795 830 2912 885 Deo
2944 847 3048 902 pro
3080 831 3253 887 nobis
3286 831 3498 887 melius
3531 831 3637 887 ali-

1981 917 2120 987 quid
2154 917 2514 988 providente,
2552 933 2625 972 ne
2660 917 2789 972 sine
2818 920 2987 973 nobis
3007 926 3581 977 consummarentur.
3608 941 3637 971 »

1979 1004 2085 1068 Qui
2119 1022 2342 1075 omnes,
2376 1006 2490 1060 nisi
2520 1006 2801 1077 superius
2842 1008 3170 1075 memorati,
3223 1026 3469 1080 quoram
3516 1013 3639 1064 tam

1979 1093 2136 1148 clara
2164 1098 2221 1149 et
2248 1094 2565 1150 laudabilis
2597 1095 2749 1150 ﬁdes
2773 1101 3235 1152 commemorata
3284 1101 3395 1165 est,
3427 1096 3485 1152 id
3532 1103 3638 1167 est,

1980 1183 2144 1252 Abel,
2180 1183 2438 1249 Henoch,
2470 1188 2609 1254 Noe,
2641 1184 2915 1249 Abrahae,
2958 1185 3136 1254 Sarte,
3197 1187 3382 1251 Isaac,
3434 1186 3637 1253 Jacob,

1977 1271 2220 1342 Joseph,
2257 1272 2492 1343 Moysis,
2522 1272 2927 1327 Israelitarum
2962 1289 3123 1329 mare
3180 1273 3639 1343 transeuntium,

1978 1358 2175 1422 Josue,
2212 1359 2434 1428 Rahab,
2470 1360 2720 1430 Barach,
2756 1361 3029 1431 Samson,
3052 1361 3283 1433 Jephte,
3307 1360 3509 1433 David,
3533 1362 3637 1417 Sa-

1982 1447 2140 1502 muel
2172 1451 2228 1501 et
2256 1448 2702 1519 prophetarum,
2739 1450 2841 1519 qui
2900 1450 3136 1505 fuerunt
3196 1449 3298 1504 ﬁlii
3359 1450 3481 1515 Dei,
3542 1449 3644 1506 lux

1983 1537 2213 1603 mundi,
2247 1536 2331 1591 sal
2362 1540 2548 1604 terras,
2582 1537 2768 1593 stellae
2801 1538 3180 1607 firmamenti,
3214 1538 3429 1594 terreni
3452 1538 3643 1594 homi-

1984 1638 2086 1677 nes
2118 1627 2176 1677 et
2205 1622 2468 1678 caelestes
2499 1623 2717 1695 angeli,
2749 1624 2867 1679 vivi
2923 1624 3149 1697 lapides
3208 1629 3265 1680 et
3323 1624 3641 1697 splendide

1983 1711 2335 1784 margaritae,
2369 1727 2623 1782 quorum
2655 1730 2837 1784 opera
2866 1730 2993 1784 quas
3019 1718 3287 1786 egerunt,
3320 1714 3500 1769 ﬁdem
3541 1730 3640 1770 eo-

1985 1818 2114 1856 rum
2148 1800 2607 1873 testantur,quia
2631 1803 2861 1874 absque
2884 1802 3378 1875 ﬁdeimpossibile
3401 1807 3525 1859 erat
3546 1820 3644 1859 eos

1986 1889 2212 1961 placere
2242 1889 2357 1945 Deo
2378 1890 2405 1943 ?
2430 1890 2545 1945 Sed
2578 1893 2785 1945 tamen
2817 1892 3045 1962 probati
3074 1891 3509 1959 tantummodo,
3553 1907 3642 1946 re-

1985 1977 2431 2051 promissionem
2466 1995 2582 2034 non
2616 1984 2993 2050 acceperunt.
3026 1980 3189 2035 Dicet
3219 1995 3354 2050 ergo
3387 1978 3639 2050 aliquis:

1989 2068 2136 2135 Quid
2169 2067 2253 2122 eis
2291 2065 2509 2137 profuit
2563 2068 2821 2123 servisse
2878 2072 3013 2136 Deo,
3074 2070 3123 2124 si
3177 2069 3461 2123 hactenus
3517 2067 3646 2124 sine

1988 2156 2227 2228 praamio
2259 2156 2651 2226 permanent?
2672 2156 2862 2212 Absit.
2888 2158 3129 2213 Auferat
3149 2157 3258 2213 hoc
3284 2173 3318 2212 a
3343 2157 3640 2213 mentibus

1989 2244 2454 2299 Christianorum
2496 2243 2789 2301 Dominus
2815 2246 2970 2301 Deus
3000 2251 3220 2311 noster,
3255 2250 3320 2301 ut
3341 2247 3649 2303 credamus

1989 2350 2088 2388 eos
2109 2332 2234 2387 sine
2254 2331 2492 2402 praemio
2516 2336 3211 2407 permanere,quiadhuc
3225 2336 3455 2391 mortali
3477 2350 3652 2391 carne

1990 2420 2337 2476 circumdati
2369 2436 2654 2492 magnum
2676 2424 2989 2493 praemium
3014 2429 3397 2497 perceperunt
3415 2425 3652 2481 videndi

1989 2516 2047 2565 et
2075 2510 2459 2580 cognoscendi
2495 2509 2709 2566 Deum.
2735 2512 3004 2585 Denique
3034 2516 3174 2570 audi
3195 2515 3334 2586 quid
3357 2515 3425 2570 de
3448 2514 3565 2571 illis
3590 2516 3650 2570 in

1989 2597 2335 2671 Apocalypsi
2364 2615 2441 2665 v1,
2475 2598 2614 2654 9-11
2653 2602 2944 2673 scriptum
2979 2603 3094 2659 sit:
3128 2627 3156 2654 «
3178 2604 3308 2659 Vidi
3331 2607 3440 2662 sub
3467 2605 3650 2662 altare

1992 2688 2219 2742 animas
2250 2686 2694 2744 interfectorum
2727 2696 2970 2763 propter
2997 2694 3244 2750 verbum
3275 2696 3396 2767 Dei,
3428 2700 3485 2751 et
3533 2697 3671 2752 clam

1994 2777 2234 2832 mabant
2262 2792 2398 2830 voce
2429 2792 2670 2847 magna,
2695 2780 2961 2835 dicentes
2988 2781 3359 2857 :Usquequo,
3386 2785 3653 2857 Domine,

1991 2866 2257 2935 [sanctus
2288 2867 2344 2918 et
2372 2868 2562 2931 verus]
2600 2882 2717 2920 non
2740 2867 2998 2937 judicas,
3031 2874 3091 2924 et
3120 2873 3379 2930 vindicas
3412 2875 3653 2946 sangui-

1992 2969 2127 3007 nem
2162 2956 2427 3007 nostrum
2448 2951 2519 3005 de
2545 2951 2640 3008 his
2664 2955 2765 3025 qui
2788 2956 3061 3012 habitant
3088 2959 3148 3015 in
3177 2964 3369 3019 terra?
3398 2964 3467 3019 Et
3498 2964 3652 3019 datm

1994 3047 2133 3096 sunt
2162 3039 2279 3094 illis
2303 3038 2549 3111 singulae
2581 3042 2744 3096 stolae
2768 3044 2937 3115 albae,
2970 3051 3028 3100 et
3057 3048 3261 3107 datum
3322 3052 3509 3125 (1461)
3570 3057 3663 3109 est

232 3136 1054 3214 generalitermundinomine
1076 3134 1462 3205 appellantur.
1487 3134 1666 3189 Totus
1688 3134 1884 3203 itaque
1926 3206 1957 3214 _
1993 3129 2109 3184 illis
2143 3134 2206 3184 ut
2236 3128 2671 3199 requiescerent
2702 3136 2940 3203 tempus
2971 3136 3162 3193 adhuc
3192 3144 3516 3213 modicum,
3552 3144 3659 3199 do-

234 3206 495 3288 mundus
532 3229 709 3284 servit
740 3244 847 3283 suo
903 3226 1179 3294 Creatori,
1228 3241 1342 3277 non
1394 3223 1724 3295 deceptori;
1776 3222 1883 3277 Re-
1916 3206 1958 3271 C
1998 3235 2103 3273 nec
2138 3218 2449 3289 impleatur
2481 3234 2766 3274 numerus
2829 3238 3247 3284 conservorum
3299 3237 3356 3287 et
3408 3233 3664 3290 fratrum

231 3318 548 3391 demptori,
583 3334 699 3372 non
756 3313 1181 3384 interemptori,
1214 3318 1268 3367 et
1308 3313 1527 3383 regitur
1574 3311 1884 3382 dispensa-

229 3409 395 3463 tione
452 3407 672 3473 divina,
736 3421 850 3459 non
912 3401 1135 3456 inimici
1189 3400 1445 3455 versutia
1503 3400 1882 3464 subvertitur,

228 3502 473 3571 propter
496 3496 768 3550 homines
790 3491 975 3565 partis
999 3489 1175 3554 illius,
1194 3491 1291 3561 qui
1317 3489 1550 3561 propria
1568 3488 1883 3555 voluntate,

232 3603 359 3642 non
394 3584 744 3640 necessitate
774 3583 974 3652 aliqua
1007 3596 1068 3634 se
1100 3577 1689 3649 subjiciuntdiabolo.
1726 3577 1886 3632 Unde

228 3680 290 3731 et
325 3675 481 3729 idem
515 3671 836 3745 Apostolus
871 3668 985 3725 alio
1016 3668 1140 3723 loco
1195 3669 1308 3725 ait:
1344 3690 1371 3718 ‹‹
1407 3668 1532 3723 Non
1580 3672 1670 3722 est
1718 3667 1886 3723 nobis

226 3763 572 3821 colluctatio
632 3763 913 3817 adversus
971 3772 1205 3812 carnem
1260 3763 1316 3811 et
1374 3757 1739 3828 sanguinem,
1785 3756 1884 3811 sed

227 3854 525 3909 adversus
555 3849 764 3905 mundi
798 3848 978 3918 hujus
1011 3849 1343 3916 potestates,
1367 3850 1424 3899 et
1449 3849 1698 3899 rectores
1728 3848 1887 3899 tene-

228 3942 482 3997 brarum
508 3940 717 3994 harum
742 3937 956 4009 (Ephes.
978 3952 1057 3999 VI,
1082 3935 1106 3987 1
1153 3932 1203 4003 );
1232 3956 1259 3983 ››
1283 3933 1338 3986 id
1365 3938 1472 3997 est,
1498 3936 1888 3998 peccatorum,

1994 3324 2217 3362 eorum.
2251 3330 2277 3356 ››
2312 3304 2589 3377 Singulas
2622 3309 2797 3364 modo
2828 3309 3013 3367 stolas
3042 3314 3263 3374 habent
3294 3323 3507 3376 animae
3529 3339 3664 3380 san-

1995 3402 2221 3451 ctorum
2251 3397 2321 3449 de
2346 3412 2456 3449 sua
2481 3395 2653 3451 beata
2684 3397 3128 3459 immortalitate
3159 3410 3528 3479 gaudentes;
3570 3431 3659 3471 re-

1996 3484 2375 3557 surgentibus
2406 3486 2771 3555 corporibus,
2794 3488 2968 3558 juxta
2999 3492 3235 3566 Isaiam,
3268 3498 3328 3553 in
3362 3505 3520 3555 terra
3543 3520 3655 3561 sua

1995 3573 2253 3645 duplicia
2283 3572 2668 3645 possidebunt
2697 3577 2852 3642 (Ιεαί.
2888 3594 2997 3645 LXI,
3029 3581 3107 3651 7).
3143 3583 3313 3641 Modo
3342 3604 3478 3643 vero
3532 3610 3649 3651 non

1996 3662 2350 3718 desiderium
2380 3664 2826 3721 resurrectionis
2855 3666 2939 3721 eis
2962 3668 3263 3741 abnuitur,
3283 3677 3383 3730 sed
3411 3681 3646 3738 excolli-

1997 3752 2319 3824 gendorum
2353 3752 2599 3839 fratrum
2623 3760 2940 3823 augmento
2963 3757 3251 3814 differtur.
3266 3762 3412 3820 Nam
3435 3771 3494 3822 et
3513 3768 3644 3839 ipsa

1998 3841 2328 3895 animarum
2361 3837 2561 3892 laetitia
2591 3844 2781 3910 potest
2811 3842 2976 3898 stolis
3009 3844 3158 3901 albis
3188 3849 3450 3923 figurari,
3506 3837 3642 3915 cum

2001 3929 2246 3984 Domino
2277 3925 2565 3982 revelante
2601 3928 2910 3985 didicerint
2963 3937 3020 3986 et
3075 3934 3290 4007 impios
3348 3940 3405 3995 in
3464 3944 3640 4001 finem

228 4030 339 4103 qui
374 4031 436 4084 in
468 4027 732 4084 tenebris
764 4026 1005 4081 manent
1034 4021 1381 4093 iniquitatis.
1446 4022 1617 4077 Recte
1675 4019 1892 4075 talibus
2002 4016 2651 4087 damnandos,etusque
2673 4018 2742 4072 ad
2759 4018 2934 4075 finem
2959 4023 3154 4077 saeculi
3177 4026 3395 4084 multos
3415 4046 3523 4086 suo
3541 4050 3651 4089 nu-

229 4135 359 4175 non
393 4122 485 4173 est
517 4116 734 4187 dignus
765 4113 1042 4169 mundus.
1081 4111 1220 4165 Hinc
1250 4114 1337 4165 est
1395 4110 1549 4181 quod
1609 4109 1893 4165 Domiuus

2005 4123 2164 4162 mero
2198 4122 2299 4177 per
2328 4105 2670 4176 martyrium
2694 4123 2822 4163 esse
2844 4111 3173 4170 sociandos.
3192 4120 3380 4187 Atque
3400 4118 3459 4173 in
3483 4126 3645 4177 teter-

226 4207 387 4263 dicit
419 4206 481 4261 in
514 4203 856 4276 Evangelio:
904 4201 1013 4257 «Si
1048 4200 1306 4254 mundus
1358 4215 1458 4254 vos
1503 4199 1645 4265 odit,
1692 4198 1897 4254 scitate
2005 4212 2083 4252 na
2111 4195 2395 4250 charitate
2425 4195 2669 4265 profusi,
2703 4197 3039 4255 maluerunt
3090 4202 3199 4258 hac
3250 4208 3649 4267 consolatione

228 4296 384 4368 quia
420 4311 515 4349 me
568 4293 822 4365 priorem
877 4289 1041 4344 vobis
1100 4288 1232 4343 odio
1289 4287 1511 4343 habuit.
1566 4287 1710 4352 Quia
1764 4304 1896 4344 vero

227 4386 311 4440 de
345 4383 578 4440 mundo
604 4398 717 4436 non
751 4380 913 4446 estis,
949 4378 1048 4432 sed
1081 4392 1186 4448 ego
1217 4375 1360 4448 elegi
1395 4393 1494 4431 vos
1527 4377 1598 4431 de
1654 4376 1897 4443 mundo,

225 4478 564 4547 propterea
594 4471 717 4525 odit
742 4485 845 4524 vos
878 4467 1137 4522 mundus
1165 4466 1341 4537 (Joan.
1374 4483 1466 4535 xv,
1501 4466 1607 4536 18).
1640 4485 1667 4516 ι
1730 4464 1901 4521 Tales

2008 4283 2262 4341 contenti
2295 4299 2397 4354 pro
2429 4284 2755 4355 supplendo
2788 4288 3033 4345 fratrum
3066 4308 3331 4362 numero,
3365 4296 3650 4356 hactenus

2011 4391 2118 4430 sua
2139 4373 2337 4427 diﬂ‘ere
2370 4374 2605 4444 gaudia.

2082 4462 2266 4534 (1462)
2296 4464 2427 4516 CAP.
2461 4461 2604 4534 XII.)
2630 4486 2657 4513 «
2691 4465 2939 4537 Ideoque
2980 4473 3037 4521 et
3092 4487 3198 4526 nos
3257 4477 3485 4530 tantam
3546 4477 3653 4532 hae-

229 4562 409 4618 enim
448 4559 734 4627 mundus,
767 4557 824 4611 id
859 4560 967 4624 est,
998 4555 1268 4610 homines
1292 4554 1495 4621 mundi
1519 4571 1633 4609 non
1657 4559 1905 4625 possunt
1936 4574 1981 4637 ι)
2011 4549 2563 4621 bentesimpositam
2587 4554 2800 4608 nubem
2828 4555 3462 4630 testium,deponentes
3483 4566 3679 4623 omne‘

229 4651 542 4719 accipere,
576 4646 716 4718 quia
745 4645 909 4717 digni
941 4661 1056 4699 non
1090 4648 1246 4698 sunt.
1282 4643 1562 4698 Inimicus
1580 4660 1691 4697 non
1716 4648 1907 4713 potest
2017 4641 2267 4711 pondus,
2301 4644 2357 4694 et
2386 4640 2779 4696 circumstans
2812 4660 2916 4697 nos
2949 4652 3272 4715 peccatum,
3306 4666 3407 4722 per
3436 4654 3658 4724 patien-

225 4739 558 4808 suscipere
578 4733 1297 4800 conciliatum,damnatus
1320 4732 1907 4803 salvatum,inquina-

229 4835 347 4885 tus
383 4828 766 4882 mandatum.

320 4939 352 4964 ‹‹
389 4917 458 4971 In
493 4910 921 4969 solitudinibus
953 4912 1233 4977 errantes,
1261 4908 1319 4961 in
1347 4910 1665 4976 montibus,
1699 4916 1756 4965 et
1778 4927 1909 4982 spe-

229 5058 531 5130 probata,
569 5060 626 5110 et
657 5054 1033 5131 Hebraeorum
1057 5047 1368 5131 traditio'ne
1392 5050 1649 5131 suﬂ'ulta.
1674 5051 1909 5131 VLTert.

230 5118 391 5184 adv.
420 5118 627 5182 Gnost.
658 5126 786 5189 0.8,
819 5122 1253 5192 Hieron._contr.
1278 5118 1583 5175 Jovin.lib.
1609 5139 1682 5189 11;
1709 5122 1914 5192 Epiph.

231 5202 324 5257 de
358 5199 503 5253 Vita
533 5205 592 5254 et
649 5200 839 5251 morte
897 5190 1351 5264 prophetarum;
1404 5192 1642 5246 Doroth.
1703 5190 1765 5246 in
1816 5190 1918 5265 sy-
2029 5191 2348 5265 dissectum
2382 5192 2806 5265 serraqobiisse.

224 5272 462 5328 nonsL

2020 4730 2162 4783 tiam
2197 4745 2502 4783 curramus
2536 4729 2605 4783 ad
2639 4732 3003 4801 propositum
3054 4736 3223 4791 nobis
3283 4745 3596 4799 certamen.
3627 4765 3655 4794 ››

2019 4819 2221 4873 Testes
2240 4817 2334 4871 hic
2358 4818 2719 4888 patriarchas
2750 4824 2806 4874 et
2836 4822 3173 4892 prophetas,
3194 4826 3279 4881 vel
3297 4828 3495 4886 fideles
3522 4848 3658 4886 san-

2019 4912 2144 4962 ctos
2170 4905 2444 4978 appellat,
2478 4923 2581 4978 pro
2614 4906 2919 4966 altitudine
2949 4916 3004 4965 et
3035 4914 3407 4973 multitudine
3422 4919 3660 4973 merito-

2099 5048 2280 5119 (1450)
2313 5047 2517 5123 Opinio
2549 5054 2606 5103 et
2635 5052 2869 5123 traditio
2893 5053 3661 5123 Hebraeorum,Christiano-

2029 5136 2092 5200 ru
2105 5136 2276 5200 mque
2293 5119 2619 5200 est,Isaiam_
2634 5121 2796 5200 initio
2812 5125 2971 5200 regni
2996 5119 3283 5200 Manassis
3306 5129 3456 5200 regis
3475 5130 3662 5199 Judaa,

2896 5237 2905 5247 .
2939 5196 3244 5271 O_rig_enem
3278 5202 3332 5252 in
3370 5196 3443 5254 ὀ.
3502 5196 3665 5271 xxm,

2032 5263 2194 5316 Matt.
2230 5270 2285 5340 et
2311 5263 2619 5334 Augustin.
2644 5264 2746 5319 lib.
2769 5283 2925 5331 xvm,
2959 5263 3177 5323 de‘Civ.
3213 5285 3261 5323 c.
3285 5271 3374 5340 24,
3409 5275 3465 5327 et
3521 5263 3668 5329 alios

356 5342 527 5412 1458)
550 5340 631 5395 De
665 5339 775 5393 hoc
802 5333 1081 5412 Z_acharia
1103 5332 1416 5412 notissima
1446 5334 1689 5412 quaestio
1710 5338 1766 5389 et
1787 5350 1923 5412 pro:-
2034 5332 2433 5412 quamplures.

220 5404 461 5477 lixior,
490 5404 672 5486 quam
708 5408 888 5486 u_t_‘d_e
920 5423 988 5486 ea
1045 5420 1193 5486 opus
1250 5404 1327 5457 sit
1348 5405 1573 5486 "verba.
1602 5404 1811 5486 facere}.
1854 5404 1921 5486 V,

224 5475 526 5542 Dictidn:
556 5484 706 5537 Hist.
742 5480 887 5535 bibl.
922 5476 991 5531 ad
1036 5475 1281 5529 verbum
1342 5475 1654 5542 Zacharias,
1719 5478 1811 5531 ubi
1873 5480 1929 5531 et

222 5557 520 5631 quaestio
555 5560 613 5613 et
642 5557 913 5611 auctores
943 5563 1073 5603 eam
1095 5550 1519 5619 pertractantes
1543 5548 1927 5621 suppeditan-

227 5634 388 5694 tur.

2106 5405 2292 5618 21460)
2330 5405 2557 5460 Casian.
2591 5407 2660 5461 de
2691 5407 2901 5463 Habitu
2932 5410 3265 5465 monachor.
3318 5429 3367 5468 c.
3404 5414 3490 5469 11.

2134 5477 2265 5529 1461
2316 5477 2485 5549 Vulg.
2516 5479 2747 5533 dictum.

2136 5478 2293 5618 1462)
2336 5548 2399 5605 In
2454 5565 2640 5618 marg.
2700 5549 2827 5608 cod.
2895 5547 2990 5606 hic
3047 5550 3159 5618 leg.
3221 5553 3391 5615 lectio
3447 5575 3490 5617 x;

2134 5477 2293 5549 1461)
2316 5477 2485 5549 Vulg.
2516 5479 2747 5533 dictum.

2134 5478 2265 5529 1461
2316 5478 2485 5549 Vulg.
2516 5479 2747 5533 dictum.

2042 5478 2399 5693 οδὲᾶὲᾕχξη
2454 5565 2640 5623 marg.
2700 5549 2827 5608 cod.
2895 5547 2990 5606 hic
3047 5550 3159 5627 leg.
3221 5553 3391 5615 lectio
3447 5575 3565 5635 xxv,
3618 5562 3676 5618 et
