4044 6180
240 332 357 395 817

852 333 1268 397 EXPOSITIO
1312 333 1390 396 IN
1437 331 1861 396 EPISTOLAS
1907 330 2362 393 PAULL—IN
2406 330 2655 393 EPIST.
2700 332 2803 392 AD
2847 330 3083 393 HEBR.‘

3536 334 3653 393 818

238 465 560 521 Adversum
579 465 964 537 semetipsum
982 467 1499 523 contradictionem
1524 468 1684 537 dicit,
1699 466 1755 521 id
1778 470 1885 534 est,
1917 465 1971 530 Α
2002 464 2059 519 in
2093 466 2387 537 prosperis
2418 467 2561 521 bene
2586 466 2773 520 vivere
2800 464 3016 535 docuit,
3032 464 3206 520 etiam
3241 464 3299 518 in
3332 464 3650 536 correptio-

242 554 469 610 dimisit
487 554 642 619 illos,
657 556 915 610 secundu
928 572 981 609 m
1008 558 1161 627 quod
1176 556 1502 624 voluerunt,
1520 556 1729 625 facere,
1744 555 1889 611 nihil

238 644 324 700 eis
353 644 781 708 contradicens,
814 645 923 699 hoc
955 650 1061 715 est,
1096 645 1318 715 plagas,
1352 663 1499 717 quas
1550 646 1887 717 accipiebat,

239 733 562 800 irrisiones,
594 733 861 803 injurias,
896 735 1225 805 opprobria,
1260 736 1629 807 improperia,
1665 734 1890 790 illusio-

240 839 367 889 nes,
402 822 600 877 omnia
631 822 738 878 hoc
771 823 1005 877 nomine
1044 824 1524 879 contradictionis
1571 824 1887 879 intimavit.

239 911 375 967 Ideo
406 912 680 978 afﬁrmat,
718 916 782 965 ut
813 928 927 966 non
959 913 1276 967 deﬁcerent
1296 913 1354 967 in
1386 912 1892 982 tribulationibus,

237 1001 383 1055 dum
417 1017 605 1071 usque
636 1001 705 1055 ad
742 1002 1086 1073 martyrium
1117 1008 1171 1056 et
1202 1002 1508 1074 sanguinis
1542 1003 1888 1057 effusionem

237 1089 431 1145 adhuc
464 1105 579 1143 non
611 1096 1013 1160 pervenerant.
1050 1090 1211 1147 Unde
1240 1096 1297 1146 et
1326 1092 1595 1163 adjungit
1628 1110 1639 1145 :
1678 1114 1705 1141 «
1736 1092 1889 1146 Non-

233 1179 375 1233 dum
408 1178 564 1232 enim
588 1194 773 1250 usque
805 1180 876 1233 ad
901 1180 1249 1252 sanguinem
1270 1180 1585 1249 restitistis,
1612 1182 1887 1234 adversus

230 1272 535 1337 peccatum
568 1273 981 1345 repugnantes.
1016 1289 1043 1315 ››
1079 1267 1215 1322 Βιιω
1260 1274 1401 1323 sunt
1433 1269 1723 1322 rationum
1757 1284 1886 1338 spe-

230 1353 369 1420 cies,
396 1370 523 1425 quae
543 1353 779 1409 sibimet
804 1355 1106 1410 contrariae
1128 1373 1255 1411 esse
1280 1361 1578 1427 putantur,
1608 1356 1707 1411 sed
1730 1356 1885 1410 mul-

227 1447 356 1497 tum
372 1442 484 1497 sibi
502 1453 706 1497 mutuo
720 1442 1303 1515 afferuntadjumenti
1316 1462 1483 1515 ;quas
1497 1444 1590 1499 hic
1606 1450 1887 1515 utrasque

232 1531 458 1603 species
490 1531 851 1587 conculcavit
893 1533 1227 1605 Apostolus.
1263 1534 1388 1589 Una
1418 1538 1526 1599 est,
1561 1534 1793 1606 quando
1824 1534 1883 1588 in

229 1620 630 1687 tribulatione,
655 1620 909 1692 plurima
924 1639 1029 1677 nos
1050 1623 1377 1695 cogitamus
1393 1639 1520 1678 esse
1539 1639 1881 1694 perpessos;

235 1710 391 1765 sicut
418 1708 591 1764 etiam
626 1710 861 1765 beatum
879 1712 989 1766 Job
1017 1712 1075 1766 in
1104 1711 1275 1784 plaga
1289 1712 1545 1782 positum
1578 1712 1780 1767 fecisse
1802 1712 1881 1767 le-

2001 572 2093 624 ne,
2128 571 2199 609 ne
2230 554 2481 620 deﬁciat,
2516 554 2804 621 hortatur,
2839 571 2909 609 ne
2942 554 3254 609 accedente
3284 553 3647 625 infirmitate,

2000 644 2088 699 vel
2122 648 2479 715 paupertate,
2503 643 2590 698 vel
2622 644 3023 714 persecutione
3046 644 3325 711 humana,
3352 643 3649 713 pietatem,

2002 751 2180 805 quam
2213 750 2442 788 servare
2473 733 2530 786 in
2580 732 3003 804 tranquillitate
3032 732 3363 799 videbatur,
3398 733 3648 788 amittat.

2003 845 2031 872 «
2055 826 2235 886 Quem
2258 822 2414 876 enim
2441 820 2631 891 diligit
2656 821 3217 891 Dominus,castigat
3237 822 3422 891 (Prov.
3444 838 3526 886 ιιι,
3554 823 3647 887 12;

2002 912 2159 982 Apoc.
2182 928 2265 975 ιιι,
2290 911 2394 979 19).
2423 909 2694 981 Flagellat
2718 927 2951 965 omnem
2980 910 3165 965 ﬁlium
3189 926 3363 981 quem
3388 909 3648 980 recipit.»

2002 1001 2133 1056 Ideo
2164 1001 2284 1054 haec
2304 999 2639 1054 testimonia
2660 1000 2914 1053 afﬁrmat
2932 998 3266 1071 Apostolus,
3284 1004 3348 1053 ut
3373 1000 3523 1054 sicut
3544 999 3649 1053 ﬁlii

2001 1108 2034 1145 a
2064 1090 2329 1160 patribus
2348 1088 2471 1143 suis
2504 1088 2963 1159 ﬂagellantur,ut
2992 1088 3151 1160 digni
3176 1090 3295 1143 sint
3316 1090 3386 1143 ad
3407 1087 3648 1142 haeredi-

1998 1183 2177 1235 tatem
2213 1182 2514 1249 paternam
2552 1177 2845 1243 accedere,
2877 1176 2959 1230 ita
3006 1182 3057 1231 et
3092 1178 3185 1231 isti
3222 1176 3495 1232 similiter
3522 1194 3649 1232 cor-

2000 1267 2289 1339 reptiones
2310 1284 2342 1321 a
2363 1266 2476 1321 Deo
2501 1266 2674 1320 alacri
2700 1265 2893 1319 animo
2918 1266 3344 1334 sustineant,ut
3366 1267 3436 1320 ad
3451 1282 3647 1321 veram

1997 1356 2396 1412 hereditatem
2417 1360 2690 1410 aeternam
2714 1354 3267 1425 perveniant.Tanto
3291 1371 3427 1426 ergo
3452 1356 3650 1410 minus

1999 1447 2069 1500 de
2102 1445 2351 1517 ﬂagello,
2386 1461 2497 1515 quo
2530 1444 2907 1515 castigamur,
2944 1461 3313 1499 murmurare
3343 1444 3651 1513 debemus,

1997 1539 2216 1607 quanto
2240 1535 2454 1589 certius
2474 1533 2531 1588 in
2557 1550 2623 1587 eo
2642 1538 2892 1599 paternae
2916 1532 3241 1588 dilectionis
3259 1533 3473 1603 pignus
3496 1537 3650 1588 tene-

2000 1641 2151 1679 mus.
2184 1624 2347 1679 Unde
2376 1627 2432 1679 et
2453 1622 2577 1694 ipse
2599 1622 2773 1677 dicit:
2800 1645 2827 1671 «
2856 1623 2995 1693 Ego,
3022 1639 3171 1693 quos
3192 1638 3344 1687 amo,
3370 1637 3571 1693 arguo,
3593 1625 3649 1676 et

1994 1717 2215 1785 castigo
2246 1713 2449 1783 (Ibid).

235 1798 845 1872 gimus.Animaenim
862 1801 1293 1871 quodammodo
1310 1802 1882 1873 requiescit,quando
1916 1837 1963 1902 B
2067 1826 2094 1852 «
2128 1804 2189 1857 In
2219 1802 2531 1873 disciplina
2553 1817 2939 1873 perseverare.
2965 1802 3273 1871 Tanquam
3298 1799 3455 1854 ﬁlius
3478 1800 3642 1854 vobis

235 1888 295 1942 in
328 1887 703 1943 tribulatione
726 1888 937 1959 posita,
958 1906 1201 1945 suarum
1220 1890 1561 1961 passionum
1596 1908 1885 1946 rememo-

232 1977 520 2032 rationem
546 1976 1189 2048 habet,siculsuperius
1214 1980 1627 2034 rememoravit
1649 1984 1888 2051 Aposto-

230 2066 327 2120 lus
354 2084 366 2133 ;
390 2066 1251 2137 rememoramini,inquit,dies
1276 2068 1575 2139 pristinos,
1592 2067 1651 2123 in
1672 2070 1887 2140 quibus

230 2153 572 2224 illuminati,
607 2171 890 2227 magnum
924 2159 1215 2210 certamen
1249 2156 1619 2212 sustinuistis
1661 2158 1884 2229 passio—

232 2260 398 2299 num.
425 2242 615 2298 Altera
635 2259 767 2298 vero
782 2248 891 2309 est,
914 2244 1149 2315 quando
1163 2244 1416 2299 dicimus
1431 2246 1706 2317 quoniam
1740 2246 1884 2301 nihil

230 2348 443 2388 sumus
463 2332 661 2403 magni
682 2331 1080 2404 perpessi.llla
1093 2333 1309 2405 quippe
1322 2333 1543 2405 species
1558 2336 1882 2406 requiesce-

227 2426 378 2490 re,et
395 2421 638 2477 recreari
662 2421 921 2476 animam
945 2421 1083 2476 facit
1104 2422 1451 2478 mmroribus
1466 2440 1531 2478 su
1543 2422 1841 2480 bruentem
1868 2443 1880 2491 ;

229 2512 348 2567 ista
373 2526 507 2565 vero
540 2509 930 2582 negligentem
955 2510 1235 2577 animam,
1263 2516 1319 2565 et
1349 2512 1621 2583 supinam
1654 2530 1885 2569 conver-

228 2600 322 2664 tit,
352 2603 408 2654 et
436 2600 834 2671 arrogantiam
861 2599 1101 2671 deponit
1126 2605 1183 2655 et
1206 2602 1468 2655 retrahit.
1497 2601 1578 2657 Ne
1608 2618 1743 2673 ergo
1767 2601 1883 2659 illis

232 2705 302 2744 ex
319 2686 420 2743 illa
446 2688 857 2743 testiﬁcatione
879 2688 1053 2743 elatio
1070 2695 1465 2760 generaretur,
1490 2690 1883 2762 contemplare

233 2778 390 2848 quod
421 2777 562 2831 dicit
595 2794 607 2831 :
640 2777 921 2846 Necdum,
956 2777 1169 2849 inquit,
1205 2795 1390 2850 usque
1429 2780 1499 2833 ad
1534 2783 1879 2851 sanguinem

233 2866 552 2932 restitistis,
586 2871 789 2922 contra
815 2873 1120 2937 peccatum
1155 2873 1547 2939 repugnantes
1577 2887 1590 2935 ;
1624 2869 1797 2923 veluti
1831 2870 1878 2925 si

234 2954 452 3010 diceret
476 2973 487 3010 :
516 2955 775 3010 Necdum
801 2961 1045 3010 mortem
1070 2956 1434 3011 sustinuistis
1461 2974 1472 3023 ;
1498 2958 1879 3028 pecuniarum

232 3044 397 3099 vobis
426 3048 656 3099 tantum
683 3043 967 3115 contingit
987 3044 1270 3099 damnum
1299 3050 1311 3109 ;'
1346 3046 1618 3116 exagitati
1651 3051 1879 3100 tantum

232 3132 375 3187 estis
404 3136 462 3187 et
503 3132 969 3203 persecutionem
1020 3133 1198 3203 passi.
1232 3132 1499 3189 Christus
1551 3140 1742 3189 autem
1778 3152 1879 3206 pro

230 3220 398 3276 vobis
414 3221 759 3293 sanguinem
783 3220 965 3288 fudit;
985 3237 1085 3275 vos
1104 3226 1298 3276 autem
1324 3239 1425 3293 pro
1446 3205 1880 3295 vobismetipsis
1911 3205 1953 3271 (ἶ

230 3310 483 3365 necdum
513 3308 630 3364 tale
660 3309 881 3381 aliquid
908 3309 1065 3381 passi
1096 3310 1377 3366 estis.Ille
1409 3328 1595 3383 usque
1627 3313 1696 3366 ad
1722 3329 1880 3367 mor-

229 3403 350 3453 tem
396 3414 499 3469 pro
527 3397 767 3453 veritate
816 3402 1071 3453 certatus
1103 3403 1209 3476 est,
1245 3416 1513 3471 pugnans
1546 3416 1648 3471 pro
1678 3401 1877 3469 vobis;

228 3503 334 3542 vos
364 3491 561 3541 autem
593 3487 845 3541 necdum
868 3488 937 3541 ad
961 3487 1220 3559 pericula
1236 3488 1605 3560 pervenistis,
1633 3506 1758 3560 quae
1778 3490 1883 3544 mi-

231 3580 453 3631 nantur
472 3575 969 3640 interitum.Quod
991 3576 1147 3631 enim
1170 3577 1558 3643 ait,adversus
1580 3583 1881 3648 peccatum

230 3668 651 3736 repugnantes,
682 3665 1047 3720 demonstrat
1065 3671 1367 3736 peccatum
1397 3666 1767 3722 vehementer
1788 3669 1882 3722 ad-

229 3770 435 3809 versus
466 3770 565 3809 eos
594 3753 864 3824 aspirans
895 3758 951 3809 et
979 3754 1227 3810 diversis
1260 3756 1451 3810 modis
1483 3760 1795 3811 armatum.

307 3864 334 3891 ‹‹
367 3843 436 3897 Et
463 3841 629 3897 obliti
648 3842 789 3897 estis
807 3842 1245 3909 consolationis,
1271 3860 1397 3914 qua
1416 3843 1578 3897 vobis
1601 3849 1881 3914 tanquam

234 3931 371 3987 ﬁliis
401 3931 686 4002 loquitur,
706 3931 943 3985 dicens:
969 3930 1073 3985 Fili
1108 3932 1207 3999 mi,
1242 3931 1359 3986 noli
1390 3931 1686 4003 negligere
1709 3931 1883 3986 disci-

230 4018 453 4091 plinam
478 4018 705 4073 Domini
721 4034 908 4090 neque
931 4018 1360 4090 fatigeris,dum
1381 4020 1452 4073 ab
1476 4036 1542 4073 eo
1562 4020 1879 4090 argueris.-

234 4109 516 4164 Hortatur
546 4108 702 4163 enim
728 4124 827 4162 eos
860 4124 928 4161 ex
958 4108 1314 4162 testimoniis
1345 4107 1801 4179 Scripturarum,
1823 4112 1886 4163 ut

233 4214 351 4253 non
384 4196 665 4251 deﬁciant
686 4197 825 4250 dum
853 4200 1201 4268 arguuntur.
1223 4196 1382 4251 Unde
1406 4214 1518 4250 non
1544 4214 1777 4268 parvam
1802 4197 1885 4252 eis

234 4286 447 4359 poterit
469 4286 674 4341 afferre
699 4284 1184 4355 consolationem,
1203 4286 1343 4339 dum
1368 4291 1727 4356 cognoscunt
1748 4286 1886 4357 quia

232 4375 334 4430 Dei
367 4391 516 4446 opus
565 4379 654 4429 est
700 4373 842 4428 talia
880 4378 1012 4445 post
1059 4373 1172 4428 alia
1213 4375 1522 4429 sustinere.
1555 4379 1714 4429 Certe
1764 4377 1885 4430 haec

234 4463 336 4519 Dei
355 4464 533 4518 verba
554 4466 714 4518 sunt.
744 4463 873 4533 Ipso
896 4478 1151 4533 namque
1173 4462 1446 4534 permitte
1472 4467 1548 4527 te,
1566 4464 1708 4533 justi
1732 4480 1886 4534 pres-

1998 1909 2058 1947 se
2088 1892 2254 1947 ofl‘ert
2284 1892 2455 1947 Deus.
2486 1913 2507 1938 ι
2546 1895 2608 1944 In
2640 1888 2969 1959 disciplina,
3004 1888 3217 1959 inquit,
3253 1892 3638 1959 perseverate.

1996 1983 2072 2035 Ac
2094 1981 2142 2035 si
2166 1980 2415 2035 diceret:
2441 1978 2637 2034 Potius
2662 1978 2826 2032 vobis
2847 1978 3001 2032 enim
3026 1981 3133 2045 est,
3153 1993 3255 2047 per
3271 1976 3640 2047 disciplinam

1996 2071 2065 2123 ad
2098 2069 2277 2123 vitam
2325 2068 2595 2133 transire,
2628 2083 2806 2138 quam
2838 2071 2999 2121 extra
3044 2065 3418 2136 disciplinam
3469 2065 3553 2119 ire
3584 2068 3641 2120 in

1996 2162 2307 2213 tormenta.
2343 2157 2505 2211 Unde
2536 2156 2821 2227 putabant
2840 2154 3147 2209 derelictos
3176 2171 3325 2215 esse,
3350 2154 3404 2207 in
3431 2154 3538 2209 hoc
3560 2154 3645 2209 eis

1997 2247 2136 2301 dicit
2167 2247 2354 2318 magis
2384 2228 2615 2301 credere
2634 2246 2862 2311 debere,
2880 2244 3158 2316 quoniam
3182 2260 3296 2297 non
3322 2248 3461 2297 sunt
3482 2243 3643 2297 dere-

1993 2336 2137 2401 licti,
2164 2335 2341 2390 veluti
2375 2335 2422 2390 si
2455 2336 2669 2389 diceret
2695 2350 2707 2388 :
2734 2335 2880 2398 Quia
2910 2336 3073 2387 tanta
3099 2332 3257 2402 passi
3287 2332 3449 2399 estis,
3474 2336 3641 2403 puta-

1993 2425 2069 2480 tis
2101 2425 2255 2496 quod
2283 2441 2383 2479 vos
2415 2423 2544 2478 odio
2578 2423 2809 2490 habeat,
2842 2421 2929 2477 vel
2964 2421 3339 2493 dereliquerit
3378 2422 3551 2475 Deus.
3583 2422 3640 2475 Si

1992 2514 2148 2569 enim
2182 2513 2290 2568 hoc
2323 2530 2436 2567 non
2462 2511 2827 2584 pateremini,
2851 2516 2989 2565 tunc
3013 2511 3200 2581 magis
3221 2510 3329 2565 hoc
3359 2527 3459 2565 vos
3482 2508 3640 2581 cogi-

1992 2606 2114 2657 tare
2164 2602 2549 2673 competebat.
2590 2602 2646 2654 Si
2696 2600 2850 2654 enim
2886 2600 3137 2670 ﬂagellat
3184 2616 3416 2653 omnem
3450 2599 3638 2654 ﬁlium

1992 2708 2166 2764 quem
2202 2690 2421 2762 recipit,
2447 2691 2546 2761 qui
2572 2707 2687 2744 non
2717 2689 3199 2760 ﬂagellatur,sine
3216 2688 3393 2743 dubio
3413 2705 3527 2742 non
3551 2693 3640 2743 est

1992 2781 2049 2836 in
2075 2798 2315 2835 numero
2340 2779 2614 2835 ﬁliorum.
2637 2779 2781 2843 Quid
2807 2794 2962 2849 ergo,
2980 2776 3450 2849 inquis,maligni
3476 2776 3638 2832 nulla

1990 2870 2146 2925 mala
2169 2870 2470 2941 patiuntur
2489 2868 2517 2921 ?
2539 2868 2848 2921 Patiuntur
2865 2867 3122 2936 quidem.
3149 2865 3631 2938 Quando,inquit,

1990 2958 2209 3028 dicens,
2243 2959 2395 3028 quod
2428 2956 2621 3010 omnis
2645 2956 2800 3009 ﬁlius
2830 2955 3178 3025 flagellatur,
3203 2956 3303 3009 sed
3328 2971 3442 3008 non
3470 2954 3633 3024 dixit,

1990 3047 2129 3118 quia
2150 3046 2343 3101 omnis
2368 3045 2465 3116 qui
2484 3044 2977 3116 ﬂagellaturﬁlius
2999 3048 3120 3107 est;
3146 3044 3244 3097 sed
3262 3042 3454 3097 omnis
3478 3042 3636 3097 ﬁlius

1991 3134 2337 3207 ﬂagellatur.
2371 3136 2609 3204 Semper
2639 3134 2794 3187 enim
2827 3132 3045 3202 ubique
3072 3131 3258 3185 ﬁlium
3290 3132 3552 3185 verberat
3581 3136 3639 3186 et

1992 3226 2258 3295 castigat.
2285 3224 2433 3277 Sunt
2454 3223 2691 3292 quidem
2716 3220 2975 3293 plurimi,
2998 3220 3097 3291 qui
3123 3218 3640 3291 ﬂagellantur,ma-

1991 3314 2159 3385 ligni,
2192 3313 2343 3368 sicut
2372 3310 2696 3381 homicida,
2730 3310 3003 3373 latrones,
3038 3308 3308 3375 maleﬁci,
3344 3306 3641 3378 sepulcro-

1992 3419 2122 3458 rum
2156 3398 2719 3472 depraadatores,sed
2738 3397 2819 3451 illi
2844 3404 2945 3467 pro
2964 3395 3398 3467 suainiquitate
3424 3394 3644 3466 suppli-

1992 3492 2081 3546 cia
2112 3490 2436 3562 patiuntur,
2452 3492 2507 3542 et
2539 3504 2651 3541 non
2671 3485 2825 3541 sicut
2845 3486 2944 3539 ﬁlii
2972 3483 3468 3557 ﬂagellantur,sed
3492 3481 3643 3537 sicut

1992 3580 2233 3653 pessimi
2286 3578 2633 3650 puniuntur,
2679 3593 2793 3630 non
2847 3576 2998 3628 sicut
3042 3573 3165 3627 ﬁlii.
3209 3571 3641 3627 Tribulationes

1992 3668 2145 3723 enim
2182 3666 2442 3721 ﬁdelium
2476 3665 2626 3736 apud
2662 3664 2959 3735 reprobos,
2995 3667 3052 3716 et
3083 3666 3371 3716 amatores
3410 3659 3637 3726 mundi,

1992 3774 2106 3812 non
2140 3755 2251 3811 nisi
2282 3772 2348 3810 ex
2379 3757 2612 3825 peccato
2645 3769 2773 3807 esse
2796 3752 2978 3823 justis
3003 3752 3414 3822 suspicantur;
3451 3766 3513 3804 se
3544 3765 3641 3802 an-

1990 3852 2083 3900 tea
2112 3845 2237 3899 ideo
2260 3845 2457 3913 justos
2488 3843 2753 3905 credunt,
2787 3841 2925 3911 quia
2968 3840 3026 3893 in
3061 3841 3343 3909 pravitate
3386 3838 3476 3893 sui
3507 3854 3639 3891 sen-

1993 3951 2094 3987 sus
2126 3932 2355 3986 dimissi
2387 3931 2511 3984 sine
2540 3928 2765 4000 ﬂagello
2795 3930 3141 3982 duruerunt.

2066 4044 2092 4070 ‹‹
2127 4020 2264 4085 Quis
2295 4019 2449 4072 enim
2486 4016 2855 4087 ﬁlius,quem
2876 4033 2987 4070 non
3010 4016 3511 4087 corripitpater?»
3544 4016 3643 4069 So-

1991 4111 2071 4165 let
2100 4110 2254 4163 enim
2288 4106 2599 4177 aliquoties
2632 4105 2689 4158 in
2722 4105 2997 4157 domibus
3031 4102 3448 4174 paterfamilias
3491 4102 3641 4157 ﬁlios

1994 4199 2214 4253 alienos
2247 4196 2560 4269 negligere,
2587 4210 2724 4247 suos
2748 4210 2879 4246 vero
2904 4193 3053 4246 ﬁlios
3077 4193 3382 4261 castigare,
3405 4190 3491 4245 vel
3517 4208 3640 4245 cor-

1995 4290 2201 4358 ripere,
2239 4303 2308 4339 ne
2337 4301 2435 4339 eos
2467 4282 2621 4337 mala
2650 4281 2943 4353 opprimat
2978 4280 3347 4351 negligentia.
3375 4280 3433 4334 Si
3463 4280 3642 4351 igitur

1995 4378 2077 4431 illi
2104 4392 2204 4447 pro
2226 4374 2362 4429 ﬁliis
2386 4372 2638 4444 propriis
2662 4376 2925 4436 utuntur,
2951 4386 3021 4423 ne
3042 4386 3139 4423 eos
3163 4369 3515 4440 negligentia
3535 4386 3641 4440 op-

1996 4466 2246 4538 primat;
2281 4464 2409 4517 ideo
2442 4465 2669 4532 oportet
2693 4477 2797 4513 nos
2820 4459 3073 4530 gaudere
3096 4474 3229 4511 cum
3260 4458 3640 4528 castigamur,

233 4568 406 4608 suras
436 4550 626 4606 varias
648 4552 973 4623 patiuntur.
1003 4552 1127 4606 Non
1152 4552 1395 4623 potestis
1418 4552 1773 4622 dicere,quia
1795 4557 1883 4607 est
1914 4573 1959 4636 D
1994 4554 2283 4625 siquidem
2316 4551 2424 4604 hoc
2457 4550 2593 4603 filiis
2625 4547 2880 4636 propriis
2907 4545 3233 4600 adhibetur.
3270 4546 3515 4636 Proinde
3546 4563 3643 4601 no-

226 4642 432 4713 justus
455 4638 692 4711 aliquis,
713 4640 854 4711 quia
873 4654 1077 4711 expers
1099 4639 1495 4695 tribulationis
1517 4640 1891 4712 existat,quia

234 4728 496 4800 ﬂagellat
525 4746 758 4784 omnem
812 4727 999 4783 ﬁlium
1033 4746 1205 4799 quem
1238 4730 1461 4801 recipit.
1509 4730 1755 4784 Proinde
1789 4749 1885 4785 ne-

232 4835 398 4874 cesse
412 4819 905 4887 estomnesjustos
920 4833 1021 4887 per
1034 4819 1889 4889 pressuras,tribulationesque

233 4906 513 4963 transire.
542 4905 843 4962 Sententia
860 4906 1076 4976 quippe
1089 4905 1409 4962 DominiCh
1421 4907 1543 4961 risti
1568 4914 1683 4962 est:
1709 4907 1890 4971 «Quia

232 4995 359 5051 lata
384 5000 442 5051 et
475 4996 735 5068 spatiosa
764 4993 858 5048 via
887 4998 975 5049 est
1007 5010 1133 5064 quae
1165 4994 1325 5048 ducit
1353 4995 1423 5048 ad
1457 4995 1835 5065 perditionem
1874 5013 1886 5051 :

234 5088 400 5141 arcta
430 5100 563 5139 vero
594 5088 650 5138 et
679 5086 932 5154 angusta
984 5098 1109 5152 quae
1142 5081 1303 5136 ducit
1332 5083 1403 5136 ad
1454 5083 1633 5137 vitam
1666 5085 1884 5151 (Matth.

230 5190 338 5240 v11,
370 5190 500 5243 xm,
532 5174 642 5241 14).
682 5194 709 5220 ››
742 5171 801 5227 Si
835 5187 971 5244 ergo
1002 5186 1107 5242 per
1137 5169 1298 5225 illam
1331 5170 1560 5225 venitur
1589 5172 1658 5226 ad
1692 5173 1888 5244 vitam,

234 5267 294 5318 et
316 5279 432 5317 non
452 5260 797 5333 potestilluc
818 5260 987 5316 aliter
1006 5259 1313 5331 perveniri,
1329 5260 1443 5315 nisi
1468 5276 1569 5331 per
1590 5262 1893 5331 augustias

236 5357 295 5408 et
326 5351 756 5418 tribulationes,
792 5349 1033 5421 proinde
1052 5350 1340 5405 sustinere
1357 5366 1463 5405 nos
1496 5351 1903 5422 oportet,quia‘

236 5440 390 5496 hanc
413 5440 567 5495 viam
592 5454 797 5495 omnes
819 5438 903 5491 illi
927 5439 1603 5509 transierunt,quotquot
1624 5439 1692 5493 ad
1715 5440 1890 5493 vitam

237 5530 508 5603 perducti
544 5530 702 5585 sunt.
734 5530 881 5581 Sunt
925 5528 1025 5599 qui
1057 5528 1115 5583 in
1166 5528 1461 5599 prosperis
1496 5528 1736 5583 Domino
1774 5546 1893 5584 ser-

238 5620 494 5693 viunt,at
511 5619 570 5675 in
594 5616 853 5675 adversis
874 5615 1148 5673 excidunt
1170 5638 1185 5689 ;
1211 5617 1363 5673 unde
1380 5617 1893 5689 Apostolus,quem

1999 4644 2250 4705 hiscum,
2283 4640 2433 4693 sicut
2463 4654 2596 4691 cum
2629 4636 2766 4689 ﬁliis
2794 4634 2914 4705 agit
2946 4640 3115 4701 Deus,
3150 4640 3205 4689 et
3234 4635 3361 4689 ideo
3392 4651 3506 4690 non
3541 4652 3640 4707 p0-

1998 4730 2163 4785 testis
2193 4730 2403 4790 dicere,
2440 4726 2579 4797 quia
2610 4741 2722 4777 non
2754 4740 3066 4793 possumus
3098 4722 3235 4777 talia
3265 4722 3529 4779 tolerare.

2071 4843 2095 4869 ‹‹
2131 4819 2291 4882 Quod
2324 4816 2372 4871 si
2404 4820 2563 4869 extra
2594 4813 2963 4883 disciplinam
3010 4813 3170 4878 estis,
3204 4814 3371 4883 cujus
3404 4813 3639 4885 partici-

1999 4925 2099 4981 pes
2132 4907 2266 4962 facti
2315 4909 2451 4960 sunt
2505 4917 2709 4957 omnes
2744 4917 2754 4953 :
2806 4918 2942 4973 ergo
2987 4900 3255 4967 adulteri,
3289 4908 3345 4956 et
3388 4919 3502 4957 non
3537 4902 3641 4955 ﬁlii

1998 5000 2197 5053 estis.»
2216 4998 2437 5052 Sensus
2464 4992 2644 5062 hujus
2668 4990 2971 5045 sententia:
2996 4994 3101 5057 est,
3127 4990 3219 5044 cui
3242 4991 3594 5046 subauditur
3625 5006 3637 5042 :

2000 5087 2058 5141 Si
2093 5084 2412 5156 disciplina:
2446 5080 2759 5153 participes
2790 5079 2925 5133 facti
2956 5084 3093 5133 sunt
3122 5096 3325 5134 omnes
3358 5078 3492 5131 boni
3514 5075 3639 5142 ﬁlii,

2002 5175 2100 5247 qui
2134 5172 2508 5244 disciplinam
2539 5169 2754 5225 Christi
2786 5169 3217 5237 sustinuerunt,
3250 5182 3453 5221 omnes
3485 5162 3641 5219 enim

2004 5263 2459 5335 negligentes,et
2487 5258 2855 5330 disciplinam
2888 5258 2982 5312 Dei
3006 5258 3463 5322 contemnentes,
3484 5251 3643 5307 adul-

2002 5354 2129 5422 teri,
2162 5357 2217 5406 et
2247 5368 2363 5405 non
2396 5348 2499 5403 filii
2532 5352 2895 5419 reputantur.

2074 5466 2099 5490 ‹‹
2134 5440 2350 5495 Deinde
2379 5442 2569 5509 patres
2601 5437 2837 5507 quidem
2871 5433 3061 5489 carnis
3087 5435 3296 5486 nostra:
3326 5430 3643 5486 habuimus

2003 5530 2346 5599 eruditores,
2378 5530 2431 5581 et
2476 5525 2879 5579 reverebamur
2904 5536 3040 5587 eos;
3076 5538 3188 5574 non
3238 5520 3421 5574 multo
3454 5520 3643 5592 magis

2005 5615 2541 5691 obtemperabimus
2581 5610 2732 5683 patri
2782 5609 3118 5682 spirituum,
3151 5614 3208 5666 et
3234 5609 3494 5666 vivemus
3514 5610 3542 5666 Ἰ
3572 5609 3643 5664 Et
