4062 6186
380 279 500 344 819

1396 279 1734 350 ATTONIS
1778 277 2365 342 VERCELLENSIS
2410 280 2761 344 EPISGOPI

3667 278 3788 339 820

382 413 469 469 illi
489 414 722 486 quidem
741 413 800 468 in
821 415 1083 484 tempore
1109 429 1429 484 paucorum
1450 411 2023 479 dictum,secundum
2054 412 2110 478 Α
2141 417 2362 468 matum
2394 414 2589 481 fuerit,
2624 413 2826 470 reddet
2856 413 3111 469 fructum
3126 412 3392 484 justitiae,
3414 411 3472 467 id
3507 414 3625 478 est,
3645 427 3792 483 prae-

382 503 742 562 voluntatem
771 519 940 557 suam
963 502 1308 558 erudiebant
1325 519 1430 558 nos
1456 527 1470 568 ;
1503 501 1598 556 hic
1620 505 1815 556 autem
1843 501 1913 554 ad
1945 499 2025 565 id,

387 593 540 664 quod
569 592 710 648 utile
730 590 896 647 estin
918 592 1249 664 recipiendo
1274 590 1794 647 sanctificationem
1818 590 1964 660 ejus.
2000 610 2028 638 »

386 681 446 737 Si
477 681 634 736 enim
682 686 876 752 patres
906 680 1170 736 carnales
1202 680 1305 735 ﬁlii
1351 687 1703 744 reverentur,
1739 678 2030 750 quomodo

387 771 614 828 Patrem
646 769 940 826 coelestem
971 788 1086 826 non
1111 768 1488 825 revereamini
1509 767 1536 822 ?
1567 768 1692 823 Non
1724 767 1880 823 enim
1913 767 2032 822 dis-

386 859 642 916 cretione
671 875 933 931 personae
966 862 1117 915 inter
1161 875 1259 915 eos
1287 864 1516 914 tantum
1549 862 1639 912 est
1684 856 2033 924 differentia,

389 949 546 1022 quod
586 948 682 1004 isti
713 948 948 1015 terreni,
977 947 1074 1004 ille
1124 948 1374 1004 caelestis
1408 951 1516 1014 est,
1551 947 1654 1002 sed
1703 945 1878 1001 etiam
1908 944 2039 1016 ipsa

390 1038 716 1094 causa.Non
735 1038 892 1094 enim
915 1037 974 1092 in
996 1039 1262 1094 eamdem
1285 1035 1642 1106 causam,vel
1667 1036 1738 1090 ad
1766 1052 1856 1090 res
1879 1035 2038 1106 ipsas
2097 1036 2102 1040 “

392 1126 688 1200 spiritales
717 1126 1086 1192 erudiebant,
1121 1127 1220 1182 sed
1269 1127 1341 1181 ad
1374 1125 1526 1196 quod
1579 1124 1662 1179 eis
1692 1124 2035 1190 videbatur;

391 1215 502 1272 hoc
532 1220 642 1282 est,
662 1214 1022 1272 voluntatem
1041 1232 1230 1281 suam,
1248 1214 1722 1284 desideriumque
1745 1211 2038 1284 complen-

392 1308 502 1363 tes.
533 1303 624 1359 Illi
654 1309 850 1360 autem
882 1305 1012 1360 ideo
1044 1321 1165 1370 vos,
1198 1302 1875 1374 inquit,erudiebant,ut
1897 1300 2041 1372 ipsis

394 1393 602 1468 essetis
623 1393 818 1463 utiles,
841 1393 1158 1464 aliquando
1190 1391 1456 1448 fortassis
1478 1391 1650 1446 etiam
1676 1390 1801 1445 sine
1825 1407 2002 1445 causa
2024 1407 2040 1455 ;

395 1469 512 1540 non
543 1483 700 1538 enim
730 1484 788 1537 in
815 1483 1094 1538 omnibus
1119 1481 1387 1538 voluntas
1421 1479 1656 1535 illorum
1690 1478 1853 1534 utilis
1898 1483 2038 1534 erat.

397 1573 509 1630 Iste
531 1575 729 1628 autem
749 1571 823 1628 ad
845 1570 1012 1626 utilia
1035 1587 1144 1626 nos
1164 1569 1439 1633 instituit,
1463 1569 1674 1639 erudit,
1699 1568 1965 1640 castigat,
1982 1571 2046 1622 ut

397 1678 506 1717 nos
536 1659 750 1716 efﬁciat
796 1675 1039 1716 suorum
1093 1658 1473 1730 receptabiles
1522 1673 1858 1712 munerum.
1892 1656 2044 1710 Dum

2140 503 2345 557 mium.
2380 503 2485 567 Qui
2517 504 2672 560 enim
2705 503 3000 559 seminant
3022 504 3081 557 in
3112 502 3406 572 lacrymis,
3439 501 3500 556 in
3533 499 3793 556 exsulta-

2141 592 2298 647 tione
2345 598 2565 649 metent
2612 593 2782 664 (Psal.
2835 610 2994 660 cxxv,
3028 594 3105 663 5).
3157 590 3622 648 Pacatissimum
3674 589 3794 644 fru-

2142 685 2322 750 ctum,
2339 681 2447 737 boc
2469 687 2576 750 est,
2591 681 3017 754 gratissimum.
3034 681 3281 736 Proinde
3302 683 3535 752 oportet
3556 695 3798 750 sperare

2144 769 2385 826 meliora
2412 771 2472 826 in
2495 771 2671 827 ﬁnem
2707 789 2719 826 :
2755 788 2890 826 nam
2912 775 2969 827 et
2998 771 3059 826 in
3092 770 3403 826 arboribus
3425 772 3632 824 cortex
3655 784 3800 839 pene

2144 877 2374 931 semper
2403 877 2662 928 amarus,
2695 865 2751 916 et
2797 847 2969 933 asper
2997 864 3088 916 est
3120 878 3133 916 :
3168 860 3396 914 fructus
3425 863 3630 913 tamen
3664 858 3800 928 ipsi,

2146 949 2427 1004 suavitate
2451 949 2698 1020 jucundi
2730 955 2888 1004 sunt.
2923 950 2993 1004 Et
3021 949 3122 1021 qui
3172 965 3374 1004 amara
3403 948 3626 1002 bibunt
3651 947 3801 1001 anti-

2147 1037 2594 1110 dota,patienter
2610 1039 2804 1094 ferunt
2824 1039 3141 1109 quamdam
3157 1037 3415 1110 primum
3440 1035 3804 1105 molestiam,

2147 1132 2204 1182 et
2235 1133 2376 1184 tunc
2406 1145 2646 1183 sensum
2672 1127 2999 1200 percipiunt
3020 1127 3340 1200 sospitatis.
3364 1127 3423 1180 Si
3455 1125 3647 1199 igitur
3667 1123 3809 1180 talia

2150 1233 2382 1288 sperare
2405 1216 2700 1289 competit,
2716 1217 2870 1288 quod
2903 1216 3134 1288 doletis,
3154 1217 3308 1289 quod
3331 1215 3644 1270 tristitiam
3665 1213 3808 1268 tole-

2151 1305 2329 1374 ratis;
2385 1305 2538 1360 circa
2585 1305 2828 1362 meliora
2875 1305 3145 1376 deficitis,
3201 1322 3327 1377 qua:
3377 1321 3484 1360 vos
3536 1302 3810 1359 convenit

2152 1394 2461 1449 sustinere.
2542 1394 2844 1450 Sustinere
2919 1395 3074 1450 enim
3149 1394 3394 1450 debetis.
3458 1393 3592 1448 Non
3653 1392 3811 1446 enim

2151 1489 2378 1555 oportet
2407 1484 2562 1539 circa
2589 1483 3026 1539 tribulationem
3056 1483 3136 1538 ita
3164 1482 3534 1550 mollescere,
3561 1481 3669 1537 sed
3701 1481 3810 1536 for-

2155 1572 2288 1627 titer
2316 1572 2580 1630 tolerare.
2616 1573 2756 1628 Inde
2785 1576 2873 1628 est
2902 1572 3079 1642 enim,
3115 1572 3270 1643 quod
3322 1572 3378 1626 in
3414 1571 3812 1643 sequentibus

2154 1668 2369 1717 narrat.

399 1749 556 1846 enim
587 1753 858 1822 parentes
898 1747 1158 1846 carnales
1206 1748 1279 1803 ad
1309 1753 1542 1818 tempus
1575 1747 1744 1846 brev‘e
1775 1762 1882 1846 nos
1911 1761 2042 1846 eru:
2078 1779 2128 1846 Β
2226 1773 2255 1801 ‹‹
2286 1756 2528 1822 Propter
2561 1751 2715 1823 quod
2748 1750 3028 1808 remissas
3051 1767 3284 1816 manus,
3306 1754 3363 1806 et
3392 1748 3599 1806 soluta
3632 1749 3813 1819 (1466)

400 1839 592 1905 diunt,
639 1842 856 1909 quanto
910 1836 1098 1910 magis
1143 1840 1376 1892 Creator
1424 1839 1623 1890 noster
1651 1835 1722 1890 ad
1776 1834 1856 1902 id,
1890 1834 2046 1904 quod

400 1926 564 1995 utile,
596 1931 653 1982 et
680 1925 1001 1997 perfectum
1024 1929 1136 1990 est,
1159 1929 1226 1979 ut
1253 1923 1607 1996 recipiamus
1637 1922 2047 1978 sanctificatio-

400 2032 534 2072 nem
565 2015 714 2086 ejus,
747 2015 856 2070 hoc
886 2018 995 2081 est,
1031 2014 1385 2068 munditiam
1419 2015 1567 2083 ejus,
1600 2016 1665 2068 ut
1701 2011 1911 2084 dignos
1942 2027 2049 2066 nos

403 2105 516 2163 sibi
537 2103 754 2161 efficiat
771 2104 800 2158 ?
828 2102 1151 2175 Disciplina
1167 2119 1302 2176 ergo
1325 2102 1695 2174 participatio
1718 2099 2049 2156 sanctitatis

402 2198 493 2250 est
520 2211 533 2260 ;
566 2191 994 2248 excluditenim
1017 2191 1385 2248 saecularium
1412 2207 1607 2245 rerum
1632 2207 1822 2245 mores
1844 2189 2049 2259 (1465),

403 2281 731 2354 spiritalem
753 2282 826 2336 ad
857 2297 918 2336 se
936 2280 1184 2354 gratiam
1211 2279 1512 2351 pertrahit.
1534 2279 1592 2334 Si
1615 2277 2052 2334 consideremus

395 2373 617 2443 justos,
649 2369 844 2426 cuncti
874 2386 977 2441 per
1005 2368 1412 2424 tribulationes
1446 2368 1800 2424 claruerunt.

476 2483 505 2512 «
537 2459 742 2516 Omnis
787 2463 982 2514 autem
1031 2456 1364 2528 disciplina,
1397 2456 1458 2511 in
1507 2455 1776 2528 praesenti
1812 2453 2050 2526 quidem

400 2550 633 2608 videtur
649 2565 764 2605 non
783 2564 912 2604 esse
939 2547 1158 2621 gaudii,
1184 2548 1282 2601 sed
1306 2547 1571 2601 maeroris
1597 2570 1610 2599 :
1637 2550 1836 2617 postea
1858 2548 2051 2599 autem

402 2640 658 2694 fructum
697 2638 1140 2710 pacatissimum
1190 2635 1518 2690 exercitatis
1550 2651 1651 2706 per
1678 2650 1828 2700 eam,
1863 2632 2055 2688 reddit

395 2726 661 2798 justitiaz.
697 2748 718 2774 ι
755 2725 979 2792 Omnis,
1006 2724 1217 2794 inquit,
1252 2723 1586 2793 disciplina,
1611 2728 1668 2778 et
1697 2721 1977 2786 humana,
2000 2725 2057 2776 et

404 2814 710 2888 spiritalis,
743 2818 884 2870 tunc
925 2813 1158 2885 quando
1187 2813 1401 2884 agitur,
1436 2828 1550 2867 non
1598 2811 1828 2867 videtur
1857 2810 2054 2882 gaudii

407 2920 558 2970 esse,
583 2903 685 2959 sed
711 2902 1000 2959 mceroris.
1027 2903 1160 2957 Ideo
1191 2905 1386 2957 autem
1411 2900 1561 2956 hanc
1592 2915 1825 2955 omnem
1848 2903 1905 2954 et
1935 2898 2055 2970 spi-

408 2991 659 3058 ritalem,
688 2994 744 3046 et
775 2989 1098 3046 humanam
1125 2988 1498 3060 disciplinam
1521 2992 1704 3058 vocat,
1731 2987 1869 3059 quia
1891 2985 2058 3058 quid-

410 3081 550 3154 quid
573 3080 806 3146 dicitur,
830 3077 1143 3151 disciplina
1157 3082 1426 3145 vocatur;
1451 3077 1678 3132 videtur
1693 3076 1848 3131 enim
1872 3091 1902 3130 e
1924 3091 2057 3130 con-

407 3145 584 3226 trario
615 3167 760 3224 illud
793 3145 906 3223 non
937 3145 1065 3224 esse
1095 3165 1421 3239 disciplina,
1450 3165 1602 3237 quod
1635 3164 1967 3236 gaudentis,
1999 3167 2057 3218 et
2087 3145 2129 3212 C

409 3256 791 3331 malignantis
821 3255 1018 3312 animo
1049 3257 1132 3311 fit.
1165 3261 1231 3311 In
1263 3254 1575 3326 disciplina
1594 3255 1749 3309 enim
1781 3252 2055 3325 spiritali,

405 3348 571 3420 prius
600 3346 840 3402 tristitia
859 3349 1048 3413 est,ut
1071 3344 1271 3399 laetitia
1303 3348 1615 3412 sequatur:
1639 3344 1697 3397 in
1727 3340 2056 3414 iniquitatis

403 3453 536 3493 vero
568 3434 808 3501 scelere,
833 3434 997 3506 prius
1029 3433 1310 3506 gaudium
1333 3437 1444 3498 est,
1471 3436 1528 3487 et
1557 3431 1768 3486 deinde
1795 3430 2059 3500 sequitur

404 3524 670 3580 tristitia.
695 3524 759 3578 In
783 3523 895 3578 ista
916 3523 1108 3593 prima
1129 3525 1218 3576 est
1236 3519 1592 3592 voluptas,et
1613 3518 1879 3591 sequitur
1898 3518 2060 3589 aegri-

405 3613 548 3669 tudo
573 3629 587 3668 :
612 3612 674 3670 in
699 3610 819 3676 illa,
843 3610 1035 3682 prima
1055 3613 1144 3665 est
1167 3609 1464 3678 maestitia,
1488 3612 1545 3663 et
1564 3607 2058 3678 tuncjucunditas

409 3704 767 3774 procreatur.
799 3699 908 3754 Sed
927 3698 1038 3753 illa
1068 3701 1158 3752 est
1187 3697 1482 3766 sectanda,
1506 3711 1640 3750 cum
1673 3695 1928 3766 primum
1960 3693 2061 3749 ali-

411 3788 546 3861 quis
577 3787 976 3854 contristatur,
1010 3790 1067 3841 et
1097 3790 1297 3857 postea
1341 3784 1558 3857 gaudio
1607 3784 1928 3856 perfruitur
1959 3802 1970 3838 :
2005 3788 2062 3838 et

414 3877 516 3934 illa
545 3875 881 3949 rejicienda,
901 3891 1035 3930 cum
1069 3875 1255 3946 primo
1279 3874 1586 3946 gaudetur,
1617 3877 1820 3943 postea
1842 3873 1900 3926 in
1922 3889 2060 3926 mce-

414 3983 604 4024 rorem
635 3964 931 4021 inciditur.
968 3965 1028 4018 In
1075 3963 1321 4035 spiritali
1358 3962 1512 4018 enim
1544 3960 1874 4033 disciplina,
1909 3977 2061 4016 sem-

414 4073 518 4132 per
536 4054 879 4128 jucunditas
908 4057 998 4109 est
1030 4053 1101 4108 de
1132 4051 1488 4123 sempiterno
1527 4047 1764 4122 gaudio,
1795 4049 2063 4120 quamvis

411 4143 787 4202 tribulatione
846 4142 1195 4214 afﬂigatur:
1252 4140 1403 4196 sicut
1459 4139 1518 4194 in
1569 4138 1680 4194 alio
1734 4137 1859 4193 loco
1906 4138 2060 4194 idem

414 4233 684 4306 egregius
713 4230 1060 4302 praedicator
1077 4229 1160 4284 ait
1189 4245 1201 4282 :
1235 4251 1263 4279 «
1294 4228 1629 4283 Gloriamur
1659 4227 1715 4280 in
1741 4225 2064 4281 tribulatio-

414 4322 590 4377 nibus
619 4320 792 4390 (Rom.
815 4335 869 4387 v,
895 4318 969 4390 3).
992 4339 1019 4366 »
1042 4317 1105 4372 In
1129 4317 1242 4371 ista
1271 4317 1425 4372 enim
1450 4315 1623 4371 timor
1644 4315 1854 4369 futurae
1883 4314 2062 4369 tristi-

413 4409 507 4468 tia:
538 4423 794 4479 praesens
823 4406 1106 4478 gaudium
1140 4405 1502 4460 devenustat.
1531 4405 1589 4458 In
1612 4403 1712 4458 illa
1741 4405 1897 4458 enim
1931 4421 2064 4475 spes

2159 1855 2349 1912 genua
2378 1839 2604 1911 erigite.
2636 1845 2693 1896 et
2730 1856 2972 1912 gressus
3019 1845 3205 1895 rectos
3237 1839 3405 1894 facite
3437 1838 3700 1910 pedibus
3728 1854 3813 1892 re-

2159 1929 2317 1995 stris,
2354 1934 2419 1983 ut
2470 1947 2585 1984 non
2619 1929 2958 1985 claudicans
3002 1929 3132 2000 quis
3164 1919 3333 2000 erret,
3368 1927 3572 2000 magis
3625 1932 3808 1982 autem

2160 2023 2420 2075 sanetur.
2457 2041 2484 2068 »
2517 2019 2758 2091 Pr0pter
2789 2018 3038 2090 quod,id
3071 2017 3336 2089 est,quia
3365 2021 3618 2089 propter
3647 2015 3807 2071 disci-

2161 2107 2383 2180 plinam
2418 2109 2701 2162 mercedis
2749 2107 3057 2179 praemium
3100 2107 3384 2174 redditur,
3419 2108 3479 2160 et
3533 2104 3812 2178 gaudium

2161 2197 2562 2267 subsequitur,
2596 2197 2878 2252 debemus
2906 2213 3144 2270 gressus
3173 2200 3360 2251 rectos
3393 2195 3610 2259 facere,
3643 2199 3702 2248 et
3731 2209 3816 2247 so-

2161 2285 2286 2340 luta
2314 2301 2505 2357 genua
2534 2286 2772 2357 erigere.
2796 2285 2858 2340 In
2892 2286 3000 2340 hoc
3029 2285 3155 2340 loco
3187 2283 3594 2339 hasitationes
3615 2298 3822 2338 eorum

2162 2375 2352 2446 tangit
2383 2390 2398 2430 :
2432 2379 2490 2428 et
2515 2374 2644 2430 ideo
2687 2375 2891 2447 tangit,
2926 2379 2986 2428 ut
3021 2373 3149 2428 sine
3179 2373 3294 2428 illis
3338 2371 3825 2428 haesitationibus

2161 2469 2612 2534 perseverarent.
2648 2463 2706 2518 Si
2737 2464 2895 2519 enim
2925 2463 2997 2518 ad
3049 2462 3421 2518 dilectionem
3452 2461 3716 2532 pertinet
3746 2460 3826 2514 di-

2164 2551 2431 2622 sciplina,
2466 2556 2530 2606 ut
2578 2568 2756 2623 supra
2803 2550 3060 2608 ostendit
3088 2550 3426 2622 Apostolus,
3457 2554 3585 2604 tam
3637 2566 3710 2603 ex
3739 2564 3821 2603 re-

2164 2642 2296 2712 bus,
2330 2657 2507 2712 quam
2549 2657 2618 2697 ex
2662 2641 2856 2696 verbis
2891 2656 2904 2693 :
2937 2645 2993 2695 et
3022 2640 3069 2694 si
3105 2641 3162 2694 in
3197 2639 3310 2695 fine
3359 2639 3582 2710 recepit
3615 2637 3822 2693 melio-

2164 2747 2287 2786 rem
2318 2730 2522 2801 (1467),
2554 2746 2733 2800 quare
2780 2728 3168 2785 dissolvimini
3192 2732 3214 2783 Ρ
3241 2729 3429 2792 Quare
3478 2743 3602 2783 non
3636 2732 3826 2782 rectos

2165 2835 2405 2892 gressus
2437 2819 2682 2891 pedibus
2703 2819 2912 2874 vestris
2936 2815 3124 2874 facitis
3145 2818 3172 2872 ‘I
3198 2822 3314 2872 Hoc
3336 2817 3492 2872 enim
3523 2815 3611 2870 illi
3647 2817 3826 2888 patie-

2163 2909 2399 2975 bantur,
2433 2909 2534 2979 qui
2565 2909 2968 2980 desperatione
2989 2907 3428 2972 deﬁciebant,et
3457 2922 3565 2977 spe
3585 2907 3827 2960 futuro-

2167 3014 2296 3053 rum
2347 2996 2508 3052 nulla
2560 2995 2983 3052 solidabantur.
3013 2999 3206 3062 Recte,
3249 2994 3461 3066 inquit,
3494 2993 3824 3058 ambulate,

2168 3102 2273 3142 nec
2303 3085 2650 3141 claudicatio
2670 3086 2802 3158 plus
2827 3090 3137 3153 accrescat,
3153 3085 3255 3140 sed
3278 3084 3478 3156 potius
3499 3084 3575 3139 ad
3598 3088 3826 3138 statum

2169 3175 2483 3248 pristinum
2530 3181 2850 3230 revocetur.
2902 3175 3201 3230 Remissas
3251 3190 3489 3238 manus,
3520 3177 3582 3228 et
3633 3172 3831 3228 soluta

2165 3281 2356 3338 genua
2397 3264 2640 3320 mandat
2671 3264 2910 3336 erigere,
2946 3268 3010 3319 ut
3058 3263 3238 3320 Isaias
3263 3264 3346 3319 ait
3377 3279 3389 3317 :
3431 3283 3459 3314 α
3488 3261 3832 3318 Confortate

2166 3371 2378 3409 manus
2418 3352 2758 3424 dissolutas,
2787 3358 2843 3408 et
2891 3368 3084 3426 genua
3113 3351 3331 3408 debilia
3362 3352 3634 3406 roborata
3669 3351 3824 3420 (Isai.

2165 3460 2330 3507 xxxv,
2354 3442 2430 3512 3).
2466 3464 2492 3490 ››
2515 3441 2764 3497 Gressus
2787 3440 3056 3511 rectos,id
3087 3446 3195 3507 est,
3229 3457 3470 3496 sensus:
3500 3439 3661 3495 unde
3684 3439 3832 3494 dicit

2167 3532 2488 3604 Propheta:
2517 3530 2727 3586 «Beati
2759 3529 3121 3586 immaculati
3145 3530 3202 3584 in
3234 3529 3348 3596 via,
3374 3529 3478 3601 qui
3510 3528 3832 3584 ambulant

2168 3621 2228 3674 in
2287 3619 2413 3692 lege
2478 3618 2707 3674 Domini
2764 3621 2929 3687 (Psal.
2990 3635 3182 3685 cxvm,
3247 3617 3320 3688 1).
3383 3640 3410 3665 »
3473 3617 3604 3672 Non
3666 3612 3826 3670 clau-

2169 3708 2392 3775 dicans,
2425 3713 2490 3762 ut
2519 3707 2630 3763 alio
2662 3707 2786 3764 loco
2817 3707 2959 3763 dicit
2991 3725 3004 3763 :
3043 3727 3070 3760 α
3100 3707 3248 3773 Quid
3281 3705 3633 3762 claudicatis
3663 3705 3821 3760 inter

2172 3814 2283 3852 me.
2313 3801 2368 3852 et
2399 3796 2581 3851 Baal?
2615 3817 2642 3845 υ
2674 3799 2773 3865 (ΙΙΙ
2801 3798 2924 3867 Reg.
2957 3813 3118 3862 xvm,
3150 3796 3264 3865 21.)
3288 3794 3477 3866 Magis
3509 3800 3708 3850 autem
3740 3809 3834 3849 sa.

2171 3891 2344 3941 netur
2373 3902 2384 3941 :
2417 3903 2484 3940 ac
2516 3884 2566 3941 si
2615 3885 2772 3940 dicat
2805 3903 2818 3941 :
2852 3885 2960 3952 Qui
3008 3902 3122 3940 non
3174 3884 3358 3945 credit
3401 3887 3586 3952 recte,
3617 3882 3834 3937 melius

2171 3979 2280 4040 est,
2312 3979 2378 4030 ut
2426 3974 2679 4039 firmius,
2712 3979 2770 4028 et
2819 3973 3087 4029 tenacius
3137 3973 3380 4028 credat:
3429 3976 3498 4027 ut
3548 3972 3832 4027 omnibus

2171 4063 2364 4118 modis
2395 4061 2837 4134 consequamini
2874 4061 3247 4117 medicinam.

2253 4173 2279 4204 α
2309 4153 2515 4206 Pacem
2548 4151 2863 4222 sequimini
2908 4167 3042 4206 cum
3074 4149 3368 4213 omnibus,
3402 4154 3462 4203 et
3506 4149 3828 4204 sanctimo-

2176 4241 2357 4309 niam,
2389 4240 2515 4295 sine
2548 4257 2664 4312 qua
2687 4256 2855 4295 nemo
2884 4239 3103 4295 videbit
3133 4239 3382 4294 Deum.»
3405 4238 3679 4294 Plurima
3697 4236 3828 4309 qui-

2175 4331 2304 4385 dem
2338 4335 2630 4400 sunt,quaa
2653 4328 3461 4397 formam,discretionemque
3485 4325 3833 4382 Christiani-

2173 4420 2310 4476 tatis
2356 4419 2674 4474 ostendunt
2716 4435 2728 4473 :
2783 4419 2883 4473 sed
2934 4417 3067 4488 plus
3112 4417 3408 4484 omnibus,
3468 4433 3537 4471 ac
3590 4415 3831 4479 melius,

415 4499 622 4554 futura:
669 4493 1064 4567 jucunditatis
1113 4493 1367 4548 detrahit
1424 4493 1693 4564 praesenti
1743 4492 2061 4557 tristitiam,
2094 4513 2140 4576 Ι)
2172 4508 2474 4563 οιιειςίωιίε
2524 4512 2739 4562 mutua,
2784 4508 3049 4576 affectus,
3082 4510 3138 4560 et
3179 4521 3308 4577 pax,
3339 4522 3464 4575 qua
3513 4504 3832 4560 hominum

415 4585 542 4644 ΝΟῙῙ
592 4585 747 4640 enim
790 4583 1034 4649 ῒτίεῐᾶνίν
1066 4582 1114 4637 εί
1147 4599 1277 4637 cum
1332 4581 1461 4653 ipsa
1489 4579 1803 4651 diSCiPIina
1850 4580 2065 4651 injuria
2173 4597 2349 4652 corda
2378 4596 2690 4652 consociat.
2742 4595 3050 4666 Propterea
3097 4594 3273 4650 etiam
3321 4593 3594 4649 Christus
3633 4592 3830 4648 dixit:

419 4675 498 4730 sit
528 4691 540 4728 :
577 4675 800 4730 fructus
818 4677 1011 4728 tamen
1039 4672 1241 4726 reddet
1263 4669 1553 4725 dulciores
1580 4687 1591 4724 :
1620 4675 1820 4740 postea
1842 4675 2063 4736 autem,

419 4763 634 4834 inquit,
665 4763 920 4818 fructum
951 4759 1396 4832 pacatissimum
1428 4759 1758 4814 exercitatis
1780 4775 1882 4830 per
1911 4776 2063 4825 eam,

423 4852 628 4909 reddet
646 4850 889 4922 justitiae
921 4865 934 4905 :
972 4866 1088 4904 non
1119 4849 1396 4918 fructum,
1420 4849 1522 4904 sed
1556 4848 1857 4903 fructuum
1891 4848 2069 4905 abun-

419 4939 681 4997 dantiam
728 4954 1120 4994 numerosam.
1174 4937 1282 5001 Qui
1330 4954 1433 5010 per
1471 4953 1599 4992 eam
1650 4936 2065 4993 exercitantur.

418 5031 572 5086 Bene
601 5027 756 5085 enim
789 5026 952 5094 dixit,
979 5026 1078 5099 qui
1105 5043 1204 5097 per
1225 5044 1352 5082 eam
1378 5026 1788 5097 exercitantur,
1823 5026 1930 5081 hoc
1960 5031 2068 5095 est,

416 5119 517 5190 qui
575 5116 830 5174 tolerant
877 5115 1131 5188 plurimo
1183 5120 1443 5188 tempore
1504 5116 1812 5188 patienter.
1865 5115 2072 5170 Postea

419 5213 617 5266 autem
649 5207 904 5264 fructum
927 5202 1234 5275 accipient,
1256 5204 1426 5273 idest,
1447 5208 1760 5276 postquam
1794 5220 2070 5259 consum-

495 5423 681 5563 21465)
712 5421 978 5477 Fortasse
1007 5435 1245 5476 amores.

524 5494 681 5563 1466)
744 5494 805 5548 ln
868 5491 994 5548 eod.
1056 5493 1245 5548 insoliu

501 5489 681 5566 (11166)
744 5494 805 5566 ln
868 5491 994 5548 eod.
1056 5493 1318 5566 insoluta,
1379 5490 1534 5562 quod
1578 5505 1648 5545 ex
1691 5489 2072 5560 sequentibus

429 5564 866 5622 emendandum
896 5563 1254 5622 censuimus.

2179 4708 2206 4736 ‹‹
2241 4687 2443 4741 Pacem
2480 4702 2669 4739 meam
2719 4685 2792 4738 do
2821 4684 2984 4739 vobis
3013 4685 3195 4755 (Joan.
3226 4699 3343 4751 xxv,
3371 4683 3488 4750 27).
3521 4707 3550 4732 ››
3607 4683 3676 4737 Et
3725 4683 3832 4737 ite-

2180 4793 2353 4831 rum:
2391 4795 2412 4825 ι
2449 4774 2511 4829 In
2542 4773 2652 4828 hoc
2698 4777 3051 4845 cognoscent
3095 4789 3319 4842 omnes,
3364 4771 3506 4843 quia
3554 4771 3832 4844 discipuli

2180 4863 2294 4919 mei
2325 4862 2504 4918 estis:
2539 4862 2588 4917 si
2633 4861 2948 4918 dilexeritis
2987 4861 3233 4916 invicem
3283 4861 3463 4932 (Joan.
3493 4877 3624 4926 xm,
3657 4862 3766 4928 35).
3797 4881 3828 4910 »

2181 4953 2490 5024 Propterea
2519 4951 2692 5008 etiam
2743 4950 3058 5023 Apostolus
3090 4967 3104 5004 :
3137 4951 3365 5020 Pacem,
3397 4949 3619 5022 inquit,
3645 4954 3832 5005 secta-

2182 5042 2324 5096 mini
2356 5057 2489 5096 cum
2522 5040 2817 5110 omnibus,
2852 5045 2909 5095 et
2958 5038 3409 5108 sanctimoniam
3441 5037 3511 5110 (ΙΙ
3544 5040 3674 5096 Cor.
3707 5055 3833 5104 xm,

2183 5131 2291 5201 11),
2321 5130 2428 5185 hoc
2457 5133 2564 5196 est,
2599 5145 2859 5199 corpore,
2893 5132 2949 5184 et
2977 5129 3213 5199 spiritu,
3249 5132 3329 5192 ut,
3365 5150 3392 5177 ‹‹
3425 5127 3586 5182 beati
3611 5128 3832 5182 mundo

2181 5219 2374 5291 corde,
2399 5217 2676 5290 quoniam
2700 5217 2812 5290 ipsi
2839 5217 3022 5274 Deum
3054 5216 3337 5272 videbunt
3356 5215 3570 5287 (Matth.
3603 5233 3662 5287 v,
3695 5217 3771 5288 8).
3802 5237 3827 5264 ι)

2183 5490 2204 5542 ι
2253 5415 2437 5486 (1467)
2483 5415 2749 5471 Fortasse
2787 5416 3016 5486 recipiet
3061 5413 3370 5480 meliorem,
3400 5411 3458 5467 id
3520 5417 3635 5479 est,
3680 5414 3830 5482 [ruc-

2205 5502 2318 5542 um.

2205 5502 2318 5542 um.
