4062 6186
230 282 353 363 821

817 279 1230 342 EXPOSI'I‘IO
1276 281 1354 341 IN
1398 276 1822 340 EPISTOLAS
1870 275 2130 365 PAULI.
2166 306 2239 319 -—
2273 277 2353 337 IN
2398 278 2652 339 EPIST.
2700 278 2805 336 AD
2852 278 3101 341 HEBR.

3556 287 3674 346 822

228 415 377 471 Sine
409 432 545 489 qua,
576 413 632 469 id
685 417 794 477 est,
829 413 954 469 sine
1000 430 1139 485 pace
1170 419 1226 468 et
1274 412 1681 476 sanctimonia,
1716 424 1884 464 nemo
1914 407 1969 474 Α
1999 425 2099 480 per
2128 410 2478 479 patientiam
2510 410 2734 467 exstitit
2764 410 3022 481 primus,
3056 414 3156 471 ille
3186 433 3318 475 vero
3350 435 3450 489 per
3488 418 3672 493 negli-

228 505 457 559 videbit
489 506 683 559 Deum.

307 616 339 643 ‹‹
372 590 842 662 Contemplantes
870 607 940 644 ne
972 589 1104 661 quis
1137 591 1290 645 desit
1312 590 1507 662 gratiae
1539 590 1639 644 Dei
1668 607 1719 655 ;››
1742 587 1893 641 sicut

229 682 293 737 in
340 680 692 753 quibusdam
750 679 1049 733 codicibus
1099 678 1351 735 habetur
1404 679 1608 751 (1468).
1659 678 1768 732 Sed
1824 693 1892 731 ne

226 772 370 843 quis
403 771 551 825 desit
582 768 777 840 gratiae
800 768 1011 833 Dei,sic
1043 784 1180 822 cum
1214 771 1297 823 eis
1320 769 1887 839 loquitur,tanquam

226 875 369 914 cum
420 859 508 912 his
558 856 652 928 qui
708 872 837 910 cum
886 872 1128 909 numero
1161 862 1219 911 et
1268 856 1548 911 comitatu
1600 856 1888 910 viatorum

225 948 415 1020 longa
446 947 651 1002 itinera
683 949 981 1017 permeant
1009 944 1216 1012 ;veluti
1250 946 1297 1001 si
1329 946 1889 1000 diceret:Attendite

226 1038 402 1092 vobis
434 1053 501 1091 ne
532 1035 662 1107 quis
712 1040 966 1089 vestrum
1000 1041 1320 1090 remaneat.
1353 1035 1475 1089 Non
1511 1035 1614 1089 hoc
1657 1040 1887 1089 tantum

234 1126 495 1198 requiro,
530 1128 592 1178 ut
620 1140 721 1178 vos
753 1123 860 1177 soli
890 1123 1364 1194 perveniatis,sed
1401 1124 1575 1177 etiam
1610 1128 1675 1177 ut
1708 1122 1887 1191 inspi-

228 1215 405 1271 ciatis
434 1220 489 1269 et
518 1216 777 1279 cmteros,
814 1229 885 1267 ne
918 1212 1555 1283 quis,inquit,vestrum
1590 1213 1731 1265 detit
1762 1226 1891 1281 gra-

230 1306 329 1359 tias
364 1304 478 1359 Dei.
513 1302 769 1358 Gratiam
804 1301 904 1356 Dei
937 1301 1079 1355 dicit
1109 1300 1891 1371 tidem,spem,charitatem,

231 1397 292 1449 et
322 1392 596 1464 optimam
630 1390 1275 1446 conversationem.Seu
1310 1391 1493 1462 gratia
1524 1390 1622 1443 Dei
1654 1395 1742 1443 est
1770 1405 1894 1458 qua

231 1481 402 1537 nobis
433 1482 726 1535 donantur
758 1486 1014 1552 peccata,
1048 1484 1115 1534 ut
1142 1480 1583 1535 reconciliemur
1614 1479 1747 1541 Deo,
1776 1493 1897 1548 pax

232 1575 429 1627 autem
462 1586 577 1641 qua
602 1570 1049 1625 reconciliamur
1079 1570 1198 1624 Deo
1231 1567 1646 1639 (1469).0mnia
1670 1567 1895 1639 quippe

235 1660 337 1716 Dei
369 1663 505 1715 sunt
555 1660 775 1731 gratiae.
838 1660 951 1714 Nec
1011 1658 1174 1713 dicas
1233 1658 1371 1728 quia
1429 1674 1581 1712 unus
1637 1662 1724 1712 est
1782 1656 1891 1727 qui

2002 498 2261 569 gentiam
2295 506 2651 572 postremus.
2687 500 2754 553 Et
2782 499 2939 571 ideo,
2974 510 3271 574 quantum
3305 507 3375 561 ad
3407 509 3672 579 praeﬁgu-

2002 586 2289 644 rationem
2339 590 2612 661 pertinet,
2645 587 2949 660 primitiva
3001 599 3209 649 nostra
3238 600 3397 660 sunt,
3430 612 3542 650 non
3572 596 3672 651 Ju-

2003 678 2550 734 daeorum.Videtur
2578 678 2739 733 enim
2772 679 2919 735 mihi
2955 684 3094 753 quia
3127 684 3418 755 significat
3448 684 3675 755 aliquos

2001 766 2151 821 inter
2181 767 2316 823 illos
2347 769 2448 840 qui
2481 768 2595 823 sub
2627 766 2739 821 hoc
2770 767 2908 823 vitio
2953 770 3356 829 fornicationis
3385 775 3672 844 iacebant,

2000 872 2149 927 quos
2176 863 2373 913 tamen
2397 856 2635 930 publice
2655 857 2891 913 nolebat
2914 876 3161 931 arguere
3178 880 3189 928 ;
3206 863 3305 918 sed
3326 864 3494 935 fingit
3513 864 3676 933 igno-

2002 946 2217 1013 rantia,
2256 953 2459 1017 postea
2492 962 2651 1015 vero,
2686 945 2733 999 si
2766 950 3189 1019 perstitissent,
3222 957 3360 1006 tunc
3383 953 3506 1023 jam
3540 969 3676 1008 con-

2001 1035 2225 1089 veniret
2256 1034 2745 1106 increpare.lnde
2776 1040 2867 1089 est
2897 1038 3057 1092 enim
3091 1040 3246 1110 quod
3276 1042 3337 1096 in
3370 1042 3679 1113 sequentia

2002 1123 2182 1193 hujus
2231 1124 2501 1195 Epistolas
2545 1123 2729 1195 (Hebr.
2782 1141 2908 1192 xm,
2961 1128 3011 1195 4)
3060 1130 3243 1183 dicit:
3278 1130 3678 1186 Fornicatores

2004 1211 2184 1275 enim,
2219 1212 2842 1281 adulterosjudicabit
2874 1215 3051 1271 Deus.
3086 1218 3152 1272 Et
3182 1218 3240 1272 in
3274 1219 3467 1290 capite
3498 1219 3679 1291 hujus

2005 1303 2333 1357 sententiae:
2360 1307 2571 1355 Pacem
2605 1302 2922 1372 sequimini
2959 1310 3015 1359 et
3044 1308 3679 1365 sanctimoniam.Esau

2004 1406 2137 1445 vero
2196 1392 2325 1445 ideo
2384 1390 2800 1445 fornicatorem
2858 1401 3283 1452 commemorat
3338 1400 3677 1471 Apostolus,

2007 1480 2146 1550 quia
2178 1485 2380 1535 contra
2427 1480 2795 1535 voluntatem
2850 1483 3035 1553 patris
3067 1502 3274 1541 uxores
3315 1486 3679 1561 alienigenas

2006 1569 2191 1625 duxit.

2077 1682 2104 1709 ‹‹
2139 1659 2353 1714 Scitote
2385 1659 2545 1714 enim
2579 1658 2860 1730 quoniam
2894 1666 2954 1716 et
2982 1668 3182 1733 postea
3212 1665 3459 1737 cupiens
3492 1667 3677 1723 heare-

230 1747 423 1821 periit.
486 1749 713 1804 Etenim
776 1752 1013 1818 propter
1071 1763 1255 1801 unum
1318 1752 1583 1800 mortuus
1640 1751 1745 1801 est.
1798 1747 1886 1800 Tu
1920 1781 1968 1846 B
2000 1749 2191 1803 ditare
2224 1748 3072 1820 benedictionem,reprobatus
3102 1758 3227 1821 est;
3262 1772 3381 1810 non
3413 1756 3573 1812 enim
3594 1756 3682 1812 in-

230 1854 370 1908 ergo
404 1837 667 1909 negligis,
701 1844 939 1908 propter
969 1852 1145 1905 quem
1178 1835 1448 1890 Christus
1489 1835 1762 1906 dignatus
1794 1838 1886 1889 est

234 1928 409 1982 mori.

309 2038 331 2063 ι
372 2014 861 2087 Contemplantes.
919 2034 946 2061 »
996 2012 1207 2083 inquit,
1261 2012 1368 2066 hoc
1418 2016 1524 2081 est,
1574 2012 1885 2084 diligenter

230 2108 580 2169 scrutantes,
612 2108 668 2157 et
713 2103 1038 2167 visitantes,
1069 2106 1127 2155 et
1158 2106 1558 2172 agnoscentes,
1591 2123 1619 2149 ‹‹
1653 2118 1723 2155 ne
1767 2118 1883 2171 qua

231 2193 397 2248 radix
422 2192 831 2247 amaritudinis
864 2207 1101 2246 sursum
1134 2189 1472 2259 germinans
1504 2190 1801 2261 impediat,
1828 2195 1883 2244 et

229 2298 335 2355 per
379 2281 538 2337 illam
584 2282 971 2353 inquinentur
1018 2278 1208 2333 multi.
1257 2301 1285 2329 »
1333 2278 1461 2332 Non
1510 2278 1662 2332 enim
1715 2279 1879 2343 dixit,

229 2371 397 2426 radix
427 2376 647 2439 ama‘ra,
682 2368 1249 2437 sed,aniaritudinis.
1284 2368 1465 2423 Radix
1496 2369 1651 2421 enim
1686 2384 1885 2421 amara

226 2464 422 2532 potest
454 2460 679 2513 fructus
709 2458 911 2513 dulces
940 2458 1206 2525 efﬁcere;
1238 2457 1647 2512 amaritudinis
1687 2462 1881 2512 autem

225 2549 416 2614 radix,
445 2549 533 2603 vel
588 2549 737 2614 fons,
774 2546 861 2602 vel
919 2545 1307 2618 propositum,
1343 2563 1643 2617 nunquam
1696 2552 1886 2617 potest

228 2637 458 2708 aliquid
483 2635 656 2691 dulce
675 2635 1162 2707 propagare,quia
1182 2635 1380 2690 omnia
1404 2636 1481 2689 ibi
1506 2652 1705 2689 amara
1726 2641 1882 2703 sunt,

231 2725 433 2780 omnia
465 2723 941 2791 molesta,omnia
970 2722 1185 2778 scelere
1214 2730 1271 2778 et
1302 2724 1733 2779 abominatione
1764 2742 1888 2795 pes-

228 2815 385 2869 sima
418 2830 431 2866 :
469 2812 616 2867 nihil
656 2813 964 2868 suavitatis
1007 2813 1093 2867 vel
1120 2813 1511 2883 jucunditatis
1558 2818 1884 2884 apportant.

226 2904 301 2958 Et
334 2920 435 2974 per
465 2902 650 2967 illam,
676 2902 889 2972 inquit,
921 2901 1306 2973 inquinentur
1337 2901 1673 2972 multi,quia
1705 2926 1728 2950 Α
1767 2919 1887 2957 mo-

227 2992 430 3048 dicum
464 2992 819 3047 fermentum
848 2995 1028 3045 totam
1062 3007 1319 3045 massam
1347 2991 1668 3061 corrumpit
1692 2994 1739 3061 (Ι
1766 2992 1884 3045 Cor.

224 3099 283 3150 v,
315 3082 350 3135 6
380 3099 394 3148 ;
429 3080 729 3149 ϐαι.ν,9).››
759 3080 882 3134 Non
916 3083 1151 3150 propter
1179 3079 1343 3132 illum
1377 3078 1566 3133 solum
1602 3081 1708 3135 hoc
1738 3081 1884 3147 volo,

228 3171 292 3225 in
325 3187 441 3242 quo
472 3168 757 3239 iniquitas
791 3168 1004 3222 poterit
1031 3167 1295 3229 inveniri,
1318 3168 1417 3221 sed
1448 3169 1624 3222 etiam
1658 3174 1890 3240 propter
1920 3148 1961 3213 C

228 3258 529 3314 lazsionem
556 3275 681 3329 quae
715 3256 925 3327 poterit
955 3274 1023 3311 ex
1048 3256 1206 3311 illius
1240 3259 1556 3329 propagine
1580 3258 1890 3329 pullulare,

228 3349 343 3403 hoc
378 3352 486 3412 est,
522 3352 588 3401 ut
622 3346 670 3401 si
698 3346 895 3417 aliqua
925 3345 1060 3400 talis
1086 3346 1259 3400 fuerit
1285 3347 1703 3417 radix,nullum
1737 3364 1803 3401 ex
1825 3363 1892 3401 ea

229 3437 589 3509 permittatis
620 3451 855 3505 germen
901 3451 1231 3505 exsurgere,
1267 3436 1363 3489 sed
1401 3437 1696 3490 recidetur
1725 3442 1888 3491 ante-

231 3541 414 3597 quam
448 3524 591 3579 alios
623 3523 1074 3593 polluat.Merito
1103 3524 1256 3578 enim
1289 3541 1555 3579 amarum
1589 3525 1731 3578 dixit
1762 3542 1889 3580 esse

230 3618 559 3686 peccatum.
584 3613 729 3667 Vere
761 3612 918 3667 enim
953 3618 1188 3683 peccato
1221 3613 1365 3667 nihil
1395 3615 1654 3669 amarius
1686 3616 1750 3668 Et
1783 3616 1888 3669 hoc

230 3707 453 3759 norunt
482 3702 579 3772 qui
629 3706 761 3772 post
793 3701 1120 3756 admissum
1174 3708 1474 3773 peccatum
1525 3703 1888 3757 conscientia:

231 3806 483 3846 maerore
514 3794 967 3855 macerantur,et
998 3789 1125 3843 dira
1156 3791 1298 3843 satis
1330 3791 1720 3846 amaritudine
1752 3808 1886 3845 con-

230 3883 575 3937 sumuntur.
608 3878 957 3932 Amaritudo
1010 3879 1223 3949 quippe
1252 3879 1443 3933 delicti
1474 3881 1668 3950 ipsum
1721 3881 1887 3934 intel-

230 3970 449 4025 lectum
482 3968 886 4038 rationemque
938 3966 1245 4037 aliquoties
1288 3969 1592 4033 subvertit,
1626 3969 1779 4023 sicut
1828 3970 1885 4023 in

231 4057 732 4129 consequentibus
765 4056 833 4110 de
865 4057 1013 4110 Esau
1045 4055 1295 4127 legimus
1329 4057 1565 4111 factum.

308 4171 337 4195 ι(
371 4147 451 4201 Ne
483 4146 615 4217 quis
643 4145 977 4212 fornicator,
1012 4150 1113 4198 aut
1143 4146 1441 4215 profanus,
1479 4151 1542 4199 ut
1584 4147 1752 4213 Esau,
1787 4148 1885 4217 qui

232 4239 472 4308 propter
493 4250 669 4289 unam
702 4250 894 4288 escam
919 4234 1180 4288 vendidit
1203 4232 1593 4306 primogenita
1614 4236 1883 4303 sua(Gen.

231 4341 370 4389 xxv,
400 4324 511 4393 33).
552 4346 579 4372 »
612 4322 896 4377 Profanus
945 4322 1162 4375 dieitur
1193 4323 1367 4376 castri
1398 4340 1636 4394 margus
1683 4324 1884 4395 (1470),

232 4430 341 4470 seu
374 4418 430 4468 et
459 4414 555 4484 qui
589 4411 727 4466 utile
760 4427 861 4482 pro
908 4409 1101 4464 inutili
1136 4410 1415 4465 vendidit.
1446 4416 1553 4465 Per
1592 4414 1884 4482 prepriam

1998 1838 2162 1893 venit
2193 1837 2548 1909 poenitentiae
2599 1836 2817 1907 locum,
2853 1854 3192 1910 quanquam
3224 1858 3359 1898 cum
3397 1844 3678 1919 lacrymis

1994 1925 2345 1996 inquisisset
2375 1941 2529 1981 eam.
2568 1948 2595 1974 ››
2628 1926 2913 1997 Superius
2962 1928 3329 1986 demonstrat
3358 1950 3467 1988 cur
3494 1935 3676 1991 bene-

1993 2014 2311 2068 dictionem
2346 2014 2695 2069 haareditare
2716 2015 2964 2085 cupiens
2995 2019 3345 2088 reprobatus
3377 2022 3539 2092 sit,et
3569 2040 3675 2078 cur

1993 2103 2183 2157 locum
2218 2118 2333 2157 non
2368 2102 2713 2171 invenisset,
2749 2108 2813 2157 ut
2837 2104 3016 2159 Jacob
3049 2108 3229 2161 frater
3259 2126 3408 2164 suus
3435 2135 3450 2175 ς
3483 2128 3673 2183 quan—

1993 2209 2170 2263 quam
2205 2192 2362 2246 enim
2395 2207 2533 2245 cum
2574 2191 2850 2263 lacrymis
2883 2192 3231 2265 inquisisset
3260 2213 3415 2269 eam,
3440 2201 3569 2271 jam
3602 2201 3675 2256 ad

1990 2280 2161 2336 illum
2195 2280 2387 2334 locum
2422 2280 2851 2336 benedictionis
2884 2298 2999 2337 non
3032 2285 3226 2354 potuit
3254 2290 3587 2357 pervenire,
3613 2292 3679 2345 ut

1991 2358 2172 2423 frater
2222 2362 2386 2423 suus.
2420 2369 2546 2423 Non
2593 2370 2749 2423 enim
2784 2369 2879 2425 hic
2930 2372 3339 2442 pmnitentiam
3393 2378 3674 2435 excludit.

1992 2457 2262 2528 Alioquin
2295 2459 2343 2511 si
2390 2456 2793 2527 pmnitentiam
2827 2460 3189 2531 damnasset,
3218 2467 3520 2533 quomodo
3573 2485 3674 2524 su-

1997 2547 2194 2619 pcrius
2214 2561 2421 2616 segnes
2440 2546 2781 2601 admoneret
2807 2551 2863 2600 et
2880 2547 3298 2605 adhortaretur
3318 2553 3347 2607 ?
3372 2557 3676 2620 Quomodo

1997 2636 2239 2691 claudos
2271 2635 2589 2693 eit'ectos.et
2624 2636 3108 2707 remissos,atque
3139 2638 3555 2715 solutos,quod
3586 2653 3677 2702 est

1998 2725 2178 2779 ruina:
2211 2723 2587 2794 principium,
2624 2736 2686 2779 ut
2716 2725 3018 2795 erigantur
3047 2726 3373 2787 invitaret?
3394 2734 3485 2789 sic
3515 2736 3673 2790 enim

1997 2813 2255 2884 culpavit
2270 2813 2652 2883 semetipsum
2666 2814 2744 2869 .Si
2764 2814 3083 2885 gemitibus
3101 2820 3342 2890 magnis
3360 2821 3673 2895 ingemuit,

1998 2920 2103 2956 cur
2131 2901 2475 2972 paenitentia
2530 2901 2724 2956 locum
2758 2919 2871 2955 non
2906 2903 3122 2957 meruit
3168 2905 3484 2967 invenire?
3514 2918 3674 2979 Quo-

2001 2991 2156 3045 niam
2192 3007 2303 3043 non
2326 2996 2450 3044 erat
2481 2990 2831 3060 paenitentia)
2856 2990 3452 3064 illa‘salutaris,sicut
3481 3008 3539 3057 et
3570 3003 3672 3056 tri-

2002 3080 2161 3135 stitia
2193 3078 2331 3133 Cain
2381 3095 2493 3133 non
2523 3096 2590 3133 ex
2622 3078 2963 3150 poenitentia
3015 3079 3433 3143 descendebat.
3466 3090 3533 3144 Et
3572 3090 3669 3145 hic

2000 3169 2154 3224 enim
2188 3168 2412 3221 occasio
2444 3168 2639 3221 fratris
2671 3167 2944 3237 apparuit
2974 3169 3181 3241 (1471).
3217 3174 3370 3236 Quid
3403 3192 3541 3249 ergo
3573 3179 3667 3233 di-

2001 3258 2211 3323 cimus,
2268 3256 2378 3311 nisi
2421 3257 2559 3326 quia
2609 3273 2723 3309 non
2772 3256 3043 3326 pmnituit
3073 3265 3139 3312 ut
3186 3267 3507 3321 convenit?
3540 3269 3665 3323 Haec

2000 3346 2155 3401 enim
2192 3344 2529 3416 poenitentia
2560 3345 2743 3414 (1472)
2774 3349 2840 3397 ut
2871 3353 3267 3415 congruenter
3296 3356 3665 3423 geratur.La-

2000 3451 2209 3507 crymce
2243 3435 2457 3505 quippe
2483 3432 2591 3487 illa:
2624 3450 2736 3487 non
2767 3437 2934 3487 erant
2958 3434 3445 3505 pmnitentiaa,sed
3478 3445 3661 3500 animi

1999 3524 2252 3588 violenti,
2285 3530 2343 3578 et
2393 3521 2831 3593 indignationis,
2881 3523 3035 3593 quod
3089 3540 3158 3579 ex
3207 3528 3340 3597 ejus
3387 3534 3661 3603 operibus

2000 3614 2274 3684 aperitur.
2330 3612 2436 3675 Qui
2486 3612 2800 3665 exstimant
2852 3610 3143 3682 impunita
3192 3632 3496 3676 remanere
3526 3638 3658 3693 pec-

1998 3702 2520 3768 cata,considerent
2549 3706 2605 3755 et
2633 3701 2938 3756 attendant
2969 3718 3074 3755 cur
3103 3703 3255 3760 Esau
3277 3708 3508 3766 veniam
3540 3728 3655 3767 non

2000 3791 2191 3862 potuit
2220 3790 2480 3860 adipisci.
2517 3790 2663 3853 Quia
2692 3789 2959 3844 videlicet
2989 3808 3104 3845 non
3137 3796 3415 3863 pmnituit
3462 3803 3527 3853 ut
3555 3801 3657 3855 de—

1999 3880 2144 3933 buit.
2206 3878 2307 3931 Vis
2357 3878 2550 3932 videre
2598 3878 2882 3947 integram
2944 3880 3370 3951 paenitentiam,
3423 3888 3655 3943 adverte

1998 3969 2257 4031 Petrum,
2291 3967 2544 4037 qualiter
2584 3965 2936 4035 pmnituerit,
2972 3973 3288 4038 postquam
3343 3982 3655 4044 negaverat

1997 4057 2311 4110 Christum.
2348 4056 2601 4109 Narrans
2656 4070 2910 4126 namque
2942 4056 3108 4110 nobis
3141 4060 3498 4130 evangelista
3522 4064 3652 4133 ejus

1997 4144 2298 4198 historiam
2336 4160 2347 4198 :
2383 4145 2451 4197 Et
2480 4142 3168 4215 exiens,inquit,ploravit
3199 4163 3397 4203 amare
3427 4151 3647 4219 (Matth.

1997 4251 2148 4299 xxvr,
2182 4235 2289 4299 7:3;
2322 4236 2451 4287 Luc.
2502 4248 2639 4297 xxu,
2672 4233 2783 4301 62).
2819 4232 3036 4287 Idcirco
3065 4232 3146 4287 illi
3199 4237 3512 4293 remissum
3562 4244 3653 4295 est

1998 4328 2117 4376 tam
2152 4324 2368 4394 grande
2412 4326 2735 4392 peccatum,
2769 4322 2908 4391 quia
2937 4321 3090 4376 sicut
3118 4323 3319 4379 debuit
3366 4326 3649 4397 pmniten-

1996 4410 2139 4466 tiam
2169 4411 2310 4483 egit.
2352 4411 2546 4465 Potest
2576 4410 2812 4480 quidem
2861 4416 2917 4465 et
2949 4410 3078 4465 ideo
3111 4412 3184 4466 ab
3215 4415 3488 4484 Apostolo
3519 4431 3649 4471 esse

234 4504 397 4559 enim
419 4500 833 4572 negligentiam
860 4498 1308 4571 etcupiditatem
1326 4500 1586 4555 vendidit
1606 4500 1885 4557 honorem
1918 4518 1964 4581 D
1996 4501 2241 4566 dictum,
2276 4504 2340 4554 ut
2387 4498 2567 4570 aliqui
2599 4504 2928 4566 autumant,
2967 4505 3031 4553 ut
3080 4502 3191 4555 sub
3230 4504 3389 4572 gravi
3438 4504 3647 4561 timore

235 4607 413 4664 quem
442 4607 475 4645 a
502 4590 618 4645 Deo
667 4594 1021 4660 perceperat,
1055 4594 1110 4642 et
1142 4606 1242 4659 pro
1276 4607 1450 4661 parva
1481 4589 1723 4644 libidine
1764 4608 1882 4645 ma-

235 4696 421 4753 gnum
468 4678 748 4733 honorem
779 4682 836 4731 et
876 4694 1149 4749 magnam
1180 4677 1422 4749 gloriam
1474 4679 1744 4751 perdidit.
1778 4685 1887 4735 Pru

236 4767 545 4823 dilectione
570 4767 724 4822 enim
756 4766 1170 4837 temporalium
1204 4783 1397 4821 rerum
1432 4786 1621 4840 usque
1651 4769 1721 4823 ad
1754 4786 1886 4823 ven-

241 4857 432 4912 denda
460 4856 757 4928 primitiva
782 4872 889 4910 sua
938 4860 1218 4926 pervenit.
1254 4857 1381 4911 Ideo
1415 4858 1637 4927 primus
1669 4864 1889 4929 postre-

238 4963 374 5002 mus
403 4944 643 5001 effectus
674 4948 786 5010 est,
819 4948 876 5000 et
905 4942 1199 4999 secundus
1249 4946 1471 5001 exstitit
1499 4949 1743 5017 primus.
1776 4952 1892 5004 Iste

336 5088 493 5170 149‘?)
524 5088 607 5170 lia
633 5088 683 5170 Υ
690 5086 805 5170 “.18-

339 5156 815 5239 1469)‘Definitio
866 5159 981 5239 harp
1028 5156 1225 5239 gratia:
1267 5162 1324 5211 et
1376 5159 1534 5239 pacis
1565 5158 1782 5229 pluries
1833 5162 1890 5239 in

244 5228 913 5359 gemmentcmterarum
942 5228 1356 5301 Epistolarum,
1380 5228 1635 5285 maxime
1657 5248 1788 5285 vero
1820 5234 1891 5287 ad

295 5319 558 5359 omanos.

295 5319 558 5359 omanos.

314 5375 498 5445 (1470)
531 5373 678 5439 Quid
712 5372 817 5427 hoc
849 5372 959 5427 sibi
989 5372 1147 5440 velit,
1178 5373 1378 5438 fateor,
1412 5372 1755 5443 ignorc,nisi
1789 5374 1894 5428 t'or-

242 5451 402 5503 tasse
432 5445 764 5517 legendum,
800 5446 919 5497 loco
950 5446 1137 5517 castri,
1162 5462 1411 5513 margus,
1445 5446 1611 5516 quasi
1646 5462 1892 5514 margus,

244 5516 1003 5591 seugrzecepaipvoctquod
1035 5516 1334 5591 stolidum,
1369 5517 1771 5591 insanum,seu
1804 5534 1895 5591 ve-

244 5587 483 5649 cordem
520 5587 731 5665 μάργὸξ
760 5587 989 5657 referat,
1009 5592 1074 5645 ut
1103 5588 1182 5645 ibi
1214 5587 1361 5662 pene
1389 5589 1666 5647 stolidum
1696 5589 1895 5645 vendi-

1995 4590 2347 4661 deprimeret
2375 4604 2492 4656 eos,
2524 4604 2595 4642 ne
2627 4588 2873 4643 ulterius
2901 4589 3176 4644 caderent
3204 4589 3262 4643 in
3295 4590 3527 4662 lapsum
3559 4593 3644 4648 fa-

1998 4680 2214 4734 cinoris
2239 4698 2251 4747 ;
2277 4678 2453 4733 veluti
2485 4678 2535 4732 si
2567 4676 2965 4747 diceretzquia
2995 4677 3096 4748 qui
3126 4678 3646 4747 ceciderit,nullam

2000 4768 2456 4824 consolationem
2490 4766 2695 4819 mereri
2719 4766 2844 4835 jam
2876 4765 3107 4836 poterit.

2072 4860 2255 4929 (1473)
2289 4880 2316 4908 ‹‹
2370 4855 2493 4909 Non
2552 4853 2709 4907 enim
2762 4855 3089 4910 accessistis
3146 4857 3218 4911 ad
3276 4859 3644 4916 tractabilem

1999 4948 2183 5016 (1474)
2215 4951 2272 5001 et
2299 4942 2700 4999 accessibilem
2740 4942 2955 5015 [Vulg.,
2982 4947 3388 5018 accensibilem]
3425 4948 3644 5020 ignem,

2002 5097 2188 5146 torem
2220 5086 2465 5143 voluerit
2497 5085 2825 5157 significare
2852 5087 3005 5143 Esau
3041 5089 3241 5145 fuisse.

2074 5162 2256 5233 (1471)
2290 5157 2895 5233 Fortasselegendum
2931 5178 2946 5212 :
2981 5161 3045 5215 Et
3073 5163 3162 5215 hic
3193 5161 3503 5225 enim,Cain
3535 5161 3645 5216 sci-

2002 5230 2153 5299 licet,
2188 5230 2509 5286 oecisz'onem
2536 5230 2731 5295 fratris
2761 5234 2995 5301 aperuit,
3028 5234 3083 5285 id
3131 5237 3218 5286 est
3248 5247 3361 5284 non
3396 5233 3646 5302 negavit.

2073 5306 2256 5375 (1472)
2286 5303 2565 5375 Addenda
2591 5302 2835 5357 ftrtasse
2867 5302 2959 5355 hic
2988 5303 3163 5356 verba
3189 5318 3405 5357 necesse
3432 5313 3527 5372 est,
3557 5304 3647 5361 vel

2001 5380 2224 5448 oportet,
2257 5374 2353 5448 vel
2380 5374 2614 5448 similia.

2076 5448 2256 5521 (1473)
2286 5446 2392 5521 llic
2421 5446 2480 5501 in
2512 5446 2640 5500 cod.
2676 5445 2882 5521 legitur
2911 5443 3078 5499 lectio
3108 5461 3199 5499 xv.

2075 5516 2255 5589 (1174)
2286 5517 2453 5587 Vulg.
2520 5517 2867 5573 (ractabzlem
2912 5520 3166 5571 montem.
3219 5516 3282 5571 In
3335 5518 3459 5575 cod.
3510 5535 3641 5575 vero
