4062 6186
438 346 551 410 831

1456 350 1796 414 ATTONIS
1840 344 2422 412 VERCELLENSIS
2466 344 2816 408 EPlSCOPI

3695 342 3789 407 832

438 483 696 539 sationes
723 481 951 554 aliquas
982 482 1309 555 proferatis.
1337 483 1724 550 Conscientia,
1746 481 1957 555 inquit,
1973 497 2076 537 no-
2104 482 2161 547 Α
2190 480 2347 536 mine
2376 482 2434 536 et
2463 477 2760 535 subtiliter
2780 476 3019 547 liniunt,
3048 475 3162 531 nisi
3194 472 3377 545 (1489)
3407 470 3603 545 repleti
3632 474 3792 531 multo

440 577 563 628 etra
595 589 700 627 nos
730 571 787 627 in
820 572 981 628 nullo
1012 574 1383 639 condemnat,
1436 590 1622 645 neque
1652 572 1820 628 nobis
1852 571 2075 643 aliquid

440 660 653 717 conscii
688 678 914 717 sumus.
949 661 1832 735 Conﬁdimus,inquit,quoniam
1861 663 2073 717 bonam

439 750 858 806 conscientiam
884 751 1170 808 habemus
1193 752 1250 807 in
1273 753 1696 820 omnibus,non
1720 752 1777 806 in
1803 752 2075 824 gentibus

439 842 694 905 tantum,
726 843 824 896 sed
845 842 1023 896 etiam
1072 846 1130 897 et
1154 841 1212 897 in
1240 843 1424 899 vobis.
1459 841 1613 897 Nihil
1663 840 2075 913 negotiationis

437 929 627 1001 gratia
656 929 901 985 facimus
927 949 939 998 ;
976 930 1123 985 nihil
1148 948 1281 987 cum
1309 931 1651 988 confictione
1681 929 2032 1003 protulimus
2060 946 2073 983 :

439 1034 555 1073 non
587 1019 739 1073 sicut
765 1018 1009 1087 inimici,
1060 1020 1255 1092 inquit
1306 1036 1492 1091 neque
1537 1020 1689 1075 sicut
1732 1018 1941 1082 hostis,
1975 1017 2077 1073 sed

439 1106 595 1163 sicut
625 1107 848 1164 amicus
878 1108 998 1164 haec
1049 1110 1259 1166 scribo.
1310 1110 1647 1181 Deprecatio
1693 1108 1849 1163 enim
1879 1107 1936 1161 in
1969 1107 2077 1162 hoc

438 1196 562 1252 loco
593 1203 852 1269 apparet,
887 1206 1168 1271 tanquam
1200 1200 1271 1254 ad
1305 1198 1675 1255 contristatos
1709 1198 1969 1252 scribens
2005 1196 2075 1250 ad

439 1302 559 1359 eos,
604 1287 705 1359 qui
747 1288 899 1343 circa
946 1305 1101 1359 eum,
1151 1288 1330 1343 veluti
1387 1288 1539 1343 circa
1582 1287 2075 1359 praevaricatorem

437 1376 863 1445 efﬁciebantur,
898 1395 1011 1433 non
1043 1377 1290 1434 ferentes
1333 1394 1520 1449 neque
1573 1392 1783 1432 nomen
1815 1377 1940 1445 ejus
1970 1392 2077 1429 au-

437 1465 583 1521 dire.
616 1466 683 1521 Et
712 1466 819 1522 hoc
849 1467 1024 1522 etiam
1066 1484 1135 1523 ex
1180 1467 1294 1532 his,
1349 1484 1476 1539 qua:
1508 1470 1856 1537 sequuntur,
1882 1468 2075 1519 osten-

436 1554 633 1611 ditur:
668 1577 696 1604 «
731 1555 1000 1628 Amplius
1031 1566 1225 1612 autem
1276 1557 1548 1627 deprecor
1579 1572 1680 1610 vos
1730 1554 1836 1609 hoc
1868 1553 2075 1620 facere,

434 1659 551 1715 quo
582 1643 828 1700 celerius
859 1645 1138 1700 restituar
1184 1645 1367 1701 vobis.
1404 1668 1431 1693 ››
1478 1648 1595 1700 Hoc
1626 1644 1800 1699 etiam
1828 1642 2078 1697 nimium

436 1732 690 1789 amantis
710 1732 901 1789 estsic
923 1750 1087 1789 orare
1112 1752 1124 1802 ;
1152 1751 1267 1790 non
1291 1733 1653 1807 simpliciter,
1676 1732 1776 1788 sed
1800 1748 1933 1787 cum
1956 1735 2079 1786 tota

436 1822 796 1914 intentione,
814 1828 871 1878 et
899 1822 1059 1914 omni
1091 1840 1332 1914 prorsus
1355 1822 1668 1914 studio.Ut
1696 1821 1830 1886 cito,
1863 1820 2076 1893 inquit,
2109 1850 2156 1914 B

437 1911 509 1968 ad
542 1928 643 1967 vos
672 1911 922 1967 veniam.
974 1912 1090 1967 Hoc
1137 1912 1320 1968 animi
1366 1918 1456 1969 est
1501 1911 1646 1967 nihil
1697 1911 1809 1967 sibi
1836 1909 2074 1976 conscii,

436 2001 714 2058 festinare
745 2004 809 2056 ut
838 2002 909 2057 ad
942 2018 1040 2057 eos
1069 2001 1342 2058 velociter
1382 2002 1696 2058 adveniret.
1729 2000 2080 2055 Exhortatur

437 2090 570 2147 illos
600 2105 764 2146 orare
796 2108 896 2162 pro
929 2107 1009 2146 se.
1044 2090 1117 2146 Ut
1144 2090 1253 2146 hoc
1283 2091 1333 2147 ei
1365 2092 1797 2158 concederetur,
1821 2088 2077 2161 primum

439 2180 513 2237 ab
539 2180 623 2236 eis
657 2179 914 2252 postulat
962 2180 1243 2237 orationis
1291 2179 1597 2247 auxilium,
1629 2184 1769 2235 tunc
1817 2178 1992 2233 etiam
2024 2180 2083 2231 et

439 2268 565 2340 ipse
596 2285 700 2340 pro
731 2268 812 2324 eis
846 2271 1044 2325 omnia
1077 2271 1229 2326 bona
1258 2271 1618 2342 deprecatur.
1656 2290 1683 2319 α
1717 2274 1865 2324 Deus
1898 2267 2077 2338 pacis,

441 2357 539 2429 qui
573 2357 774 2413 eduxit
804 2359 875 2414 de
897 2358 1146 2414 mortuis
1168 2364 1460 2431 pastorem
1485 2374 1764 2431 magnum
1799 2355 2082 2421 ovium,in

439 2447 726 2521 sanguine
754 2449 1090 2504 testamenti
1122 2448 1663 2517 aeterni,Dominum
1696 2451 1962 2503 nostrum
1993 2449 2084 2500 Je-

440 2553 572 2593 eum
604 2536 923 2593 Christum.
963 2561 984 2587 ι
1011 2536 1201 2594 Nolite
1233 2537 1413 2611 igitur
1431 2536 1741 2593 dissentire
1772 2553 1805 2591 a
1836 2530 2084 2601 nobis,si

440 2625 621 2682 vultis
650 2627 834 2683 Deum
867 2626 1027 2699 pacis
1052 2626 1267 2683 habere
1310 2626 1649 2699 propitium,
1684 2642 1717 2680 a
1746 2641 1860 2696 quo
1891 2620 2084 2678 omnis

445 2732 556 2788 pax
577 2717 707 2787 ejus
728 2716 1003 2787 procedit,
1021 2716 1175 2773 sicut
1193 2716 1317 2787 ipse
1348 2716 1518 2771 dicit:
1548 2715 1797 2771 «Pacem
1819 2712 2085 2782 relinquo

440 2803 626 2871 vobis,
679 2820 883 2876 pacem
942 2820 1133 2860 meam
1188 2804 1261 2859 do
1318 2804 1480 2860 vobis
1538 2806 1714 2876 (Joan.
1746 2820 1858 2867 xiv,
1907 2801 2019 2871 27).
2056 2821 2079 2851 ι

446 2893 650 2949 Pastor
678 2910 929 2966 magnus
960 2895 1085 2967 ipse
1117 2894 1388 2961 est,sicut
1416 2895 1540 2966 ipse
1569 2893 1708 2948 dicit
1737 2892 1795 2946 in
1828 2893 2085 2961 Evange-

443 2982 519 3040 lio
544 3001 557 3040 :
583 3007 610 3034 «
632 2984 749 3056 Ego
770 3000 902 3039 sum
926 2988 1125 3056 pastor
1147 2982 1419 3054 bonus,et
1439 2998 1723 3056 cognosco
1750 2995 1907 3035 meas
1928 2994 2084 3048 oves,

443 3078 499 3129 et
527 3078 886 3146 cognoscunt
916 3089 1008 3129 me
1039 3089 1179 3129 meas
1211 3075 1390 3143 (Joan.
1424 3091 1486 3141 ιι,
1520 3073 1627 3143 14).
1662 3094 1691 3121 ››

517 3186 547 3215 (ι
577 3166 748 3236 Aptet
776 3179 878 3219 vos
907 3163 967 3218 in
989 3163 1150 3219 omni
1176 3164 1348 3228 bono,
1380 3167 1445 3217 ut
1474 3161 1699 3217 faciatis
1730 3159 2085 3215 voluntatem

2189 569 2597 635 medicamine,
2658 567 3059 622 infirmitatem
3123 561 3411 619 stomachi
3469 561 3792 633 roborantes,

2188 659 2487 715 inﬁrmum
2510 674 2625 713 non
2654 656 2928 721 relevent,
2951 655 3049 710 sed
3076 652 3474 725 opprimentes
3495 656 3794 721 aggravant.

2190 750 2377 804 Tanta
2405 752 2600 803 tamen
2649 745 2909 801 scribens
2957 741 3289 813 Apostolus,
3344 756 3519 811 parva
3571 738 3665 793 illa
3691 757 3795 797 esse

2189 837 2415 906 dixit,in
2448 835 2881 907 comparatione
2912 831 3133 889 scilicet
3158 846 3382 896 eorum,
3418 845 3542 900 quae
3568 828 3797 886 dicturus

2188 931 2348 983 erat:
2385 925 2705 981 secundum
2740 924 2893 996 quod
2946 921 3083 977 alibi
3133 919 3314 975 dixit:
3351 940 3380 968 ‹‹
3434 917 3594 973 Sicut
3622 919 3797 990 scripsi

2185 1016 2351 1071 vobis
2380 1014 2440 1069 in
2474 1012 2723 1078 modico,
2754 1010 3080 1067 secundum
3114 1007 3269 1080 quod
3302 1004 3547 1078 potestis
3574 1004 3798 1076 legentes

2188 1104 2513 1176 intelligere
2543 1101 2914 1174 prudentiam
2964 1114 3157 1154 meam
3187 1095 3247 1151 in
3292 1093 3617 1150 ministerio
3645 1095 3800 1165 (1490)

2188 1194 2401 1249 Christi
2433 1194 2647 1265 (Ephes.
2682 1208 2770 1259 III,
2802 1192 2856 1260 3,
2890 1190 2965 1261 4).
3000 1210 3028 1237 ››
3089 1207 3092 1210 θ

2265 1306 2286 1333 ι
2324 1282 2669 1355 Cognoscite
2690 1281 2930 1335 fratrem
2952 1280 3221 1332 nostrum
3248 1272 3619 1329 Timotheum
3638 1270 3806 1327 dimis-

2190 1389 2319 1429 sum
2347 1391 2373 1422 ι
2412 1369 2809 1440 (subauditur,
2843 1385 2877 1423 a
2899 1364 3090 1429 nobis,
3136 1380 3238 1419 seu
3262 1362 3576 1417 dimissum
3608 1359 3804 1415 dicitah

2187 1460 2485 1533 Athenis),
2544 1475 2676 1514 cum
2739 1473 2876 1529 quo,
2937 1455 2987 1510 si
3044 1452 3290 1508 celerius
3336 1449 3583 1516 venerit,
3632 1448 3802 1503 videbo

2187 1568 2309 1607 vos.
2344 1573 2373 1600 »
2404 1554 2523 1604 Hoc
2548 1548 2702 1603 enim
2729 1546 3005 1601 idoneum
3029 1546 3175 1609 erat,
3198 1545 3261 1595 ut
3284 1557 3381 1595 eos
3414 1537 3803 1593 mansuetiores

2189 1637 2625 1710 efﬁceret,quod
2658 1651 2719 1691 se
2751 1638 3021 1706 paratum
3046 1630 3192 1686 dixit
3213 1629 3284 1685 ad
3314 1645 3414 1684 eos
3434 1627 3649 1683 venire.
3671 1649 3695 1675 ‹‹
3723 1625 3801 1681 Sa~

2189 1729 2372 1784 lutate
2391 1742 2597 1783 omnes
2622 1723 2964 1798 praepositos
2989 1723 3297 1786 vestros,et
3317 1732 3529 1772 omnes
3545 1719 3799 1772 sanctos.»

2189 1816 2563 1874 Hortabiliter
2591 1818 2821 1879 tractat,
2846 1810 3139 1883 siquidem
3170 1809 3242 1863 ad
3265 1806 3397 1862 illos
3420 1823 3529 1878 per
3548 1804 3672 1859 illos
3694 1803 3800 1859 scri-

2188 1909 2380 1965 bebat.
2415 1929 2443 1957 «
2474 1904 2746 1961 Salutant
2786 1918 2887 1957 vos
2919 1901 2990 1956 de
3037 1898 3203 1953 Italia
3232 1896 3439 1969 (1491).
3480 1917 3512 1947 ι»
3542 1893 3793 1949 Manifesta

2190 1995 2446 2054 ostendit
2473 1994 2628 2066 quod
2660 1992 2718 2046 in
2751 1991 2936 2045 Roma
2965 1988 3116 2043 hanc
3147 1984 3466 2056 Epistolam
3517 1980 3786 2053 scripserit.

2190 2108 2220 2137 «
2251 2085 2451 2141 Gratia
2470 2099 2603 2138 cum
2626 2080 2901 2136 omnibus
2920 2078 3106 2132 vobis.
3128 2077 3332 2130 Amen.
3364 2095 3392 2122 »
3419 2072 3675 2129 Gratiam
3695 2067 3793 2122 fidei

2192 2175 2353 2246 dicit,
2373 2189 2552 2245 quam
2575 2172 2633 2226 in
2657 2170 2949 2242 baptismo
2977 2165 3331 2238 accepimus,
3350 2160 3440 2217 vel
3466 2157 3795 2233 pmnitentia,

2194 2269 2296 2323 aut
2315 2260 2756 2337 perseverantiae
2779 2258 3029 2331 gratiam
3054 2257 3217 2326 optat
3240 2270 3254 2320 ;
3284 2251 3441 2324 quod
3466 2254 3558 2306 est
3576 2248 3799 2303 omnium

2193 2369 2525 2412 commune.
2560 2350 2760 2407 Gratia
2802 2346 2959 2403 enim
2992 2349 3079 2401 est
3128 2342 3394 2398 remissio
3447 2343 3805 2412 peccatorum,

2195 2461 2298 2519 per
2329 2440 2634 2516 quam,illo
2657 2441 2992 2511 praestante,
3018 2449 3347 2489 mereamur
3368 2424 3804 2501 purgari.Gratis

2194 2517 2307 2589 tua
2339 2531 2556 2606 gratias
2588 2543 2758 2602 agere
2787 2542 2903 2581 non
2936 2524 3127 2579 solum
3159 2537 3263 2593 ego
3303 2519 3495 2591 (1492)
3528 2517 3623 2573 sed
3653 2529 3806 2606 neque

2195 2622 2316 2679 ulla
2342 2601 2565 2689 sufﬁcit
2595 2633 2767 2690 agere
2806 2617 3093 2678 creatura,
3118 2615 3332 2665 aeterne
3353 2605 3660 2674 Deus,sine
3676 2601 3808 2657 initio

2196 2716 2254 2768 et
2282 2711 2434 2766 fine:
2468 2725 2571 2781 per
2601 2722 2776 2778 quem
2826 2702 3026 2758 omnia
3076 2700 3230 2755 facta
3272 2700 3413 2753 sunt
3458 2712 3589 2767 quea
3619 2693 3673 2747 in
3701 2690 3809 2781 coelo

2198 2780 2549 2866 sursum,ret
2579 2796 2637 2850 in
2670 2798 2825 2849 terra
2874 2792 3167 2847 deorsum.
3204 2787 3328 2844 Non
3373 2784 3640 2857 quaedam
3669 2780 3744 2835 vis
3768 2782 3811 2833 et

2196 2887 2633 2961 facis,quaedam
2663 2884 2749 2938 vis
2780 2887 2837 2937 et
2867 2897 2982 2936 non
3007 2877 3150 2933 facis
3174 2894 3188 2943 ;
3217 2875 3318 2932 sed
3341 2874 3549 2929 omnia
3568 2884 3807 2943 quacun-

2198 2997 2310 3053 que
2338 2956 2426 3033 vis
2458 2980 2515 3031 et
2544 2974 2705 3029 facis.
2733 2971 2914 3044 Cujus
2942 2966 3289 3025 admiranda
3310 2966 3453 3019 sunt
3475 2956 3810 3034 opera,terri-

2195 3069 2339 3126 hilia
2359 3064 2608 3137 judicia,
2641 3060 2932 3117 credenda
2953 3056 3284 3130 promissa;
3317 3052 3419 3124 qui
3446 3056 3506 3107 te
3536 3047 3715 3106 vocari
3740 3061 3814 3099 vo-

2198 3135 2381 3224 luisti,
2418 3160 2567 3209 Deus
2611 3150 2928 3213 Abraham,
2983 3147 3143 3202 Isaac
3186 3147 3244 3199 et
3287 3141 3494 3209 Jacob,
3527 3145 3584 3195 et
3612 3135 3813 3193 dixisti:

448 3254 596 3324 ejus,
630 3252 848 3309 faciens
868 3252 929 3307 in
985 3253 1152 3309 vobis
1209 3252 1364 3324 quod
1399 3251 1618 3324 placuit
1668 3265 1861 3305 coram
1894 3263 1956 3302 se
1986 3260 2089 3317 per
2118 3218 2161 3285 θ
2198 3247 2309 3302 hoc
2335 3243 2479 3300 mihi
2510 3257 2725 3298 nomen
2758 3239 2817 3293 in
2849 3242 3153 3301 aeternum,
3180 3236 3240 3288 et
3287 3228 3631 3286 memoriale
3656 3225 3710 3280 in
3741 3238 3815 3295 ge-

444 3343 650 3399 Jesum
667 3344 1084 3412 Christum,cui
1107 3347 1192 3399 est
1212 3343 1397 3416 gloria
1417 3344 1476 3398 in
1491 3342 1704 3398 szscula
1719 3339 2089 3397 saeculorum.

448 3435 649 3489 Amen.
685 3455 713 3483 »
742 3434 938 3489 Faciat
968 3437 1135 3505 aptos
1164 3450 1266 3488 vos
1297 3449 1426 3488 esse
1456 3433 1515 3487 in
1550 3432 1708 3486 omni
1740 3445 1910 3502 opere
1939 3428 2091 3482 bono

449 3527 507 3578 et
535 3538 825 3591 sermone,
858 3527 923 3576 ut
940 3522 1118 3577 vitam
1149 3520 1417 3576 videlicet
1436 3524 1492 3576 et
1512 3520 1785 3590 dogmata
1813 3522 1968 3573 recta
1988 3515 2092 3570 ha-

451 3611 640 3668 beatis
666 3612 990 3667 secundum
1023 3609 1383 3666 voluntatem
1415 3610 1563 3679 ejus.
1595 3607 1856 3678 Faciens,
1880 3604 2091 3677 inquit,

450 3700 515 3756 in
542 3700 708 3756 vobis
740 3705 803 3755 ut
834 3699 1060 3772 placeat
1090 3715 1285 3754 coram
1319 3699 1525 3755 se.Hoc
1549 3698 1705 3753 enim
1735 3695 1795 3750 in
1826 3694 1939 3750 alio
1970 3694 2093 3748 loco

453 3788 628 3846 dicit:
666 3811 695 3841 ‹‹
732 3791 881 3845 Deus
911 3793 1001 3845 est
1021 3787 1199 3860 enim,
1233 3788 1331 3860 qui
1362 3792 1637 3860 operatur
1666 3786 1724 3841 in
1759 3784 1921 3840 vobis
1950 3782 2095 3838 velle

454 3883 513 3935 et
542 3878 821 3952 proﬁcere
851 3895 954 3950 pro
978 3879 1130 3934 bona
1157 3877 1452 3933 voluntate
1473 3876 1704 3948 (Philip.
1740 3892 1800 3942 ιι,
1832 3874 1940 3939 13).
1977 3894 2004 3921 ››
2026 3873 2097 3927 Et

454 3970 563 4023 hoc
592 3984 696 4040 per
722 3966 924 4023 Jesum
954 3967 1272 4035 Christum,
1307 3966 1397 4021 cui
1431 3964 1614 4037 gloria
1643 3965 1701 4018 in
1734 3960 1945 4018 saecula
1986 3978 2097 4015 sa:-

454 4058 744 4114 culorum.
768 4062 976 4113 Amen.
1011 4079 1038 4107 ‹‹
1064 4057 1223 4130 Rogo
1249 4061 1443 4111 autem
1474 4049 2098 4120 vos,fratres,utsuil‘e-

454 4147 597 4203 ratis
626 4147 869 4202 verbum
903 4146 1117 4202 solatii.
1150 4145 1375 4201 Etenim
1408 4142 1713 4216 perpaucis
1761 4139 1967 4211 scripsi
1995 4155 2095 4193 vo-

455 4237 570 4293 bis.
601 4256 627 4288 ιο
664 4236 791 4292 Non
842 4236 1004 4304 dixit,
1052 4252 1191 4308 rogo
1243 4252 1367 4301 vos,
1416 4237 1483 4289 ut
1530 4229 1825 4287 sufferatis
1857 4228 2097 4283 verbum

455 4325 894 4391 admonitionis,
926 4326 1027 4381 sed
1058 4325 1298 4381 verbum
1331 4321 1543 4383 solatii,
1568 4320 1677 4375 hoc
1708 4322 1815 4384 est,
1855 4317 2100 4373 verbum

457 4415 895 4479 consolationis,
945 4415 1189 4470 verbum
1242 4409 1689 4468 adhortationis.
1743 4408 1869 4463 Non
1913 4409 2104 4477 potest

459 4506 799 4578 quisquam,
828 4504 1045 4576 inquit,
1064 4501 1491 4574 longitudinem
1515 4497 1802 4553 sermonis
1825 4495 2100 4560 abnuere,

459 4684 784 4749 ostendere,
816 4684 916 4739 sed
950 4681 1197 4737 latenter
1228 4680 1335 4734 hoc
1384 4676 1529 4733 dixit
1555 4681 1836 4747 tanquam
1869 4672 1915 4728 si
1948 4672 2101 4726 dice-

461 4777 587 4829 ret:
622 4772 688 4827 Et
717 4772 765 4826 si
799 4771 1207 4844 pusillamines
1254 4767 1393 4824 estis
1425 4766 1632 4822 talium
1683 4764 1838 4821 enim
1872 4766 1959 4817 est
1989 4777 2102 4816 non

460 4863 611 4917 ferre
641 4861 930 4916 sermonis
978 4857 1427 4931 longitudinem.
1477 4854 1587 4910 Sed
1628 4858 1821 4908 tamen
1854 4847 2106 4904 infirmis

462 4951 753 5024 precipue
782 4948 1137 5020 congruit,ut
1160 4964 1346 5019 pauca
1374 4944 1631 5017 quidem,
1659 4947 1715 4998 et
1744 4958 1871 5014 quas
1902 4952 2107 5010 capere

461 5039 799 5115 prmvalent,
832 5038 1096 5103 audiant,
1141 5041 1197 5092 et
1229 5053 1354 5108 quae
1402 5050 1605 5090 eorum
1639 5036 1892 5087 mentem
1922 5026 2106 5100 paeni-

461 5132 655 5187 tentia:
686 5128 884 5185 dolore
916 5124 1497 5200 compungant.Nam
1530 5122 1577 5178 si
1611 5122 1695 5177 eis
1727 5122 1785 5175 in
1818 5137 1932 5175 uno
1959 5124 2106 5174 tem-

463 5238 601 5294 pore
623 5218 1045 5277 exhortationis
1066 5233 1257 5271 sermo
1281 5217 1452 5269 fuerit
1474 5210 1875 5283 multipliciter
1893 5208 2107 5277 dictus,

464 5310 607 5383 quia
640 5308 827 5365 multa
848 5306 1095 5363 retinere
1116 5321 1231 5361 non
1255 5303 1467 5373 valent,
1490 5300 1666 5357 simul
1699 5301 1977 5355 amittunt
1992 5313 2111 5352 om-

467 5400 583 5455 nia.
618 5398 782 5454 Unde
812 5402 868 5452 et
900 5393 1111 5450 medici
1141 5408 1449 5465 corporum
1483 5405 1731 5462 pannos,
1770 5404 1917 5459 quos
1948 5386 2109 5441 inﬁr-

473 5487 769 5543 mantibus
798 5483 1120 5541 stomachis
1150 5484 1398 5555 ponunt,
1430 5482 1565 5551 apto
1598 5477 1835 5550 quidem
1865 5474 2114 5533 medica-

570 5592 727 5662 1489)
758 5592 1123 5659 Fortassegne
1156 5590 1225 5644 si.

543 5592 727 5739 21490)
757 5662 926 5734 Vulg.
956 5661 1225 5733 mysterio.

575 5661 727 5729 1490)
757 5662 926 5734 Vulg.
956 5661 1237 5733 mysterio.

2201 3334 2519 3399 neratione,
2578 3335 2636 3386 et
2690 3324 3100 3401 generatione;
3144 3322 3270 3377 sine
3300 3317 3591 3391 qualitate
3636 3316 3813 3379 bonus,

2202 3426 2327 3483 sine
2350 3422 2675 3494 quantitate
2697 3414 3103 3490 magnus,sine
3125 3407 3451 3483 indigentia
3477 3401 3817 3473 creator,sine

2203 3514 2316 3571 situ
2342 3527 2619 3584 praesens,
2655 3507 2781 3563 sine
2811 3506 2937 3561 loco
2969 3503 3188 3573 ubique
3212 3503 3393 3568 totus,
3428 3497 3561 3553 sine
3598 3500 3822 3564 tempore

2205 3581 2620 3675 sempiternus,
2654 3597 2780 3653 sine
2839 3590 3237 3649 mutabilitate
3268 3585 3587 3643 mutabilia
3616 3581 3819 3644 faciens,

2205 3674 2469 3763 nihilque
2499 3688 2748 3761 patiens,
2783 3682 2946 3740 solus
2978 3698 3078 3737 rex
3107 3680 3319 3743 bonus,
3346 3674 3519 3731 solus
3551 3675 3820 3763 praestans,

2206 3781 2366 3838 solus
2388 3782 2615 3851 justus,
2647 3774 3037 3845 omnipotens,
3069 3772 3127 3824 et
3164 3770 3418 3822 aeternus
3449 3782 3463 3819 :
3499 3763 3602 3835 qui
3628 3756 3823 3815 miseris

2206 3846 2461 3943 gratuita
2482 3867 2780 3939 pietate,ct
2801 3859 3065 3916 indebita
3088 3855 3350 3912 bonitate
3376 3872 3390 3920 ;
3414 3846 3827 3941 condemnas,et

2207 3931 2463 4016 obduras
2483 3931 2827 4029 peccatores
2860 3967 2963 4023 per
2992 3946 3316 4009 veritatem,
3348 3942 3580 4014 absque
3609 3937 3719 3993 ulla
3735 3931 3826 3989 ini-

2207 4050 2514 4122 quitate,et
2534 4050 2729 4099 tamen
2755 4036 3191 4113 perindebitam
3211 4030 3677 4087 misericordiam
3690 4029 3824 4122 tuam

2210 4110 2441 4193 miseris
2468 4132 2827 4197 hominibus,
2861 4127 3003 4199 quia
3050 4128 3257 4197 potens
3307 4136 3390 4186 es,
3430 4124 3494 4175 et
3522 4110 3823 4173 dissimulas

2209 4228 2445 4297 peccata
2492 4220 2798 4276 hominum
2853 4196 3087 4287 propter
3135 4208 3568 4283 paenitentiam,
3618 4210 3674 4259 et
3712 4196 3822 4255 facis
3924 4227 3986 4275 λῦε

2211 4313 2499 4370 mundum
2525 4307 2831 4364 immundo
2862 4305 3208 4375 conceptum
3232 4301 3301 4354 de
3333 4297 3589 4360 semine,
3629 4298 3682 4348 et
3699 4287 3824 4345 deles
3910 4313 3985 4366 ς,ἓὲ

2212 4408 2276 4458 ut
2307 4401 2525 4457 nubem
2555 4395 2918 4469 iniquitates,
2969 4396 3026 4448 et
3056 4389 3223 4463 quasi
3273 4385 3555 4442 nebulam
3588 4382 3825 4455 peccata;
3916 4402 3931 4437 ἐ

2213 4491 2383 4563 cujus
2413 4487 2646 4545 bonitas
2678 4484 2831 4539 circa
2860 4480 3155 4552 indignos,
3196 4481 3254 4532 et
3283 4474 3522 4547 dignos,
3557 4487 3669 4527 non
3695 4472 3829 4521 tena-
3906 4482 3986 4547 ggm

460 4552 573 4650 illisi
600 4552 991 4666 impatientia;
1025 4552 1144 4647 iloc
1167 4552 1562 4662 Euippe'er—at,
1586 4586 1739 4658 quod
1763 4586 1846 4641 eis
1870 4552 2105 4638 nolebat
2133 4587 2180 4651 Ι)
2212 4552 2374 4647 citer,
2408 4578 2509 4634 sed
2561 4574 2797 4648 largiter
2843 4570 3141 4626 exuberat.
3190 4566 3274 4621 Tu
3333 4561 3550 4618 dedisti
3604 4560 3659 4613 in
3687 4552 3829 4666 corde

2214 4644 2367 4737 meo,
2399 4671 2463 4722 ut
2492 4644 2727 4739 propter
2756 4663 3017 4732 gustum,
3042 4662 3100 4712 et
3126 4653 3476 4712 suavitatem
3508 4649 3687 4719 hujus
3705 4644 3827 4705 vita,
3913 4672 3919 4707 ;

2215 4762 2431 4815 sanctae
2463 4753 3031 4826 Scripturae,gentem
3055 4744 3425 4818 patriamque
3445 4739 3826 4809 relinquerem.

2218 4854 2283 4904 ut
2303 4848 2430 4919 ejus
2452 4843 2800 4900 suavitatem
2829 4834 3265 4909 aliquantulum
3287 4828 3831 4903 degustarem,etper

2216 4915 2412 4995 hocvte
2443 4946 2792 5006 cognoscere
2822 4925 3144 4999 potuissem
3172 4941 3185 4978 :
3230 4920 3370 4993 quia
3401 4934 3599 4974 revera
3630 4915 3832 4969 lucerna

2218 5027 2469 5099 pedibus
2500 5022 2647 5079 meis
2668 4997 2911 5075 verbum
2931 5021 3124 5083 tuum,
3142 5016 3197 5068 et
3215 5010 3416 5066 lumen
3447 5005 3678 5063 semitis
3698 4997 3833 5094 meis.

2218 5083 2331 5173 éed
2365 5120 2465 5169 tua
2496 5108 2838 5167 indeﬁciens
2884 5105 3094 5178 pietas,
3126 5100 3291 5173 larga
3318 5094 3652 5161 clementia,
3685 5083 3833 5178 nituit

2221 5170 2644 5267 misericordia,
2671 5202 2728 5253 et
2777 5170 3009 5251 bonitas
3055 5170 3429 5262 sempiterna.
3483 5183 3631 5239 Plus
3658 5170 3833 5267 dedisti

2221 5259 2400 5367 quam
2431 5290 2592 5365 petii,
2625 5259 2683 5344 et
2713 5285 2845 5359 plus
2868 5259 3391 5356 praestitistiquam
3414 5271 3704 5348 postulavi
3726 5284 3737 5321 :
3756 5259 3834 5335 qui

2223 5362 2366 5438 mihi
2396 5362 2608 5453 panem
2643 5374 2941 5431 ccelestem
2963 5387 3077 5427 non
3105 5367 3504 5437 solum,quem
3538 5362 3666 5433 ipse
3685 5365 3838 5414 come-

2223 5449 2442 5537 dereni,
2474 5462 2833 5542 praestitisti:
2867 5461 2967 5518 sed
2999 5458 3175 5516 etiam
3203 5471 3306 5529 per
3335 5449 3609 5511 inutilem
3638 5455 3833 5505 servum

2294 5577 2478 5649 (1391)
2510 5569 2882 5649 Vulg._addit
2908 5570 3127 5642 fratres.

2297 5578 2451 5649 (1391
2510 5577 2684 5646 Vulg.
2718 5577 2882 5627 addit

2297 5577 2483 5722 (1492;
2512 5647 2579 5708 In
2608 5644 2738 5704 cod.
2760 5658 2907 5715 ergo.
