4044 6180
254 312 372 375 833

1730 312 2167 376 SERMONES.

3525 315 3646 377 831

260 445 377 501 tuis
403 444 675 503 ﬁdelibus
695 446 876 503 servis
897 461 1133 518 erogare
1158 444 1366 503 fecisti.
1390 446 1497 502 Pro
1529 462 1646 517 qua
1675 462 1735 501 re
1764 449 1895 518 peto
1924 446 1980 513 Α
2007 443 2214 499 saltem
2265 444 2322 498 in
2371 462 2486 502 uno
2532 445 2703 501 verbo
2736 442 3032 517 postulare
3061 460 3178 500 non
3208 446 3600 517 dedignentur
3628 464 3645 514 ;

260 552 462 591 servus
484 534 709 591 inutilis
731 550 928 592 servos
958 534 1153 607 utiles,
1178 536 1237 591 in
1269 551 1754 607 quorumcunque
1776 552 1897 590 ma-

262 622 438 679 nibus
457 623 675 679 laboris
698 622 809 679 mei
836 623 1118 695 opuscula
1137 623 1421 689 venerint,
1442 621 1727 694 quidquid
1750 621 1897 693 opti-

263 728 428 767 mum
452 711 798 782 invenerint,
818 711 886 767 ad
911 716 1205 767 auctorem
1228 711 1481 767 referant
1498 716 1679 765 Deum
1701 728 1714 777 ;
1739 709 1902 780 quid-

263 800 406 873 quid
437 818 569 857 vero
601 800 819 867 minus,
853 799 996 855 mibi
1029 800 1355 871 ignoscant.
1388 804 1455 855 Et
1494 800 1603 855 hoc
1647 816 1805 872 rogo,
1841 804 1903 855 ut

261 906 367 962 pro
397 890 754 945 facinoribus
785 888 930 945 meis
959 889 1057 943 Dei
1087 888 1408 944 indebitam
1440 888 1901 945 misericordiam

2008 534 2091 589 uti
2116 534 2346 605 quando
2370 534 2551 603 justis
2580 552 2614 589 a
2644 534 2737 606 pio
2760 533 2960 605 judice
2980 534 3208 590 reddita
3229 534 3402 590 fuerit
3425 536 3646 607 premii

2010 638 2244 686 corona,
2276 621 2420 676 mihi
2467 623 2753 693 peccatori
2803 623 3061 679 indebita
3097 623 3199 678 Dei
3249 623 3650 680 misericordia

2011 710 2593 783 quantulumcunque
2620 713 2846 768 veniam
2878 712 3133 767 tribuere
3174 712 3468 785 dignetur.

2534 802 2643 856 Deo
2676 803 2905 870 gratias.
2938 802 3128 857 Amen.

1518 1234 2422 1370 ATTONIS

899 1489 2142 1584 VEBCELLENSIS
2263 1490 3019 1585 EPISCOPI

1300 1718 2640 1886 SERMONES.

535 2018 638 2089 [Ex
667 2016 865 2074 codice
892 2015 1196 2087 Vaticano,
1230 2016 1384 2088 apud
1416 2017 1552 2087 Mai,
1581 2018 1927 2087 Scriptorum
1956 2023 2197 2071 veterum
2226 2015 2482 2072 Collectio
2510 2033 2670 2085 nova,
2705 2022 2845 2073 tom.
2878 2017 2976 2089 VI,
3008 2036 3064 2091 p.
3101 2037 3161 2090 ιι,
3193 2038 3250 2093 p.
3284 2022 3396 2093 11.]

817 2302 1062 2358 SERMO
1103 2301 1369 2359 PRIMUS

353 2411 411 2449 IN
440 2407 698 2448 ADVENTU
729 2407 938 2447 nonum
968 2408 1170 2447 NOSTRI
1197 2408 1333 2447 δεδι]
1372 2407 1598 2447 CHRISTI
1628 2392 1833 2463 (1493).

342 2483 427 2538 Ad
458 2481 870 2538 celebrandam
901 2481 1266 2537 nativitatem
1299 2480 1531 2536 Domini
1562 2481 1746 2537 nostri
1775 2482 1916 2537 Jesu

273 2572 510 2639 Christi,
542 2571 751 2626 fratres
782 2569 1139 2639 cbarissimi,
1164 2572 1290 2641 jam
1337 2588 1493 2627 nunc
1522 2572 1698 2626 corda
1725 2576 1918 2626 vestra

271 2665 814 2734 praeparate,mores
830 2661 1161 2732 componite
1174 2660 1379 2731 (1494),
1392 2660 1570 2715 vitam
1588 2660 1838 2732 dirigite,
1855 2663 1920 2714 ut

274 2767 392 2806 non
418 2766 524 2805 nos
544 2749 779 2805 veniens
801 2750 870 2804 de
892 2748 1248 2822 negligentia
1260 2750 1505 2821 judicet,
1520 2751 1619 2805 sed
1641 2751 1711 2804 de
1734 2748 1918 2820 (1495)

272 2838 471 2911 dignis
486 2839 759 2911 operibus
778 2855 1148 2895 remunerare
1164 2839 1457 2910 dignetur.
1475 2839 1686 2895 Beatus
1700 2838 1919 2893 Paulus

274 2928 493 2985 clamat
523 2927 821 3000 apostolus
855 2945 869 2984 :
900 2932 1055 2982 Hora
1083 2931 1161 2982 est
1185 2928 1311 2998 jam
1339 2944 1436 2983 nos
1466 2928 1531 2982 de
1558 2943 1763 2983 sommo
1791 2944 1919 2982 sur-

274 3034 402 3089 gere
430 3018 607 3084 (Rom.
642 3033 765 3087 xm,
801 3017 910 3083 11).
943 3020 1226 3070 Somnum
1263 3016 1461 3086 itaque
1503 3016 1918 3088 negligentiam

275 3105 549 3179 appellat,
582 3121 759 3176 quam
812 3104 1168 3159 excutientes
1220 3120 1254 3158 a
1306 3103 1598 3174 cordibus,
1631 3106 1920 3159 bonorum

277 3210 521 3267 operum
586 3193 929 3249 instantiam
994 3192 1164 3248 nobis
1230 3194 1497 3247 convenit
1554 3193 1920 3264 frequentare

280 3284 485 3355 (1496).
513 3324 526 3337 .
557 3326 569 3338 .
622 3282 883 3338 studiose
939 3282 1238 3353 acquirere
1296 3281 1500 3352 (1497).
1530 3322 1543 3335 .
1565 3320 1581 3337 .
1637 3282 1834 3353 digna.
1864 3324 1876 3336 .
1903 3323 1920 3338 .

281 3371 507 3444 aliquid
539 3369 899 3443 negligenter
918 3370 1194 3425 oﬂ'ender.
1222 3410 1236 3424 .
1258 3407 1275 3425 .
1311 3369 1457 3441 ipsis
1482 3385 1617 3426 eum
1647 3370 1922 3442 placaret.

283 3460 428 3515 Ecce
460 3472 667 3530 nempe
695 3458 994 3514 cmlorum.
1020 3500 1033 3513 .
1065 3499 1077 3512 .
1128 3456 1459 3531 specialiter
1488 3460 1923 3530 quodammodo

284 3549 358 3603 ad
390 3548 749 3603 visitandum
780 3547 954 3602 venit.
983 3548 1162 3618 Cujus
1193 3548 1508 3603 adventum
1540 3548 1711 3604 nobis
1740 3549 1925 3605 multo

282 3638 471 3710 magis
525 3636 815 3707 [salutari]
870 3636 1135 3693 convenit
1180 3636 1543 3708 providentia
1570 3642 1923 3709 exspectare,
1956 3680 1999 3747 α

282 3726 519 3747 2-:___:.‘_
574 3725 788 3747 __:._:1::_
845 3725 1204 3747 -_-L:-_:L___
1258 3724 1626 3747 _-_L.'..-...L:!_
1682 3725 1887 3747 -ὶ--..-Α

271 3726 543 3798 jejuniis,
574 3725 813 3798 vigiliis,
840 3725 1226 3794 orationibus,
1252 3724 1648 3794 continentiis,
1676 3725 1923 3782 eleemo-

281 3816 467 3888 synis,
502 3814 845 3886 ceterisque
874 3814 1193 3870 virtutibus
1225 3814 1526 3885 praeterita)
1571 3814 1756 3886 culpae
1802 3833 1925 3871 ma-

281 3904 442 3960 culas
493 3922 527 3959 a
574 3908 785 3959 nostra:
835 3903 1048 3958 mentis
1099 3903 1272 3957 domo
1331 3902 1535 3957 sedule
1591 3903 1926 3969 abluamus,

282 4009 387 4048 nec
443 3993 515 4048 ad
568 3993 802 4047 easdem
852 3992 1065 4046 iterum
1123 3990 1311 4045 redire
1368 3990 1765 4046 intendamus.
1819 3991 1929 4044 Mi-

290 4082 449 4137 nime
496 4082 736 4153 quidem
786 4079 1026 4145 sufﬁcit,
1058 4077 1257 4150 aliqua
1298 4078 1721 4134 interveniente
1769 4078 1930 4134 festi-

287 4172 484 4238 vitate,
512 4174 773 4225 nostram
805 4168 1091 4239 deponere
1119 4166 1511 4238 iniquitatem,
1545 4167 1615 4236 si,
1644 4184 1712 4223 ea
1740 4173 1930 4223 trans-

290 4264 440 4327 acta,
472 4275 677 4314 rursus
724 4258 797 4313 ad
845 4257 1112 4312 eamdem
1143 4272 1439 4312 recurrere
1470 4257 1930 4313 consideremus.

290 4349 515 4419 Hospes
570 4362 826 4419 namque
879 4348 1164 4401 venturus
1216 4346 1300 4400 sic
1356 4346 1428 4400 de
1483 4346 1697 4401 futuris
1749 4346 1935 4418 (1498)

288 4436 789 4510 quemadmodum
839 4435 908 4490 de
966 4434 1378 4506 praesentibus,
1428 4433 1511 4489 sic
1567 4436 1637 4490 de
1692 4434 1936 4491 occultis

293 4526 793 4599 quemadmodum
842 4528 899 4579 et
954 4524 1025 4579 de
1072 4522 1399 4578 manifestis
1448 4524 1716 4594 judicare
1763 4524 1934 4580 volet.

291 4615 556 4687 Denique
588 4613 898 4670 Psalmista
928 4612 1010 4668 ait
1037 4628 1053 4669 ι
1085 4618 1261 4684 Prope
1290 4616 1366 4668 est
1392 4614 1656 4669 Dominus
1686 4615 1938 4669 omnibus

290 4704 671 4760 invocantibus
730 4719 872 4771 eum,
930 4703 1028 4774 qui
1084 4703 1340 4757 invocant
1398 4717 1525 4757 eum
1588 4705 1650 4756 in
1714 4704 1941 4757 veritate

325 4858 341 4873 ο

369 4884 552 4957 (1493)
583 4884 749 4957 Hunc
794 4897 1146 4957 sermonem,
1194 4897 1331 4957 cum
1383 4882 1513 4936 aliis
1563 4882 1940 4957 quatuor_,_de

294 4952 654 5020 Pentecoste,
686 4956 755 5010 de
787 4955 845 5009 S.
878 4954 1148 5018 Eusebio,
1178 4952 1248 5006 de
1277 4952 1691 5020 Assumptione
1724 4955 1786 5008 B.
1812 4954 1938 5008 Vir-

1946 2309 1993 2375 Β
2023 2303 2192 2373 (Psal.
2225 2319 2408 2371 cxmv,
2444 2304 2552 2373 18).
2587 2302 2729 2358 Cum
2763 2303 2918 2359 enim
2952 2304 3165 2375 ubique
3211 2321 3339 2362 esse
3388 2307 3668 2378 probetur

2024 2392 2332 2458 Dominus,
2363 2390 2480 2447 illis
2509 2397 2705 2447 tamen
2750 2393 2951 2463 procul
2982 2392 3159 2459 duhjo
3189 2396 3492 2466 proximus
3516 2396 3668 2452 'dici-

2024 2486 2141 2552 tur,
2174 2480 2389 2552 quibus
2443 2480 2729 2552 propitius
2778 2497 2907 2538 esse
2954 2483 3249 2555 dignatur,
3300 2483 3524 2541 scilicet
3572 2487 3670 2559 qui

2024 2573 2281 2626 invocant
2304 2587 2426 2625 eum
2457 2571 2519 2624 in
2546 2572 2795 2625 veritate.
2820 2570 2909 2625 Illi
2934 2572 3171 2643 quidem
3193 2574 3255 2627 in
3283 2576 3512 2630 veritate
3540 2592 3667 2631 eum

2027 2663 2299 2731 invocant,
2333 2660 2433 2731 qui
2464 2675 2531 2714 ea
2561 2676 2689 2730 qua:
2720 2660 3037 2731 expediunt
3070 2661 3245 2734 digne
3273 2668 3481 2736 rogant
3509 2681 3522 2719 :
3564 2664 3666 2735 qui

2026 2766 2159 2805 vero
2191 2764 2549 2820 supervacua
2579 2748 2764 2819 (1499)
2795 2749 2865 2803 ah
2896 2765 2962 2804 eo
2992 2766 3250 2821 quaerere
3281 2757 3668 2824 praesumunt,

2027 2838 2115 2893 vel
2163 2839 2262 2909 qui
2315 2853 2383 2892 ea
2429 2854 2557 2908 qua:
2605 2836 2906 2907 postulant
2950 2855 3067 2893 non
3117 2840 3342 2896 intimis
3372 2842 3669 2898 mentibus

2030 2932 2236 2998 rogant
2264 2943 2279 2993 ;
2321 2926 2431 2997 ipsi
2462 2926 2715 2997 profecto
2746 2928 2806 2980 in
2837 2927 3065 2981 veritate
3090 2944 3215 2982 eum
3246 2944 3360 2983 non
3391 2930 3667 3000 invocant,

2031 3032 2132 3070 nec
2181 3030 2358 3085 prope
2410 3013 2623 3069 habere
2662 3019 2979 3083 merentur,
3014 3020 3077 3070 ut
3122 3015 3316 3073 illud:
3368 3020 3551 3087 Longe
3596 3026 3674 3074 est

2031 3122 2064 3159 a
2108 3103 2477 3175 peccatoribus
2520 3103 2674 3158 salus
2725 3104 2895 3173 (Psat.
2945 3120 3138 3159 cxvm.
3194 3106 3336 3176 155).
3368 3111 3517 3163 Nam
3570 3107 3670 3181 qui

2032 3194 2164 3248 ficte
2195 3193 2376 3247 Deum
2429 3192 2659 3264 quaerit,
2692 3209 2996 3263 nunquam
3043 3210 3177 3249 eum
3227 3194 3488 3251 invenire
3528 3196 3670 3267 [cod.

2031 3280 2299 3350 inveniri]
2349 3280 2683 3337 merebitur.
2726 3281 2870 3337 Hinc
2915 3282 3199 3354 scriptum
3248 3289 3384 3340 est:
3434 3284 3672 3355 Spiritus

2033 3374 2252 3425 sanctus
2298 3369 2517 3441 effugiet
2546 3370 2733 3439 ﬁctum
2763 3368 2916 3442 (Sap.
2965 3386 3005 3438 ι,
3047 3371 3125 3442 5).
3159 3370 3321 3435 Quod
3352 3372 3499 3428 bene
3529 3390 3675 3445 quo-

2035 3475 2147 3531 que
2177 3475 2280 3530 per
2308 3458 2545 3531 angelos
2565 3458 2929 3513 Dominicam
2952 3458 3314 3516 nativitatem
3340 3462 3675 3533 pastoribus

2035 3547 2375 3603 nuntiantes
2404 3546 2763 3603 declaratum
2808 3552 2897 3603 est
2944 3548 3203 3606 dicentes
3250 3549 3387 3622 [βοά.
3434 3550 3676 3607 dicenti-

2035 3637 2168 3708 bus]
2205 3655 2218 3691 :
2270 3636 2451 3693 Gloria
2494 3639 2555 3691 in
2585 3637 2814 3692 excelsis
2843 3641 2973 3706 Deo,
3005 3646 3059 3694 et
3088 3640 3149 3694 in
3176 3643 3327 3695 terra
3348 3656 3469 3711 pax
3495 3641 3677 3697 homi-

2036 3727 2201 3780 nibus
2242 3727 2397 3781 bonée
2442 3726 2737 3780 voluntatis
2767 3724 2915 3796 (Luc.
2967 3743 3029 3793 ιι,
3081 3728 3190 3798 14).
3223 3732 3381 3783 Bona
3408 3728 3678 3785 voluntas

2034 3819 2124 3870 est
2171 3830 2287 3868 non
2336 3812 2525 3868 solum
2577 3812 2732 3867 mala
2788 3830 2904 3868 non
2954 3830 3144 3886 agere,
3200 3818 3301 3872 sed
3352 3817 3527 3872 etiam
3576 3834 3681 3873 nec

2034 3902 2198 3957 velle.
2228 3903 2370 3956 Jure
2410 3917 2546 3972 ergo
2576 3901 2793 3957 talibus
2824 3902 3037 3957 Christi
3072 3920 3180 3975 pax
3212 3905 3540 3962 nuntiatur.
3572 3906 3680 3969 Qui

2036 4007 2170 4045 vero
2218 3989 2554 4056 homicidia,
2586 3989 2739 4056 odia,
2773 3989 3060 4045 adulteria
3090 3992 3293 4063 (1500),
3347 3994 3520 4063 furta,
3556 4010 3683 4065 per-

2030 4079 2211 4150 juria,
2248 4096 2350 4133 seu
2381 4082 2585 4132 catera
2611 4078 2749 4133 vitia
2779 4078 2862 4133 sic
2895 4080 2967 4134 ad
2998 4085 3233 4152 tempus
3264 4081 3549 4137 simulant
3577 4083 3683 4137 de-

2040 4167 2278 4232 clinare,
2303 4172 2367 4221 ut
2395 4166 2467 4221 ad
2499 4166 2620 4221 haec
2652 4167 2855 4222 eadem
2882 4167 3088 4222 iterum
3124 4170 3333 4224 reverti
3354 4171 3481 4241 jam
3513 4171 3685 4226 corde

2041 4259 2429 4328 conceperint,
2462 4256 2501 4309 ii
2546 4256 2801 4326 profecto
2832 4256 2994 4312 bonas
3025 4256 3341 4314 voluntatis
3372 4276 3488 4315 non
3520 4265 3683 4328 sunt,

2043 4363 2148 4402 nec
2197 4344 2411 4401 Christi
2459 4345 2543 4399 eis
2573 4346 2755 4413 (1501)
2795 4346 3130 4402 conceditur
3158 4364 3288 4419 pax.
3320 4347 3467 4404 Nam
3516 4348 3686 4404 miles

2043 4452 2207 4491 arma
2255 4433 2514 4506 deponit,
2549 4450 2761 4507 corpus
2809 4435 3012 4503 reficit,
3048 4437 3313 4492 membra
3352 4438 3589 4508 refovet,
3625 4440 3689 4492 ut

2043 4530 2304 4595 tempore
2325 4528 2650 4595 opportuno
2682 4524 2997 4596 resumptis
3020 4524 3239 4579 viribus
3263 4525 3483 4581 eisdem
3505 4525 3687 4581 armis

2046 4630 2252 4670 rursus
2282 4612 2469 4668 valeat
2498 4612 2797 4668 dimicare.
2833 4612 2959 4668 Non
2989 4613 3073 4668 sic
3104 4652 3138 4671 ..
3181 4614 3424 4671 induere
3456 4630 3685 4670 mere...

2047 4704 2375 4775 pertingere
2405 4702 2588 4773 (1502)
2629 4702 3013 4773 gaudeamus.

2150 4879 2305 4949 1495)
2339 4877 2620 4945 Mansius,
2653 4893 2740 4932 ex.

2150 4880 2305 4949 1495)
2339 4880 2620 4945 Mansius,
2653 4893 2740 4932 ex.

2121 4880 2303 5021 (1496)
2335 4950 2579 5005 Summa
2608 4949 2827 5021 codicis
2875 4967 2978 5006 ora
3021 4951 3372 5007 humiditate
3402 4950 3686 5018 extabuit,

334 5028 472 5108 inis,
507 5028 577 5108 de
606 5026 918 5115 Nativitate
954 5023 1352 5115 PraacursoJris,
1385 5020 1795 5115 edidithth
1832 5029 1936 5115 alo.
1973 5050 2019 5115 D
2054 5020 2467 5115 perieruntque
2491 5021 2547 5074 in
2572 5020 2822 5115 singulis
2845 5024 3299 5115 paginis‘versus
3321 5024 3499 5115 ferme
3530 5023 3683 5115 dup;

347 5099 637 5155 ominicus
666 5100 925 5153 Mansius
956 5097 1015 5150 in
1046 5094 1368 5167 appendice
1395 5095 1537 5149 tomi
1570 5095 1617 5150 II
1651 5096 1938 5152 Miscella-

298 5187 543 5226 neorum
599 5170 815 5225 Baluzii
871 5170 1051 5235 Lucae,
1087 5184 1181 5221 an.
1244 5166 1402 5232 1761,
1458 5182 1526 5220 ex
1576 5167 1686 5221 hoc
1740 5169 1942 5223 eodem

296 5250 490 5297 vetere
520 5246 577 5297 et
608 5258 839 5312 perraro
872 5240 1067 5295 codice
1096 5237 1374 5293 Vaticano
1401 5254 1415 5305 ;
1445 5238 1573 5312 sed
1594 5238 1749 5312 enim
1771 5239 1942 5312 festi-

300 5314 537 5384 natione
586 5308 981 5384 perturbatus,
1014 5312 1102 5365 vir
1150 5308 1498 5379 cazteroquin
1544 5309 1944 5384 doctissimus,

300 5381 623 5458 permultos
653 5389 975 5458 turpesque
1003 5397 1233 5458 errores
1259 5386 1460 5435 contra
1504 5381 1720 5437 codicis
1772 5382 1945 5437 fidem

301 5452 539 5529 scripsit
566 5459 622 5511 et
649 5452 1053 5510 incautissime
1082 5452 1285 5519 edidit,
1317 5468 1466 5523 quos
1495 5467 1600 5524 ego
1633 5470 1788 5509 nunc
1817 5470 1941 5510 cor-

304 5544 516 5590 ngam.

358 5544 563 5687 884194)
592 5596 854 5656 Mansius
886 5594 1164 5671 pervertit
1192 5593 1313 5652 hac
1343 5593 1489 5653 cola.

2052 5091 2119 5219 sit:
2150 5109 2267 5163 qua
2299 5092 2497 5163 regula
2518 5091 2708 5147 metiri
2742 5091 3051 5165 sequentes
3080 5096 3321 5150 lacunas
3351 5091 3578 5147 discant
3606 5092 3688 5147 le-

2053 5183 2082 5219 c
2112 5181 2262 5219 ores.

2053 5181 2262 5221 CLOI‘BS.

2150 5236 2308 5308 1497)
2340 5234 2416 5308 Μ.
2452 5234 2601 5308 male
2632 5244 2794 5308 atque
2820 5240 2960 5308 fere.

2152 5307 2308 5377 1498)
2341 5307 2414 5379 Μ.
2452 5305 2595 5361 falso
2621 5305 2935 5379 préterttis.

2151 5378 2311 5447 1499)
2342 5378 2417 5450 Μ.
2447 5394 2875 5450 supervacanea.

2126 5451 2311 5518 (1500)
2342 5449 2417 5504 M.
2451 5449 2652 5505 omisit
2681 5451 2789 5507 hoc
2828 5449 3192 5506 vocabulum.

2154 5520 2310 5593 1501)
2340 5520 2417 5576 M.
2448 5538 2755 5593 perperam
2784 5524 2855 5577 ei.

2154 5593 2313 5671 1502)
2343 5593 2421 5653 M.
2453 5593 2607 5653 male
2633 5593 3025 5671 perstringere.
