4044 6180
391 344 511 408 838

1040 471 1276 527 SERMO
1311 471 1379 527 II.

906 579 965 617 IN
1003 578 1203 618 NATALI
1233 579 1509 617 EJUSDEM.

463 653 833 708 Gaudeamus
851 667 1075 716 omnes,
1095 652 1300 706 fratres
1325 651 1668 720 charissimi,
1689 653 1952 706 laetentur
1971 656 2027 706 et

391 741 680 800 exsultent
708 756 910 795 omnes
939 743 1158 812 gentes.
1193 744 1378 794 Istum
1426 740 1580 794 diem
1633 757 1745 796 non
1795 745 2025 795 tantum

390 830 642 887 visibilis
673 828 780 899 sol,
806 829 906 883 sed
931 829 1058 899 ejus
1088 828 1398 883 invisibilis
1419 830 1650 884 Creator
1676 829 1868 900 potius
1896 828 2026 883 illu-

393 919 655 974 minavit.
673 922 734 972 In
759 918 866 972 hac
889 917 1178 988 siquidem
1202 917 1314 986 die,
1333 918 1485 972 Deus
1507 918 1680 973 homo
1705 920 1889 972 factus
1912 923 2019 983 est,

392 1006 647 1064 cmlestia
693 1005 937 1062 terrenis
989 1005 1365 1071 famulantur,
1413 1006 1600 1079 angeli
1653 1011 1708 1061 et
1756 1007 2022 1062 homines

390 1098 463 1152 ad
495 1095 863 1152 concordiam
896 1100 1256 1150 revocantur.
1283 1095 1427 1150 Cum
1460 1097 1615 1150 enim
1646 1095 1706 1150 in
1737 1096 2022 1167 principio

387 1191 540 1242 esset
587 1185 763 1250 Deus,
804 1185 958 1239 sicut
1001 1184 1332 1255 evangelica
1381 1184 1540 1239 vobis
1585 1184 1754 1239 lectio
1805 1187 2021 1247 narrat,

392 1274 592 1330 Omnia
623 1291 718 1345 per
749 1275 932 1344 ipsum
959 1275 1109 1343 facta
1136 1275 1264 1326 sunt
1300 1274 1476 1339 (Joan.
1529 1291 1565 1340 ι,
1615 1273 1670 1344 3)
1704 1291 1716 1328 :
1767 1274 1867 1328 sed
1911 1272 2021 1326 ini-

389 1363 578 1419 micus
617 1363 860 1417 humani
907 1361 1131 1431 generis
1177 1362 1455 1416 adversus
1486 1361 1812 1416 Creatorem
1847 1379 2020 1417 suum

388 1453 692 1525 insurgere
721 1449 963 1505 tentavit
993 1449 1190 1504 dicens
1225 1466 1236 1503 :
1284 1456 1492 1505 Ponam
1536 1450 1714 1505 sedem
1749 1468 1924 1506 meam
1953 1453 2023 1506 ad

389 1542 722 1614 aquilonem,
753 1547 805 1595 et
851 1554 942 1594 ero
995 1538 1198 1593 similis
1245 1539 1516 1594 Altissimo
1545 1539 1694 1610 (Bai.
1744 1556 1859 1603 xw,
1909 1541 2018 1609 14).

389 1629 474 1686 Ob
515 1646 688 1702 quam
729 1626 1062 1699 superbiam
1110 1632 1230 1682 tam
1278 1626 1405 1699 ipse
1455 1644 1630 1700 quam
1680 1645 1882 1684 omnes
1935 1645 2023 1684 se-

390 1734 604 1790 quaces
651 1717 800 1788 ejus,
842 1715 941 1788 qui
989 1716 1354 1771 incommode
1405 1720 1775 1772 tentaverunt
1822 1733 2022 1772 ascen-

389 1808 544 1873 dere,
573 1805 766 1862 divino
789 1805 1010 1877 judicio
1043 1809 1181 1860 sunt
1201 1805 1429 1875 dejecti.
1455 1807 1539 1860 Ad
1575 1823 1824 1877 quorum
1853 1823 2024 1861 casus

387 1896 812 1968 reparationem
840 1895 1117 1950 Dominus
1143 1894 1409 1948 homines
1434 1895 1488 1948 in
1523 1895 1791 1965 paradiso
1815 1899 2027 1950 consti-

385 1986 518 2042 tuit.
541 1983 742 2056 Angeli
775 2000 1027 2055 quoque,
1063 1983 1546 2038 restaurationem
1580 1983 1670 2038 sui
1704 1984 1924 2038 ordinis
1957 1985 2026 2038 ab

387 2074 533 2146 ipsis
563 2076 984 2144 exspectantes,
1018 2070 1078 2125 in
1120 2087 1331 2143 magno
1357 2088 1455 2126 eos
1485 2073 1695 2143 gaudio
1729 2073 2029 2143 multoque

386 2167 728 2235 receperunt
766 2178 980 2216 amore.
1013 2163 1084 2215 At
1130 2177 1283 2226 vero,
1321 2166 1450 2232 post
1498 2161 2026 2229 prmvaricationem

382 2252 518 2306 Adae
574 2251 748 2324 primi
795 2249 1073 2314 hominis,
1107 2249 1164 2304 in
1220 2255 1448 2304 tantum
1495 2250 1800 2306 discordiae
1829 2251 2026 2305 odium

381 2339 581 2406 crevit,
606 2344 671 2394 ut
699 2338 860 2394 nulla
891 2355 1033 2410 pene
1064 2337 1324 2409 pristinis
1342 2338 1673 2393 dilectionis
1706 2339 1868 2394 radix
1900 2357 2025 2411 per-

387 2428 815 2484 maneret.~Nec
859 2429 984 2498 jam
1017 2427 1183 2482 nobis
1235 2444 1297 2483 se
1347 2432 1645 2484 consortes
1675 2444 1804 2483 esse
1837 2428 2025 2498 angeli

385 2517 773 2583 mstimabant,
807 2517 945 2588 quia
976 2517 1090 2571 Dec
1141 2516 1260 2593 ullo
1308 2517 1529 2587 absque
1578 2516 1785 2572 delicto
1817 2518 2024 2573 servie-

385 2608 546 2662 bant.
564 2607 800 2672 Quoties
817 2605 1031 2676 quippe
1049 2605 1387 2660 hominibus
1406 2607 1781 2677 apparebant,
1798 2607 2026 2662 adorari

385 2711 448 2750 se
469 2695 636 2766 quasi
667 2712 700 2749 a
731 2695 991 2763 subjecta
1013 2698 1277 2748 creatura
1299 2695 1734 2764 permittebant.
1761 2695 2025 2751 Christus

384 2784 580 2856 itaque
599 2785 744 2838 Deus
761 2786 896 2837 ante
915 2788 1198 2852 tempora,
1217 2783 1389 2837 homo
1409 2788 1470 2836 ut
1493 2800 1599 2838 nos
1623 2785 1929 2838 redimeret
1953 2785 2026 2840 fa-

384 2877 516 2927 ctus
547 2872 604 2926 in
635 2877 916 2943 tempore,
945 2872 1190 2926 formam
1215 2872 1362 2926 servi
1394 2871 1739 2943 suscipiens,
1764 2873 1938 2928 omlos
1971 2879 2027 2929 et

382 2967 619 3028 terram,
651 2960 890 3038 angelos
931 2964 987 3015 et
1019 2959 1286 3016 homines
1317 2961 1657 3032 pacificavit.
1693 2963 1827 3017 Post
1856 2965 2026 3034 cujus

379 3037 866 3116 incarnationem,
883 3047 1126 3120 angelus
1148 3065 1210 3104 se
1232 3050 1303 3104 ab
1326 3050 1562 3106 homine
1583 3051 1813 3106 adorari
1837 3053 2026 3124 prohi-

387 3139 515 3194 buit
535 3139 734 3194 dicens
759 3155 772 3193 :
808 3139 933 3195 Vide
951 3155 1020 3193 ne
1036 3141 1251 3209 feceris,
1274 3155 1559 3194 conservus
1582 3143 1727 3195 enim
1746 3144 1873 3196 tuus
1902 3157 2024 3196 sum

1407 342 1747 404 ATTONIS
1791 337 2373 404 VEBGELLENSIS
2418 343 2768 404 EPISCOPI

2057 475 2110 540 Α
2141 473 2444 529 observare
2477 492 2491 530 :
2524 474 2624 546 qui
2655 473 2827 529 etiam
2861 473 3002 529 adeo
3033 483 3065 529 a
3098 485 3160 529 se
3189 473 3491 528 charitatis
3533 474 3792 546 gratiam

3665 335 3788 402 B36

2141 562 2459 633 expellunt,
2511 568 2576 618 ut
2625 563 2916 620 neminem
2968 579 3136 618 suam
3181 564 3422 618 domum
3450 563 3654 618 eodem
3699 563 3796 618 die

2143 651 2399 720 primum
2430 651 2655 724 ingredi
2684 651 2882 717 velint,
2913 651 3022 706 nisi
3048 651 3148 723 qui
3180 650 3514 707 cumulatus
3547 651 3797 707 oblatio-

2143 739 2318 794 nibus
2348 741 2644 796 advenerit
2679 758 2691 797 :
2721 740 2976 811 aliquem
3007 746 3202 796 autem
3234 740 3491 812 hospitio
3543 757 3607 795 se
3657 755 3796 796 sus-

2141 829 2332 899 cipere
2361 830 2669 900 abnegant,
2687 834 2742 884 et
2771 829 2918 884 nihil
2952 829 3184 900 penitus
3215 831 3287 884 de
3317 845 3424 884 sua
3454 828 3630 884 domo
3653 829 3798 884 dare

2141 922 2243 970 aut
2289 920 2657 973 commodare
2708 919 3041 973 desiderant
3087 919 3293 989 (1504).
3339 918 3384 973 Ο
3428 917 3694 973 inﬁdelis
3742 923 3798 972 et

2144 1010 2405 1062 erroneel
2461 1007 2668 1062 Melius
2717 1007 2820 1061 tibi
2865 1012 3018 1062 esset
3048 1007 3107 1062 in
3141 1008 3313 1062 domo
3341 1011 3442 1062 tua
3485 1007 3796 1062 Christum

2142 1092 2199 1146 in
2217 1094 2503 1166 hospitem
2519 1096 2811 1166 suscipere
2840 1096 2926 1151 vel
2957 1112 3445 1168 pauperes,quam
3481 1096 3799 1151 rusticosa

2142 1187 2197 1237 te
2231 1185 2463 1255 tuisque
2493 1201 2802 1256 oppressos
2832 1189 3007 1256 atque
3039 1186 3122 1239 sic
3151 1184 3491 1250 instructos,
3523 1184 3799 1257 apopho-

2138 1277 2260 1327 reta
2280 1272 2364 1328 vel
2387 1274 2700 1344 cenophora
2722 1273 3066 1345 bajulantes.
3084 1273 3242 1328 Idem
3266 1275 3483 1346 quippe
3506 1275 3801 1328 Dominus

2142 1361 2222 1415 ait
2257 1379 2269 1416 :
2305 1362 2561 1429 Quandiu
2588 1363 2793 1431 fecistis
2822 1365 2926 1416 uni
2953 1378 3022 1417 ex
3049 1364 3298 1417 minimis
3345 1365 3482 1430 istis,
3516 1363 3665 1417 mihi
3712 1365 3797 1432 fe-

2138 1451 2286 1505 cistis
2334 1451 2540 1522 (Matth.
2581 1469 2715 1518 xxv,
2742 1451 2850 1522 40).
2880 1452 2951 1505 Et
2980 1452 3118 1506 item
3153 1468 3165 1506 :
3194 1456 3337 1506 Date
3363 1453 3798 1523 eleemosynam,

2138 1547 2189 1593 et
2217 1541 2404 1594 omnia
2430 1541 2636 1595 munda
2665 1544 2794 1594 sunt
2831 1541 2982 1595 vobis
3035 1540 3184 1610 (Luc.
3237 1558 3300 1608 II,
3351 1541 3459 1610 41).
3509 1541 3801 1596 Similiter

2139 1629 2312 1683 etiam
2347 1628 2620 1684 Kalendis
2651 1629 2872 1684 Martiis
2902 1629 3244 1700 hujusmodi
3276 1630 3547 1686 homines
3595 1630 3800 1685 multis

2139 1717 2329 1772 solent
2360 1719 2715 1774 debacchare
2737 1721 2839 1791 (ita
2866 1719 3007 1790 cod.)
3041 1719 3384 1792 praestigiis;
3419 1736 3535 1791 prae
3559 1720 3799 1776 cunctis

2141 1812 2334 1862 autem
2385 1808 2520 1862 anni
2577 1808 2804 1876 diebus,
2840 1808 2896 1863 in
2944 1808 3039 1864 his
3089 1808 3361 1864 diabolus
3389 1809 3588 1863 adhuc
3624 1825 3797 1863 suam

2139 1901 2364 1951 exercet
2395 1895 2869 1961 colcniam.Quod
2906 1899 3059 1952 unde
3091 1897 3444 1970 processisse
3465 1897 3795 1966 credimus,

2138 1986 2302 2039 vobis
2335 1986 2592 2040 indicare
2642 2003 2938 2042 curamus.
2990 1987 3145 2042 Mars
3191 2003 3446 2057 namque
3494 1992 3554 2042 et
3608 1987 3800 2042 Janus

2139 2073 2410 2129 homines
2443 2075 2691 2146 perversi
2716 2073 2782 2130 'et
2811 2075 3070 2131 infelices
3090 2076 3615 2148 fuerunt,quorum
3641 2093 3800 2132 unus

2141 2162 2432 2218 homicida
2463 2168 2519 2218 et
2548 2163 2794 2230 adulter,
2837 2163 2982 2220 alter
3011 2166 3069 2219 in
3101 2169 3330 2220 tantum
3377 2167 3486 2219 iuit
3514 2183 3711 2221 vanus
3745 2173 3803 2220 et

2137 2253 2470 2320 demens,ut
2502 2252 2678 2306 etiam
2709 2269 2771 2307 se
2796 2252 2991 2324 ipsum
3024 2253 3279 2308 flammis
3310 2260 3624 2310 cremarat.
3659 2260 3800 2311 Post

2138 2330 2387 2409 quorum
2415 2340 3117 2413 interitum,paganorum
3150 2341 3269 2398 illis
3303 2359 3460 2413 more
3492 2345 3798 2400 fabricate

2137 2432 2274 2482 sunt
2303 2429 2594 2492 statuae,in
2629 2428 2844 2500 quibus
2862 2431 2934 2485 ob
2953 2447 3155 2486 eorum
3189 2431 3475 2487 scelerum
3509 2432 3792 2488 immani-

2135 2521 2316 2572 tatem
2363 2517 2726 2574 daemonibus
2777 2518 2996 2589 placuit
3047 2519 3341 2589 habitare;
3375 2526 3524 2576 etut
3557 2521 3795 2578 facilius

2135 2605 2402 2661 homines
2463 2606 2816 2678 deciperent,
2889 2609 3299 2679 praedictorum
3363 2609 3475 2664 sibi
3544 2611 3795 2666 nomina

2136 2693 2354 2764 placuit
2384 2695 2620 2764 ﬁngere,
2641 2697 2840 2767 sicque
2873 2714 2934 2751 se
2964 2699 3168 2767 vivere,
3198 2703 3254 2753 et
3283 2699 3420 2754 deos
3451 2715 3581 2754 esse
3598 2702 3791 2770 jacta-

2134 2781 2302 2850 bant;
2359 2785 2727 2855 duorumque
2778 2785 3070 2841 mensium
3122 2787 3225 2858 (ita
3267 2787 3379 2842 cod.
3416 2787 3505 2843 hic
3533 2793 3585 2843 et
3616 2790 3791 2857 alibi)

2136 2871 2419 2944 principia
2450 2873 2562 2927 sibi
2593 2876 2880 2929 sacranda
2909 2875 3387 2948 dicebant,atque
3417 2894 3524 2932 suo
3546 2879 3792 2935 nomine

2135 2962 2368 3015 eosdem
2402 2978 2651 3032 menses,
2685 2963 2908 3019 scilicet
2939 2963 3214 3020 Martium
3246 2969 3302 3021 et
3343 2966 3724 3033 Januarium,
3757 2985 3793 3023 ι

2135 3049 2317 3105 Marte
2350 3055 2405 3105 et
2433 3052 2581 3106 Jano
2614 3052 2892 3124 appellari
2939 3053 3252 3122 jubebant;
3294 3059 3350 3109 et
3381 3055 3638 3126 qualiter
3686 3074 3794 3129 per

2135 3140 2398 3210 singulas
2425 3142 2584 3212 ipsas
2618 3141 2906 3197 Kalendas
2939 3142 3226 3198 solemnia
3257 3144 3529 3214 colerent,
3547 3145 3787 3216 quales-

385 3235 434 3283 et
451 3229 694 3298 fratrum
717 3231 931 3283 tuorum
956 3228 1140 3298 (Apoc.
1164 3228 1548 3298 x1x,10).}iaec
1571 3235 1659 3284 est
1679 3231 1803 3284 dies
1825 3230 2020 3298 illa,in
2054 3211 2097 3277 C
2136 3245 2248 3300 que
2280 3211 2475 3284 cultus
2507 3237 2847 3301 peragerent
2877 3232 3331 3296 edocebant.Qui
3370 3211 3531 3289 error
3560 3211 3622 3289 in
3653 3241 3786 3290 tan-

382 3333 501 3388 qua
529 3322 751 3372 natura;
775 3318 912 3387 jura
943 3321 1244 3371 mutantur
1279 3333 1291 3370 :
1343 3317 1501 3388 virgo
1549 3319 1830 3390 concepit,
1865 3319 2022 3392 virgo

384 3406 626 3478 peperit,
661 3409 712 3460 et
749 3407 937 3461 Verum
967 3420 1094 3460 caro
1122 3407 1330 3476 factum
1360 3414 1436 3459 est
1457 3407 1634 3475 (Joan.
1671 3425 1708 3472 ι,
1745 3409 1850 3479 14).
1876 3409 2020 3462 Nam

383 3509 557 3565 quem
589 3493 960 3547 immensitas
988 3491 1110 3546 coeli
1136 3507 1339 3562 capere
1370 3508 1482 3545 non
1516 3498 1724 3562 potest,
1751 3495 2022 3564 prazsepis

383 3581 656 3652 angustia
686 3580 1017 3635 collocatur.
1054 3580 1232 3633 Hodie
1263 3579 1454 3649 angeli
1488 3581 1820 3650 pastoribus
1851 3599 2024 3653 appa-

383 3674 649 3735 ruerunt,
672 3685 888 3738 eosque
917 3669 985 3723 de
1009 3668 1239 3723 Domini
1268 3669 1565 3722 nativitate
1601 3670 2020 3738 instruxerunt,

381 3763 440 3813 et
484 3775 556 3814 ne
616 3758 892 3813 timerent
939 3758 1431 3822 confortaverunt,
1485 3757 1685 3828 eisque
1742 3761 2021 3830 gaudium

383 3863 662 3918 magnum
697 3845 1130 3912 nuntiaverunt,
1172 3850 1229 3900 et
1281 3845 1463 3917 gloria
1512 3846 1568 3900 in
1619 3847 1859 3902 excelsis
1909 3848 2021 3904 Deo

380 3935 636 4008 primum
671 3935 1125 3990 decantaverunt
1151 3935 1301 4002 (Luc.
1337 3951 1393 3997 ιι,
1428 3935 1604 4006 8-15).
1639 3937 1862 3999 Quibus
1895 3937 2020 3992 ideo

380 4023 741 4080 nativitatem
781 4024 1004 4079 Domini
1056 4023 1246 4094 angeli
1296 4023 1551 4094 primum
1585 4025 2018 4094 nuntiaverunt,

379 4114 523 4185 quia
543 4117 804 4185 pastores
826 4129 940 4184 prae
959 4112 1178 4167 czeteris
1196 4112 1391 4166 videre
1409 4112 1685 4168 sublimia
1705 4121 2018 4184 merentur,

273 4251 275 4256 ,
379 4202 479 4274 qui
509 4200 778 4257 ﬁdelibus
799 4201 1076 4272 gregibus
1099 4217 1344 4270 praeesse
1364 4200 1608 4256 sollicite
1631 4201 1844 4257 sciunt.
1867 4208 2018 4258 Gau-

381 4292 626 4347 deamus
657 4306 792 4362 ergo
822 4289 1013 4356 hodie,
1048 4290 1255 4344 fratres
1297 4288 1648 4345 charissimi.
1679 4333 1691 4346 .
1722 4333 1734 4344 .

1010 4395 1250 4450 SERMO
1292 4397 1386 4450 IlI.

809 4485 870 4522 IN
909 4483 1080 4522 FESTO
1109 4483 1336 4522 OCTAVE
1367 4484 1592 4523 DOMINI.

2133 3323 2258 3372 tum
2294 3319 2714 3391 frequentandc
2745 3320 2937 3387 crevit,
2975 3326 3039 3375 ut
3070 3339 3212 3392 pene
3263 3323 3336 3377 ab
3385 3324 3666 3379 omnibus
3695 3341 3788 3378 co-

2133 3406 2350 3462 leretur
2381 3409 2697 3463 subversis.
2730 3409 2794 3463 Et
2823 3409 2957 3464 inde
2987 3426 3115 3466 esse
3147 3411 3415 3467 existimo
3469 3413 3626 3484 quod
3677 3413 3784 3468 ho-

2133 3497 2341 3568 dieque
2373 3498 2541 3551 durat
2573 3498 2632 3551 in
2665 3499 3220 3554 rusticis.Mensium
3251 3505 3445 3556 autem
3469 3501 3780 3557 nomina...

2133 3585 2327 3640 solu...
2378 3603 2608 3657 quoque
2657 3587 2959 3659 signorum
3011 3588 3163 3644 sicut
3219 3591 3290 3645 ab
3340 3591 3781 3661 antiquissimis

2131 3679 2189 3729 et
2218 3677 2461 3745 paganis
2490 3676 2735 3731 diversis
2764 3677 3086 3748 composita
3106 3684 3246 3733 sunt
3266 3679 3565 3751 figmentis
3589 3681 3782 3737 adhuc

2133 3779 2470 3834 permanere
2515 3765 2572 3819 in
2623 3765 2976 3836 quibusdam
3025 3768 3426 3839 cognovimus,
3478 3776 3547 3824 ut
3592 3770 3781 3837 Aries,

2131 3852 2384 3912 Taurus.
2432 3858 2489 3907 et
2537 3859 2757 3909 caetera.
2794 3855 3050 3918 Quorum
3099 3857 3355 3927 nomina,
3388 3856 3439 3912 si
3470 3857 3785 3929 diligenter

2129 3940 2523 4014 inquirantur,
2547 3943 2694 3998 falsa
2723 3959 2851 3999 esse
2881 3951 3226 4011 noscuntur,
3261 3947 3400 4018 quia
3431 3947 3784 4003 animalium

2131 4029 2352 4099 species
2385 4048 2686 4102 nunquam
2715 4032 2772 4086 in
2805 4033 3096 4088 sideribus
3126 4035 3419 4100 videntur,
3453 4037 3556 4090 sed
3597 4037 3784 4091 curio-

2129 4119 2273 4174 sitas
2287 4136 2641 4190 paganorum
2656 4121 3163 4178 haecdeliramenta
3173 4125 3500 4179 secundum
3516 4125 3777 4180 volunta-

2129 4212 2244 4262 tem
2278 4207 2366 4262 vel
2400 4208 2630 4264 laudem
2655 4212 2967 4265 numinum
2989 4217 3044 4266 et
3065 4212 3258 4284 potius
3281 4213 3620 4268 daemonum
3643 4229 3770 4268 suc-

2131 4312 2259 4350 rum
2300 4298 2522 4352 curavit
2553 4303 2924 4369 pertractare.
2951 4299 3111 4362 Quod
3135 4317 3204 4355 ex
3229 4301 3429 4373 paucis
3456 4317 3776 4373 possumus

2131 4384 2472 4454 approbare;
2494 4403 2702 4458 nempe
2724 4389 2878 4458 quod
2903 4404 3265 4460 paganorum
3288 4388 3627 4462 philosophi
3649 4393 3786 4446 Arc-

2127 4473 2312 4537 ton,id
2329 4478 2418 4528 est
2431 4473 3304 4548 Ursam,appellaverunt,atque
3317 4477 3500 4533 aJove
3519 4478 3676 4534 inter
3697 4495 3787 4534 as—

454 4559 620 4613 Hunc
649 4557 802 4614 diem
837 4572 1068 4628 semper
1097 4555 1373 4610 Kalendis
1402 4557 1695 4614 Januariis
1737 4559 1870 4629 (cod.
1919 4559 2017 4614 Ja-
2051 4579 2098 4642 D
2129 4564 2217 4613 tra
2238 4561 2565 4632 depositam
2597 4564 2978 4634 scripserunt;
3009 4565 3116 4620 hoc
3138 4567 3322 4620 nostri
3347 4565 3551 4621 rustici
3580 4566 3782 4638 plaus-

381 4649 745 4717 nuariarum]
764 4645 916 4701 sicut
932 4645 1140 4709 nostis,
1155 4643 1481 4700 charissimi
1494 4687 1506 4710 ,
1523 4647 2018 4703 celebramus.Sed

382 4736 554 4791 nobis
583 4735 691 4790 hoc
721 4741 909 4790 tacere
949 4751 1065 4789 non
1109 4735 1397 4800 convenit,
1432 4735 1586 4805 quod
1620 4737 1857 4805 quidam
1892 4737 2022 4792 falsi

383 4823 699 4880 Christiani
733 4823 882 4878 tanti
933 4823 1046 4878 diei
1086 4822 1516 4878 solemnitatem
1550 4823 1830 4896 sacrilega
1861 4843 2022 4881 com-

381 4911 653 4968 mistione
697 4912 1062 4982 perturbant,
1095 4912 1171 4965 ita
1229 4917 1292 4966 ut
1341 4913 1538 4967 divina
1584 4914 1776 4969 ofﬁcia
1823 4915 1880 4968 in
1932 4931 2021 4970 ec-

378 5001 574 5058 clesiis
627 5001 935 5056 videantur
983 5000 1292 5065 celebrare,
1360 5007 1415 5057 et
1488 5003 1662 5057 variis
1723 5003 2023 5059 maleficiis

381 5091 539 5148 domi
575 5107 688 5146 non
721 5089 992 5145 desinant
1021 5090 1297 5144 inservire
1331 5093 1535 5163 (1503).
1563 5092 1806 5164 Insuper
1826 5094 2022 5148 Jania-

382 5197 489 5235 nas
521 5177 866 5235 traditiones
917 5177 1343 5250 gentiliumque
1393 5181 1554 5238 ritus.
1589 5198 1703 5237 non
1758 5186 2025 5238 metuunt

453 5338 636 5410 (1503)
669 5340 746 5394 De
786 5335 1303 5410 superstitionibus
1351 5338 1429 5410 in
1459 5338 1624 5394 Italia
1669 5342 1859 5396 medio
1909 5358 2024 5396 sevo

383 5409 871 5481 proserpentibus
893 5411 1121 5481 legatur
1159 5409 1456 5464 Muratcrii
1507 5411 1837 5466 dissertatio
1866 5413 1937 5465 59
1967 5413 2026 5467 in

381 5479 533 5536 Ann.
571 5479 747 5536 medii
779 5481 902 5545 aevi,
937 5479 981 5536 t_.
1013 5479 1105 5547 V.,
1142 5498 1266 5551 qua:
1298 5485 1453 5535 certe
1485 5483 1835 5538 cumulatior
1883 5486 2025 5539 fuis-

380 5557 493 5679 set,
526 5551 831 5679 sitAttouis
858 5552 951 5610 hic
983 5552 1240 5610 ineditus
1270 5568 1462 5610 sermo
1493 5553 1809 5612 Muratcrio
1855 5556 2023 5613 inno-

413 5639 572 5679 uisse
605 5665 617 5679 .

385 5625 617 5684 tuisset.

2129 4652 2286 4703 trum
2315 4650 2853 4706 denominaverunt.
2887 4654 3048 4718 Quod
3072 4661 3264 4709 autem
3288 4655 3399 4726 ipsi
3426 4661 3605 4727 caput
3625 4655 3784 4709 tauri

2133 4743 2424 4804 asserunt,
2449 4739 2556 4794 hoc
2578 4740 2751 4794 etiam
2783 4740 2878 4795 isti
2915 4741 3194 4813 gallinam
3229 4742 3450 4798 dicunt.
3485 4743 3598 4798 Sed
3624 4743 3780 4815 quod

2133 4826 2386 4881 balteum
2412 4827 2641 4883 Orionis
2664 4831 2999 4899 notant,hcc
3022 4832 3204 4886 nostri
3239 4831 3443 4886 falcem
3467 4832 3779 4887 sectoriam

2132 4914 2528 4971 clamant.Nec
2551 4917 2678 4972 ideo
2694 4919 2992 4974 inferiores
3011 4919 3118 4974 hos
3133 4920 3415 4991 dijudicet
3437 4919 3779 4992 quisquam,

2133 5005 2298 5074 quasi
2325 5006 2488 5076 pejus
2511 5006 2966 5063 assimilaverint
2988 5011 3168 5064 nefas.
3184 5009 3438 5080 Denique
3459 5026 3566 5065 nec
3586 5009 3781 5082 ἀρκτος

2135 5090 2272 5162 lead.
2302 5093 2538 5164 Arcton]
2568 5093 2778 5149 melius
2803 5095 3003 5150 Ursam
3029 5112 3206 5166 quam
3229 5096 3560 5168 plaustrum
3585 5104 3782 5152 osten-

2134 5184 2248 5247 tat;
2283 5198 2386 5236 nec
2411 5181 2553 5236 illud
2573 5182 2728 5238 aliud
2749 5184 2983 5255 signum
3013 5186 3206 5256 potius
3223 5191 3400 5256 caput
3417 5187 3780 5258 tauri,quam

2204 5343 2388 5467 (1504)
2421 5344 2816 5399 Memorantur
2847 5345 3069 5401 similes
3109 5346 3203 5401 his
3242 5347 3697 5419 superstitiones
3726 5349 3783 5402 in

2204 5431 2352 5467 Iuscu
2385 5431 2415 5467 0
2440 5415 2673 5467 Martini
2709 5418 3260 5467 Bracarensismmd
3294 5435 3399 5467 ego
3425 5436 3617 5467 numer
3641 5419 3783 5467 mnl-

2134 5415 2422 5491 opusculo
2440 5415 2673 5491 Martini
2709 5418 3261 5489 Bracarensis,qucd
3294 5415 3399 5491 ego
3425 5436 3617 5491 nuper
3641 5419 3790 5475 mul-

2133 5489 2191 5540 to
2218 5486 2581 5542 emendatius
2616 5492 2672 5542 et
2705 5505 2836 5543 cum
2872 5491 3086 5545 inedito
3117 5486 3358 5545 exordio
3383 5491 3440 5544 in
3474 5486 3649 5549 tertio
3694 5509 3789 5548 vc-

2133 5555 2353 5614 lumine
2382 5557 2755 5620 classicorum
2785 5563 3101 5620 Auctorum
3133 5579 3190 5637 p.
3220 5563 3345 5630 379,
3377 5562 3557 5621 edidi.
