4062 6186
288 336 411 420 837

1790 332 2240 417 suaMonEs.

3610 346 3730 423 838

288 491 572 567 gallinam
612 488 913 565 designat.
956 488 1117 552 Quod
1165 489 1360 542 autem
1416 483 1678 540 balteum
1728 484 1959 542 Orionis
1990 490 2044 555 Α
2072 490 2203 559 fecit
2235 490 2295 542 in
2324 485 2453 541 caelo
2488 491 2540 539 et
2569 484 2631 537 in
2661 488 2828 553 terra,
2861 487 2921 539 in
2948 490 3098 543 mari
3126 452 3178 544 at
3206 491 3265 543 in
3294 491 3538 547 omnibus
3564 494 3725 564 abys-

291 582 528 647 dicitur,
548 576 826 634 omnibus
851 582 1009 648 patet
1034 578 1172 648 quia
1194 576 1405 631 melius
1429 573 1598 646 quasi
1622 572 1757 628 falci
1780 580 1963 630 secto-

293 672 392 726 riae
416 685 590 742 quam
626 665 820 721 balteo
844 667 1233 721 assimilatur.
1255 666 1371 720 Nos
1402 664 1586 736 igitur
1606 663 1752 717 talia
1772 664 1965 720 dicere

295 759 583 833 cogimur,
616 755 756 828 quia
796 754 1018 810 multos
1052 771 1320 827 perverso
1366 754 1641 825 dogmate
1690 754 1965 808 seductos

295 849 415 904 haec
436 864 614 920 supra
636 845 875 900 modum
895 846 1208 901 observare
1228 840 1793 913 cognovimus.Nam
1817 848 1965 898 Deus

297 937 671 1009 omnipotens
703 934 831 988 ideo
857 933 1057 990 sidera
1077 933 1376 989 constituit
1406 932 1464 985 in
1491 928 1655 984 coelis
1680 936 1743 984 ut
1774 932 1962 986 homi-

296 1027 473 1083 nibus
507 1024 863 1081 deservirent
892 1021 955 1075 in
992 1024 1182 1078 terris.
1214 1022 1343 1076 Haec
1377 1020 1617 1092 quidem
1651 1019 1962 1091 caliginem

291 1119 651 1187 temperant,
680 1110 1126 1169 distinctionem
1177 1111 1451 1166 horarum
1488 1107 1817 1187 insinuant,
1854 1109 1961 1163 ite-

290 1184 571 1260 rant—ibus
595 1203 683 1258 vel
715 1200 1137 1270 navigantibus
1169 1200 1371 1254 mundi
1402 1201 1598 1269 partes
1630 1184 1957 1268 designant.

288 1294 443 1349 Sunt
461 1292 641 1349 etiam
666 1290 934 1363 quadam
958 1288 1021 1343 in
1043 1289 1257 1360 quibus
1275 1287 1553 1342 imbrium
1570 1284 1965 1356 tranquillita-

288 1387 497 1438 tumve
544 1387 809 1453 tempora
857 1376 1182 1449 aliquando
1234 1376 1563 1448 prospicere
1620 1380 1958 1445 possumus.

289 1476 460 1527 Hanc
493 1469 618 1526 illis
659 1470 846 1541 legem
890 1467 1132 1522 Creator
1161 1466 1422 1521 omnium
1457 1464 1514 1518 in
1546 1462 1829 1534 principio
1863 1478 1962 1533 po-

295 1560 439 1628 suit,
474 1577 587 1617 nec
618 1558 774 1614 ultra
801 1554 1113 1611 subvenire
1142 1554 1229 1609 vel
1260 1570 1465 1609 nocere
1496 1552 1725 1607 valent:
1754 1567 1962 1623 quam-

294 1652 389 1707 vis
421 1650 552 1706 sint
573 1645 1000 1709 mathematici,
1020 1643 1120 1716 qui
1145 1644 1266 1698 haec
1286 1642 1663 1698 nascentibus
1693 1654 1961 1712 praeesse,

300 1739 609 1812 conjugiis
660 1733 963 1791 dominare
1011 1734 1115 1804 [ita
1159 1732 1324 1801 cod.],
1359 1730 1688 1786 architectis
1718 1731 1967 1784 doceant

2075 580 2149 632 sis
2181 576 2350 648 (Psal.
2375 589 2602 639 cxxxrv,
2626 573 2701 643 6).
2731 573 2800 627 Et
2829 573 3050 632 Paulus
3082 578 3415 649 apostolus:
3458 581 3731 637 Voluntati

2076 669 2225 721 enim
2275 666 2392 736 ejus
2440 663 2567 733 quis
2609 664 2819 717 resistit
2849 664 3026 733 (Rom.
3062 684 3138 730 ιχ,
3174 667 3298 738 19)?
3329 666 3495 738 Ergo,
3527 668 3731 726 fratres

2076 754 2212 822 mei,
2245 752 2470 824 liquido
2522 754 2682 821 patet
2720 752 2861 821 quia
2890 752 3013 808 hazc
3045 754 3182 809 talia
3234 754 3484 809 multum
3534 758 3733 812 obesse

2077 843 2199 898 suis
2231 844 2483 914 possunt
2524 838 2852 895 cultoribus
2886 859 2899 896 :
2936 847 2991 897 et
3020 843 3149 898 ideo
3198 844 3281 897 sic
3311 861 3343 898 a
3371 845 3577 900 vestris
3609 850 3734 900 era-

2076 933 2264 987 dicate
2296 929 2695 993 mentibus,ac
2712 919 2759 983 si
2796 947 3101 1002 nunquam
3127 933 3419 988 fuerintin
3452 935 3730 991 auribus:

2075 1022 2174 1076 sed
2212 1019 2541 1075 secundum
2594 1018 2831 1072 beatum
2882 1019 3131 1074 Paulum
3180 1022 3530 1092 apostolum,
3565 1022 3734 1095 quid-

2075 1110 2214 1180 quid
2244 1108 2542 1177 agendum
2580 1106 2770 1169 fuerit,
2805 1123 3041 1178 semper
3088 1109 3187 1163 fiat
3228 1110 3283 1163 in
3341 1111 3577 1166 nomine
3628 1117 3734 1167 oo-

2075 1196 2220 1251 mini
2272 1194 2406 1265 (Col.
2455 1211 2541 1261 III,
2585 1195 2663 1263 6).
2717 1195 2880 1258 Quod
2939 1196 2987 1249 si
3038 1197 3169 1266 quis
3218 1200 3653 1271 contempserit,
3705 1218 3739 1255 a

2074 1283 2503 1340 catholicorum
2559 1287 2715 1337 sorte
2767 1288 3105 1353 separatum
3158 1286 3255 1357 qui
3290 1326 3301 1339 .
3340 1328 3403 1341 ..
3457 1289 3738 1345 mathesis

2072 1371 2326 1427 vinculis
2355 1371 2569 1427 irretiti
2607 1414 2619 1425 .
2658 1414 2669 1425 .
2707 1413 2718 1425 .
2752 1370 3007 1426 ﬁliorum
3031 1379 3265 1429 tuorum
3290 1377 3590 1448 aggregari
3622 1392 3740 1433 me-

2074 1464 2336 1515 reantur.

2726 1550 2974 1605 SERMO
3011 1550 3100 1606 IV.

2626 1655 2698 1692 IN
2758 1653 3208 1695 ΕΡῘΡΗΛΝῙΑ.

2154 1726 2494 1800 Epiphaniae
2549 1726 2761 1781 festum
2810 1727 2975 1795 [cod.,
3026 1729 3255 1801 festam]
3311 1733 3745 1793 celebrantibus

301 1833 649 1888 observare.
682 1823 795 1880 Sed
846 1823 1001 1894 quod
1034 1823 1104 1876 de
1156 1820 1456 1875 nativitate
1504 1823 1792 1887 asserunt,
1823 1818 1968 1873 satis
2001 1855 2048 1919 B
2083 1818 2224 1887 quid
2261 1817 2334 1871 sit
2362 1816 2685 1888 Epiphania
2712 1816 3078 1873 innotescere
3100 1836 3395 1877 curamus.
3422 1822 3748 1896 Epiphania

308 1920 368 1973 in
387 1914 865 1989 Epiphaniarum
880 1909 1151 1966 homeliis
1166 1908 1817 1980 destruitur(1505).Nos
1836 1922 1970 1961 vero

305 2006 449 2079 quid
484 2006 562 2060 de
611 1998 903 2072 conjugiis
949 1998 1273 2054 sentiamus
1320 1996 1552 2052 interim
1600 1998 1967 2051 adnotemus.

308 2097 675 2151 Innumeros
705 2105 913 2159 nempe
952 2087 1220 2143 homines
1260 2101 1450 2141 mares
1482 2102 1545 2140 ac
1578 2085 1823 2140 feminas
1856 2090 1970 2139 ste-

311 2184 453 2239 riles
488 2190 752 2253 perSzepe
772 2177 1048 2243 vidimus,
1077 2181 1133 2230 et
1156 2175 1290 2230 licet
1315 2174 1490 2229 variis
1520 2178 1848 2245 temporum
1882 2174 1970 2227 iu-

314 2268 759 2343 dagationibus,
784 2265 870 2320 vel
923 2262 1375 2320 studiosissimis
1424 2263 1723 2334 signorum
1762 2304 1772 2316 .
1811 2305 1823 2316 .
1862 2305 1872 2316 .
1907 2279 1976 2316 ex

318 2359 572 2417 diversis
595 2355 949 2427 conjugibus
980 2368 1336 2425 procreasse.
1364 2352 1441 2407 De
1470 2350 1729 2406 aedificiis
1756 2355 1973 2418 autem,

322 2467 394 2505 ex
422 2445 700 2520 praesenti
733 2443 941 2499 saltem
972 2441 1242 2513 Papiensi
1274 2440 1541 2495 incendio
1563 2440 1744 2511 (1506)
1775 2456 1980 2512 possu-

298 2546 465 2593 'mus
496 2534 772 2605 colligere
819 2531 1139 2586 veritatem.
1175 2530 1308 2595 Quae
1349 2529 1505 2584 enim
1552 2528 1752 2583 civitas
1782 2529 1839 2582 in
1874 2528 1981 2584 hoc

334 2642 513 2697 regno
547 2625 756 2689 fuerat,
790 2637 914 2690 quae
965 2618 1418 2691 pulchrioribus,
1463 2623 1528 2671 ut
1554 2618 1800 2685 vidistis,
1837 2617 1980 2671 ruti-

337 2716 481 2769 laret
509 2709 860 2767 structuris?
909 2724 1013 2762 nec
1046 2708 1166 2761 ulla.
1194 2711 1423 2778 poterat
1472 2706 1542 2760 ab
1593 2706 1847 2777 antiquis
1879 2724 1981 2761 seu

338 2821 373 2859 a
400 2800 698 2857 modernis
738 2798 997 2853 siderum
1025 2796 1385 2869 computatio
1435 2795 1693 2865 reperiri,
1728 2796 1836 2850 sub
1868 2813 1985 2867 qua

338 2893 557 2947 domus
592 2887 809 2942 fabrica
837 2886 897 2940 in
938 2901 1007 2939 ea
1045 2901 1161 2939 non
1194 2884 1463 2951 creverit;
1498 2899 1614 2937 una
1642 2887 1837 2938 tamen
1870 2884 1982 2953 die,

331 2981 526 3035 instar
556 2975 733 3030 divini
773 2973 1006 3046 judicii,
1041 2973 1113 3027 ab
1162 2973 1297 3045 igne
1342 2978 1690 3042 consumpta
1738 2977 1843 3026 est.
1877 2972 1984 3037 Qui

334 3083 481 3139 ergo
532 3064 732 3120 dicunt
775 3064 972 3134 aliqua
1008 3062 1266 3117 siderum
1316 3061 1715 3116 observatione
1763 3060 1982 3131 prolem

336 3154 585 3226 suscipi,
618 3153 703 3208 vel
733 3151 1090 3224 negligentia
1120 3149 1405 3217 fraudari;
1436 3149 1524 3204 vel
1556 3149 1655 3221 qui
1686 3149 1891 3204 domos
1923 3149 1980 3204 in

335 3250 473 3301 ortu
529 3243 911 3312 quorumdam
963 3241 1223 3295 siderum
1289 3243 1507 3293 erectas
1556 3238 1627 3292 ab
1678 3239 1810 3309 igne
1859 3254 1980 3293 cre-
2011 3218 2053 3286 C

336 3332 512 3399 mari,
544 3331 600 3385 in
632 3330 1022 3402 quorumdam
1054 3334 1250 3383 autem
1284 3343 1622 3398 permanere
1650 3324 1859 3381 illaesas
1891 3344 1983 3382 as-

336 3427 565 3491 truunt,
600 3431 700 3475 aut
754 3419 851 3489 qui
909 3420 981 3473 ab
1039 3418 1302 3489 ipsorum
1359 3416 1726 3471 veneratione
1766 3415 1985 3487 aliquid

344 3510 645 3583 provenire
675 3508 1055 3572 contendunt,
1090 3506 1182 3560 his
1213 3504 1565 3561 testimoniis
1598 3504 1831 3559 fallaces
1861 3521 1987 3560 esse

348 3601 765 3653 monstrantur.
801 3596 912 3650 Sed
945 3594 1221 3648 inimicus
1264 3593 1507 3648 humani
1538 3592 1764 3664 generis
1795 3593 1985 3647 diver-

347 3702 446 3742 sas
478 3686 734 3741 sentiens
784 3682 1153 3739 infirmitates
1202 3682 1529 3753 hominum,
1564 3682 1805 3737 diversis
1854 3699 1986 3739 nos-

346 3780 469 3830 met
496 3774 703 3829 nititur
733 3773 964 3828 insidiis
1010 3787 1340 3843 expugnare
1370 3789 1381 3827 :
1418 3772 1573 3826 sicut
1601 3771 1754 3826 enim
1788 3776 1987 3842 poten-

344 3864 507 3918 tibus
554 3862 840 3933 rapinam,
874 3861 1104 3916 callidis
1148 3861 1410 3932 suggerit
1454 3860 1736 3925 fraudem,
1764 3860 1992 3914 delicio-

344 3953 431 4008 sis
480 3951 803 4017 libidinem,
844 3949 1097 4005 robustis
1146 3950 1511 4021 superbiam;
1547 3949 1630 4003 sic
1688 3948 1883 4003 stultis
1936 3958 1991 4004 et

340 4041 579 4096 rusticis
616 4038 1039 4095 incredulitatis
1070 4037 1279 4093 vulnus
1318 4038 1585 4103 obdurat,
1620 4037 1985 4109 superstitio-

344 4147 492 4186 num
523 4144 742 4185 venena
762 4127 1056 4190 diffundit,
1080 4144 1223 4183 usus
1256 4127 1530 4193 defendit,
1558 4128 1831 4181 duritiam
1861 4143 1989 4181 mu-

348 4220 456 4275 nit.
482 4219 552 4273 Et
600 4218 733 4273 licet
761 4219 831 4272 de
870 4217 1269 4287 superioribus
1300 4233 1532 4289 quoquo
1565 4217 1736 4272 modo
1785 4233 1846 4271 se
1895 4232 1989 4271 ex-

347 4312 558 4365 cusent
585 4307 761 4374 vitiis,
796 4307 889 4361 his
920 4309 1114 4361 tamen
1148 4305 1852 4377 prosternunturjaculis.
1889 4307 1995 4378 Igi-

342 4403 444 4454 tur
474 4397 852 4468 quaerendum
886 4399 974 4449 est
1002 4411 1035 4448 a
1062 4394 1301 4462 talibus,
1328 4396 1375 4450 si
1417 4394 1778 4450 credulitatis
1811 4396 1993 4467 (1507)

344 4484 682 4559 symbolum
713 4483 800 4539 vel
832 4483 1011 4539 semel
1043 4489 1400 4555 percantent,
1434 4484 1759 4553 intendant,
1781 4484 1869 4538 vel
1901 4501 1993 4539 co-

348 4577 568 4649 gitent:
595 4574 747 4644 quod
773 4573 821 4628 si
846 4576 1148 4644 respuunt,
1174 4590 1207 4628 a
1228 4578 1427 4629 nostro
1450 4572 1692 4645 collegio
1715 4590 1902 4644 usque
1924 4573 1996 4628 ad

349 4663 819 4721 emendationem
848 4666 1306 4733 sequestrentur.
1330 4664 1390 4719 Si
1422 4679 1551 4717 vero
1584 4663 1692 4718 hoc
1725 4680 1784 4718 se
1812 4662 2001 4733 perhi-

348 4756 490 4809 bent
522 4754 907 4824 frequentare,
930 4751 1125 4806 dicant
1164 4769 1276 4822 quo
1318 4770 1414 4807 ore
1448 4752 1532 4807 vel
1565 4753 1735 4807 corde
1766 4753 1998 4806 credere

350 4843 538 4898 Deum
562 4841 1019 4910 omnipotentem
1047 4846 1337 4906 asserunt,
1366 4842 1534 4911 cujus
1557 4840 1833 4896 voluntati
1863 4840 2002 4895 talia

351 4931 637 5002 impedire
685 4930 1024 4984 creduntur.
1046 4928 1125 4983 De
1170 4929 1391 4983 talibus
1428 4946 1677 5001 namque
1717 4930 2000 4984 Dominus

353 5035 458 5092 per
479 5018 820 5089 prophetam
850 5017 960 5071 ait:
980 5018 1219 5088 Populus
1242 5018 1329 5073 hic
1351 5018 1511 5071 labiis
1532 5034 1616 5073 me
1637 5018 1888 5085 honorat,
1914 5034 2003 5072 cor

350 5118 535 5164 autem
564 5123 752 5161 eorum
801 5107 954 5177 longe
983 5114 1060 5161 est
1089 5124 1123 5160 α
1150 5122 1235 5161 me
1264 5109 1392 5177 (Isa.
1416 5123 1566 5169 χχιχ,
1595 5108 1700 5176 13).
1726 5108 2001 5177 Omnipo-

351 5203 488 5253 tens
518 5211 648 5250 vero
677 5212 793 5249 non
845 5200 950 5264 est,
986 5194 1097 5248 nisi
1142 5194 1241 5263 qui
1286 5193 1482 5248 omnia
1529 5198 1755 5264 potest:
1784 5194 1853 5247 de
1887 5210 2001 5263 quo

355 5283 674 5340 Psalmista
721 5283 848 5338 ait:
896 5284 1093 5338 Omnia
1140 5298 1479 5355 quaecunque
1524 5284 1697 5337 voluit
1742 5283 2003 5337 Dominus

454 5410 611 5480 1505)
647 5412 789 5480 Puta
820 5408 1154 5480 Augustini.

454 5412 611 5480 1505)
647 5412 789 5463 Puta
820 5412 1154 5480 Augustini.

346 5551 350 5554 ~
428 5412 612 5607 K1506)
644 5479 852 5560 Narrat
882 5480 990 5535 hoc
1039 5479 1373 5534 incendium
1423 5478 1773 5533 Muratorius
1807 5480 1862 5533 in
1892 5482 2003 5534 An-

357 5572 435 5607 na
464 5554 594 5607 ibus
630 5551 866 5607 ltalic1s.
894 5568 1045 5606 anno
1077 5550 1290 5606 Christi
1326 5551 1481 5605 1004.
1503 5581 1569 5589 -
1592 5552 1749 5607 Quod
1786 5551 2003 5606 Buron-

357 5550 601 5612 nalibus
630 5551 866 5616 Italicis,
894 5568 1045 5606 anno
1077 5550 1290 5606 Christi
1326 5551 1481 5605 1004,
1503 5581 1569 5589 -
1592 5552 1749 5616 Quod
1786 5551 2006 5606 Buron-

354 5628 480 5683 tius
510 5622 783 5694 intelligit
805 5623 873 5677 de
897 5623 1219 5694 vetustiore
1242 5621 1353 5678 alio
1384 5621 1569 5694 Papiae
1595 5623 1889 5694 incendio,
1917 5639 2010 5679 cu-

349 5702 457 5776 jus
509 5697 582 5753 ad
631 5693 851 5752 annum
882 5693 987 5751 924
1019 5695 1375 5752 mentionem
1408 5693 1546 5752 faeit
1591 5693 2005 5769 Luitprandus.

2088 1923 2349 1977 namque
2377 1910 2592 1973 Graece,
2624 1906 2825 1960 Latine
2856 1909 3315 1978 superapparitio
3341 1911 3570 1968 dicitur.
3598 1915 3748 1971 Nato

2085 1995 2304 2050 etenim
2342 1995 2586 2049 Domino
2633 2000 2834 2049 nostro
2884 1995 3025 2051 Jesu
3056 1997 3306 2066 Christo,
3340 2002 3652 2060 diverSorio
3684 2006 3749 2061 in

2085 2100 2207 2155 quo
2230 2084 2354 2155 ipse
2374 2090 2507 2137 eum
2528 2088 2717 2137 matre
2734 2085 3076 2140 morabatur
3093 2086 3255 2143 sidus
3275 2094 3749 2163 superapparuit,

2086 2174 2245 2242 quod
2282 2188 2485 2242 magos
2508 2171 2580 2226 de
2608 2172 2849 2226 remotis
2884 2175 3147 2244 partibus
3169 2178 3237 2231 ad
3272 2178 3582 2236 Dominum
3615 2182 3756 2239 ado-

2088 2262 2341 2315 randum
2379 2260 2666 2327 invitavit,
2695 2260 2993 2333 huiusque
3015 2264 3125 2319 diei
3160 2264 3273 2321 tale
3305 2284 3512 2324 nomen
3544 2271 3754 2329 exinde

2087 2350 2473 2404 consecravit.
2507 2348 2771 2420 Denique
2801 2350 2937 2405 licet
2973 2354 3250 2410 Dominus
3282 2355 3436 2413 hunc
3468 2359 3620 2415 diem
3651 2378 3753 2418 va-

2090 2438 2194 2493 riis
2228 2437 2527 2492 miraculis
2560 2440 2987 2509 perornaverit,
3013 2441 3166 2497 istud
3199 2449 3391 2502 tamen
3423 2447 3481 2502 in
3514 2451 3757 2509 nomine

2090 2526 2447 2599 praecipuum
2482 2526 2681 2581 locum
2715 2527 2990 2595 obtinuit,
3016 2530 3133 2585 sive
3156 2534 3294 2603 quia
3324 2536 3600 2609 primum,
3630 2540 3755 2598 siVe

2092 2616 2232 2687 quia
2264 2615 2527 2668 omnium
2585 2615 2699 2670 fuit
2743 2619 3088 2672 maximum.
3121 2620 3263 2676 Nam
3295 2623 3402 2679 hoc
3434 2627 3599 2683 sidus
3631 2630 3751 2700 pri-

2093 2704 2288 2763 mitias
2321 2703 2582 2774 gentium
2618 2706 2851 2761 Christo
2887 2709 3129 2763 Domino
3161 2713 3445 2781 excitavit,
3470 2722 3644 2789 atque
3675 2722 3751 2777 ad
3824 2770 3827 2773 λ

2092 2792 2442 2849 credendum
2496 2794 2803 2864 compulit,
2851 2796 2921 2850 ad
2968 2798 3331 2856 adorandum
3381 2806 3631 2861 edocuit.
3666 2808 3751 2864 De

2094 2898 2345 2954 quorum
2380 2881 2759 2938 multitudine
2790 2885 3017 2938 diversa
3050 2902 3205 2942 nunc
3224 2890 3350 2959 jam
3381 2908 3481 2963 per
3509 2908 3747 2953 omnem

2095 2988 2239 3042 pene
2288 2969 2575 3023 mundum
2623 2988 2742 3025 una
2768 2977 3013 3027 vocatur
3042 2974 3316 3032 Ecclesia.
3350 2979 3565 3035 Caetera
3610 2992 3746 3042 vero

2094 3057 2397 3126 miracula,
2421 3075 2547 3128 quae
2571 3062 2855 3114 Dominus
2880 3061 3307 3121 revolventibus
3330 3070 3501 3123 annis
3524 3086 3624 3140 per
3653 3088 3748 3129 ea-

2094 3152 2226 3205 dem
2276 3147 2676 3203 anniversaria
2722 3165 2960 3220 Operare
3001 3149 3103 3222 [ita
3138 3154 3279 3223 cod.]
3311 3157 3587 3228 dignatus
3631 3167 3743 3231 est,

2094 3236 2291 3293 omnia
2315 3235 2383 3289 ad
2417 3236 2595 3299 istud,
2616 3239 3113 3307 quemadmodum
3138 3242 3209 3295 ad
3232 3245 3604 3317 principium,
3622 3248 3743 3307 sive

2093 3331 2269 3398 caput
2298 3323 2639 3394 respiciunt,
2663 3326 2813 3380 sicut
2839 3327 3270 3399 Scripturarum
3296 3350 3522 3405 quoque
3548 3337 3742 3395 decla-

2095 3421 2183 3470 rat
2204 3412 2632 3467 series.Eodem
2658 3415 2795 3468 anni
2827 3416 3078 3472 termino
3102 3419 3381 3477 Dominus
3405 3422 3459 3477 in
3486 3424 3741 3484 ‘Jordan'e

2097 3503 2420 3591 baptizatus
2451 3505 2558 3570 est,
2593 3519 2626 3555 a
2656 3503 2875 3574 Spiritu
2917 3509 3120 3561 sancto
3145 3505 3205 3561 in
3236 3509 3517 3566 columba:
3550 3517 3744 3585 specie

2096 3590 2420 3647 declaratus
2450 3596 2557 3655 est,
2584 3591 2656 3644 ab
2688 3592 2856 3662 aquis
2888 3595 3215 3650 admiratns
3246 3604 3427 3663 est,et
3456 3618 3489 3654 a
3517 3601 3743 3661 Joanne

2096 3681 2277 3752 digito
2306 3680 2480 3735 etiam
2513 3685 2784 3739 ostensus
2810 3688 2936 3739 est:
2961 3684 3089 3739 Ecce
3120 3687 3300 3756 Agnus
3344 3689 3460 3757 Dei,
3483 3704 3603 3745 ecce
3644 3696 3746 3764 qui

2098 3772 2239 3827 tollit
2293 3776 2519 3840 peccaui
2572 3770 2764 3825 mundi
2793 3771 2979 3842 (Joan.
3030 3789 3067 3836 ι,
3112 3774 3218 3845 29).
3254 3776 3471 3832 Deinde
3526 3796 3742 3850 aquam

2095 3861 2297 3914 vinum
2333 3856 2465 3911 fecit
2494 3858 2565 3911 ad
2601 3861 2836 3928 nuptias
2868 3861 3052 3929 (Joan.
3088 3878 3148 3925 II,
3182 3864 3265 3933 8);
3300 3864 3453 3919 sicut
3484 3873 3743 3936 postmo-

2099 3951 2236 4003 dum
2263 3949 2331 4001 de
2355 3946 2610 4017 quinque
2631 3948 2947 4018 panibuset
2965 3949 3194 4004 duobus
3217 3953 3492 4021 pascibus
3509 3956 3747 4013 satiavit

2100 4038 2359 4110 quinque
2389 4033 2574 4089 millia
2603 4035 2907 4090 hominum
2938 4038 3145 4105 (Matth.
3169 4056 3281 4107 xw,
3313 4042 3424 4108 21).
3451 4043 3585 4107 Quae
3616 4060 3749 4099 om-

2101 4129 2197 4183 nia
2228 4125 2365 4198 quid
2399 4123 2557 4178 aliud
2590 4125 2843 4191 fuerunt,
2865 4143 3040 4197 quam
3081 4126 3269 4195 stella,
3290 4147 3413 4200 quae
3438 4132 3611 4186 corda
3641 4132 3744 4189 ho-

2102 4216 2328 4273 minum
2364 4214 2419 4267 in
2443 4214 2680 4268 remotis
2714 4216 2981 4285 partibus
3005 4216 3269 4271 vacantia
3291 4220 3361 4273 ad
3387 4218 3745 4291 agnitionem

2101 4306 2217 4361 veri
2273 4304 2364 4357 Dei
2416 4303 2647 4357 Domini
2696 4303 2880 4359 nostri
2928 4305 3065 4360 Jesu
3104 4304 3315 4361 Christi
3365 4308 3747 4378 perduceret?

2102 4395 2264 4451 Sicut
2294 4408 2425 4448 vero
2459 4391 2664 4463 praevio
2697 4391 2919 4447 lumine
2958 4410 3060 4465 per
3082 4396 3281 4450 noctis
3316 4398 3585 4453 tenebras
3618 4414 3747 4469 qua

2105 4485 2354 4541 obscura
2377 4487 2515 4536 sunt
2538 4486 2991 4553 perscrutamur,
3014 4483 3095 4537 sic
3118 4482 3385 4540 homines
3410 4484 3549 4540 visis
3570 4486 3748 4543 mira-

2106 4573 2253 4629 culis
2276 4572 2459 4626 Deum
2490 4570 2549 4625 in
2573 4570 2765 4641 efﬁgie
2798 4570 3361 4639 hominislatentem
3394 4574 3622 4630 facilius
3653 4576 3748 4631 in-

2105 4662 2466 4733 telligebant.
2491 4661 2671 4731 Igitur
2687 4660 2735 4713 si
2760 4660 2829 4713 de
2847 4659 3137 4729 praedictis
3158 4661 3454 4717 miraculis
3471 4663 3751 4721 subtilius

2109 4752 2503 4815 intendamus,
2529 4749 2649 4802 haec
2679 4748 2875 4802 omnia
2905 4749 2961 4801 in
2992 4748 3135 4819 ipsis
3167 4751 3354 4823 magis
3383 4752 3752 4824 praefigurata

2108 4840 2525 4911 intellegimus,
2549 4854 2675 4907 quae
2716 4837 2999 4893 Dominus
3030 4841 3403 4909 postmodum
3426 4882 3439 4894 .
3476 4882 3487 4894 .
3524 4884 3537 4897 .
3571 4848 3751 4913 uptus

2113 4973 2126 4985 .
2151 4974 2162 4984 .
2188 4972 2198 4984 .
2220 4932 2359 4983 dum
2382 4926 2632 4982 caelestis
2658 4926 2828 4996 Regis
2849 4926 3056 4981 Filium
3080 4928 3190 4983 sibi
3215 4946 3316 5000 per
3335 4930 3752 4985 incarnationis

2112 5018 2450 5091 mysterium
2478 5015 2619 5069 inibi
2644 5013 3049 5070 intellexerant
3068 5020 3342 5074 sociasse.
3370 5024 3592 5073 Rursus
3616 5033 3751 5071 cum

2114 5125 2146 5163 a
2175 5108 2391 5162 Judaris
2423 5105 2679 5175 quinque
2724 5103 3006 5160 librorum
3041 5109 3222 5178 (1508)
3255 5106 3631 5177 portitoribus
3664 5105 3753 5159 in-

2113 5196 2329 5251 dicium
2361 5193 2591 5264 aliquod
2619 5200 2861 5247 sumunt
2883 5194 3197 5250 Dominicae
3224 5192 3558 5258 nativitatis,
3583 5194 3754 5264 quasi

2115 5286 2373 5357 quinque
2405 5298 2583 5353 panes
2615 5280 2954 5338 inveniunt:
2982 5284 3081 5337 sed
3115 5285 3254 5337 dum
3278 5284 3336 5335 in
3359 5281 3562 5337 itinere
3593 5281 3754 5338 labo-

2114 5412 2270 5465 EDIT.
2302 5410 2546 5463 PATROL.

2189 5481 2371 5553 (1507)
2404 5478 2707 5535 Credulitas
2740 5495 2840 5550 pro
2868 5478 2997 5548 ﬁdes
3028 5477 3198 5549 vulgo
3229 5478 3445 5550 legitur
3474 5479 3628 5552 apud
3661 5496 3756 5537 ve-

2115 5557 2268 5610 teres
2297 5554 2514 5607 Patres.

2188 5624 2371 5697 (1508)
2401 5621 2629 5681 Scilicet
2656 5618 3053 5677 Pentateuchi.
