4062 6186
434 269 554 342 839

1443 263 1780 325 ATTONIS
1827 263 2414 326 VERCELLENSIS
2459 263 2810 326 EPISCOPI

3719 263 3824 326 840

433 401 616 457 rando
648 400 716 456 ad
748 413 884 454 eum
934 395 1295 470 perveniunt,
1330 395 1572 466 ejusque
1613 397 1920 468 praesentia
1949 412 2075 468 per-
2106 411 2156 473 Α
2191 396 2363 452 traxit
2392 397 2462 451 ad
2496 396 2749 469 culpam,
2775 412 2930 452 nunc
2961 396 3445 452 afﬂictareducat
3472 396 3547 452 ad
3575 397 3820 453 veniam.

431 492 726 553 fruuntur,
753 486 918 559 quasi
941 486 1200 558 quinque
1227 501 1409 558 panes
1433 487 1752 557 frangendo
1782 491 2071 555 crescunt,

431 595 497 634 ac
527 577 650 633 suis
681 575 815 648 (cod.
848 576 974 631 suis
1005 575 1124 646 eos]
1151 573 1377 630 deliciis
1397 578 1756 630 saturantur.
1782 573 1936 630 Duos
1968 591 2072 628 au-

424 672 542 723 tem
575 664 887 738 pisciculos
931 663 1291 736 psalmorum
1341 667 1398 718 et
1446 662 1860 734 prophetarum
1891 662 2071 718 libros

423 759 717 812 testantur
747 758 1030 821 auctores,
1059 754 1156 824 qui
1189 752 1362 808 etiam
1397 752 1542 807 bene
1574 768 1676 823 per
1704 751 1849 806 istos
1879 767 2068 806 ceme-

427 846 670 910 duntur,
693 846 827 916 quia
848 844 1115 915 quaedam
1137 858 1338 898 eorum
1363 839 1659 897 sententia:
1689 839 1748 894 in
1771 841 1902 896 istis
1932 857 2066 896 con-

423 938 814 991 summantur.
844 933 990 988 Nam
1039 930 1353 988 Psalmista
1381 930 1462 985 ait
1493 947 1506 986 :
1543 930 1711 1003 Reges
1758 930 1970 985 Tharsis
2015 936 2069 985 et

423 1025 626 1082 insulae
652 1039 885 1079 munera
911 1023 1154 1094 oﬂerent,
1185 1036 1342 1089 reges
1368 1019 1610 1074 Arabum
1653 1023 1706 1074 et
1749 1018 1896 1074 Saba
1925 1019 2067 1074 dona

420 1115 686 1171 adducent
717 1112 886 1185 (Psal.
917 1128 1064 1177 Lxxi,
1091 1110 1200 1183 10).
1241 1107 1421 1164 Isaias
1453 1124 1682 1180 quoque
1713 1108 1858 1164 dixit
1890 1125 1901 1162 :
1939 1109 2064 1164 0m-

415 1221 512 1261 nes
541 1204 606 1260 de
629 1203 770 1259 Saba
798 1202 1034 1269 venient,
1061 1215 1264 1255 aurum
1291 1202 1343 1254 et
1371 1198 1494 1253 thus
1514 1197 1836 1271 deferentes,
1859 1206 1912 1254 et
1941 1199 2064 1253 lau-

415 1293 543 1351 dem
567 1294 798 1350 Domino
826 1291 1221 1346 annuntiantes
1252 1288 1381 1360 (Isa.
1412 1304 1499 1358 Lx,
1530 1288 1607 1357 6).
1649 1288 1926 1342 Sanctum
1960 1287 2062 1342 de-

419 1383 596 1455 nique
632 1380 993 1453 baptismum
1022 1378 1083 1433 in
1117 1377 1200 1433 eis
1248 1392 1352 1449 per
1400 1375 1510 1432 hoc
1555 1376 1922 1448 designatum
1953 1379 2060 1443 est,

417 1473 572 1545 quod
614 1473 826 1527 sancta:
875 1467 1178 1524 Trinitatis
1208 1465 1635 1522 confessionem
1686 1466 1746 1519 in
1797 1465 1924 1538 ipso
1955 1483 2060 1520 suo

414 1574 776 1631 suorumque
798 1573 1107 1612 munerum
1131 1571 1375 1610 numero
1395 1554 1694 1625 suscipere
1716 1554 2059 1626 priusquam

411 1648 726 1706 Dominum
765 1647 1074 1703 adorarent
1112 1649 1454 1699 meruerunt
1487 1661 1499 1699 :
1536 1643 1655 1698 sive
1685 1643 1824 1715 quia
1853 1644 2058 1712 Deum,

409 1754 630 1811 regem,
659 1735 958 1792 hominem
989 1732 1313 1803 mortalem,
1337 1731 1557 1788 eisdem
1589 1732 1934 1788 muneribus
1963 1733 2062 1788 de-

406 1828 794 1895 claraverunt,
819 1825 972 1896 quod
1003 1821 1148 1878 nulli
1192 1821 1361 1878 aliter
1391 1821 1692 1877 confitenti
1739 1821 1925 1892 gratia
1971 1828 2059 1877 est

402 1916 719 1974 tribuenda
756 1911 1036 1986 baptismi
1069 1929 1081 1966 :
1119 1928 1221 1967 seu
1265 1910 1418 1981 quod
1471 1913 1603 1981 post
1658 1910 2054 1966 adorationem

403 2004 686 2062 admoniti
746 2005 885 2059 sunt
936 2017 1007 2056 ne
1057 2001 1314 2056 redirent
1350 2000 1420 2055 ad
1453 1999 1759 2069 Herodem,
1794 1999 1893 2054 sed
1953 2016 2057 2070 per

402 2093 581 2152 aliam
609 2091 764 2148 viam
792 2092 1218 2146 reverterentur
1242 2089 1301 2142 in
1327 2087 1625 2160 regionem
1651 2103 1816 2142 suam
1841 2087 2050 2159 (Matth.

401 2200 463 2254 ιι,
493 2183 604 2253 12).
625 2181 772 2236 Nam
815 2179 938 2235 haec
970 2177 1226 2233 adoratie
1271 2176 1632 2247 baptismum
1665 2176 1834 2231 nobis
1882 2175 2049 2232 inno-

399 2269 516 2326 tuit
546 2271 649 2342 [ita
676 2268 816 2339 cod.]
839 2265 1290 2339 quodammodo.
1326 2264 1502 2337 Regio
1528 2264 1684 2320 enim
1716 2268 1918 2320 nostra
1946 2281 2046 2335 pa-

401 2358 635 2415 radisus
691 2361 800 2425 est,
850 2373 884 2412 a
941 2372 1059 2428 qua
1116 2371 1218 2426 per
1274 2352 1504 2424 culpam
1564 2353 1738 2425 primi
1791 2352 2048 2408 hominis

398 2447 584 2518 ejecti,
619 2448 720 2503 diu
750 2446 808 2500 in
855 2445 1090 2517 regione
1121 2442 1382 2507 Herodis,
1412 2442 1470 2497 id
1520 2447 1610 2497 est
1657 2442 1714 2496 in
1762 2445 2047 2513 potestate

397 2535 635 2606 diaboli,
681 2535 927 2591 errando
973 2532 1305 2604 deguimus.
1338 2531 1448 2586 Sed
1499 2535 1809 2603 postquam
1859 2531 2043 2585 Deum

397 2624 680 2680 catholica
710 2623 1077 2689 confitemur,
1111 2637 1359 2690 eumque
1391 2620 1462 2674 ad
1495 2620 1856 2674 adorandum
1890 2619 2044 2674 fonte

393 2712 769 2786 baptismatis
811 2715 986 2782 caput
1035 2707 1464 2780 immergimus,
1500 2724 1570 2762 ne
1621 2708 1927 2763 redeamus
1970 2708 2041 2763 ad

393 2801 678 2858 Herodem
709 2800 936 2856 cunctis
959 2802 1174 2854 sanctae
1198 2797 1505 2868 Scripturae
1537 2795 1909 2869 dogmatibus
1941 2797 2041 2851 ad-

395 2906 722 2946 monemur.
783 2889 1038 2944 Herodes
1093 2902 1346 2957 namque
1393 2886 1674 2940 diabolum
1729 2885 2038 2956 signiticet,

392 2979 546 3036 sicut
575 2980 704 3051 ejus
735 2976 1139 3050 interpretatio
1170 2975 1426 3031 nominis
1458 2974 1755 3030 clariﬁcat.
1791 2974 1952 3029 Unde
1985 2979 2041 3029 et

2183 485 2344 548 Quod
2394 503 2526 540 cum
2574 503 2788 558 magna
2831 485 3133 558 diligentia
3179 483 3573 540 inchoandum
3625 490 3738 555 est,
3767 492 3822 541 ut

2183 574 2310 644 ejus
2341 575 2412 630 ad
2445 575 2619 630 finem
2649 574 2927 630 inoffense
2966 574 3262 645 pervenire
3297 591 3646 652 mereamur.
3682 575 3816 630 Nam

2183 679 2275 718 res
2306 681 2433 735 quas
2464 665 2607 720 bene
2649 663 2922 719 inchoata
2965 681 3077 718 non
3125 663 3320 730 fuerit,
3355 665 3682 734 perfectum
3713 665 3816 719 exi-

2181 756 2305 807 tum
2336 753 2428 808 vix
2459 753 2712 809 habebit.
2748 756 3124 825 Quapropter,
3149 752 3502 820 charissimi,
3527 754 3817 829 mundana

2179 847 2594 913 postponentes
2625 842 2795 912 seria,
2827 842 3097 898 ecclesias
3139 843 3518 912 frequentare,
3555 850 3811 914 peccato-

2177 947 2309 985 rum
2359 936 2682 986 vestrorum
2731 930 3118 1003 lacrymesam
3151 930 3266 986 Dee
3312 936 3369 986 et
3418 932 3811 988 sacerdotibus

2176 1020 2602 1076 confessionem
2654 1021 2863 1086 facere,
2895 1025 2952 1075 et
2993 1037 3096 1090 per
3123 1025 3310 1075 totum
3360 1021 3638 1076 eumdem
3672 1022 3810 1077 diem

2175 1107 2234 1163 in
2266 1108 2366 1164 Dei
2397 1110 2632 1165 servitio
2663 1109 2925 1166 laborare
2948 1109 3215 1181 satagite,
3245 1113 3310 1164 ut
3337 1109 3570 1181 plenius
3601 1110 3812 1166 discere

2173 1197 2433 1269 possitis,
2459 1199 2958 1270 quemadmodum
2991 1203 3245 1270 ereptum
3276 1215 3444 1270 opus,
3479 1199 3599 1254 Deo
3633 1201 3812 1271 opitu-

2171 1285 2347 1354 lante,
2380 1287 2693 1343 salubriter
2721 1287 3021 1360 expleatis.
3053 1287 3164 1342 Sed
3195 1286 3332 1358 quia
3379 1304 3497 1342 non
3546 1288 3812 1344 omnibus

2173 1392 2327 1432 unus
2370 1381 2458 1432 est
2505 1376 2859 1448 propositus,
2899 1376 3017 1431 vita
3063 1375 3404 1432 clericorum
3453 1395 3488 1432 a
3536 1375 3812 1434 laicorum

2172 1463 2343 1519 debet
2372 1481 2499 1520 esse
2529 1464 2963 1520 conversatione
2993 1468 3232 1519 remota.
3265 1465 3334 1519 Et
3362 1465 3462 1535 qui
3492 1467 3813 1522 secundum

2171 1552 2403 1608 beatum
2436 1570 2646 1625 papam
2692 1553 3113 1625 Telesphorum
3146 1552 3465 1625 anticipare
3495 1554 3717 1610 debent
3735 1557 3812 1627 je-

2162 1642 2332 1712 junio
2362 1642 2566 1713 (1509),
2600 1659 2708 1698 sua
2735 1659 2968 1714 quoque
2998 1642 3253 1714 primum
3283 1642 3500 1699 delicta
3532 1644 3812 1715 paeniten-

2169 1731 2246 1802 do
2289 1731 2621 1804 abstergere
2668 1749 2785 1788 non
2832 1731 3122 1796 emittant,
3157 1736 3222 1788 ut
3265 1731 3558 1804 populum
3607 1738 3810 1791 statuto

2171 1821 2265 1875 die
2295 1820 2531 1892 dignius
2557 1822 2866 1893 puriﬁcare
2885 1827 3101 1894 queant
3127 1839 3141 1877 :
3168 1820 3408 1893 pollutis
3442 1839 3666 1894 nempe
3693 1825 3810 1896 quis

2167 1910 2478 1982 tangendo,
2513 1909 2889 1982 coinquinare
2937 1909 3130 1983 potius
3174 1927 3351 1982 quam
3383 1913 3704 1968 emendare
3730 1931 3806 1969 se-

2163 1996 2263 2054 let.
2300 1999 2367 2054 Et
2405 1998 2533 2054 ideo
2583 2005 2716 2055 ante
2765 1998 2961 2054 omnia
2992 2016 3181 2054 nanus
3242 2004 3477 2056 nostras
3531 1999 3802 2070 lavemus,

2163 2086 2380 2143 scilicet
2410 2088 2564 2143 facta
2614 2089 2861 2160 reproba
2909 2088 3105 2144 studio
3157 2089 3322 2144 bonae
3353 2093 3807 2148 conversationis

2161 2177 2542 2232 eznendemus
2577 2193 2591 2233 :
2623 2183 2680 2234 et
2728 2179 2811 2233 sic
2861 2195 2962 2250 per
3003 2177 3262 2232 divinam
3315 2178 3807 2236 ministrationem

2159 2264 2409 2320 alierum
2454 2267 2636 2338 culpae
2676 2267 2937 2322 maculas
2990 2266 3210 2322 diluere
3257 2266 3624 2336 laboremus,
3658 2272 3810 2326 auxi-

2156 2350 2334 2408 liante
2391 2355 2638 2410 Domino
2695 2360 2892 2410 nostro
2949 2355 3087 2410 Jesu
3136 2354 3398 2423 Christe,
3447 2357 3629 2426 cuius
3683 2375 3807 2413 san-

2155 2439 2332 2511 guine
2381 2458 2589 2498 sumus
2631 2444 2914 2515 redempti
2961 2448 3018 2499 et
3064 2443 3426 2515 providentia
3471 2439 3808 2517 gubernati.

2153 2531 2358 2586 Amen.
2649 2552 2651 2564 ῖ

2790 2621 3032 2676 SERMO
3063 2621 3157 2676 Vl.

2599 2727 2734 2766 ITEM
2775 2728 2833 2765 IN
2872 2727 3066 2765 CAPITE
3102 2727 3341 2766 JEJUNII.

2318 2832 2573 2889 congrue
2603 2823 2693 2872 est
2723 2834 2889 2889 per...
2922 2807 3200 2888 "quatrit...
3240 2835 3378 2874 cu...
3415 2820 3799 2894 quadragesi-

2151 2920 2312 2958 mum
2334 2905 2420 2960 vel
2447 2907 2706 2977 potius...
2723 2907 3007 2962 cesimum
3032 2923 3134 2962 seu
3157 2905 3408 2977 alicujus
3431 2907 3682 2965 alterius
3710 2928 3802 2966 nu-

2149 2994 2290 3048 meri
2317 2995 2570 3066 magis...
2589 2996 3064 3066 jejunium,quod
3095 2996 3260 3051 facile
3283 3001 3465 3067 patet,
3491 2997 3543 3052 si
3568 2999 3800 3070 praefata

391 3085 494 3141 Per
522 3068 695 3124 aliam
727 3067 876 3122 Viam
928 3069 1187 3122 nOStram
1222 3065 1498 3154 Γθρθάπεὲ
1545 3062 2037 3154 Ρθιῖίξίδω-ίῖίνίηίθ
2072 3144 2105 3154 Α
2146 3062 3034 3154 temperavelsiconsideremus
3057 3062 3799 3151 auctore-3.0uatuer...ad-

391 3158 890 3214 admonitionibus
938 3155 1275 3222 suademur,
1312 3156 1374 3207 ut
1401 3152 1501 3223 qui
1544 3152 1712 3208 devia
1760 3151 2032 3207 vitiorum
2065 3144 2106 3210 C
2145 3144 2514 3228 χωρἠυωθιιῑ
2541 3190 2834 3229 summam
2866 3174 3184 3246 attingunt.
3209 3144 3525 3247 Bene'ergo
3551 3177 3796 3249 Moyses,

390 3247 664 3304 sectanda
695 3244 1035 3315 cecidimus,
1068 3259 1169 3315 per
1196 3241 1480 3297 virtutum
1511 3241 1807 3296 tramitem
1840 3257 2036 3296 ascen-

387 3335 526 3392 dere
555 3351 810 3392 summo.
842 3376 855 3389 .
893 3376 907 3389 .
943 3377 956 3391 .

1026 3421 1270 3478 SERMO
1323 3424 1391 3474 V.

929 3529 988 3567 IN
1027 3527 1224 3566 CAPITE
1259 3525 1496 3565 JEJUNII.

455 3621 709 3691 Quoties,
743 3620 954 3674 fratres
1002 3615 1358 3683 charissimi,
1394 3656 1406 3668 .
1444 3655 1456 3668 .
1493 3656 1506 3669 .
1546 3618 1863 3686 apparatus
1911 3614 2028 3668 fre-

383 3708 620 3782 quentia
648 3708 823 3764 etium
849 3749 861 3761 .
891 3749 903 3762 .
933 3747 945 3760 .
977 3705 1215 3762 entibus
1241 3746 1253 3758 .
1282 3746 1294 3758 .
1322 3745 1335 3758 .
1369 3703 1668 3776 cognoscit
1692 3745 1703 3756 .
1734 3744 1746 3756 .
1775 3744 1786 3756 .
1817 3703 1904 3758 exi
1931 3745 1942 3757 .
1971 3743 1982 3756 .
2010 3745 2022 3758 .

379 3798 478 3870 qui
529 3797 973 3871 pretiosioribus
1020 3793 1404 3862 vestimentis,
1427 3792 1514 3847 vel
1565 3790 2026 3848 deliciosioribus

378 3887 525 3944 cibis
554 3895 610 3943 et
638 3885 975 3960 potionibus
1005 3881 1340 3956 opulentius
1371 3881 1667 3937 abundare
1702 3921 1714 3932 .
1753 3922 1765 3935 .
1803 3923 1815 3936 .
1849 3897 2024 3953 appe-

374 3977 519 4033 titus
551 3976 816 4041 miseros,
855 3978 1226 4045 contemptus
1264 3987 1395 4026 vero
1444 3970 1640 4026 felices
1672 3970 1864 4042 potius
1895 3971 2025 4025 red-

376 4067 494 4122 dat.
526 4064 708 4121 Multo
743 4064 928 4136 magis
959 4079 1094 4134 ergo
1127 4077 1302 4131 nunc,
1325 4059 1692 4116 dilectissimi
1719 4101 1731 4115 .
1762 4101 1774 4113 .
1803 4102 1815 4114 .
1840 4063 1897 4114 et
1926 4060 2026 4114 ob-

377 4155 682 4212 servantiae
702 4153 970 4208 imminet
991 4157 1243 4222 tempus,
1265 4165 1522 4220 congrua
1539 4165 1644 4204 nos
1661 4153 1884 4220 oportet
1901 4165 2022 4203 em-

377 4243 632 4299 nimodis
677 4241 976 4298 devotione
1005 4238 1337 4313 praeparari.
1370 4238 1476 4292 Sed
1521 4237 1656 4308 quia
1695 4238 2019 4293 secundum

373 4332 610 4388 beatum
634 4329 979 4403 Apestolum
1005 4346 1018 4384 :
1044 4326 1424 4397 Aliusjudz‘cat
1447 4328 1596 4380 inter
1614 4326 1758 4382 diem
1777 4331 1829 4381 et
1852 4326 2017 4392 diem,

371 4420 527 4476 alius
550 4436 674 4476 vero
705 4435 918 4474 omnem
946 4417 1089 4472 diem
1112 4417 1283 4488 (Rom.
1317 4432 1432 4484 xxv,
1463 4415 1549 4485 5);
1584 4415 1680 4486 qui
1732 4415 2019 4471 absolutis

2143 3259 2329 3332 legem
2363 3261 2627 3334 Decalogi
2675 3263 2988 3335 accipiens,
3013 3267 3221 3334 quater
3249 3263 3443 3319 decies
3481 3265 3790 3336 jejunavit,

2142 3354 2207 3403 ut
2235 3366 2336 3420 per
2365 3349 2472 3406 hoc
2493 3352 2844 3419 ostenderet,
2869 3353 2928 3406 in
2952 3351 3230 3424 Decalogo
3258 3351 3490 3408 nullam
3514 3370 3648 3411 esse
3679 3371 3794 3427 per-

2141 3439 2470 3505 fectionem,
2494 3439 2606 3496 nisi
2634 3439 2818 3495 sancti
2840 3440 3134 3512 Evangelii
3160 3441 3348 3512 gratia
3369 3441 3788 3512 illustraretur,

2141 3528 2293 3598 quod
2317 3528 2673 3600 quadrifario
2695 3529 2843 3602 style
2863 3530 3232 3586 describitur.
3259 3529 3399 3586 Elite
3421 3548 3662 3602 quoque
3687 3534 3789 3589 hoc

2129 3616 2420 3687 jejunium
2453 3634 2796 3674 concessum
2825 3624 2912 3674 est
2959 3619 3273 3690 prophetae,
3301 3621 3442 3690 quia
3471 3627 3532 3676 et
3561 3621 3783 3677 Veteris

2137 3706 2728 3762 exstititTestamenti
2749 3707 3090 3778 praedicator
3105 3712 3162 3762 et
3179 3707 3429 3773 testis,et
3443 3709 3591 3764 Novi
3607 3711 3784 3765 etiam

2136 3793 2328 3849 adhuc
2357 3800 2686 3850 reservatus
2717 3800 3002 3852 occurret.
3036 3796 3321 3852 Dominus
3359 3803 3564 3853 autem
3599 3805 3806 3870 noster.

2133 3885 2304 3938 Jesus
2334 3883 2600 3939 Christus
2646 3883 2754 3940 hoc
2784 3886 2959 3940 etiam
2985 3885 3278 3956 jejunium
3313 3885 3444 3942 ideo
3497 3887 3794 3944 celebrare

2133 3972 2410 4043 dignatus
2439 3976 2546 4041 est,
2568 3973 2752 4045 quiat:
2787 3974 2939 4028 sicut
2967 3974 3092 4046 ipse
3124 3975 3224 4042 ait,
3256 3992 3370 4031 non
3405 3977 3536 4032 veni
3572 3979 3794 4034 solvere

2130 4059 2318 4132 legem
2341 4062 2440 4116 sed
2464 4062 2782 4134 adimplere
2801 4063 3192 4134 (Matth.v,7);»
3215 4081 3317 4119 seu
3341 4070 3408 4120 ut
3430 4082 3496 4121 se
3517 4069 3789 4123 ostende-

2131 4155 2218 4205 ret
2247 4151 2516 4205 eumdem
2556 4150 2778 4206 Veteris
2807 4157 2863 4207 et
2893 4153 3033 4207 Novi
3065 4153 3424 4208 Testamenti
3459 4162 3780 4224 auctorem,

2130 4239 2268 4310 quia
2299 4243 2501 4294 sancta
2531 4245 2780 4310 quatuor
2808 4240 3117 4313 Evangelia
3149 4242 3502 4314 Decalogum
3537 4263 3656 4301 non
3686 4247 3780 4301 de-

2129 4332 2384 4394 struunt,
2406 4329 2506 4383 sed
2541 4329 2726 4401 magis
2772 4329 3035 4385 stabilire
3074 4331 3464 4400 contendunt;
3503 4334 3628 4390 sive
3656 4335 3788 4408 quia

2128 4417 2400 4472 eumdem
2431 4417 2783 4489 Decalogum
2816 4419 2978 4490 prius
3010 4421 3163 4492 apud
3208 4420 3443 4476 .ludzeos
3479 4423 3785 4495 signatum

372 4508 580 4564 diebus
627 4507 853 4563 avidius
895 4508 1174 4562 fruuntur
1222 4502 1466 4568 deliciis,
1498 4503 1588 4558 his
1637 4505 2016 4575 quadragesi-
2045 4514 2094 4580 D
2127 4510 2183 4573 et
2210 4505 2504 4562 inclusum
2535 4506 2690 4562 idem
2719 4507 3004 4564 Dominus
3035 4510 3273 4574 solvere,
3305 4516 3362 4564 et
3393 4527 3500 4582 per
3531 4519 3787 4583 quatuor

374 4596 628 4653 malibus
689 4597 880 4652 acrius
934 4594 1199 4651 convenit
1255 4592 1564 4648 abstinere.
1598 4593 1740 4648 Nam
1798 4594 2014 4662 anima,

372 4702 501 4758 quae
532 4703 634 4758 pro
665 4686 928 4741 ciborum
960 4684 1206 4740 moritur
1235 4682 1554 4748 afﬂuentia,
1589 4682 1882 4737 interdum
1917 4701 2016 4756 per

365 4775 576 4847 jejunii
627 4775 882 4847 resurgit
923 4772 1373 4829 observantiam.
1406 4770 1582 4826 Cibus
1614 4772 1863 4844 denique
1912 4791 2012 4828 su-

373 4864 623 4919 mendus
653 4868 741 4918 est
779 4862 902 4918 sola
946 4862 1309 4927 necessitate,
1335 4859 1628 4931 jejunium
1661 4861 2013 4933 amplecten-

369 4954 507 5009 dum
553 4957 642 5008 est
689 4968 924 5008 summa
970 4950 1240 5006 utilitate.
1276 4950 1488 5005 Scitote
1535 4966 1670 5022 ergo
1718 4968 1894 5016 nunc,
1927 4952 2011 5006 di-

370 5041 699 5112 lectissimi,
728 5041 867 5113 quia
898 5040 1198 5112 przesentis
1229 5038 1604 5094 hebdomadas
1635 5046 1843 5110 quarta
1875 5042 2014 5097 feria

369 5131 519 5186 sacri
544 5129 755 5201 jejunii
787 5133 983 5202 caput,
1011 5133 1306 5184 annuente
1337 5128 1547 5183 Christi
1590 5127 2009 5199 misericordia,

369 5220 571 5275 devote
617 5217 961 5276 celebraturi
995 5234 1223 5289 sumus,
1258 5221 1323 5271 ut
1369 5233 1501 5272 care
1550 5235 1679 5289 quae
1728 5219 1858 5275 laeta
1908 5234 2012 5277 nos

440 5377 621 5450 (i509)
653 5377 733 5433 Ex
762 5375 1330 5450 sancti'rl‘elesphori;
1369 5376 1784 5450 cgnstitutiene
1830 5379 2014 5434 sumit

368 5446 492 5503 haec
517 5446 672 5521 Atto,
695 5467 873 5521 quam
915 5449 1131 5504 videsis
1153 5446 1236 5502 'in
1266 5447 1356 5521 ed.
1391 5446 1624 5521 Rom._t_.
1650 5449 1690 5515 Ι,
1715 5450 1884 5521 ρη79.
1913 5451 2010 5506 Rei

370 5520 696 5594 mentio_e_s_t
713 5519 892 5577 etiam
913 5521 1067 5592 apud
1090 5519 1466 5594 Anasjasium
1487 5519 1548 5575 in
1565 5519 1843 5594 VitisPP.
1867 5521 2007 5594 RR,

369 5591 606 5666 etapud
627 5588 1042 5670 Hieronymum
1063 5596 1202 5663 (non
1227 5588 1568 5662 Eusebium,
1591 5592 1651 5649 in
1673 5593 1842 5666 cujus
1862 5588 2010 5668 pura

2129 4595 2334 4650 mundi
2378 4600 2570 4667 partes
2599 4602 2833 4653 venerat
2881 4599 3213 4670 pradicare.
3248 4598 3494 4656 Talibus
3526 4602 3784 4674 denique

2125 4690 2395 4755 parentes
2443 4686 2724 4757 exemplis
2773 4693 2946 4758 atque
2976 4688 3278 4755 doctrinis,
3305 4688 3516 4745 devota
3565 4697 3779 4758 mente,

2124 4789 2270 4844 puro
2302 4775 2492 4840 corde,
2525 4779 2582 4829 et
2631 4776 2722 4846 pio
2765 4776 2993 4846 affectu,
3027 4777 3433 4848 hujuscemodi
3477 4779 3777 4850 jejunium

2123 4877 2327 4918 omnes
2376 4863 2732 4920 Christianos
2788 4867 3048 4921 venerari
3107 4871 3357 4938 oportet,
3404 4869 3568 4938 quod
3621 4869 3776 4924 nullo

2121 4954 2382 5024 tempore
2432 4954 2847 5025 congruentius
2897 4955 3292 5021 constituitur,
3317 4972 3499 5026 quam
3551 4960 3779 5013 contine

2123 5045 2297 5112 atque
2329 5041 2664 5114 contiguum
2697 5043 3010 5098 Dominicaa
3036 5043 3469 5100 resurrectioni.
3501 5046 3607 5100 Per
3640 5049 3780 5102 istos

2122 5132 2338 5186 etenim
2371 5131 2759 5204 quadraginta
2790 5133 2912 5188 dies
2941 5138 3130 5188 totum
3157 5133 3352 5188 activae
3379 5133 3512 5187 vitae
3542 5140 3777 5208 tempus

2122 5219 2507 5292 signiﬁcatur,
2533 5222 2625 5276 cui
2655 5238 2802 5293 opus
2845 5229 2936 5278 est
2979 5222 3356 5287 continentia,
3392 5226 3458 5276 ut
3490 5223 3564 5277 ab
3610 5225 3778 5280 istius

2121 5381 2372 5436 editione
2404 5379 2550 5435 nihil
2588 5381 2877 5452 ejusmodi
2919 5383 3154 5453 dicitur)
3186 5384 3242 5437 in
3276 5381 3582 5441 chronica.
3613 5389 3775 5438 Atta-

2121 5468 2255 5528 men
2288 5453 2570 5528 Baronius
2599 5454 2672 5528 ad
2704 5471 2798 5528 an.
2835 5456 2954 5521 154,
2990 5456 3280 5528 sapienter
3327 5461 3578 5528 annotat
3614 5457 3771 5528 jeju-

2120 5523 2286 5607 nium
2327 5525 2833 5607 quadragesimale
2881 5543 2997 5607 non
3045 5523 3078 5582 εἰ
3119 5525 3496 5600 Telesphore,
3544 5523 3765 5586 seEl'ah

2118 5595 2399 5672 apostolis
2429 5596 2665 5655 initium
2696 5599 3040 5670 sumpsisse.
