4062 6186
255 307 379 367 841

1766 306 2210 369 SEBMONES.

3589 331 3707 393 842

258 439 470 494 mundi
495 439 837 509 jejunemus
866 435 1177 503 illecebris,
1212 438 1339 493 sola
1370 454 1497 509 qum
1522 436 1623 491 Dei
1651 441 1792 491 sunt
1814 455 1933 494 me-
1963 442 2015 506 Α
2050 442 2134 494 vel
2187 442 2389 496 otiosis
2441 442 2634 496 verbis
2688 445 2918 513 remoti,
2953 450 3095 520 quia
3145 468 3270 524 quis
3321 457 3449 513 aliis
3500 463 3706 520 diebus

254 528 514 583 ditantes
546 543 612 581 ac
646 524 848 580 divina
892 527 1109 596 pabula
1162 526 1554 590 ruminantes,
1590 528 1656 577 ut
1689 528 1759 580 ad
1796 544 1933 583 con-

250 615 658 687 templativam
675 614 881 682 vitam,
908 631 1037 685 quae
1073 628 1174 686 per
1208 614 1486 686 paschale
1517 613 1808 683 gaudium
1846 616 1932 670 in-

251 704 563 776 telligitur,
598 702 899 773 pervenire
923 720 1257 759 mereamur
1289 707 1550 759 ovantes.
1576 701 1725 756 Nam
1749 704 1929 761 dena-

252 794 382 849 rius
414 791 828 864 perfectionem
856 791 1265 860 beatitudinis,
1290 789 1709 862 quaternarius
1731 798 1929 848 autem

251 881 680 955 plenitudinem
714 879 999 935 ostendit.
1027 883 1208 936 Totus
1235 882 1393 935 enim
1418 878 1681 934 mundus
1715 897 1749 934 a
1785 899 1928 952 qua-

252 978 388 1028 tuor
414 973 605 1027 ventis
636 968 940 1033 delinitur,
962 975 1023 1025 et
1039 974 1290 1041 quatuor
1319 966 1626 1024 elementis
1650 968 1922 1041 erigitur;

249 1066 510 1133 quatuor
557 1060 731 1115 etiam
782 1060 1156 1128 temporibus
1208 1060 1346 1113 anni
1394 1058 1552 1112 vices
1598 1057 1921 1112 variantur.

245 1151 459 1206 Decem
492 1166 631 1222 ergo
662 1150 868 1221 quater
895 1146 1104 1213 ducta,
1132 1146 1521 1217 quadraginta
1542 1160 1922 1216 consequun—

241 1246 363 1294 tur.
391 1241 520 1304 Quo
554 1252 797 1293 numero
828 1235 1167 1289 ostenditur
1194 1236 1264 1289 ab
1296 1235 1455 1289 omni
1476 1234 1791 1303 temporali
1820 1235 1918 1288 de-

240 1330 503 1383 ctatione
521 1328 619 1382 hic
635 1323 1060 1382 abstinendum
1080 1324 1433 1394 acjejunand
1446 1338 1544 1376 um
1561 1322 1785 1392 absque
1803 1322 1919 1376 ulla

241 1417 648 1473 controversia
693 1430 841 1480 esse,
904 1418 971 1466 ut
1026 1413 1291 1467 caelestes
1339 1410 1578 1467 delicias
1630 1412 1915 1481 consequi

238 1507 555 1562 valeamus
582 1524 596 1574 ;
622 1504 775 1576 quod
797 1502 968 1574 plane
989 1502 1274 1556 Dominus
1295 1500 1353 1555 in
1372 1500 1714 1554 Judzeorum
1738 1499 1917 1569 signi-

240 1595 438 1650 ﬁcavit
455 1590 903 1661 eductione,qui
923 1590 982 1643 in
1002 1588 1345 1658 hujusmodi
1365 1604 1549 1642 annos
1565 1586 1794 1641 numeri
1814 1603 1916 1657 per

239 1685 553 1739 desertum
586 1681 781 1736 educti
812 1682 970 1747 sunt,
996 1677 1178 1733 solius
1206 1693 1350 1747 pene
1382 1675 1657 1731 alimonio
1682 1691 1911 1729 mannis

240 1771 592 1838 sustentati,
626 1774 690 1824 ut
719 1769 789 1824 ad
839 1765 1314 1838 repromissionis
1348 1764 1593 1835 patriam
1646 1763 1909 1835 perveni-

242 1866 395 1917 rent.
430 1860 553 1915 Sed
607 1858 706 1929 qui
762 1874 862 1928 pro
913 1855 1199 1910 deserti...
1251 1870 1408 1925 ergo,
1442 1853 1647 1907 fratres
1696 1851 1909 1907 charis-

241 1950 476 2016 simi,...
512 1945 953 2003 studiosissime
986 1943 1289 1999 custodiri.
1325 1943 1458 2006 Qua:
1492 1941 1539 1995 si
1585 1944 1749 1996 sexta
1778 1946 1907 1995 tan-

242 2037 562 2093 tummodo
586 2039 720 2089 ante
744 2032 1284 2088 Paschainchoetur
1300 2030 1730 2085 hebdomade...
1751 2032 1909 2100 patet

243 2127 382 2198 quia
409 2122 875 2196 quadragesima
900 2138 1014 2176 non
1036 2120 1146 2175 erit
1171 2138 1184 2187 ;
1221 2136 1319 2175 sex
1344 2118 1498 2173 enim
1532 2118 1904 2173 hebdomadas

245 2220 385 2269 sunt
415 2215 549 2269 dies
599 2211 995 2282 quadraginta
1026 2213 1081 2263 et
1130 2210 1265 2263 duo.
1301 2207 1632 2262 Subtractis
1664 2207 1904 2261 totidem

245 2302 575 2359 Dominicis
606 2300 958 2364 diebus,non
989 2298 1244 2368 amplius
1273 2296 1332 2349 in
1356 2294 1708 2350 abstinentia
1729 2312 1903 2366 quam

246 2392 497 2462 triginta
548 2394 605 2444 et
652 2406 751 2443 sex
782 2403 1088 2459 superesse
1138 2385 1429 2448 novimus,
1462 2384 1561 2455 qui
1607 2384 1906 2454 quaternis

248 2498 284 2536 a
336 2478 611 2551 praesenti
664 2493 908 2531 numero
960 2474 1255 2530 deﬁciunt.
1293 2476 1550 2539 Quatuor
1598 2489 1730 2544 ergo
1781 2472 1905 2527 dies

248 2570 430 2640 hujus
480 2566 879 2622 antecedentis
928 2563 1310 2619 hebdomadas
1362 2566 1701 2629 sumuntur,
1736 2565 1800 2614 ut
1831 2562 1902 2615 ad

248 2656 589 2729 praedictam
647 2669 942 2709 summam
992 2668 1275 2705 numerus
1306 2653 1548 2704 crescat.
1582 2650 1683 2703 Est
1726 2648 1905 2720 igitur

246 2746 430 2815 hujus
460 2742 867 2814 caputjejunii
891 2740 1085 2807 hodie,
1112 2740 1266 2810 quod
1294 2744 1381 2794 cst
1413 2738 1673 2809 septima:
1698 2742 1905 2809 quarta

246 2834 391 2889 feria
419 2831 830 2887 hebdomadas:
861 2848 895 2885 a
924 2846 1042 2900 qua
1062 2844 1247 2900 usque
1277 2830 1348 2882 ad
1381 2832 1644 2882 sanctam
1676 2826 1899 2881 Domini

246 2922 756 2987 resurrectionem,
773 2920 1029 2991 exceptis
1048 2917 1458 2972 tantummodo
1482 2916 1687 2970 diebus
1710 2915 1901 2970 Domi-

244 3012 415 3081 uicis,
445 3009 775 3066 districtum
808 3006 1077 3063 convenit
1099 3023 1201 3077 per
1222 3004 1417 3059 omnia
1440 3004 1895 3074 celebrarejeju-

240 3098 668 3169 nium,quod,si
695 3096 955 3152 solvatur
976 3096 1033 3149 in
1060 3094 1277 3165 aliquo,
1296 3094 1422 3163 jam
1448 3092 1897 3163 quadragesima

2046 529 2218 583 etiam
2254 530 2452 594 licent,
2488 530 2619 585 istis
2652 549 2753 601 pro
2800 535 3048 593 crimine
3079 540 3385 599 habentur.
3421 548 3705 610 Ecclesias

2044 617 2285 690 insuper
2315 619 2703 691 frequentate,
2738 621 3009 682 inﬁrmos
3040 633 3098 684 et
3127 629 3187 685 in
3244 649 3533 691 carcerem
3564 639 3701 696 visi-

2042 710 2180 797 tate,
2214 708 2507 763 debitores
2539 706 2770 781 solvite,
2807 720 3051 773 maestos
3096 720 3408 789 consolate,
3442 728 3705 797 pauperi-

2040 796 2151 851 bus
2182 800 2477 868 erogate...
2494 838 2507 850 .

2672 887 2916 946 SERMO
2957 894 3080 951 VII.

2571 992 2631 1029 IN
2668 993 2761 1031 DIE
2802 996 2872 1035 PA
2881 996 3079 1038 LMARU
3092 1001 3157 1039 Μ.

2108 1061 2507 1153 Promissione
2540 1062 2773 1120 Domini
2814 1072 3001 1124 nostri
3031 1072 3170 1127 Jesu
3221 1074 3456 1153 Christi,
3491 1079 3697 1139 fratres

2033 1148 2945 1227 charissimi,conﬁdimus,quia
2974 1160 3045 1215 de
3075 1161 3329 1232 gloriosa
3359 1148 3486 1237 ejus
3507 1185 3697 1226 resur-

2031 1238 2288 1292 rectione
2320 1238 2521 1294 nullus
2575 1245 2764 1297 terror
2792 1249 3059 1303 vestrum
3095 1266 3194 1305 cor
3243 1258 3553 1325 oppressit,
3588 1276 3695 1315 nec

2028 1325 2301 1379 dubietas
2351 1330 2537 1383 menti
2581 1330 2859 1403 irrepsit;
2897 1352 3037 1391 nam
3070 1355 3247 1409 pavor
3292 1346 3693 1414 apostolorum

2026 1417 2491 1488 ceterorumque
2517 1420 2648 1489 ejus
2667 1424 2953 1492 temporis
2968 1431 3302 1485 sanctorum
3324 1432 3698 1494 incrudelita-

2028 1500 2105 1556 tis
2137 1501 2385 1575 caligine
2414 1506 2702 1562 alebatur.
2736 1512 2843 1565 Sed
2876 1512 3113 1570 illorum
3146 1517 3457 1579 inﬁrmitas
3482 1531 3693 1583 nostrae

2031 1590 2143 1643 fuit
2168 1593 2554 1679 perfectionis
2576 1604 2985 1669 augmentum.
3002 1603 3186 1675 Igitur
3216 1622 3366 1679 quas,
3385 1611 3514 1668 istis
3535 1618 3694 1671 tran-

2024 1677 2216 1732 saetis
2248 1679 2474 1753 diebus,
2494 1684 2665 1754 quasi
2686 1701 2753 1739 ex
2770 1688 2971 1757 opacis
2990 1677 3293 1751 frondibus
3311 1698 3503 1756 radios
3523 1703 3693 1758 emit-

2022 1765 2254 1836 tebant,
2307 1787 2461 1826 nunc
2507 1773 2632 1841 jam
2682 1773 2841 1829 clara
2891 1793 3029 1833 voce
3084 1783 3491 1851 przedicantur.
3544 1791 3691 1848 Hinc

2024 1868 2290 1947 namque
2303 1858 2577 1931 colligere
2599 1863 2848 1932 potestis
2862 1865 3231 1939 quiaquanto
3254 1875 3441 1947 magis
3457 1878 3693 1936 Domini

2021 1945 2455 2031 annuntiamus
2478 1950 2839 2020 passionem,
2869 1970 2935 2009 eo
2953 1956 3115 2012 ocius
3141 1960 3211 2014 ad
3244 1945 3376 2031 ejus
3392 1964 3688 2023 celebran-

2020 2030 2163 2129 dam
2199 2037 2692 2108 appropinquatis
2740 2045 3248 2103 resurrectionem.
3281 2050 3390 2107 Sex
3436 2054 3689 2128 denique

2019 2119 2149 2175 dies
2193 2140 2380 2194 usque
2431 2126 2501 2179 ad
2538 2125 2703 2182 illius
2752 2130 2885 2185 festi
2918 2135 3200 2204 gaudium
3252 2119 3684 2202 numerantur:

2018 2214 2188 2305 sexta
2235 2212 2433 2305 etiam-
2464 2214 2840 2305 hebdomade.
2888 2225 3187 2281 transacta
3234 2233 3341 2298 est,
3373 2236 3687 2305 postquam

2018 2304 2198 2389 caput
2222 2300 2435 2370 jejunii
2468 2302 2818 2361 indiximus.
2852 2308 2956 2363 Vel
2988 2310 3047 2365 in
3080 2312 3171 2369 his
3201 2332 3337 2389 ergo
3367 2300 3466 2376 sex
3495 2300 3684 2388 feriis.

2018 2387 2230 2485 fratres
2259 2389 2656 2485 dilectissimi,
2693 2387 3342 2477 recuperare§satagite,
3378 2410 3427 2464 si
3458 2410 3684 2485 aliquid

2016 2476 2265 2531 fortasse
2301 2478 2355 2531 in
2388 2495 2490 2533 sex
2520 2484 2836 2552 praeteritis
2863 2476 3335 2552 hebdomadibus
3362 2476 3679 2559 defecistis.

2016 2565 2296 2628 Quamvis
2314 2565 2432 2621 sint
2451 2568 2698 2639 quidam
2718 2573 2819 2642 qui
2844 2573 3075 2645 aliquos
3097 2578 3275 2650 hujus
3298 2584 3682 2647 hebdomadas

2014 2652 2388 2719 dies,scilicet
2410 2657 2680 2726 quintam
2705 2661 2911 2717 feriam
2935 2668 2992 2719 et
3013 2666 3679 2739 Sabbatum,absolutio-

2012 2755 2105 2795 res
2136 2759 2251 2837 prae
2275 2744 2494 2800 ceteris
2526 2749 3146 2821 quadragesimalibus
3166 2773 3293 2815 esse
3323 2762 3673 2837 dijudicent,

2012 2831 2165 2899 quod
2200 2837 2403 2886 contra
2429 2850 2723 2892 canonum
2756 2844 2846 2894 est
2873 2844 3115 2909 statuta,
3150 2862 3255 2902 nec
3284 2831 3461 2909 ulli—us
3492 2831 3671 2912 sacrae

2011 2918 2326 3013 Scr‘ipturas
2370 2922 2762 3013 conﬁrmatur
2808 2929 3171 3000 auctoritate,
3220 2938 3386 2994 nobis
3435 2957 3671 3013 quoque

2008 3010 2229 3059 rectum
2252 3006 2493 3063 minime
2516 3025 2647 3066 esse
2673 3014 2922 3069 videtur.
2948 3019 3173 3079 Quanto
3194 3026 3405 3081 etenim
3424 3006 3667 3086 vicinio-

2008 3110 2096 3148 res
2111 3094 2368 3165 paschali
2383 3098 2599 3165 gaudio
2613 3102 3139 3171 accedimus,tanto
3154 3111 3417 3179 puriores
3435 3126 3668 3177 nosmet

238 3206 358 3244 non
392 3189 517 3243 erit.
562 3187 621 3242 Si
669 3192 868 3241 autem
900 3201 1067 3240 sacra
1115 3183 1419 3254 Scriptura
1450 3181 1577 3235 illos
1608 3181 1887 3251 increpat,
1921 3173 1964 3235 C
2004 3182 2163 3253 ipsos
2195 3199 2519 3253 praeparare
2550 3173 3556 3272 debemus,jejunum-orationibus,

236 3278 341 3351 qui
382 3278 555 3332 etiam
606 3275 1040 3347 quodammodo
1072 3272 1358 3328 absolutis
1407 3272 1636 3340 diebus,
1669 3270 1890 3325 deliciis

134 3374 151 3385 ’
234 3372 293 3422 et
326 3365 725 3437 voluptatibus
750 3365 1243 3432 fruuntur,quam
1278 3361 1465 3415 diram
1490 3358 1574 3412 illi
1608 3359 1889 3430 recipient

232 3456 610 3521 sententiam,
646 3454 745 3525 qui
778 3453 987 3508 saltem
1022 3452 1163 3505 istos
1196 3448 1591 3521 neglexerint?
1622 3453 1722 3503 aut
1752 3465 1884 3503 cum

234 3561 357 3615 qua
387 3543 739 3598 conscientia
765 3543 835 3597 ad
868 3537 1395 3609 immaculatiAgni
1427 3554 1592 3591 esum
1626 3537 1884 3607 paschali

233 3631 548 3687 festivitate
577 3630 890 3701 impudens
941 3628 1212 3683 accedere
1246 3625 1603 3698 praesumat?
1635 3625 1886 3697 qualiter

235 3719 670 3775 communicare
725 3716 1021 3772 Dominico
1054 3716 1265 3787 poterit
1304 3714 1548 3784 corpori,
1583 3715 1681 3785 qui
1706 3731 1880 3769 suum

230 3807 553 3880 neglexerit
594 3807 763 3862 bonis
814 3804 1075 3860 moribus
1124 3803 1209 3858 vel
1260 3804 1329 3858 ad
1372 3807 1607 3873 tempus.
1650 3820 1876 3868 ornare,

229 3913 370 3952 cum
397 3896 597 3951 audiat
624 3914 636 3951 :
663 3897 771 3964 Qui
794 3894 1019 3964 indigne
1040 3894 1331 3947 manducat
1351 3896 1403 3946 et
1431 3891 1589 3959 bibit,
1604 3891 1879 3959 judicium

223 3987 339 4039 sibi
366 3984 663 4040 manducat
689 3993 740 4039 et
770 3984 955 4038 bibit?
985 3983 1035 4052 (Ι
1068 3980 1190 4035 Cor.
1226 3999 1283 4049 Il,
1317 3980 1432 4048 29.)
1464 3979 1878 4034 Ahstineamus

226 4090 371 4145 ergo
400 4090 506 4128 nos
538 4090 571 4128 a
595 4072 771 4128 lucris
796 4076 852 4126 et
883 4069 1131 4142 negotiis
1159 4067 1559 4130 saecularibus,
1595 4067 1880 4122 abstinea-

226 4178 369 4218 mus
398 4179 503 4217 nos
532 4180 565 4216 a
604 4160 939 4216 carnalibus
990 4158 1394 4213 delectationis
1445 4157 1721 4211 adversus
1751 4156 1874 4211 ani-

222 4267 387 4306 mam
438 4250 829 4305 militantibus
858 4250 901 4319 (l
933 4253 1081 4303 Petr.
1120 4264 1181 4314 11,
1217 4247 1325 4317 11),
1359 4249 1416 4300 et
1465 4246 1709 4316 dignum
1760 4246 1873 4301 Deo

222 4340 447 4395 nostris
480 4339 774 4393 mentibus
820 4335 1218 4392 habitaculum
1273 4350 1691 4406 praeparemus.
1726 4339 1875 4389 Ante

221 4428 428 4484 omnia
457 4426 841 4496 dilectissimi,
875 4427 946 4480 de
1000 4423 1307 4495 prazteritis
1341 4421 1511 4477 malis
1556 4422 1872 4477 confessio-

1999 3270 2175 3368 giliis,
2192 3286 2292 3325 seu
2310 3272 2585 3328 omnibus
2602 3277 3135 3337 misericordiarum
3151 3288 3448 3357 Operibus,
3463 3270 3658 3368 etjugi

2000 3360 2240 3453 insuper
2270 3360 2405 3453 ﬁetu
2440 3365 2729 3431 praeterita
2751 3367 2961 3423 delicta
2992 3369 3203 3428 lavare.
3230 3376 3339 3432 Sed
3364 3383 3421 3434 et
3447 3381 3493 3435 si
3519 3360 3657 3453 quis

1998 3465 2106 3503 sua
2138 3448 2329 3501 ﬂenda
2358 3466 2474 3503 non
2494 3458 2690 3521 sperat
2722 3471 2850 3511 esse
2882 3457 3160 3527 facinora,
3181 3464 3387 3521 saltem
3421 3448 3651 3529 Domini

1996 3554 2128 3591 eum
2153 3543 2512 3608 compungat
2533 3539 2625 3596 his
2658 3542 2866 3601 diebus
2900 3546 3134 3617 injuria.
3154 3551 3301 3608 Nam
3332 3571 3464 3611 cum
3493 3568 3651 3619 esset

1994 3626 2148 3681 Deus
2178 3630 2309 3679 ante
2340 3626 2573 3695 saicula,
2607 3630 2946 3690 in.formam
2973 3639 3124 3692 servi
3156 3642 3416 3711 veniens,
3449 3654 3623 3719 sputa

1993 3717 2172 3811 flagra
2201 3715 2281 3811 ab.
2304 3714 2503 3811 impiis
2526 3720 2872 3792 suscipiens,
2900 3742 3002 3796 pro
3036 3732 3237 3785 nostra
3258 3698 3642 3811 ipsorumque

1990 3804 2165 3858 etiam
2200 3802 2386 3857 salute
2418 3803 2825 3875 hujuscemodi
2860 3812 2916 3866 in
2951 3818 3210 3886 tempore
3240 3802 3498 3879 animam
3531 3802 3640 3897 po-

1989 3909 2125 3984 nere
2157 3908 2269 3945 non
2306 3892 2589 3984 despexit.
2615 3896 3017 3967 Compatiatur
3046 3919 3180 3975 ergo
3203 3892 3639 3984 unusquisque,

1988 3980 2196 4034 fratres
2230 3980 2361 4044 mei,
2388 3986 2685 4049 portantes
2716 3989 3046 4057 opprobria,
3079 3996 3137 4046 et
3159 3980 3643 4058 deﬁeatinferenv-

1985 4068 2143 4159 tium,
2182 4066 2518 4159 caecitatem.
2552 4075 2684 4142 Ipse
2714 4073 2965 4145 denique
3013 4077 3156 4134 dixit
3188 4081 3245 4136 in
3280 4088 3586 4159 Evangelio
3623 4110 3636 4147 :

1988 4158 2144 4211 Beati
2173 4157 2269 4226 qui
2300 4156 2507 4228 lugent,
2532 4161 2791 4229 quoniam
2820 4165 2930 4234 ipsi
2947 4168 3380 4227 consolabuntur
3409 4156 3634 4245 (Matth.

1986 4263 2039 4311 v,
2071 4247 2147 4317 5).
2184 4245 2537 4302 Commodus
2568 4254 2658 4305 est
2686 4251 2843 4307 enim
2893 4271 3049 4310 nunc
3082 4256 3515 4331 aliquantulum
3548 4266 3637 4323 lu-

1985 4339 2135 4401 ctus,
2171 4338 2234 4387 ut
2272 4333 2515 4392 liberius
2547 4337 2606 4391 in
2656 4344 2859 4396 sancta
2888 4348 3313 4405 resurrectione
3342 4350 3631 4413 laetemur.

1986 4422 2295 4516 Psalmista
2335 4441 2566 4496 quoque
2598 4426 2679 4481 ait
2711 4444 2723 4483 :
2762 4430 2900 4496 Quid
2942 4435 3248 4492 retribuam
3278 4440 3507 4499 Domino
3535 4462 3636 4516 pro

221 4534 363 4573 nem
412 4534 603 4571 veram
650 4517 763 4571 Deo
809 4520 866 4570 et
918 4513 1323 4569 sacerdotibus
1366 4513 1534 4566 facite
1580 4512 1785 4583 (1510),
1819 4516 1875 4566 et
1906 4536 1952 4600 Β
1982 4512 2234 4567 omnibus
2265 4528 2388 4583 qum
2418 4516 2677 4570 retribuit
2703 4518 2887 4572 mihi?
2918 4522 3161 4578 Calicem
3189 4528 3460 4585 salutaris
3488 4512 3634 4589 acci-

223 4608 467 4680 dignam
502 4606 901 4677 paenitentiam
931 4602 1104 4674 agite,
1138 4602 1276 4673 quia
1306 4600 1555 4655 multum
1588 4602 1752 4656 obest
1781 4600 1866 4654 lu-

224 4696 461 4752 culenta
486 4695 729 4750 aediﬁcia
758 4691 993 4748 caducis
1015 4691 1414 4746 fundamentis
1436 4691 1714 4762 coaptari.
1740 4692 1882 4745 Con-

220 4786 477 4841 siderate
534 4785 707 4838 etiam
770 4780 1057 4852 serpentis
1108 4780 1504 4850 prudentiam,
1560 4780 1659 4851 qui
1718 4778 1877 4834 nullo

220 4874 401 4930 modo
418 4872 591 4928 fontis
612 4871 914 4943 lympham
939 4873 1139 4940 potare
1165 4868 1482 4938 prmsumit,
1506 4869 1685 4923 donec
1708 4885 1879 4923 omne

216 4978 513 5017 venenum
539 4962 818 5017 effundat.
838 4957 1077 5013 Vulneri
1112 4973 1346 5027 quoque
1365 4974 1477 5010 non
1512 4958 1737 5026 proﬁcit
1759 4975 1877 5012 me-

217 5049 702 5117 dicamentum,si
730 5047 921 5101 adhuc
944 5045 1160 5098 ferrum
1188 5044 1347 5097 insit.
1374 5044 1572 5099 Estote
1593 5062 1749 5115 ergo,
1768 5048 1878 5100 fra-

215 5144 365 5206 tres,
402 5138 457 5192 in
490 5137 698 5192 ofﬁciis
729 5134 977 5200 assidui,
1014 5132 1071 5186 in
1105 5131 1321 5203 vigiliis
1356 5133 1631 5203 prompti,
1666 5134 1723 5186 in
1752 5152 1878 5189 ora-

215 5227 488 5282 tionibus
520 5224 805 5289 continui,
841 5224 900 5277 in
936 5222 1064 5276 cibo
1096 5220 1275 5291 parci,
1310 5220 1367 5274 in
1416 5226 1556 5292 potu
1588 5222 1785 5287 sobrii,
1820 5223 1877 5277 in

215 5315 611 5388 eleemosynis
658 5312 830 5385 largi,
882 5311 942 5365 in
998 5311 1265 5363 castitate
1310 5310 1560 5373 honesti,
1625 5312 1697 5365 ab
1752 5312 1878 5383 ipso

213 5407 401 5463 etiam
451 5403 745 5476 conjugali
804 5406 928 5455 toro
963 5398 1259 5469 suspensi,
1294 5398 1365 5453 ab
1420 5398 1694 5455 omnibus
1722 5402 1879 5457 ludis

290 5546 475 5620 (1510)
508 5545 571 5620 ln
595 5561 789 5620 marg.
818 5542 1115 5614 faciamus,
1135 5540 1424 5620 itemque
1459 5557 1591 5597 mox
1620 5560 1869 5620 agamus.

287 5615 475 5692 (1511)
497 5617 657 5689 Cod.,
682 5615 873 5691 prima
894 5628 1096 5681 manu,
1118 5615 1372 5684 futuram
1388 5615 1610 5687 festam,
1636 5621 1692 5675 et
1722 5617 1875 5675 infra

505 5745 770 5808 PATltOL.
820 5739 1142 5825 CXXXIV.

1984 4603 2165 4694 piunt,
2196 4607 2248 4656 et
2277 4618 2473 4658 nomen
2502 4605 2724 4659 Domini
2763 4608 3018 4664 invocabo
3048 4612 3216 4682 (Psal.
3246 4632 3369 4685 cxv,
3401 4620 3487 4691 12,
3522 4622 3635 4694 13).

1991 4690 2150 4780 Calix
2181 4708 2311 4748 vero
2339 4697 2395 4746 et
2445 4698 2647 4764 aperta
2673 4698 2998 4764 persecutio
3047 4705 3105 4756 et
3152 4704 3415 4763 occultus
3446 4690 3639 4780 potest

1990 4779 2235 4852 intelligi
2261 4781 2535 4853 gemitus,
2560 4781 2658 4852 qui
2688 4800 2922 4855 quoquo
2946 4789 3117 4845 modo
3149 4792 3220 4847 ab
3252 4797 3411 4851 omni
3438 4779 3635 4857 tamen

1990 4869 2257 4959 convenit
2288 4869 2617 4923 Christiano
2669 4873 2876 4939 potari.
2911 4874 3310 4948 Przeparemus
3358 4900 3494 4959 ergo
3526 4896 3635 4944 nos

1990 4957 2060 5011 ad
2098 4958 2356 5012 futurum
2393 4958 2604 5011 festum
2638 4959 2842 5033 (1511),
2877 4963 3233 5041 charissimi,
3262 4974 3331 5028 ad
3365 4957 3518 5045 quod
3552 4977 3634 5030 die

1989 5063 2096 5116 gne
2136 5048 2501 5118 pervenire...
2542 5047 2847 5106 Dominus.
2891 5056 3329 5116 Exsultemus...
3360 5078 3463 5116 nec
3488 5062 3630 5117 deli-

1990 5135 2210 5190 ciarum
2238 5136 2371 5203 cibi,
2403 5135 2501 5189 sed
2526 5152 2699 5207 opera
2730 5141 3137 5210 praemittenda
3157 5149 3551 5216 suntjustitiae
3578 5156 3635 5207 et

1989 5224 2301 5295 aequitatis.
2325 5224 2532 5294 Aptius
2557 5230 2645 5281 est
2665 5228 2820 5284 enim
2846 5235 2977 5286 ut...
3009 5238 3126 5289 tres
3148 5236 3468 5292 mediocres
3490 5254 3634 5309 pras-

1987 5330 2155 5384 pares
2181 5313 2433 5379 tunicas,
2458 5315 2610 5370 undc
2640 5320 2695 5371 et
2724 5323 2777 5372 te
2799 5325 2855 5373 et
2885 5337 3167 5391 pauperes
3188 5323 3403 5380 Christi
3425 5327 3636 5386 vestire

1986 5401 2202 5471 valeas,
2228 5420 2405 5474 quam
2440 5407 2503 5457 ut
2532 5420 2709 5459 unam
2742 5406 2934 5461 solum
2955 5408 3060 5463 tibi
3091 5410 3407 5481 pretiosam
3440 5417 3635 5488 acqui-

1986 5546 2269 5629 fid‘qttam,
2326 5546 2451 5629 sine
2500 5547 2927 5629 emendatione.
2969 5549 3177 5610 Recole
3225 5572 3401 5614 serm.
3435 5558 3468 5615 4
3498 5558 3630 5623 init.

1984 5616 2107 5675 itali
2138 5634 2294 5676 nunc
2326 5618 2580 5677 dicimus
2612 5620 2673 5678 ια
2698 5624 2858 5693 festa.

3275 5757 3354 5841 27.
