4062 6186
250 346 380 411 849

1758 351 2210 422 SERMONES.

3592 377 3713 440 850

257 483 372 538 bus
399 477 667 538 convenit
682 476 1058 552 mquipedare
1079 481 1356 555 vestigia:
1382 483 1650 554 talesque
1675 494 1931 543 nosmet-
1960 494 2015 558 Α
2044 492 2184 547 tiam
2218 498 2578 566 temperans,
2613 510 2883 553 amarum
2916 503 3122 572 potum
3166 521 3273 561 sua
3303 506 3701 568 incarnatione

254 571 420 644 ipsos
469 585 800 643 prmparare
850 576 1098 640 oportet,
1136 578 1199 627 ut
1257 573 1306 627 si
1362 574 1617 628 necdum
1680 574 1937 645 Spiritus

260 661 447 718 sancti
479 658 728 733 gratiam
759 660 1060 730 percipere
1093 662 1438 731 meruimus,
1473 660 1559 715 vel
1595 670 1933 736 perceptam

260 750 552 825 peccando
604 746 954 818 repulimus,
1005 751 1076 804 ad
1123 752 1568 822 suspiciendum
1612 752 1799 825 (1528)
1848 755 1935 810 vel

260 841 434 897 etiam
468 837 871 909 recipiendum
906 839 1247 911 pariterque
1281 839 1738 895 custodiendum
1774 843 1929 899 inve-

259 930 493 984 niamur
521 927 733 982 idonei.
773 928 1096 999 Ipsumque
1124 928 1761 985 Salvatoremomnium
1787 950 1934 1003 pura

260 1022 470 1083 mente,
506 1018 709 1071 devoto
757 1030 876 1080 ore,
909 1015 1113 1087 dignis
1152 1018 1424 1089 Operibus
1473 1016 1728 1087 rogitare
1760 1037 1929 1076 cure-

255 1125 384 1164 mus
412 1106 624 1176 (1529),
657 1108 720 1160 ut
753 1102 1072 1161 nobiscum
1105 1107 1492 1178 usque(1530)
1526 1107 1585 1159 in
1619 1113 1925 1174 aeternum,

250 1192 354 1253 etsi
388 1213 507 1251 non
534 1191 933 1266 corporaliter,
956 1195 1353 1267 persutl‘ragia
1377 1212 1613 1249 manere
1630 1196 1923 1267 dignetur,

245 1287 368 1359 ipso
400 1289 719 1357 praestante
744 1282 844 1353 qui
875 1297 1019 1337 cum
1036 1284 1202 1338 Patre
1224 1289 1281 1338 et
1310 1284 1531 1354 Spiritu
1555 1290 1759 1338 sancto
1783 1285 1924 1339 vivit

244 1385 293 1433 et
306 1375 603 1449 gloriatur
621 1380 772 1430 Deus
789 1388 888 1444 per
902 1374 1109 1428 omnia
1122 1374 1332 1428 saecula
1345 1372 1716 1428 saeculorum.
1735 1378 1920 1428 Amen

245 1465 521 1521 XIIJdem
535 1480 718 1519 sermo
737 1463 1191 1529 abbreviatus,ne
1206 1463 1459 1530 vulgares
1471 1461 1916 1531 fastidiarentur.

312 1556 730 1619 Pentecosten,
785 1554 997 1605 fratres
1029 1552 1383 1614 charissimi,
1441 1551 1596 1605 diem
1647 1557 1917 1605 sanctum

255 1644 729 1713 colimus,quem
763 1658 795 1695 a
830 1639 1134 1694 Dominica
1164 1639 1588 1694 resurrectione
1621 1640 1917 1710 quinqua-

249 1733 550 1807 gesimum
576 1745 981 1785 numeramus.
1004 1729 1379 1796 Πεντηκοστήν
1407 1728 1560 1783 enim
1581 1728 1794 1793 Graece,
1821 1734 1915 1783 La-

247 1822 368 1877 tine
402 1818 993 1892 quinquagenarium
1026 1816 1452 1888 intelligimus;
1488 1833 1622 1871 nam
1654 1818 1916 1887 quinque
1950 1854 1997 1918 B

254 1911 507 1966 decades
527 1909 690 1962 hunc
718 1922 1029 1961 numerum
1044 1910 1503 1977 consequuntur:
1521 1906 1620 1977 qui
1644 1907 1767 1961 dies
1788 1906 1918 1962 ideo

261 1998 689 2055 celeberrimus
729 1996 880 2050 inter
911 1995 1049 2050 anni
1082 1995 1256 2049 ferias
1300 1994 1565 2061 habetur,
1600 1996 1736 2066 quia
1762 1996 1820 2050 in
1852 2012 1918 2051 eo

261 2088 521 2159 Spiritus
557 2090 815 2151 sanctus,
842 2084 1064 2139 scilicet
1092 2083 1424 2139 Paracletus
1449 2100 1480 2138 e
1510 2083 1649 2138 coelo
1680 2083 1917 2139 veniens

262 2174 566 2247 apostolos
594 2174 738 2228 adeo
768 2172 1117 2228 confirmare
1147 2172 1423 2244 dignatus
1453 2182 1559 2238 est,
1595 2177 1658 2227 ut
1684 2189 1917 2228 omnem

262 2271 485 2321 metum
515 2279 636 2334 quo
656 2262 817 2334 prius
840 2261 1058 2316 clausis
1078 2262 1281 2331 januis
1310 2262 1419 2317 sub
1442 2261 1670 2317 silentio
1705 2261 1920 2317 detine-

262 2350 650 2418 bantur,suis
678 2350 955 2405 cordibus
973 2350 1355 2418 excutientes,
1382 2366 1517 2404 mox
1537 2350 1736 2405 eadem
1770 2349 1921 2405 clau-

263 2447 382 2498 stra
394 2438 949 2512 respuentes,licera
962 2455 1097 2494 voce
1114 2438 1194 2493 Cb
1204 2439 1413 2493 ristum
1430 2438 1621 2509 palam
1644 2439 1919 2494 omnibus

262 2531 541 2603 gentibus
575 2528 991 2601 praedicarent:
1042 2528 1143 2599 qui
1175 2526 1349 2581 etiam
1397 2526 1457 2581 in
1495 2528 1684 2583 Veteri
1715 2529 1917 2582 Testa-

264 2600 460 2675 mento
494 2600 679 2673 festus
716 2617 1038 2682 colebatur,
1071 2620 1245 2689 atque
1276 2616 1336 2670 in
1377 2632 1442 2671 eo
1476 2617 1729 2688 primum
1763 2618 1917 2688 apud

265 2724 558 2778 eospanes
590 2707 660 2761 de
681 2707 843 2761 novis
868 2705 1138 2777 frugibus
1160 2704 1217 2758 in
1250 2705 1468 2776 templo
1504 2704 1915 2760 ministraban-

264 2802 381 2851 tur.
415 2795 654 2868 Mystice
676 2799 870 2848 autem
894 2794 1049 2865 apud
1072 2811 1176 2849 nos
1198 2794 1326 2865 ipso
1353 2793 1445 2848 die
1467 2810 1643 2864 panes
1668 2794 1737 2848 de
1754 2795 1919 2848 novis

262 2883 557 2954 frugibus,
591 2882 646 2935 id
678 2886 767 2936 est
789 2898 945 2935 novae
969 2881 1214 2936 virtutes
1245 2882 1434 2936 sancti
1467 2881 1720 2953 Spiritus
1743 2898 1844 2952 per
1864 2899 1919 2936 a-

265 2970 526 3043 postolos
556 2970 779 3025 traditae
812 2975 951 3025 sunt
968 2971 1262 3041 gentibus.
1299 2970 1589 3025 Necdeest
1618 2988 1650 3024 a
1672 2972 1914 3041 ratione,

266 3060 425 3131 quod
459 3058 944 3131 quinquagesimo
976 3058 1069 3113 die
1092 3064 1404 3129 postquam
1435 3058 1719 3114 Dominus
1748 3060 1916 3131 [Egy-

265 3154 434 3220 ptum
467 3149 524 3202 in
550 3148 951 3219 primogenitis
984 3148 1289 3218 percussit,
1324 3149 1569 3218 ejusque
1586 3148 1913 3219 principum

265 3240 612 3309 potestatem
645 3237 955 3303 destruxit,
1006 3241 1185 3306 atque
1225 3236 1377 3291 filios
1410 3236 1584 3292 Israel
1618 3239 1686 3291 de
1714 3254 1916 3292 eorum
1949 3220 1991 3286 (ἶ

265 3325 543 3381 servitute
573 3330 629 3380 et
656 3325 835 3380 maris
864 3325 1042 3379 Rubri
1088 3326 1374 3396 profundo
1413 3324 1699 3390 liberavit,
1731 3325 1918 3397 legem

266 3431 370 3487 per
400 3414 633 3486 Moysen
650 3432 826 3486 quam
847 3413 1081 3486 populis
1110 3414 1469 3485 praedicaret,
1485 3415 1622 3469 dare
1640 3415 1917 3483 decrevit;

265 3507 325 3559 et
356 3501 844 3575 quinquagesimo
880 3502 974 3557 die
1033 3507 1348 3574 postquam
1378 3502 1673 3558 infernum
1705 3502 1764 3560 in
1796 3504 1919 3560 suis

269 3590 550 3663 primitiis
581 3592 893 3663 percussit,
927 3592 1173 3663 eiusque
1212 3592 1543 3663 principum
1576 3596 1919 3663 potestatem

268 3681 574 3747 destruxit,
608 3685 664 3735 et
692 3696 899 3735 omnes
931 3680 1030 3751 qui
1053 3680 1171 3734 illic
1195 3680 1453 3735 indebite
1483 3680 1916 3749 detinebantur,

269 3769 343 3823 de
374 3768 656 3840 profundo
687 3770 894 3825 mortis
933 3769 1152 3837 eduxit,
1188 3786 1290 3841 per
1319 3769 1600 3841 Spiritum
1648 3775 1918 3825 sanctum

270 3857 548 3929 apostolis
564 3858 713 3927 quali
725 3864 809 3914 ter
824 3863 1192 3929 agerent,seu
1210 3858 1354 3913 alios
1368 3859 1725 3913 instruerent
1737 3858 1921 3914 decla-

268 3963 399 4001 rare
420 3948 658 4003 curavit.
681 3948 790 4003 Sed
827 3948 1024 4002 divina
1043 3948 1407 4018 providentia
1431 3947 1672 4002 alteram
1698 3948 1919 4002 Israeli-

266 4035 385 4090 tico
404 4035 615 4107 populo
655 4053 758 4108 per
789 4036 1049 4108 Moysen,
1083 4035 1325 4090 alteram
1354 4035 1525 4089 nobis
1557 4053 1658 4107 per
1688 4042 1919 4091 sanctos

268 4124 564 4195 apostolos
580 4124 764 4197 legem
783 4124 1417 4181 voluitcommendare:
1445 4123 1544 4179 illa
1566 4124 1921 4179 minaturin-

264 4214 502 4269 teritum
518 4214 866 4288 baecjugiter
880 4214 1281 4286 paenitentiam
1295 4213 1646 4276 docet.Quod
1665 4214 1921 4268 ostendit

267 4303 495 4374 Moyses
512 4320 642 4357 cum
668 4303 1005 4375 postdatam
1023 4302 1207 4374 legem
1226 4303 1584 4357 descendens
1615 4303 1685 4356 de
1721 4308 1918 4357 monte

265 4392 482 4447 rediret
510 4393 578 4447 ad
610 4393 915 4465 populum.
951 4396 1114 4447 Certe
1137 4409 1269 4446 cum
1302 4391 1616 4446 invenisset
1649 4408 1918 4461 peccasse

266 4480 546 4552 populum
572 4484 630 4537 in
654 4482 816 4536 vituli
849 4480 1009 4536 aurei
1044 4481 1401 4547 adoratione,
1427 4480 1605 4534 dixit:
1642 4483 1765 4536 Haec
1782 4480 1916 4535 dicit

2046 581 2182 638 fecit
2211 599 2339 639 esse
2371 583 2713 654 potabilem.
2739 586 3004 661 Denique
3031 593 3087 646 in
3122 594 3312 649 Veteri
3336 596 3701 656 Testamenlo

2048 672 2331 744 scriptum
2354 676 2478 727 est:
2516 674 2717 728 Anima
2760 694 2879 746 qum
2907 679 3103 749 fecerit
3134 684 3427 755 quidquam
3476 687 3542 741 (te
3571 692 3701 742 abo-

2043 763 2443 816 minationibus
2484 764 2629 828 istis,
2658 766 2858 833 peribit
2888 768 2954 823 de
2980 774 3179 842 populo
3210 789 3326 837 suo,
3359 774 3491 829 dicit
3521 776 3699 830 Domi-

2042 866 2145 903 nus
2177 851 2316 919 (Leu.
2352 866 2515 919 xvm,
2550 852 2663 919 29).
2700 853 2761 906 In
2822 872 2967 912 novo
3028 860 3390 930 reperimus:
3428 862 3702 918 Gaudium

2040 940 2144 993 erit
2170 941 2228 992 in
2258 939 2396 992 caelo
2420 955 2591 1009 super
2621 956 2728 994 uno
2776 956 3057 1013 peccatore
3080 952 3340 1018 paznilent
3350 952 3457 1004 iam
3489 958 3701 1022 agente,

2039 1042 2205 1095 quam
2225 1043 2388 1097 super
2417 1030 2732 1096 nonaginta
2762 1048 2957 1088 novem
2990 1038 3158 1105 justis
3188 1055 3296 1092 non
3327 1040 3703 1108 indigentibus

2032 1116 2421 1183 paenitentiam
2454 1119 2609 1183 (Luc.
2640 1135 2729 1183 xv,
2760 1121 2838 1191 7).
2872 1122 3097 1193 Videte,
3132 1127 3356 1193 fratres,
3391 1146 3460 1183 ne
3492 1131 3696 1200 perda-

2037 1218 2171 1257 mus
2203 1204 2526 1274 pceuitendi
2560 1211 2817 1278 tempus,
2844 1213 3000 1280 quod
3032 1218 3194 1268 tanta
3226 1220 3311 1270 est
3334 1216 3701 1289 indulgentia

2034 1306 2401 1347 concessum.
2430 1294 2580 1348 Nam
2606 1296 2965 1365 pmnitentim
2985 1302 3236 1357 fructum
3261 1304 3511 1360 dicimus
3534 1308 3701 1377 quid-

2033 1380 2171 1447 quid
2209 1396 2310 1449 pro
2328 1381 2527 1437 delicti
2554 1384 2957 1442 satisfactione
2975 1390 3111 1444 boni
3134 1392 3323 1462 operis
3346 1395 3415 1448 ad
3440 1396 3695 1450 divinam

2031 1468 2575 1526 reconciliationem
2598 1474 2893 1529 tendendo
2919 1478 3534 1552 peragimus,jejunia,
3560 1485 3699 1556 vigi-

2031 1554 2166 1621 lias,
2202 1559 2620 1627 continentiae,
2672 1563 2993 1633 orationes,
3026 1584 3216 1637 opera
3264 1554 3695 1641 misericordiae,

2029 1659 2139 1697 seu
2175 1651 2414 1702 caeteras
2430 1649 2702 1705 virtutes.
2735 1651 2953 1707 Multas
2986 1656 3199 1727 quippe
3231 1660 3397 1714 nobis
3430 1661 3697 1717 Christus

2030 1730 2283 1787 semitas
2307 1737 2602 1807 proponit,
2638 1754 2740 1808 per
2771 1756 2921 1809 quas
2948 1744 3287 1812 perditionis
3311 1749 3503 1805 foveas
3530 1750 3703 1806 decli-

2030 1836 2180 1875 nare
2238 1824 2522 1881 valemus.
2584 1828 2694 1881 Sed
2747 1834 2969 1899 quanto
3010 1831 3176 1902 plura
3224 1842 3362 1891 sunt
3418 1840 3694 1895 evadendi

2032 1910 2307 1981 consilia,
2342 1918 2505 1969 tanto
2537 1915 2996 1974 miserabiliores
3036 1926 3172 1977 sunt
3202 1924 3301 1995 qui
3332 1926 3697 1985 descendunt

2031 1996 2093 2051 in
2148 1998 2364 2054 lacum.
2400 2001 2562 2057 Licet
2608 2004 2787 2073 igitur
2820 2006 2914 2061 his
2947 2012 3258 2067 transactis
3289 2014 3495 2070 diebus
3525 2018 3696 2086 quasi

2030 2087 2264 2158 nuptiis
2296 2106 2398 2159 pro
2432 2091 2715 2147 continua
2746 2093 3117 2154 solemnitate
3150 2100 3206 2154 in
3234 2101 3455 2159 deliciis
3484 2104 3701 2159 vixeri-

2031 2191 2191 2247 mus,
2227 2182 2573 2249 stantesque
2604 2181 2891 2237 orationis
2924 2192 3055 2241 vota
3085 2188 3327 2244 Domino
3360 2193 3699 2263 persolveri-

2031 2280 2190 2354 mus,
2228 2283 2383 2320 nunc
2415 2272 2616 2323 autem
2652 2270 2867 2327 abbinc
2900 2277 3053 2329 terra
3103 2281 3377 2347 prostrati
3408 2280 3700 2354 lacrymas

2029 2352 2377 2419 fundamus,
2402 2357 2652 2426 jejuniis
2686 2364 2742 2413 et
2762 2360 2979 2431 vigiliis
3001 2380 3230 2435 operam
3267 2369 3493 2437 demus,
3516 2352 3699 2442 poeni-

2027 2442 2225 2496 tentiee
2276 2444 2570 2499 sarcinam
2625 2448 2928 2520 suscipere
2989 2452 3352 2511 festinemus.
3411 2458 3505 2513 Ait
3535 2460 3689 2515 enim

2027 2528 2315 2585 Dominus
2342 2532 2401 2585 in
2432 2533 2781 2605 Evangelio:
2816 2538 2935 2592 Non
2958 2548 3183 2609 possunt
3209 2545 3321 2612 lilii
3339 2547 3521 2617 sponsi
3537 2549 3695 2619 jeju-

2026 2634 2184 2688 nare,
2217 2620 2389 2673 donec
2418 2637 2546 2674 cum
2577 2624 2697 2677 illis
2728 2630 2805 2679 est
2844 2644 3111 2697 sponsus;
3162 2636 3337 2688 veniet
3393 2637 3527 2691 hora
3568 2654 3697 2694 eum

2028 2709 2312 2775 auferetur
2340 2709 2408 2761 ab
2438 2712 2535 2778 eis,
2588 2722 2644 2765 et
2699 2722 2829 2769 tunc
2876 2718 3210 2787 jejunabunt
3241 2723 3299 2778 in
3358 2726 3472 2779 illis
3503 2725 3696 2782 diebus

2029 2794 2252 2885 (Matth.
2281 2813 2359 2862 Ix,
2382 2798 2492 2885 15).
2521 2800 2847 2859 Transacto
2865 2822 3099 2876 quoque
3126 2814 3384 2883 tempore
3416 2816 3699 2885 quodam-

2028 2884 2201 2937 modo
2258 2884 2566 2940 nobiscum
2626 2906 2730 2959 per
2788 2896 3149 2963 corporalem
3195 2884 3476 2957 Dominus
3508 2905 3700 2961 adfuit

2028 2973 2399 3042 praisentiam
2428 2990 2439 3027 :
2475 2976 2578 3028 sed
2614 2994 2771 3033 nunc
2793 2982 2920 3050 jam
2956 2983 3129 3037 cmlos
3152 2990 3428 3059 ascendit,
3462 2992 3531 3045 ad
3558 2993 3696 3047 dex-

2026 3063 2212 3149 teram
2245 3061 2407 3114 sedet
2438 3064 2647 3131 patris.
2684 3066 2845 3122 Unde
2896 3088 3045 3141 pura
3094 3080 3306 3142 mente,
3341 3078 3543 3133 devoto
3571 3097 3693 3149 ore,

2027 3147 2222 3219 dignis
2251 3149 2528 3219 operibus
2558 3168 2695 3209 eum
2749 3158 3002 3228 rogitare
3052 3176 3349 3232 curemus,
3394 3172 3460 3219 ut
3488 3147 3692 3224 nobisé

2030 3253 2164 3327 eum
2210 3252 2395 3327 usque
2438 3237 2496 3291 in
2529 3245 2834 3310 aeternum,
2870 3246 2978 3299 etsi
3010 3263 3125 3301 non
3158 3253 3553 3324 corporaliter,
3588 3274 3692 3327 per

2031 3325 2889 3401 sutfragiamanere,dignetur,
2913 3335 3038 3405 ipso
3072 3343 3400 3407 praestante,
3427 3343 3522 3411 qui
3551 3325 3686 3402 cum

2032 3415 2197 3503 Patre
2236 3419 2292 3468 et
2323 3414 2541 3503 Spiritu
2578 3424 2781 3475 sancto
2812 3422 2952 3477 vivit
2981 3428 3038 3477 et
3067 3424 3349 3495 gloriatur
3378 3429 3551 3500 Deus,
3587 3449 3690 3503 per

2031 3501 2229 3558 omnia
2259 3502 2471 3557 saecula
2502 3507 2851 3564 saaculorum
2884 3515 3092 3566 Amen.

2634 3613 2876 3671 SERMO
2919 3617 3066 3673 XIII.

2032 3714 2090 3751 1N
2130 3713 2595 3753 ANNUNTIATIONE
2639 3718 2797 3757 BEATI
2838 3721 3253 3762 PRA'JCURSORIS
3294 3726 3361 3762 ET
3399 3726 3687 3769 MARTYI‘tIS

2113 3784 2317 3821 DOMINI
2362 3784 2564 3824 NOSTRI
2604 3789 2740 3827 JESU
2782 3792 2984 3842 CIIlSTl,
3025 3794 3263 3833 JOANNIS
3306 3797 3604 3838 BAPTISTIE.

2103 3856 2240 3911 Post
2257 3856 2441 3927 (1531)
2466 3861 2858 3929 evangelicam
2881 3863 3213 3930 lectionem,
3239 3868 3447 3923 fratres
3469 3869 3687 3926 charis-

2030 3945 2188 4006 simi,
2225 3943 2552 3999 beatissimi
2579 3948 2826 4004 Joannis
2847 3954 3224 4021 praecursoris
3246 3954 3477 4010 Domini
3501 3961 3683 4013 nostri

2026 4035 2166 4089 Jesu
2200 4032 2412 4087 Christi
2437 4034 2605 4089 nobis
2627 4041 2715 4091 est
2738 4038 3077 4093 denuntiata
3100 4043 3391 4112 nativitas,
3415 4045 3485 4099 de
3512 4047 3682 4116 cujus

2029 4121 2452 4194 praeparatione
2483 4122 2705 4195 aliquid
2731 4143 2885 4181 nunc
2911 4128 3036 4197 jam
3064 4130 3423 4186 edocendum
3447 4147 3574 4187 esse
3597 4136 3678 4189 vi-

2028 4213 2217 4269 detur.
2252 4210 2392 4281 quia
2440 4212 2797 4268 omnimodis
2850 4218 3170 4271 cavendum
3214 4224 3303 4273 est
3352 4237 3423 4275 ne
3468 4221 3679 4293 vulgus

2028 4298 2254 4372 polluat
2293 4298 2645 4369 ignorantia,
2690 4304 2845 4372 quod
2893 4321 3125 4359 summa
3172 4308 3480 4362 observare
3526 4310 3681 4382 cogit

2028 4387 2388 4455 obedientia;
2424 4388 2468 4441 si
2504 4394 2695 4444 autem
2730 4392 3055 4448 nescientes
3072 4394 3425 4467 deliquerint
3456 4398 3511 4450 in
3546 4399 3676 4453 tali-

2027 4478 2159 4543 bus,
2194 4494 2308 4530 una
2342 4494 2446 4531 nos
2478 4496 2610 4532 cum
2646 4478 2758 4533 illis
2794 4481 3041 4536 involvet
3095 4486 3417 4541 sententia:
3464 4487 3510 4541 si
3544 4505 3677 4543 vero

267 4572 533 4625 Dominus
578 4572 715 4627 Deus
746 4570 961 4626 Israel:
1014 4570 1209 4625 Ponite
1250 4573 1624 4641 unusquisque
1670 4569 1919 4640 gladium
1950 4589 1994 4653 Β
2029 4584 2155 4638 quze
2188 4568 2563 4622 docuerimus
2594 4570 3074 4640 contempserint,
3108 4573 3191 4627 sic
3222 4575 3475 4628 alienum
3508 4576 3679 4631 deﬂe-

266 4676 431 4715 suum
461 4676 621 4731 super
648 4662 831 4729 femur
859 4675 1043 4723 suum,
1074 4664 1129 4713 et
1157 4659 1364 4714 occidat
1394 4660 1754 4731 ucusquisque
1797 4661 1913 4728 fra-

263 4757 411 4804 trem
439 4765 615 4815 suum,
648 4753 698 4805 et
738 4749 1120 4819 unusquisque
1160 4751 1481 4819 proximum
1509 4766 1670 4804 suum
1712 4749 1912 4817 (Exod.

265 4854 445 4907 xxxn,
476 4841 586 4902 27).
622 4840 835 4893 Beatus
850 4855 985 4893 vero
1005 4841 1210 4892 Petrus
1229 4839 1500 4908 princeps
1517 4836 1915 4910 apostolorum

266 4942 405 4982 cum
439 4926 675 4998 reliquis
724 4931 856 4998 post
913 4926 1229 4981 adventum
1288 4926 1472 4980 sancti
1502 4927 1768 4998 Spiritus,
1800 4924 1917 4979 illis

264 5015 445 5070 etiam
468 5015 568 5086 qui
594 5016 788 5087 ipsum
815 5014 1127 5069 Dominum
1150 5013 1921 5079 crucifixerant,constanter

262 5105 388 5161 ait:
432 5106 823 5160 Paenitentiam
871 5104 1035 5173 agite,
1087 5110 1140 5155 et
1190 5102 1499 5172 baptizetur
1544 5104 1919 5173 unusquisque

259 5201 503 5250 vestrum
552 5211 612 5248 ιη
640 5194 864 5248 nomine
908 5193 1037 5247 Jesu
1087 5188 1284 5245 Christi
1315 5194 1374 5245 in
1402 5192 1776 5245 remissionem
1800 5206 1920 5260 pec-

259 5287 539 5347 catorum,
569 5286 620 5336 et
673 5280 960 5352 accipietis
991 5278 1210 5334 domum
1244 5279 1488 5347 Spiritus
1508 5282 1687 5334 sancti
1717 5280 1915 5349 (Act.n,

258 5372 383 5440 38).
428 5371 782 5443 Redemptor
826 5384 1083 5439 namque
1114 5373 1310 5423 noster
1338 5372 1547 5426 veteris
1577 5369 1724 5441 legis
1754 5368 1916 5421 duri-

264 5533 457 5606 (1528)
486 5531 751 5606 Mansius
797 5527 1200 5606 suscipiendam
1241 5532 1441 5583 contra
1473 5528 1685 5585 codicis
1718 5528 1914 5584 fidem.

372 5605 525 5673 1529)
555 5605 631 5660 Μ.
665 5602 944 5659 mendose
968 5601 1246 5654 instemus.

373 5676 529 5749 1530)
557 5677 633 5733 M.
661 5676 790 5733 sine
816 5687 1003 5745 usque.

2026 4656 2243 4724 bimus,
2260 4660 2324 4709 ut
2341 4661 2608 4710 nostrum
2632 4657 2839 4711 exinde
2861 4675 2975 4713 non
2996 4659 3309 4715 timeamus
3325 4662 3673 4732 periculum.

2026 4746 2347 4816 Cognoscat
2395 4745 2575 4816 igitur
2622 4745 2935 4816 prudentia
2984 4754 3176 4803 vestra
3206 4749 3421 4805 malam
3455 4750 3526 4806 de
3554 4755 3676 4808 tam

2025 4833 2280 4905 gloriosa
2300 4833 2667 4889 solemnitate
2697 4834 2914 4889 crebris
2937 4836 2994 4890 in
3028 4835 3171 4892 locis
3200 4838 3507 4894 inolevisse
3539 4858 3673 4896 con-

2027 4923 2465 4987 suetitudiuem,
2500 4926 2563 4975 ut
2590 4921 2856 4991 quaedam
2890 4925 3271 4981 meretricula:
3302 4927 3577 4983 ecclesias
3618 4935 3676 4983 et

2028 5012 2223 5067 divina
2254 5011 2445 5066 officia
2477 5010 2905 5081 derelinquant,
2965 5019 3021 5068 et
3079 5017 3300 5086 passim
3359 5017 3540 5087 (1532)
3573 5033 3675 5086 per

2028 5100 2248 5171 plateas
2278 5105 2334 5154 et
2366 5099 2639 5170 compita,
2665 5099 2853 5155 fontes
2878 5102 3053 5157 etiam
3086 5110 3143 5159 et
3173 5122 3308 5159 rura
3334 5108 3673 5174 pernoctan-

2027 5194 2133 5259 tes,
2186 5190 2391 5244 choros
2432 5192 2713 5259 statuant,
2756 5190 3043 5245 canticula
3084 5194 3267 5262 (1533)
3300 5196 3667 5261 componant,

2027 5284 2213 5333 sortes
2243 5279 2554 5342 deducant,
2588 5282 2647 5332 et
2694 5278 2979 5349 quidquid
3006 5280 3176 5333 alicui
3209 5280 3434 5334 evenire
3464 5280 3673 5336 debeat

2026 5368 2085 5422 in
2119 5367 2331 5421 talibus
2380 5366 2660 5421 simulent
2706 5368 3001 5438 augurari.
3040 5368 3295 5429 Quarum
3329 5367 3669 5437 superstitio

2097 5528 2280 5603 (1531)
2315 5526 2575 5603 Mansius
2605 5542 2720 5596 per.

2097 5601 2280 5670 (1532)
2316 5599 2390 5653 M.
2418 5600 2647 5669 partim.

2097 5605 2259 5670 (1532
2316 5605 2390 5653 M.
2418 5605 2647 5669 partim.

2096 5605 2282 5743 (1533i
2312 5675 2383 5725 M.
2414 5668 2818 5727 cantiunculas.
