4062 6186
393 362 506 424 851

1411 357 1749 423 ATTONIS
1794 354 2380 422 VERCELLENSIS
2423 354 2779 419 EPISCOPI

3687 347 3798 417 852

398 500 542 557 adeo
570 494 755 571 gignit
781 492 1096 562 insaniam,
1128 497 1194 550 ut
1225 493 1435 551 herbas
1464 495 1553 550 vel
1585 494 1818 550 frondes
1849 493 2038 564 bapti-
2067 495 2116 559 Α
2152 491 2409 546 claustra
2437 491 2840 547 descendendo
2863 505 2876 546 :
2897 488 2995 561 qui
3017 488 3192 545 etiam
3218 488 3360 545 adeo
3382 487 3456 544 ab
3486 503 3554 544 eo
3577 489 3796 561 magni.

395 605 524 645 zare
554 589 930 658 praesumant,
963 589 1019 639 et
1051 584 1256 639 exinde
1306 586 1631 655 compatres
1662 583 1747 638 vel
1781 599 2037 637 comma-

394 682 512 734 tres
542 675 796 731 audeant
824 674 1099 739 vocitare,
1146 673 1388 743 suisque
1417 672 1690 728 domibus
1721 687 2040 743 suspensas

394 763 496 821 diu
544 765 604 819 in
631 763 1004 836 postmodum
1036 763 1206 834 quasi
1252 762 1548 835 religionis
1571 778 1747 817 causa
1767 761 2042 817 studeant

393 869 754 911 conservare.
786 852 933 907 Nam
962 853 1169 907 beatus
1198 852 1454 907 Joannes
1485 852 1612 906 ideo
1645 851 1903 922 Baptista
1929 850 2042 904 dic-

389 948 490 1000 tus
521 947 632 1013 est,
663 941 798 1014 quia
818 941 944 1013 ipse
983 941 1241 1012 primum
1272 941 1635 1012 baptismum
1679 938 2041 994 remissionis

391 1030 734 1088 hominibus
757 1029 1182 1102 praedicaverat,
1207 1035 1263 1085 et
1285 1029 1616 1101 baptizandi
1645 1027 2039 1083 ministerium

393 1123 745 1192 sumpserat.
769 1122 1193 1190 Auctoremque
1212 1118 1476 1173 omnium
1493 1135 1598 1172 suo
1623 1117 1838 1172 meruit
1855 1118 2043 1172 lavare

390 1210 762 1283 baptismate.
814 1208 1233 1264 Caeterarum...
1270 1207 1600 1262 Beatissimi
1627 1223 1858 1278 quoque
1890 1206 2043 1261 Petri

391 1298 676 1372 principis
703 1297 1098 1370 apostolorum
1146 1297 1513 1352 festivitatem
1567 1295 1909 1365 hujusmodi
1950 1312 2040 1350 so-

393 1388 518 1445 lent
547 1386 755 1443 naeniis
786 1385 1214 1442 commaculare
1241 1402 1252 1440 :
1299 1401 1546 1456 quarum
1580 1384 1703 1439 aliae
1734 1383 2044 1438 maleﬁcio-

395 1494 551 1548 rum,
598 1475 726 1532 aliaa
773 1474 961 1546 stupri
993 1491 1190 1543 causa,
1223 1473 1440 1528 talibus
1468 1473 1824 1528 vanitatibus
1855 1474 2043 1527 inser-

395 1565 564 1620 viunt
593 1564 796 1636 (1532).
829 1563 1204 1617 Considerate
1235 1577 1390 1633 ergo,
1439 1561 1645 1616 fratres
1689 1560 2042 1627 charissimi,

398 1658 687 1727 quantum
701 1651 956 1708 dedecus
970 1652 1116 1707 tales
1137 1651 1305 1706 nobis
1321 1650 2046 1721 prioribus,quantumque

396 1743 510 1798 sibi
541 1742 793 1797 inferant
813 1740 1263 1807 detrimentum,
1297 1745 1352 1794 et
1381 1739 1464 1793 sic
1496 1740 1906 1809 unusquisque
1938 1738 2048 1792 sal-

2151 581 2359 635 ficatus
2391 584 2498 648 est,
2532 584 2596 634 ut
2626 580 2813 650 ipsius
2842 578 3177 634 testimonio
3209 577 3514 634 clariﬁcari
3548 583 3610 633 et
3639 577 3799 649 plus-

2149 686 2325 741 quam
2347 670 2686 741 prophetam
2711 667 3443 740 appellari,mereretur.Ad
3465 669 3641 738 cujus
3666 684 3801 739 quo-

2151 774 2262 830 que
2308 759 2770 831 exaggerandam
2804 757 3049 829 gloriam
3081 757 3325 828 insuper
3353 757 3644 828 adjiciens
3675 758 3754 812 ait
3783 776 3793 812 :

2151 850 2191 903 Α
2223 847 2411 902 diebus
2454 849 2678 903 Joannis
2706 863 2877 918 usque
2920 862 3067 901 nunc
3109 862 3350 918 regnum
3397 847 3664 901 caelorum
3695 849 3799 901 vim

2149 940 2378 1008 patiiur,
2411 945 2462 992 et
2512 937 2740 991 violenti
2763 938 2989 1007 rapiunt
3015 935 3154 990 illud
3197 935 3408 1006 (Matth.
3439 953 3520 1001 x1,
3558 937 3670 1004 12).
3707 938 3798 990 Re-

2149 1043 2320 1094 gnum
2349 1027 2609 1080 urlorum
2635 1027 2745 1079 vim
2768 1025 2984 1096 patitur
3010 1033 3058 1079 et
3104 1023 3339 1079 violenti
3367 1027 3596 1095 rapiunt
3642 1025 3792 1087 illud,

2152 1131 2285 1170 cum
2318 1115 2450 1186 quis
2482 1131 2694 1186 pravus
2725 1130 2992 1185 perversa
3033 1113 3204 1186 longo
3233 1117 3571 1184 tempore...
3607 1131 3805 1185 poenas

2154 1220 2301 1275 quas
2325 1202 2473 1258 male
2486 1202 2729 1258 vivendo
2745 1203 3083 1274 promeruit,
3106 1201 3566 1257 misericorditer
3597 1203 3804 1268 evadit,

2154 1296 2394 1362 atque...
2448 1291 2769 1347 sublimn...
2823 1291 3099 1347 cmlorum
3147 1307 3280 1346 mox
3309 1291 3492 1346 intrat
3553 1297 3804 1346 ovanter.

2154 1383 2306 1436 Bene
2338 1385 2531 1436 autem
2573 1398 2605 1436 a
2634 1381 2842 1436 diebus
2881 1380 3146 1446 Joannis,
3195 1381 3332 1451 quia
3375 1381 3502 1451 ipse
3551 1379 3803 1451 primum

2153 1471 2513 1542 baptismum
2546 1469 2880 1542 praedicavit
2902 1485 3005 1540 per
3033 1484 3205 1540 quem
3231 1473 3468 1540 peccata
3500 1469 3805 1523 dimittun-

2154 1564 2269 1629 tur,
2304 1565 2358 1614 et
2399 1561 2593 1628 januw
2627 1558 2789 1630 regni
2844 1558 3093 1613 cmlestis
3151 1558 3528 1629 pandantur:
3573 1558 3671 1611 ubi
3705 1575 3803 1613 nos

2157 1649 2287 1719 pius
2336 1647 2620 1702 Dominus
2679 1646 2904 1701 meritis
2956 1652 3014 1701 et
3070 1646 3594 1702 intercessionibus
3626 1647 3804 1717 ipsius

2157 1736 2478 1792 beatissimi
2514 1736 2889 1808 praxcursoris
2916 1740 2971 1790 et
3003 1735 3280 1806 martyris
3303 1735 3395 1790 sui
3429 1734 3692 1806 recipere
3724 1735 3806 1789 di-

395 1837 514 1887 tem
547 1830 729 1900 (1535)
749 1831 994 1885 domum
1019 1845 1186 1883 suam
1211 1845 1244 1882 a
1265 1827 1481 1883 talibus
1502 1827 2042 1898 purgeterroribus.
2081 1862 2128 1926 B
2158 1829 2396 1898 gnetur;
2432 1825 2604 1894 cujus
2635 1841 2881 1896 regnum
2913 1827 2968 1878 et
3003 1823 3336 1895 imperium.

398 1917 729 1977 Partiamur
757 1935 907 1974 onus
939 1919 1144 1990 (1536),
1203 1917 1529 1989 partiamur
1590 1921 1647 1971 et
1701 1917 1880 1988 (1537)
1913 1933 2053 1987 prae-

400 2007 626 2064 mium:
674 2008 845 2063 debet
895 2006 1053 2062 enim
1107 2006 1516 2076 unusquisque
1565 2007 1825 2059 vestrum
1870 2005 2050 2075 (1538)

399 2095 599 2152 domui
632 2113 751 2151 suae
783 2111 1030 2168 praeesse
1061 2093 1394 2165 episcopus,
1447 2091 1585 2165 quia
1615 2092 1924 2164 episcopus
1951 2109 2054 2146 su-

399 2186 799 2258 perinspector
821 2183 1035 2238 dicitur
1061 2201 1073 2238 :
1102 2184 1171 2238 ab
1196 2198 1548 2253 unoquoque
1579 2182 1734 2237 enim
1768 2189 2053 2253 quantum

409 2272 688 2343 creditur,
719 2275 946 2327 tantum
996 2271 1257 2343 exigetur
1287 2271 1491 2342 (1539).
1522 2270 1724 2326 Videte
1756 2271 1893 2342 quia
1924 2269 2054 2324 nul-

409 2360 504 2417 lus
535 2365 646 2428 est,
685 2360 779 2415 cui
813 2359 1034 2432 aliquid
1071 2375 1185 2414 non
1218 2359 1509 2425 credatur,
1544 2364 1602 2414 et
1631 2375 1664 2414 a
1687 2375 1802 2429 quo
1835 2357 2053 2429 aliquid

409 2467 525 2506 non
558 2449 843 2522 exigatur.
879 2449 966 2503 Ad
1000 2447 1225 2503 cultum
1259 2463 1394 2519 ergo
1421 2451 1594 2502 tantae
1611 2447 1944 2502 festivitatis
1974 2447 2056 2500 vi-

409 2540 611 2597 cissim
643 2555 751 2595 nos
782 2537 1025 2594 invitare
1055 2553 1350 2604 curemus,
1375 2537 1782 2608 abstergamus
1812 2551 2055 2602 errores,

408 2632 650 2684 cunctas
678 2627 924 2682 haereses
953 2624 1340 2697 repellamus;
1366 2625 1631 2695 jejuniis,
1666 2624 1899 2696 vigiliis,
1931 2640 2060 2679 ora-

407 2715 668 2772 tionibus
692 2731 879 2786 praecu
891 2731 1148 2782 rramus,
1165 2717 1231 2767 ut
1249 2714 1450 2768 devote
1471 2718 1588 2768 tam
1609 2713 1866 2784 praeclari
1912 2729 2056 2766 mar

407 2804 554 2878 tyris
585 2804 801 2859 festum
835 2803 1020 2874 (1540)
1052 2801 1344 2857 celebrare
1377 2817 1728 2868 mereamur,
1752 2804 2062 2872 praestante

411 2892 658 2949 Domino
689 2895 890 2948 nostro
917 2890 1056 2946 Jesu
1089 2890 1344 2945 Christo.

1028 2978 1268 3034 ΒΕΖΗΜο
1309 2979 1435 3034 XIV
1448 3020 1460 3032 .

869 3069 927 3107 IN
967 3067 1298 3106 NATIVITATE
1335 3067 1612 3106 EJUSDEM.

484 3141 651 3198 Illius
679 3140 853 3197 hodie
884 3139 1179 3207 nativitas,
1205 3139 1411 3194 fratres
1434 3137 1786 3205 charissimi,
1817 3136 2066 3193 celebra-

2789 1930 3024 1985 SERMO
3064 1929 3178 1983 XV.

2233 2021 2292 2058 IN
2332 2017 2688 2058 FESTIVITATE
2726 2018 3069 2057 SANCTORUM
3109 2017 3526 2057 APOSTOLORUM
3570 2017 3737 2057 PETRI

2837 2091 2906 2128 ET
2944 2089 3133 2128 PAULI.

2234 2164 2525 2219 Hodierna
2553 2162 2913 2230 solemnitas,
2947 2163 3156 2217 fratres
3186 2161 3543 2227 charissimi,
3581 2180 3688 2218 nos
3718 2165 3814 2218 ad-

2165 2257 2364 2308 monet
2410 2251 2884 2307 beatissimorum
2930 2250 3326 2322 apostolorum
3379 2251 3534 2306 Petri
3567 2257 3628 2307 et
3657 2251 3815 2307 Pauli

2169 2342 2439 2397 ardenter
2470 2339 2741 2412 amplecti
2775 2340 3038 2411 vestigia,
3089 2340 3189 2411 qui
3219 2344 3404 2396 semet
3434 2341 3814 2414 abnegantes,

2167 2431 2574 2501 mundumque
2590 2445 2804 2484 omnen
2827 2429 3673 2499 contemnentes,judiciariam
3695 2432 3817 2501 ejus

2168 2519 2362 2590 adepti
2385 2523 2524 2573 sunt
2543 2522 2890 2589 potestatem
2913 2518 3042 2588 :qui
3067 2518 3264 2585 etiam,
3283 2518 3424 2589 quia
3445 2520 3673 2575 mundo
3694 2536 3818 2574 suc-

2169 2609 2444 2663 cumbere
2466 2607 2799 2675 noluerunt,
2829 2605 2970 2661 coelo
2994 2605 3215 2678 praelati
3236 2612 3395 2675 sunt,
3422 2609 3597 2679 cujus
3618 2610 3817 2664 Petrus

2169 2697 2438 2768 claviger,
2475 2694 2686 2750 Paulus
2719 2695 2907 2752 factus
2928 2699 3016 2750 est
3044 2696 3428 2751 introductor.
3448 2697 3494 2752 Ο
3524 2714 3706 2769 quam
3737 2698 3818 2752 di-

2169 2802 2352 2858 gnum
2377 2791 2434 2840 et
2464 2800 2766 2856 magnum,
2801 2788 2865 2839 ut
2896 2784 3098 2838 Petrus
3129 2784 3383 2856 claviger
3410 2785 3490 2840 sit
3519 2785 3816 2854 ccelorum,

2171 2879 2226 2931 et
2253 2875 2478 2929 Lucifer
2498 2889 2788 2929 carcerem
2813 2873 3025 2929 sentiat
3042 2873 3382 2929 inferorum!
3413 2875 3604 2930 Homo
3637 2892 3818 2931 surre-

2171 2965 2254 3019 xit
2275 2965 2346 3018 ad
2377 2967 2648 3018 aeternam
2681 2961 2947 3034 gloriam,
2987 2962 3230 3034 angelus
3256 2963 3470 3018 cecidit
3489 2965 3564 3018 ad
3599 2981 3822 3035 poenam

2175 3055 2546 3124 perpetuam:
2579 3052 2688 3107 iste
2717 3051 2777 3106 in
2810 3068 2872 3106 se
2903 3050 3154 3106 multum
3189 3050 3466 3123 prtelatus
3495 3057 3556 3108 et
3587 3059 3823 3123 erectus,

2175 3140 2461 3198 ommium
2493 3157 2526 3195 a
2555 3141 2671 3195 Deo
2718 3143 3050 3196 creaturam
3092 3140 3281 3195 factus
3307 3144 3400 3196 est
3426 3141 3707 3209 inﬁmus;
3737 3142 3828 3197 ille

416 3237 533 3300 tur,
566 3232 637 3286 de
668 3247 783 3302 quo
814 3230 1098 3285 Dominus
1129 3227 1211 3284 ait
1241 3229 1300 3283 in
1351 3225 1661 3299 Evangelio
1687 3245 1700 3281 :
1734 3230 1883 3283 Inter
1910 3229 2066 3282 natos
2096 3219 2139 3286 C
2176 3229 2421 3284 humilis
2464 3232 2520 3283 et
2547 3228 2833 3299 abjectus,
2882 3229 3056 3283 etiam
3091 3228 3494 3300 apostolorum
3528 3230 3720 3286 factus
3749 3235 3828 3286 est

421 3322 731 3377 mulierum
754 3335 864 3375 non
898 3319 1143 3374 surrexit
1170 3319 1349 3389 major
1376 3317 1601 3372 Joanne
1632 3315 1892 3388 Baptista
1915 3319 2067 3383 (Luc.

419 3428 520 3478 vn,
555 3411 671 3478 28).
702 3410 866 3464 Natos
893 3408 1393 3473 mulierum,natos
1424 3422 1493 3460 ex
1522 3404 1772 3460 mollitia
1791 3405 2066 3476 concupi-

422 3497 654 3554 scentiae
677 3493 1172 3568 appellat;mulier
1190 3511 1445 3565 namque
1461 3511 1491 3549 e
1512 3494 1759 3549 mollitia
1777 3494 1929 3548 dicta
1958 3497 2068 3564 est,

419 3602 486 3642 eo
517 3584 672 3655 quod
703 3583 799 3637 hic
836 3599 1009 3637 sexus
1061 3581 1227 3637 facile
1259 3581 1538 3636 moliatur
1567 3582 1638 3635 ad
1670 3581 1922 3652 culpam.
1956 3581 2068 3636 No-

419 3674 666 3728 tandum
697 3687 836 3726 sane
882 3670 1025 3741 quia
1055 3686 1224 3725 suam
1256 3669 1541 3724 Dominus
1573 3669 1932 3724 nativitatem
1963 3670 2071 3726 hoc

419 3758 756 3816 testimonio
769 3775 883 3814 non
896 3757 1456 3830 comprehendit,cuj
1467 3775 1536 3812 us
1549 3758 1732 3813 Mater
1743 3758 1852 3813 etsi
1864 3762 2072 3814 natura

420 3847 578 3904 dicta
607 3847 684 3903 sit
733 3845 961 3913 mulier,
993 3845 1179 3901 virilis
1231 3849 1428 3902 tamen
1459 3846 1570 3900 fuit
1601 3845 1658 3900 in
1691 3846 2068 3915 continentia,

422 3954 552 4010 quae
581 3936 706 3992 sine
739 3936 999 3991 humana
1042 3935 1514 4006 concupiscentia
1538 3935 1740 4007 genuit
1769 3934 1990 4007 prolem
2015 3940 2073 3990 et

423 4026 644 4082 mundo
674 4025 859 4080 edidit
885 4024 1263 4080 Salvatorem.
1285 4023 1516 4079 Creteris
1546 4028 1741 4078 autem
1768 4024 2071 4079 sanctissi-

424 4115 536 4171 mis
565 4119 622 4171 et
651 4115 903 4170 summis
916 4112 1433 4180 hominibus,virili
1456 4111 1676 4168 scilicet
1694 4113 1918 4168 semine
1939 4130 2069 4184 pro-

423 4204 654 4270 creatis,
687 4203 886 4258 nullus
918 4204 1157 4258 beatum
1185 4202 1469 4258 Joannem
1502 4218 1603 4273 per
1631 4201 1829 4257 omnia
1849 4202 2075 4256 dubitet

425 4292 846 4364 coaequandum
871 4290 1195 4346 catholicus
1221 4308 1234 4357 ;
1269 4292 1439 4360 cujus
1470 4289 1741 4344 nativitas
1768 4291 1826 4344 in
1857 4290 2074 4361 templo

424 4381 497 4436 ab
527 4379 734 4453 angelo
766 4379 1054 4447 nuntiata,
1081 4396 1198 4450 qua
1229 4383 1414 4434 mater
1443 4378 1659 4434 sterilis
1690 4384 1748 4433 ct
1768 4379 1893 4450 jam
1927 4396 2076 4434 anus

423 4469 752 4536 fecundata,
780 4469 838 4523 in
873 4485 988 4541 qua
1009 4473 1066 4524 et
1087 4472 1252 4522 muta
1275 4467 1457 4539 patris
1481 4467 1681 4538 lingua
1701 4467 1967 4522 absoluta
1988 4472 2077 4522 est

2178 3319 2405 3390 primus
2432 3334 2445 3372 :
2481 3316 2648 3372 illum
2681 3317 2993 3386 prostravit
3017 3317 3495 3389 superbia,hunc
3526 3318 3827 3374 humilitas

2179 3406 2536 3462 sublimavit.
2559 3407 2746 3469 Quam
2789 3406 2935 3462 bene
2964 3407 3165 3461 Simon
3199 3407 3396 3462 dictus
3426 3413 3540 3478 est,
3578 3409 3716 3480 quia
3745 3409 3827 3464 Si-

2180 3511 2316 3551 mon
2342 3495 2759 3566 interpretatur
2791 3495 3105 3550 obediensl
3139 3496 3326 3566 [quem
3357 3496 3586 3552 sodalis
3618 3496 3829 3552 Paulus

2179 3600 2295 3639 non
2323 3583 2493 3654 longe
2525 3599 2631 3637 suo
2689 3599 2923 3654 quoque
2985 3587 3220 3640 secutus
3251 3588 3340 3639 est
3371 3585 3619 3640 nomine
3653 3604 3665 3640 :
3698 3601 3830 3640 nam

2181 3671 2428 3726 Paulum
2460 3688 2667 3742 parum
2697 3672 2951 3728 dicimus
2976 3689 2989 3726 :
3019 3672 3249 3727 videtur
3278 3673 3436 3728 enim
3470 3674 3675 3729 multa
3703 3674 3830 3730 obe-

2180 3761 2410 3816 dientiaa
2437 3776 2561 3816 esse
2608 3776 2864 3828 nomem,
2897 3777 3027 3816 cum
3051 3761 3141 3814 vir
3169 3765 3330 3816 tanta
3363 3762 3674 3818 divinitate
3706 3779 3834 3835 per-

2180 3849 2789 3920 lustratus,tantisque
2803 3849 3136 3905 ccelestibus
3156 3851 3539 3923 dogmatibus
3551 3851 3833 3918 imbutus,

2183 3943 2248 3994 ut
2275 3939 2347 3994 ab
2373 3939 2500 4010 ipso
2533 3938 2776 3993 Domino
2808 3954 2910 3993 vas
2934 3937 3234 3994 electionis
3265 3939 3334 3993 ad
3355 3941 3718 4012 portandum
3741 3956 3834 3995 no-

2183 4044 2316 4082 men
2349 4043 2522 4082 suum
2579 4025 2773 4081 vocari
2832 4031 3157 4082 mereretur
3185 4028 3325 4098 (Act.
3361 4045 3441 4096 Ix,
3476 4030 3591 4100 15),
3625 4031 3751 4102 ipse
3781 4043 3835 4083 se

2183 4114 2490 4187 parvulum
2523 4115 2837 4170 aestimaret
2865 4114 3312 4171 nominandum.
3343 4120 3605 4189 Magnus
3648 4118 3838 4188 itaque

2183 4203 2297 4258 dici
2354 4203 2563 4274 potuit,
2598 4219 2773 4274 quem
2820 4203 3105 4258 Dominus
3137 4208 3285 4275 post,
3323 4206 3732 4262 ascensionem
3771 4205 3835 4260 ad

2183 4291 2358 4347 caelos
2382 4307 2484 4363 per
2513 4292 2899 4363 semetipsum
2927 4292 3153 4348 vocavit
3181 4296 3238 4347 et
3266 4293 3487 4362 docuit,
3522 4312 3702 4366 quem
3733 4293 3838 4349 sibi

2185 4379 2515 4452 apostolum
2578 4382 2940 4436 consecravit
2979 4380 3118 4451 (Gal.
3152 4399 3192 4448 1,
3253 4384 3326 4450 1).
3386 4384 3492 4454 qui
3553 4401 3746 4456 usque
3773 4383 3838 4438 ad

2183 4470 2421 4525 tertium
2449 4473 2650 4540 raptus
2671 4473 2761 4524 est
2781 4470 3015 4535 coelum,
3035 4469 3135 4542 qui
3155 4471 3329 4525 etiam
3345 4471 3616 4527 divinum
3635 4471 3843 4528 meruit

423 4576 459 4614 a
486 4575 602 4631 quo
649 4559 902 4613 necdum
955 4561 1091 4612 nato
1139 4557 1366 4612 Domini
1400 4560 1584 4610 mater
1614 4557 1829 4627 agnita,
1861 4556 2076 4611 Christi
2112 4583 2152 4645 D
2187 4559 2388 4614 audire
2418 4561 2702 4612 secretum
2733 4560 2805 4628 (ll
2827 4558 2947 4613 Cor.
2981 4575 3080 4627 xu,
3111 4560 3188 4625 3).
3212 4559 3468 4631 Uterque
3499 4561 3686 4632 igitur
3717 4577 3840 4634 pos-

427 4662 660 4719 quoque
690 4651 779 4702 est
807 4646 1117 4718 praesentia
1145 4645 1451 4712 delectata,
1483 4645 1582 4715 qui
1613 4645 1788 4700 etiam
1823 4662 1924 4716 per
1955 4662 2080 4716 pro-

429 4735 665 4807 phetam
697 4735 869 4808 longo
901 4741 1036 4791 ante
1076 4740 1335 4807 tempore
1367 4734 1582 4789 meruit
1609 4733 1978 4805 proclamari,
2010 4736 2081 4789 de

432 4839 550 4894 quo
580 4823 799 4878 dictum
831 4828 921 4878 est
945 4841 957 4879 :
990 4828 1132 4878 Ecue
1159 4827 1314 4880 mitto
1343 4824 1600 4894 angelum
1627 4840 1809 4878 meum
1839 4831 1966 4879 ante
1991 4827 2078 4894 fa-

432 4915 572 4969 ciem
599 4918 776 4983 tuam,
809 4915 907 4982 qui
930 4915 1274 4984 praeparabit
1304 4914 1451 4968 viam
1479 4921 1635 4967 tuam
1663 4917 1792 4967 ante
1835 4921 1885 4966 te
1914 4913 2079 4982 (Mal.

437 5001 615 5073 111,1).
640 5001 1012 5057 Considerate
1033 5017 1189 5074 ergo,
1211 5002 1599 5072 dilectissimi,
1626 5005 1844 5072 quanto
1868 5001 2086 5057 honore

435 5091 650 5164 dignus
682 5090 778 5160 sit,
803 5091 902 5162 qui
937 5091 1204 5146 missusa
1229 5091 1344 5145 Deo
1366 5089 1687 5156 Patre,Filii
1715 5091 1927 5146 meruit
1948 5108 2086 5163 prae-

437 5196 668 5236 currere
688 5180 1034 5236 adventum:
1058 5197 1126 5236 ex
1147 5196 1262 5251 quo
1283 5179 1458 5234 etiam
1482 5181 2085 5252 ministerio,praecur-

437 5266 586 5322 soris
616 5268 873 5338 sumpsit
892 5266 1240 5322 vocabulum
1264 5285 1276 5322 :
1298 5269 1571 5338 praevenit
1590 5268 1745 5323 enim
1771 5268 2084 5323 Dominum

437 5356 752 5422 nascendo,
790 5355 1177 5427 praedicando,
1224 5355 1546 5422 moriendo,
1579 5361 1751 5428 atque
1773 5358 1840 5411 ad
1876 5357 2086 5411 inferni

511 5460 696 5530 (153/1)
728 5461 800 5516 M.
828 5464 1123 5518 intersunt.

539 5533 695 5604 1:335)
730 5535 798 5587 M.
835 5533 1120 5604 flagitiose
1147 5549 1348 5588 omnes.

541 5602 698 5667 1536)
730 5606 797 5656 Μ.
831 5602 956 5659 sine
986 5610 1056 5661 et.

517 5671 700 5742 (1537)
725 5675 800 5728 Μ.
826 5677 1034 5730 statim.

2188 4647 2380 4702 sident
2409 4645 2654 4718 gloriam
2687 4645 2988 4714 claritatis,
3043 4647 3181 4718 quia
3219 4647 3486 4719 utrisque
3517 4651 3715 4705 adfuit
3741 4650 3841 4704 hu-

2192 4735 2408 4789 militas
2467 4735 2791 4789 charitatis.
2856 4735 3107 4806 Uterque
3163 4735 3362 4791 vivunt
3406 4753 3545 4792 cum
3593 4739 3838 4802 Christo,

2190 4824 2329 4895 quia
2361 4823 2510 4878 mori
2542 4839 2658 4877 non
2689 4823 3014 4879 timuerunt
3049 4841 3150 4895 pro
3179 4825 3328 4895 ipso.
3361 4825 3575 4882 Petrus
3598 4845 3716 4883 non
3741 4828 3840 4880 du-

2192 4911 2396 4967 bitavit
2425 4927 2657 4966 crucem
2682 4916 2971 4982 gyratam,
3007 4912 3223 4967 Paulus
3248 4930 3492 4968 manum
3528 4933 3646 4970 non
3680 4932 3840 4987 expa-

2191 5001 2274 5054 vit
2323 5004 2632 5054 armatam.
2687 5002 2790 5054 llle
2848 5005 3023 5071 caput
3052 5001 3365 5056 declinavit
3395 5003 3468 5057 ad
3511 5007 3754 5073 terram,
3786 5009 3842 5057 ut

2193 5089 2265 5143 ad
2297 5088 2506 5143 ccelum
2536 5090 2808 5159 erigeret;
2843 5087 2935 5142 hic
2952 5089 3139 5158 capite
3169 5093 3476 5144 truncatus
3504 5096 3621 5161 est,
3657 5097 3722 5146 ut
3751 5107 3839 5162 po-

2193 5179 2310 5232 tius
2339 5175 2674 5232 cresceret.)
2685 5193 2784 5231 ure
2802 5180 2965 5231 tanta
2989 5178 3281 5232 consecuti
3307 5182 3450 5233 sunt
3480 5177 3838 5251 praemia,qui

2193 5266 2340 5320 talia
2368 5263 2736 5336 pertulerunt
2757 5269 3296 5320 tormenta.Horum
3328 5269 3704 5336 acta,fratres
3719 5269 3839 5324 cha-

2196 5354 2437 5421 rissimi,
2491 5353 2816 5423 saepissime
2863 5357 3304 5424 pertractemus,
3364 5360 3422 5409 et
3468 5357 3530 5411 in
3563 5364 3835 5429 quantum

2267 5462 2450 5530 (1538)
2482 5461 2556 5514 M.
2581 5463 2848 5516 nostrum.

2270 5533 2450 5602 (1539)
2485 5531 2560 5585 M.
2594 5533 2856 5601 exigitur.

2270 5601 2452 5673 (1540)
2479 5603 2595 5658 Cod
2624 5606 2842 5673 festam,
2872 5606 2938 5658 ut
2969 5618 3084 5658 non
3107 5601 3284 5658 semel
3306 5601 3469 5658 alibi.
