4044 6180
286 260 405 325 853

1767 261 2207 326 SEBMONES.

3572 266 3690 337 854

286 414 605 471 possumus
636 396 852 453 imitari
884 413 1177 454 curemus.
1224 398 1593 471 Respuamus
1626 401 1853 453 terrena
1877 402 1935 453 et
1962 398 2018 463 Α
2046 402 2193 451 tum.
2224 400 2298 451 At
2328 401 2525 467 pastor
2554 396 2823 469 egregius
2870 394 3037 469 signo
3088 397 3277 454 crucis
3324 398 3521 464 omnia
3550 417 3686 457 con-

284 488 526 554 caduca,
560 487 990 559 amplectamur
1038 487 1298 542 caelestia
1350 494 1406 543 et
1460 504 1759 555 mansura,
1797 486 1936 557 quia

285 576 430 631 nihil
464 578 702 649 prodest
730 577 950 631 homini
986 577 1033 631 si
1066 581 1253 631 totum
1286 577 1561 647 lucretur,
1585 576 1793 631 animae
1816 592 1932 630 suas

282 666 701 721 detrimentum
734 666 993 736 patiatur
1031 666 1237 736 (Matth.
1289 684 1403 729 xvr,
1450 667 1561 735 26).
1594 664 1933 719 Humilitate

280 755 667 825 gaudeamus,
697 754 1032 825 superbiam
1056 754 1375 827 fugiamus,
1396 755 1534 826 quia
1555 756 1734 809 omnis
1754 755 1850 824 qui
1875 770 1932 808 se

278 844 497 898 exultat
546 843 952 911 humiliabztur,
1002 852 1051 899 et
1098 846 1192 914 qui
1236 860 1291 899 se
1315 844 1934 899 humiliatexaltabz’tur

278 933 433 1002 (Luc.
459 949 617 996 xvm,
642 933 798 1001 14)...
842 937 948 1001 est,
993 932 1090 1002 qui
1123 938 1346 987 amat...
1377 933 1463 988 cio
1487 934 1543 987 in
1567 933 1744 988 vitam
1769 937 1929 986 aeter-

279 1037 417 1075 nam
450 1020 686 1091 recipiet
706 1038 856 1076 eam.
893 1021 1054 1076 Unde
1093 1021 1251 1076 omni
1292 1022 1425 1076 nisu
1451 1022 1796 1093 omnique...
1830 1036 1930 1074 vos

275 1111 438 1165 viros
455 1117 793 1181 satagamus
814 1126 1157 1182 exposcere;
1185 1115 1249 1165 ut
1270 1112 1423 1181 quod
1444 1118 1646 1166 nostra
1664 1126 1776 1164 non
1797 1126 1928 1179 sup-

274 1200 423 1270 petit
447 1198 752 1270 fragilitas,
782 1215 981 1254 eorum
1009 1216 1109 1268 pro
1137 1200 1305 1255 nobis
1345 1200 1601 1254 obtineat
1624 1198 1924 1262 sanctitas,

276 1293 453 1359 atque
472 1287 612 1342 illuc
632 1289 756 1342 suis
774 1288 1137 1343 orationibus
1156 1289 1547 1353 introducant,
1569 1305 1681 1357 quo
1704 1287 1928 1341 meritis

275 1382 718 1448 praecesserunt,
800 1382 1113 1447 praestante
1188 1378 1435 1432 Domino
1513 1382 1711 1431 nostro
1784 1375 1924 1430 Jesu

274 1466 526 1521 Christo.

888 1554 1124 1610 SERMO
1167 1555 1308 1609 XVI.

310 1661 369 1698 IN
410 1659 781 1699 DEPOSITIONE
831 1661 1151 1699 BEATISSIMI
1202 1661 1427 1699 EUSEBII
1474 1658 1886 1698 VERCELLENSIS

849 1732 1104 1771 EPISCOPI
1136 1717 1341 1786 (1541).

342 1827 416 1876 De
448 1820 771 1893 praecipuis.
815 1822 1021 1876 fratres
1053 1820 1409 1887 charissimi,
1443 1819 1917 1875 solemnitatibus

269 1927 503 1981 semper
532 1910 701 1965 nobis
730 1910 946 1979 aliquid
980 1910 1295 1964 dicendum
1336 1915 1425 1964 est
1468 1908 1826 1979 vulgaribus,
1854 1914 1921 1964 ut

266 2004 467 2054 nostro
490 1999 714 2054 discere
738 1998 967 2053 valeant
996 2014 1266 2053 sermone
1287 1999 1442 2069 quod
1466 1997 1759 2052 celebrare
1779 2015 1915 2052 con-

262 2088 517 2142 tendunt
542 2103 611 2141 ex
637 2103 797 2142 more
829 2106 846 2139 :
870 2088 971 2141 sed
996 2087 1055 2141 in
1080 2086 1188 2141 hac
1229 2087 1541 2141 festivitate
1578 2085 1657 2140 nil
1682 2086 1765 2141 eis
1788 2103 1915 2157 pro-

268 2176 542 2231 nuntiare
573 2192 890 2246 possumus
921 2175 1136 2246 aptius,
1172 2192 1347 2245 quam
1394 2175 1441 2229 si
1475 2174 1657 2230 nostri
1690 2175 1917 2245 patroni

268 2271 436 2338 gesta
467 2265 829 2320 disseramus
862 2266 1046 2319 artius
1094 2265 1278 2335 (1542)
1329 2266 1479 2332 [cod.
1524 2266 1574 2333 1,
1605 2281 1775 2318 manu
1805 2265 1918 2319 fes-

268 2355 437 2423 tam).
474 2354 656 2425 Igitur
687 2352 1066 2408 beatissimus
1098 2353 1401 2420 Eusebius,
1427 2353 1595 2422 cujus
1618 2352 1788 2408 hodie
1812 2353 1919 2407 fes-

267 2447 396 2497 tum
417 2443 684 2509 colimus,
703 2442 981 2497 Sardiniae
1000 2442 1296 2513 provincia
1314 2449 1503 2497 ortum
1520 2443 1919 2513 (1513)cogno-

266 2532 500 2588 vimus:
528 2533 722 2586 Romae
753 2536 945 2586 tamen
985 2531 1141 2585 unda
1174 2531 1548 2602 baptismatis
1566 2530 1745 2595 ablui,
1769 2532 1917 2584 etab

268 2620 397 2692 ipso
417 2636 650 2675 summo
670 2619 942 2692 pontifice
960 2636 1125 2674 sacro
1144 2620 1213 2674 de
1233 2620 1389 2674 fonte
1411 2618 1647 2688 suscipi,
1674 2621 1918 2688 ejusque

270 2725 483 2764 nomen
516 2709 730 2764 meruit
762 2708 1029 2779 adipisci.
1075 2709 1233 2771 Quod
1285 2724 1496 2763 nomen
1546 2708 1692 2763 bene
1718 2707 1919 2762 allusit

270 2798 343 2852 ad
372 2797 620 2868 gratiam
650 2814 663 2863 ;
698 2813 833 2851 nam
868 2797 1001 2868 pius
1033 2796 1142 2851 fuit
1170 2798 1242 2851 ab
1275 2797 1401 2867 ipsa
1428 2796 1672 2851 infantia
1697 2815 1709 2851 ε
1739 2798 1915 2850 Euse-

269 2887 403 2941 bius
425 2886 581 2941 enim
608 2886 730 2955 pius
750 2885 1187 2957 interpretatur,
1222 2885 1376 2939 sicut
1412 2902 1445 2938 a
1486 2884 1697 2940 ϐιηθεὶς.
1737 2884 1917 2939 inter-

269 2974 533 3047 pretibus
563 2973 914 3029 declaratur.
968 2974 1076 3028 Sed
1127 2972 1228 3043 qui
1272 2978 1647 3044 regeneratus
1695 2978 1784 3027 est
1816 2988 1919 3043 per

270 3064 509 3118 beatum
534 3078 744 3134 papam
769 3063 1107 3130 Eusebium,
1132 3060 1378 3115 antistes
1395 3061 1800 3116 ordinatusest
1817 3078 1918 3131 per

2043 486 2335 559 fregit,qui
2353 488 2423 541 ad
2440 486 3050 542 sanctamTrinitatem
3068 486 3687 561 praedicandum(1549)

2041 575 2226 631 libera
2246 592 2380 631 voce
2402 576 2561 630 venit
2587 594 2599 642 ;
2638 582 2692 631 et
2715 576 2813 647 qui
2856 575 3064 631 Filium
3089 577 3187 632 Dei
3228 577 3510 649 aequalem
3536 579 3686 634 Patri

2042 665 2341 719 testificari
2368 680 2481 719 non
2510 665 2737 731 metuit,
2761 666 2887 734 ejus
2920 665 3123 720 Matris
3147 668 3362 735 januas
3394 684 3521 722 sese
3554 686 3689 739 pan-

2043 753 2244 808 dentes
2274 755 2457 823 (1550)
2491 754 2709 808 intrare
2752 754 2980 809 meruit.
3028 754 3252 809 Cedunt
3298 755 3494 810 Ariani
3525 759 3686 812 tanto

2042 858 2249 913 pavore
2274 841 2544 913 perculsi,
2571 847 2743 913 atque
2775 843 2845 897 ad
2874 843 3350 901 crudelissimum
3374 852 3689 916 properant

2042 929 2449 1001 imperatorem
2466 931 2714 985 confusi.
2734 932 2878 985 Nam
2899 932 3272 987 Constantius
3288 933 3445 988 illius
3464 940 3685 1005 tempo—

2042 1020 2120 1073 ris
2156 1021 2471 1090 imperator
2503 1020 2883 1090 perniciosius
2913 1028 3036 1076 erat
3066 1021 3359 1076 catholica:
3394 1023 3680 1094 ﬁdeisup-

2039 1106 2352 1176 plantator,
2379 1114 2435 1162 et
2458 1109 2596 1178 quia
2608 1108 2868 1162 sciebant
2887 1109 3242 1175 hazreticum,
3268 1110 3444 1166 libere
3458 1128 3687 1168 accusa-

2039 1196 2181 1250 bant
2196 1196 2566 1251 catholicum.
2584 1198 2665 1251 Ad
2682 1199 2860 1269 synod
2874 1215 2969 1252 um
2986 1215 3117 1253 mox
3132 1204 3370 1255 cunctos
3384 1201 3685 1272 episcopos

2038 1284 2433 1339 Mediolanum
2495 1290 2773 1340 convocat
2834 1287 3252 1355 fraudulenter,
3316 1293 3378 1342 ut
3417 1295 3683 1345 sanctam

2036 1372 2210 1427 fidem
2244 1374 2326 1428 sic
2357 1374 2689 1445 exstinguat
2722 1374 2969 1429 latenter
2996 1377 3197 1445 (1551).
3231 1378 3315 1431 Ad
3349 1394 3525 1448 quam
3549 1379 3682 1433 bea-

2036 1465 2130 1515 tus
2190 1462 2475 1517 Eusebius
2536 1463 2617 1518 ire
2672 1464 2855 1534 (1552)
2916 1464 3245 1530 distulerat,
3308 1483 3481 1535 quem
3541 1468 3679 1535 quid

2035 1552 2258 1620 agendu
2271 1568 2324 1604 m
2341 1557 2463 1606 erat
2477 1552 2717 1607 minime
2731 1551 2999 1610 latuerat.
3016 1554 3481 1625 Chirographum
3501 1556 3558 1610 in
3574 1573 3681 1610 sua

2035 1639 2145 1693 ﬁde
2172 1640 2243 1694 ab
2268 1640 2555 1695 haereticis
2584 1642 2799 1696 factum
2850 1642 3163 1713 imperator
3205 1642 3502 1709 laudabat,
3525 1645 3679 1715 quod

2035 1727 2246 1782 Filium
2271 1729 2557 1784 minorem
2582 1730 2734 1784 Patri
2757 1730 2939 1800 (1553)
2963 1747 3064 1801 per
3084 1731 3281 1785 omnia
3302 1732 3676 1801 praedicabat.
3706 1744 3711 1751 ‘

2031 1819 2242 1871 Contra
2302 1820 2455 1889 quod
2513 1818 2783 1872 catholici
2856 1819 3044 1889 prima
3118 1821 3305 1875 fronte
3364 1823 3676 1877 contende-

2029 1911 2166 1959 runt
2196 1908 2399 1976 (1554),
2436 1907 2750 1962 novissime
2778 1913 2972 1962 autem
3021 1908 3311 1979 perterriti
3342 1926 3545 1965 omnes
3577 1912 3673 1980 qui

2029 1994 2099 2048 ad
2109 1996 2337 2049 fuerant
2352 1996 2849 2067 subscripserunt.
2872 1997 3032 2062 Quod
3048 2013 3180 2050 cum
3195 1998 3305 2051 aud
3318 1998 3459 2054 isset
3471 2000 3676 2054 beatus

2029 2084 2341 2147 Eusebius,
2360 2084 2778 2140 inenarrabiles
2798 2086 2969 2140 corde
2989 2086 3245 2157 profudit
3260 2088 3535 2158 gemitus.
3555 2088 3670 2143 Nec

2029 2189 2090 2227 se
2142 2174 2267 2242 jam
2329 2174 2517 2243 potuit
2574 2175 2892 2240 continere,
2950 2175 3090 2245 quin
3148 2177 3219 2229 ad
3281 2182 3668 2232 memoratum

2027 2260 2343 2332 iret(1555)
2387 2262 2696 2317 concilium
2758 2280 2861 2333 pro
2924 2263 3035 2317 ﬁde
3086 2265 3433 2320 contendere
3468 2266 3666 2337 (1556).

2028 2350 2221 2405 Sancti
2256 2351 2535 2421 evangelii
2589 2354 2774 2421 (1557)
2824 2352 3000 2407 chara
3047 2354 3358 2423 deportans
3407 2354 3671 2425 pignora,

2029 2440 2279 2494 festinus
2310 2441 2378 2495 ad
2410 2441 2626 2495 flumen
2672 2458 2805 2495 mox
2845 2442 3105 2511 pervenit
3142 2442 3427 2497 Siccidam
3450 2444 3631 2514 (1558)
3659 2460 3670 2498 :

2030 2528 2193 2583 navis
2218 2530 2425 2597 (1559),
2454 2544 2555 2600 per
2590 2546 2765 2599 quam
2788 2530 3025 2583 transiri
3068 2531 3249 2600 (1500)
3272 2537 3671 2600 consueverat,

2029 2618 2099 2671 ad
2124 2618 2310 2688 ripam
2332 2622 2467 2672 tunc
2487 2619 2825 2673 morabatur
2846 2618 3085 2673 alteram
3111 2636 3321 2690 ;quam
3345 2624 3408 2674 ut
3428 2620 3671 2688 vocavit,

2029 2705 2151 2761 sola
2183 2707 2253 2760 ad
2282 2722 2417 2761 eum
2447 2711 2699 2771 venerat,
2749 2711 3089 2777 susceptum
3143 2709 3363 2763 undam
3396 2712 3452 2763 et
3480 2714 3673 2764 trans-

2026 2794 2177 2849 vexit
2195 2794 2467 2851 validam.
2488 2795 2623 2849 Inde
2637 2811 2984 2865 progressus
2998 2797 3067 2850 ad
3083 2796 3284 2851 urbem
3302 2797 3673 2869 metropolim

2026 2884 2320 2953 ingentem
2370 2883 2593 2937 luctum
2646 2883 2867 2953 planxit
2916 2900 3050 2938 cum
3107 2884 3425 2939 catholicis.
3476 2887 3672 2942 Exter-

2027 2970 2625 3043 gens(1561)luctum,
2640 2971 2871 3027 locutus
2885 2972 3377 3041 estprudentiam,
3393 2974 3670 3029 fratribus

2027 3060 2252 3115 cunctis
2285 3060 2444 3114 dedit
2475 3060 2924 3131 indulgentiam,
2969 3061 3016 3115 si
3067 3062 3195 3131 ejus
3227 3061 3435 3117 deinde
3465 3079 3671 3133 seque-

270 3154 399 3223 ejus
411 3167 817 3207 successorum
836 3149 1057 3205 Julium
1076 3150 1367 3219 (1544).Εο
1389 3166 1620 3221 quoque
1634 3155 1916 3221 tempore,
1950 3136 1991 3202 C
2032 3154 2235 3203 rentur
2258 3149 2520 3220 vestigia.
2548 3151 2867 3220 Imperator
2890 3166 3023 3205 eum
3046 3150 3373 3221 suscipiens
3396 3168 3670 3223 magnam

269 3240 656 3295 Vercellensis
687 3238 887 3294 civitas
922 3254 1138 3310 magna
1184 3238 1365 3293 totius
1414 3238 1591 3293 Italia:
1619 3254 1765 3309 pene
1795 3242 1917 3293 erat

270 3328 661 3384 haeresiarcha
684 3327 888 3397 (1545).
915 3327 1000 3381 Ad
1040 3326 1189 3381 hanc
1224 3326 1462 3397 quidem
1485 3326 1811 3381 destinatus
1833 3330 1921 3381 est

269 3417 581 3483 Eusebius,
614 3415 713 3486 qui
747 3416 880 3486 ﬁde,
929 3416 1123 3483 verbo,
1158 3420 1213 3470 et
1260 3431 1431 3486 opere
1474 3414 1701 3469 cunctis
1732 3415 1921 3468 fuerat

271 3505 571 3578 prieditus.
605 3504 769 3559 Hunc
810 3504 1083 3559 frendens
1132 3503 1323 3558 contio
1355 3505 1536 3575 (1546)
1570 3503 1916 3557 Arianorum

275 3595 421 3651 adeo
452 3593 790 3664 spernebat,
823 3608 995 3664 quem
1048 3608 1194 3647 vera:
1245 3593 1375 3647 ﬁdei
1411 3596 1760 3648 assertorem
1792 3608 1919 3647 esse

273 3682 565 3738 cernebat.
629 3683 697 3736 Et
751 3681 890 3751 quia
949 3697 1062 3735 non
1123 3681 1449 3736 timuerunt
1514 3681 1919 3752 blasphemare

273 3771 743 3842 Redemptorem,
808 3769 937 3825 ausi
988 3774 1129 3824 sunt
1192 3771 1369 3824 etiam
1420 3772 1672 3826 refutare
1723 3774 1918 3841 pasto-

273 3875 394 3915 rem
425 3858 633 3931 (1547).
657 3856 1028 3913 Concludunt
1047 3875 1109 3912 se
1149 3858 1327 3913 beata:
1366 3858 1463 3913 Dei
1502 3858 1804 3929 genitricis
1826 3874 1917 3912 ec-

274 3948 460 4003 clesiae
499 3946 725 4017 januis,
777 3962 952 4016 quam
1002 3946 1107 4017 piae
1152 3947 1447 4001 memoria:
1499 3946 1918 4001 Constantinus

274 4039 531 4092 erexerat
551 4052 585 4089 a
606 4034 1033 4090 fundamentis:
1052 4034 1315 4090 vectibus
1336 4040 1393 4090 et
1413 4034 1559 4090 seris
1577 4034 1920 4089 munierunt

273 4124 521 4193 aditum,
549 4126 615 4177 ut
632 4122 722 4178 vel
746 4123 831 4178 sic
852 4122 1103 4192 pastoris
1132 4122 1475 4194 repellerent
1493 4123 1677 4193 (1548)
1700 4124 1917 4177 adven-

340 4300 526 4372 (1541)
556 4301 723 4355 Hunc
769 4316 1101 4355 sermonem
1149 4300 1350 4372 edidit,
1379 4301 1643 4356 Mansius
1691 4317 1761 4355 ex
1785 4302 1913 4356 cod.

270 4376 425 4437 Vat.,
457 4388 553 4427 an.
587 4373 746 4440 1761,
771 4372 1163 4443 eumdemque
1180 4375 1244 4425 ut
1264 4371 1453 4427 adhuc
1477 4373 1760 4427 ineditum
1784 4389 1915 4443 pro-

270 4444 407 4499 tulit
430 4443 739 4499 Burontius
762 4444 819 4498 in
839 4460 945 4498 sua
964 4442 1217 4498 editione
1233 4443 1367 4496 anni
1396 4444 1549 4498 1768.
1571 4446 1915 4497 Burontium

2027 3238 2195 3292 ﬁnxit
2215 3237 2630 3305 humilitatem,
2656 3244 2719 3292 ut
2742 3239 2872 3308 ejus
2891 3239 2960 3293 ad
2981 3238 3350 3310 sacrilegium
3373 3239 3564 3296 taliter
3581 3257 3669 3297 se-

2029 3326 2645 3381 duceretsanctitatem
2676 3327 3672 3401 (1562).dicens:Subscribe(1563),

2029 3414 2227 3480 frater,
2252 3417 2405 3485 quod
2431 3416 2929 3486 subscripsimus;
2969 3417 3249 3471 confirma
3270 3420 3355 3483 tu,
3378 3419 3532 3488 quod
3566 3436 3673 3475 nos

2029 3519 2120 3557 om
2131 3504 2403 3573 nesjamd
2413 3505 2592 3557 udum
2608 3504 3070 3559 firmavimus.At
3082 3506 3672 3578 prudensPater(1564

2029 3608 2091 3646 se
2120 3592 2228 3646 hoc
2252 3592 2437 3647 facere
2474 3593 2801 3647 detestabat
2826 3612 2837 3648 :
2878 3595 3091 3664 quippe
3119 3594 3372 3665 priorem
3397 3596 3673 3652 omnibus

2028 3680 2399 3751 chirographi
2432 3681 2814 3752 inscriptione
2847 3699 2908 3737 se
2951 3699 3278 3754 supponere
3308 3685 3668 3756 denegabat:

2029 3770 2172 3825 illud
2232 3771 2551 3837 destruere,
2608 3778 2665 3824 et
2716 3771 2873 3825 aliud
2936 3773 3055 3826 fieri
3114 3772 3670 3845 proclamat(1565),

2028 3859 2086 3912 in
2122 3875 2237 3928 quo
2269 3874 2330 3912 se
2356 3857 2514 3929 prior
2544 3858 2911 3912 subscribere
2948 3860 3073 3927 jam
3105 3858 3310 3914 valeat.
3348 3862 3443 3915 Sic
3474 3862 3670 3918 divino

2028 3952 2174 4002 nutu
2198 3952 2511 4018 tyrannum
2536 3946 2807 4001 deludere
2827 3948 3036 4017 potuit,
3059 3964 3232 4016 quem
3254 3947 3461 4003 callide
3483 3952 3673 4019 tyran-

2028 4052 2141 4089 nus
2170 4035 2435 4105 decipere
2464 4032 2665 4088 voluit.
2697 4033 2811 4089 Nec
2865 4050 3061 4089 mora:
3098 4035 3292 4105 ipsum
3323 4052 3669 4092 concessum

2026 4129 2115 4179 est
2135 4122 2403 4190 cremari,
2427 4128 2485 4177 et
2522 4122 2681 4177 aliud
2719 4124 2957 4193 jussum
2980 4128 3069 4179 est
3102 4124 3285 4194 (1566)
3307 4123 3499 4179 simile
3522 4142 3670 4196 prae-

2124 4302 2279 4356 1552)
2309 4304 2381 4355 M.
2412 4302 2489 4354 sic
2520 4316 2622 4356 pro
2654 4301 2754 4356 ire.

2124 4302 2259 4355 1552
2309 4304 2381 4355 M.
2412 4302 2489 4354 sic
2560 4316 2622 4354 ro
2654 4302 2754 4356 ire.

2098 4302 2280 4442 (155.3%
2314 4372 2406 4427 Sic
2437 4316 2573 4426 eligi
2607 4371 2865 4442 loquitur
2893 4374 3023 4426 Atto
3048 4377 3140 4427 At.
3174 4375 3247 4426 Μ.
3278 4373 3463 4427 Patre.

2098 4445 2281 4514 (1554)
2314 4442 2628 4513 Sequentia
2650 4442 2872 4513 aliquot
2893 4444 3086 4509 verba,
3114 4460 3239 4512 qua":
3264 4444 3319 4497 in
3343 4446 3551 4499 lacuna
3572 4462 3666 4500 co-

272 4532 413 4598 sane
438 4514 739 4598 ignorasse
754 4514 969 4595 .Mansii
995 4531 1166 4598 cur-as
1190 4515 1259 4595 ad
1282 4516 1573 4598 Att‘onem,
1602 4521 1828 4598 con-stat
1850 4532 1917 4568 ex
1947 4503 1993 4567 Ι)
2025 4503 2169 4569 dicis
2189 4503 2320 4569 Vat.
2339 4503 2732 4598 perierant,ex
2751 4503 3477 4598 Burontiieditionesumo,
3498 4518 3669 4598 cujus

270 4586 431 4641 illius
456 4587 726 4652 editione,
752 4586 808 4639 in
834 4602 949 4656 qua
970 4602 1038 4639 ex
1062 4586 1283 4640 Mansio
1307 4586 1453 4639 nihil
1484 4587 1759 4655 protulit:
1788 4594 1913 4639 tum

269 4675 405 4712 vero
436 4657 561 4728 ipse
589 4659 900 4713 Burontius
956 4675 1009 4727 p.
1063 4674 1191 4720 xxv,
1245 4657 1401 4711 hunc
1450 4659 1520 4711 de
1570 4658 1626 4711 S.
1671 4658 1915 4711 Eusebio

272 4745 602 4786 sermonem
653 4728 999 4783 nominatim
1044 4728 1185 4781 dicit
1232 4730 1362 4798 (etsi
1412 4728 1913 4797 falso)ineditum.

346 4802 528 4873 (1542)
560 4800 820 4873 Mansius
860 4799 1062 4873 vitiose
1093 4800 1312 4854 rectius.

344 4870 528 4939 (1543)
565 4874 647 4925 lta
678 4872 802 4925 cod.
840 4875 897 4924 at
928 4870 1000 4923 M.
1032 4878 1241 4923 natum.

346 4941 528 5013 (1544)
560 4943 634 4997 M.
668 4941 983 4996 inﬁdeliter
1012 4946 1267 4994 sanctum
1296 4941 1523 5013 Julium.

343 5011 528 5081 (1545)
560 5013 638 5067 Μ.
662 5014 862 5069 Ιιῶννεδί
880 5014 1047 5077 victa,
1078 5017 1279 5066 contra
1299 5012 1513 5066 codicis
1542 5011 1913 5081 scripturam.

369 5085 526 5165 1:249
668 5100 969 5165 reiectam
998 5087 1180 5137 εωεαε·

370 5155 527 5225 1547)
557 5155 634 5210 Μ.
668 5155 979 5211 infideliter
1001 5170 1329 5225 praeconem.

370 5165 503 5210 1547
558 5165 634 5210 Μ.
668 5165 979 5211 infideliter
1001 5170 1329 5225 praeconem.

369 5165 527 5299 1548)
558 5228 816 5283 Mansius
864 5242 1133 5298 perverso
1185 5224 1388 5281 ordine
1438 5224 1765 5295 repellerent
1812 5241 1917 5296 pa-

267 5302 450 5355 storis.

346 5369 531 5440 (1549)
561 5368 638 5440 M.
666 5367 1097 5440 praedicandam.

380 5441 534 5508 1550)
564 5438 754 5493 Codex
783 5454 915 5491 cum
950 5439 1025 5491 M.
1056 5438 1441 5508 pandentibus.

380 5441 513 5492 1550
564 5441 754 5493 Codex
783 5454 915 5491 cum
950 5441 1025 5491 M.
1056 5441 1441 5508 pandentibus.

349 5441 534 5583 (1551)
566 5511 733 5565 Fcede
764 5509 839 5565 Μ.
870 5516 929 5562 ut
956 5512 1143 5565 sancti
1169 5510 1355 5563 Patris
1383 5511 1461 5564 sic
1492 5512 1807 5581 exstinguat
1838 5511 1917 5564 la-

272 5584 460 5642 lentis.

2024 4593 2350 4658 tamenrego
2374 4587 2430 4639 in
2472 4585 2873 4658 hocsermone
2896 4585 3204 4658 varietates
3243 4586 3497 4657 neglige,
3532 4585 3668 4658 quia

2025 4656 2447 4712 Vercellensem
2479 4656 2735 4710 codicem
2769 4656 2965 4725 procul
3000 4657 3202 4710 habeo.

2097 4731 2280 4798 (1555)
2316 4729 2388 4781 M.
2426 4727 2712 4797 ﬂagitiose
2743 4728 2811 4779 ad
2844 4730 3165 4781 memoriam
3208 4737 3495 4784 revocaret.

2096 4802 2277 4867 (1556)
2312 4800 2386 4852 M.
2420 4799 2785 4852 contenderet.

2098 4872 2278 4940 (1557)
2308 4869 2573 4939 Intelligo
2622 4870 2910 4941 famosum
2972 4869 3415 4941 Evangeliorum
3475 4870 3665 4925 adhuc

2026 4939 2428 4997 conservatum
2461 4939 2736 4993 Vercellis
2768 4940 3041 4995 codicem.

2097 5014 2279 5083 (1558)
2312 5013 2387 5067 M.
2421 5012 2676 5079 Sicidem,
2709 5016 2766 5066 et
2794 5012 2945 5067 male
2976 5018 3107 5067 ante
3140 5011 3522 5083 interpungit.

2098 5086 2280 5155 (1559)
2310 5084 2386 5138 Μ.
2427 5084 2709 5151 navisque.

2098 5157 2282 5226 (1560)
2315 5159 2387 5209 M.
2419 5156 2678 5208 tramire.

2098 5227 2281 5353 (
2308 5228 2382 5281 M.
2417 5227 2792 5328 exstz'nguens.

2155 5334 2164 5349 .
2206 5318 2257 5350 λ.
2312 5299 2387 5351 Μ.
2421 5302 2785 5352 secuntatem.

2124 5299 2279 5352 1562)
2312 5299 2387 5351 Μ.
2421 5300 2785 5352 securitatem.

2098 5354 2280 5439 (1563)
2310 5370 2383 5423 M.
2414 5370 2604 5423 scribe.

2099 5442 2280 5511 (1564)
2312 5440 2386 5494 Μ.
2421 5455 2721 5511 perperam
2752 5440 2947 5511 frater,

2098 5506 2281 5580 (1565)
2318 5506 2579 5566 Mansius
2622 5506 3035 5580 pm’clamabat.

2100 5523 2261 5580 (156:)
2318 5523 2579 5566 Mansxus
2622 5523 3035 5577 pra’ctamaaat.

2100 5523 2282 5655 (1566l
2315 5584 2389 5639 M.
2428 5581 2680 5655 pessime
2707 5596 2815 5634 non
2844 5579 2963 5648 ejus
2995 5593 3098 5649 pro
3118 5579 3337 5648 jussum
3365 5584 3462 5632 est.

2264 5158 2282 5367 ἒ
