4044 6180
363 293 484 358 855

371 515 868 593 quemadmodum
899 517 1106 574 beatus
1137 519 1454 574 dictaverat
1484 519 1788 575 Eusebius.
1824 521 1886 574 In
1909 519 2017 574 hoc

371 605 642 664 catholici
663 611 1086 662 consenserunt
1110 625 1122 663 :
1155 625 1270 664 uno
1293 624 1495 664 omnes
1519 609 1713 664 animo
1733 613 1862 680 post
1882 626 2016 664 eum

371 695 1032 768 subscripserunt.Hanc
1048 697 1220 752 ﬁdem
1239 697 2017 770 promiseruntcontendere,

368 785 520 841 hanc
549 801 653 856 pro
686 784 818 856 ipsa
848 785 1052 840 mortis
1085 785 1303 856 injuria
1333 787 1574 858 polliciti
1603 791 1741 842 sunt
1771 803 1886 842 non
1917 803 2015 841 ne-

370 890 526 948 gare.
560 873 778 930 Videns
809 873 1126 945 imperator
1173 875 1384 930 horum
1429 893 1543 931 non
1577 893 1747 948 posse
1779 875 2017 930 dissolvi

373 963 789 1031 constantiam,
815 979 1049 1018 omnem
1073 963 1189 1019 fere
1213 964 1271 1018 in
1297 965 1526 1020 beatum
1551 965 1866 1020 Eusebium
1889 981 2019 1018 con-

369 1052 541 1110 torsit
571 1053 753 1124 (1568)
784 1052 1097 1108 insaniam.
1153 1055 1317 1108 Tunc
1364 1054 1524 1110 vario
1576 1055 1760 1126 (1569)
1793 1054 2020 1109 censuit

373 1158 509 1198 eum
540 1141 720 1214 afﬂigi
770 1141 1027 1213 periculo
1074 1142 1256 1214 (1570)
1307 1142 1547 1213 insuper
1588 1144 1824 1198 tandem
1851 1143 2019 1214 jubet

372 1231 547 1303 longo
569 1231 863 1302 deportari
887 1230 1090 1287 exsilio
1115 1249 1128 1286 :
1159 1248 1418 1286 carceres
1441 1237 1496 1286 et
1528 1234 1837 1303 compedes
1860 1249 2015 1287 acer-

372 1320 478 1376 bas
498 1319 686 1392 (1571)
709 1319 972 1390 pertulit,
996 1321 1148 1375 fame
1187 1325 1243 1375 et
1263 1320 1359 1376 siti
1387 1320 1558 1392 longo
1583 1325 1840 1392 tempore
1862 1321 2019 1376 labo-

373 1408 521 1465 ravit
549 1427 561 1473 ;
597 1409 783 1481 signis
815 1413 873 1464 et
899 1407 1218 1465 virtutibus
1263 1408 1478 1464 ibidem
1534 1409 1857 1465 declaratus
1889 1414 2012 1476 est;

375 1497 653 1570 angelicis
683 1497 1182 1553 consolationibus
1213 1515 1364 1569 saepe
1388 1499 1750 1554 confortatus
1772 1505 1876 1554 est.
1903 1499 2018 1556 Nec

375 1585 434 1640 in
458 1586 638 1642 tantis
659 1586 833 1640 etiam
854 1585 1036 1657 (1572)
1061 1586 1381 1641 contitutus
1403 1586 1696 1658 periculis,
1721 1587 1810 1641 sui
1833 1588 2018 1642 bonus

375 1677 576 1745 pastor
598 1673 908 1729 immemor
929 1675 1114 1728 factus
1136 1680 1227 1729 est
1247 1675 1438 1746 gregis
1462 1695 1476 1744 ;
1497 1692 1632 1730 nam
1655 1675 1861 1730 litteris
1883 1693 2016 1730 eum

376 1763 448 1818 de
473 1761 811 1832 longinquis
845 1764 1113 1834 partibus
1135 1764 1424 1819 instanter
1443 1764 1735 1834 visitabat,
1757 1768 1810 1818 et
1831 1765 1901 1820 de
1922 1781 2017 1819 ca-

373 1850 602 1907 tholicae
620 1850 753 1906 ﬁdei
777 1852 1436 1924 perseverantiajugiter
1451 1853 1880 1909 corroborabat.
1906 1854 2018 1909 Sed

369 1941 622 2012 jamjam
653 1957 800 2012 pene
829 1941 1109 1996 cedebant
1138 1940 1407 1996 catholici
1433 1959 1446 2007 ;
1483 1958 1618 1996 nam
1651 1942 1749 1996 diu
1774 1959 1872 1998 eos
1893 1959 2016 2013 per-

379 2029 777 2102 sequebantur
831 2029 1103 2085 haeretici.
1163 2029 1424 2085 Tandem
1503 2031 1778 2087 misertus
1836 2032 2019 2104 (1573)

379 2117 669 2174 Dominus
695 2126 1006 2192 tyrannum
1029 2118 1306 2174 exstinxit
1327 2119 1686 2191 improbum,
1712 2125 1768 2175 et
1783 2121 2018 2176 beatum

379 2207 700 2262 Eusebium
758 2207 950 2263 solum
1006 2208 1237 2263 reduxit
1293 2209 1365 2263 ad
1427 2209 1748 2281 proprium.
1809 2209 1870 2264 In
1904 2227 2018 2281 quo

379 2294 464 2350 illi
491 2295 678 2368 (1574)
699 2295 907 2351 itinere
929 2297 1185 2352 ostendit
1219 2297 1530 2363 visionem,
1573 2299 1728 2354 unde
1767 2299 1858 2354 sui
1892 2316 2016 2354 cor-

377 2384 536 2456 poris
567 2390 941 2457 cognosceret
979 2384 1420 2443 resolutionem.
1469 2389 1531 2442 In
1561 2388 1771 2443 vertice
1801 2387 2017 2443 montis

373 2490 478 2546 per
506 2473 698 2530 visum
743 2490 804 2530 se
835 2479 990 2530 stare
1019 2476 1284 2547 putabat,
1325 2480 1382 2531 et
1410 2475 1584 2531 altius
1616 2477 1686 2531 ad
1721 2477 2016 2548 quoddam

370 2563 654 2634 palatium
685 2563 805 2619 sole
832 2563 1168 2634 praeclarius
1213 2565 1421 2636 pennis
1468 2565 1694 2620 evolare
1723 2566 2012 2620 credebat.

371 2651 658 2707 Intellexit
715 2647 986 2706 illico’se
1038 2653 1108 2707 de
1163 2654 1466 2724 praesentis
1525 2655 1707 2725 (1575)
1745 2655 1870 2708 vitae
1901 2654 2015 2710 alta

372 2739 812 2795 conversatione
835 2742 906 2794 ad
939 2742 1162 2794 aeterna:
1185 2740 1380 2812 glorias
1410 2759 1789 2797 escensurum
1815 2759 2013 2798 remu-

369 2827 751 2884 nerationem.
769 2829 997 2884 Interea
1007 2827 1296 2885 Vercellas
1310 2831 1560 2901 rediens,
1577 2848 1786 2904 magno
1800 2832 2013 2904 gaudio

368 2933 402 2972 a
431 2915 554 2971 suis
584 2920 643 2972 et
675 2933 910 2972 summo
939 2923 1205 2990 receptus
1237 2923 1328 2974 est
1356 2918 1594 2990 honore,
1617 2920 1820 2992 eisque
1837 2922 2010 2976 ﬁdem

369 3004 583 3060 Christi
609 3007 901 3062 constanti
931 3007 1288 3079 przedicabat
1312 3025 1615 3065 sermone:
1651 3026 1711 3065 se
1735 3027 1867 3065 mox
1893 3011 2010 3065 mi-

367 3097 674 3167 graturum
707 3095 778 3150 de
809 3095 1021 3151 saeculo
1051 3097 1366 3165 asserebat,
1413 3097 1543 3154 illos
1576 3098 1758 3153 multa
1788 3104 1916 3170 post
1948 3117 2008 3155 se

1391 295 1730 359 ATTONIS
1773 293 2352 359 VERCELLENSIS
2396 296 2749 360 EPISCOPI

370 427 585 504 parari,
622 426 771 499 quod
797 423 995 482 taliter
1024 426 1414 501 compositum
1446 431 1629 502 (1567)
1659 434 1747 486 est
1777 429 2012 502 penitus
2041 431 2094 496 Α

3659 290 3788 354 856

2720 429 2961 486 SERMO
3003 429 3174 485 XVII.

2128 536 2180 572 ΙΝ
2219 535 2620 575 ASSUMPTIONE
2659 537 2849 575 BEATE
2888 537 2974 574 DEI
3023 534 3342 574 GENITRICIS
3380 533 3620 573 SBMPER
3657 534 3794 572 VIR-

2747 608 2900 647 GINIS
2939 608 3147 646 MARIAE.

2195 699 2672 770 Assumptionem
2714 697 2978 770 gloriosae
3021 697 3210 752 Maria:
3261 713 3492 768 semper
3518 696 3796 769 Virginis

2127 786 2298 842 hodie
2327 788 2710 856 celebramus,
2744 804 2920 858 quam
2953 788 3012 840 in
3045 786 3262 842 caelesti
3291 787 3502 841 throno
3535 785 3794 841 colloca—

2127 881 2246 930 tam
2279 877 2501 932 devotis
2533 877 2832 932 mentibus
2867 877 3050 948 (1578)
3099 877 3430 931 adoramus.
3465 876 3626 930 Nam
3661 875 3791 946 ipso

2127 964 2282 1019 Deus
2314 969 2370 1019 et
2401 965 2707 1032 Dominus,
2732 965 2904 1035 cujus
2927 981 3056 1020 eam
3079 966 3264 1036 (1579)
3303 964 3670 1019 Genitricem
3697 981 3795 1018 co-

2127 1051 2305 1108 limus
2329 1054 2408 1108 ait
2431 1054 2488 1108 in
2514 1052 2819 1125 Evangelio
2846 1070 2857 1106 :
2883 1053 2946 1108 Si
2965 1055 3086 1125 quis
3107 1053 3249 1108 mihi
3267 1055 3552 1108 ministrat
3577 1055 3796 1122 (15:30,,

2127 1158 2212 1196 me
2240 1151 2500 1212 sequatur
2523 1161 2545 1208 ;
2573 1145 2624 1196 et
2647 1142 2744 1196 ubi
2773 1157 2894 1195 sum
2936 1159 3050 1212 ego,
3085 1143 3208 1197 illic
3238 1147 3288 1197 et
3335 1143 3612 1197 minister
3641 1159 3800 1198 meus

2133 1231 2237 1284 erit
2268 1233 2443 1300 (Joan.
2476 1249 2576 1300 x11,
2634 1233 2748 1299 26).
2813 1230 2927 1285 ΡΜ)
2987 1230 3215 1286 cunctis
3244 1231 3400 1286 enim
3432 1232 3800 1287 mortalibus

2137 1324 2341 1374 sancta
2371 1320 2472 1374 Dei
2504 1320 2766 1375 Genitrix
2812 1320 3038 1376 Christo
3091 1319 3332 1376 Domino
3383 1321 3794 1386 ministravit;

2125 1425 2300 1478 quem
2333 1410 2475 1464 adeo
2507 1413 2594 1464 est
2623 1413 2844 1476 secuta,
2873 1414 2938 1464 ut
2970 1426 3104 1464 cum
3125 1409 3396 1465 tristante
3421 1409 3796 1476 tristaretur,

2127 1512 2260 1551 cum
2291 1497 2548 1567 patiente
2574 1502 2868 1569 pateretur
2891 1516 2902 1554 :
2931 1498 3000 1554 de
3025 1499 3192 1568 cujus
3215 1503 3408 1554 tamen
3431 1499 3726 1570 passione
3743 1500 3794 1554 ei

2125 1585 2466 1656 praedictum
2509 1591 2596 1640 est
2621 1604 2632 1641 :
2667 1588 2732 1640 Et
2762 1594 2913 1640 tuam
2943 1589 3118 1658 ipsius
3147 1589 3394 1642 animum
3418 1589 3798 1659 pet-transibit

2124 1675 2349 1744 gladius
2402 1677 2546 1745 (Luc.
2583 1693 2644 1742 Π,
2676 1675 2789 1746 25).
2812 1675 2959 1731 Vere
2989 1692 3125 1748 ergo
3165 1693 3299 1730 cum
3331 1676 3460 1748 ipso
3493 1683 3708 1732 manet
3737 1678 3794 1731 in

2051 1797 2097 1860 B
2133 1762 2314 1830 cmlis,
2351 1764 2444 1818 cui
2477 1764 2680 1819 sedulo
2717 1765 2950 1820 servivit
2981 1764 3040 1818 in
3073 1765 3264 1820 terris.
3298 1765 3442 1820 Item
3477 1766 3800 1836 discipulis

2137 1852 2262 1907 suis
2291 1852 2418 1923 ipse
2451 1853 2588 1908 alibi
2623 1855 2704 1908 ait
2732 1873 2744 1910 :
2795 1857 2858 1909 In
2889 1854 2985 1910 illo
3033 1853 3121 1909 die
3165 1857 3494 1925 cognoscetis
3529 1856 3670 1925 quia
3699 1872 3794 1924 ego

2128 1956 2252 1994 sum
2283 1942 2343 1994 in
2371 1947 2538 2004 Patre
2561 1959 2699 2008 meo,
2731 1946 2783 1998 et
2807 1959 2894 1998 vos
2925 1945 2986 1997 in
3015 1960 3123 2009 me,
3155 1953 3206 1999 et
3225 1959 3318 2014 ego
3339 1944 3399 1998 in
3417 1944 3574 1998 vobis
3601 1945 3790 2014 (Joan.

2127 2046 2246 2096 x1v,
2275 2031 2388 2098 20).
2445 2033 2620 2086 Item:
2684 2031 2835 2088 Sicut
2895 2048 2996 2104 ego
3054 2038 3106 2088 et
3161 2034 3327 2088 Pater
3383 2049 3568 2087 unum
3595 2051 3794 2088 sumus

2129 2120 2306 2187 (Joan.
2338 2137 2394 2189 x,
2427 2121 2542 2188 30),
2573 2122 2657 2177 sic
2685 2137 2788 2177 vos
2819 2121 3004 2192 (1581)
3053 2125 3110 2176 et
3157 2137 3261 2192 ego
3293 2139 3482 2176 unum
3517 2124 3794 2178 manebi-

2129 2223 2299 2274 mus;
2335 2207 2490 2278 quod
2523 2208 2678 2262 enim
2711 2207 2793 2263 ait
2823 2207 3127 2279 apostolis,
3161 2207 3270 2263 hoc
3293 2209 3684 2263 sentiendum
3707 2215 3796 2264 est

2127 2298 2183 2349 et
2212 2295 2282 2350 de
2314 2295 2536 2350 caeteris
2560 2297 2762 2368 justis.
2798 2296 2944 2362 Quid
2976 2311 3111 2367 ergo
3141 2297 3359 2350 mirum
3387 2297 3488 2367 qui
3515 2297 3714 2367 (1883)
3737 2299 3796 2352 in

2126 2399 2191 2438 eo
2215 2387 2372 2450 sunt,
2407 2383 2457 2438 si
2479 2383 2538 2438 in
2561 2384 2722 2439 caelis
2747 2383 3079 2440 consistunt
3099 2383 3127 2438 ?
3149 2386 3264 2438 Aut
3284 2384 3421 2455 quid
3447 2385 3634 2439 etiam
3661 2401 3798 2440 ma-

2124 2487 2330 2542 gnum,
2366 2472 2414 2527 si
2445 2473 2617 2528 beata
2647 2473 2830 2528 Maria
2887 2472 3136 2528 caelestis
3193 2490 3321 2528 esse
3368 2474 3612 2538 meruit,
3649 2491 3792 2530 cum

2124 2561 2328 2616 beatus
2361 2561 2675 2631 Apostolus
2709 2563 2779 2618 de
2799 2561 3278 2632 omnibusjustis
3299 2561 3554 2617 dixerit:
3585 2565 3796 2634 Qualis

2121 2648 2359 2704 caelestis
2389 2649 2590 2720 (1583),
2645 2650 2787 2707 tales
2839 2659 2890 2706 et
2943 2651 3179 2706 caelestes
3207 2655 3232 2705 Ρ
3281 2652 3326 2722 (ι
3357 2651 3481 2706 Cor.
3533 2669 3630 2718 xv,
3665 2653 3790 2724 48.)

2121 2737 2384 2792 Coelestis
2416 2739 2571 2793 enim
2607 2738 2874 2795 Christus
2925 2745 3032 2806 est,
3085 2739 3188 2812 qui
3237 2741 3307 2794 de
3347 2739 3492 2796 ccelo
3525 2741 3782 2796 descen-

2122 2826 2226 2894 dit,
2287 2842 2460 2897 quem
2520 2828 2696 2882 etiam
2755 2828 3036 2884 imitando
3100 2829 3283 2900 (1584)
3339 2829 3470 2900 ejus
3529 2831 3784 2901 partici-

2121 2914 2356 2985 patione
2399 2916 2588 2972 caeteri
2620 2933 2851 2987 quoque
2878 2917 3020 2988 justi
3073 2916 3336 2975 cmlestes
3385 2935 3512 2974 esse
3545 2935 3784 2974 meren-

2120 3007 2217 3058 tur
2242 3004 2448 3076 (1585).
2472 3005 2586 3060 Nec
2610 3005 2876 3061 videatur
2914 3006 3272 3062 contrarium
3297 3007 3452 3078 quod
3485 3008 3782 3062 Dominus

2123 3093 2206 3148 ait
2234 3092 2294 3146 in
2324 3093 2668 3166 Evangelio:
2703 3099 2878 3151 Nemo
2909 3095 3152 3150 ascendit
3181 3097 3242 3148 in
3285 3096 3500 3160 emtum,
3533 3098 3650 3150 nisi
3681 3097 3784 3168 qui

369 3160 649 3254 passuros
673 3188 730 3239 et
749 3183 1303 3257 (1576)przedicebat
1331 3160 1657 3258 :lpatienter
1675 3160 1870 3243 tam-en
1889 3188 2012 3245 haec
2045 3160 2087 3226 C
2124 3182 2188 3237 dc
2218 3183 2349 3237 crelo
2379 3160 2656 3238 descendit
2686 3183 2844 3252 ﬁlius
2871 3185 3110 3240 hominis
3141 3185 3316 3256 (Joan.
3354 3202 3438 3254 III,
3473 3186 3584 3256 13).
3619 3160 3784 3242 Deus

367 3271 673 3328 toleranda
689 3275 984 3342 monebat,
1013 3291 1252 3346 suaeque
1275 3276 1612 3332 constantiae
1636 3282 1693 3332 et
1719 3278 2010 3350 passionis

364 3359 628 3433 exempla
659 3363 1038 3434 proponebat,
1072 3367 1127 3418 et
1157 3364 1400 3436 insuper
1419 3371 1645 3421 aeternae
1668 3382 2010 3422 remunera-

363 3449 543 3505 tionis
564 3450 777 3521 gaudia
800 3451 1195 3522 promittebat.
1219 3453 1333 3508 Nec
1365 3454 1550 3509 defuit
1571 3455 1776 3510 seditio
1799 3456 2013 3511 Ariana

2124 3271 2280 3326 enim
2305 3271 2570 3326 Christus
2591 3276 2682 3327 est
2701 3271 2801 3326 Dei
2826 3271 3007 3328 Filius
3030 3277 3087 3328 et
3106 3273 3386 3343 hominis,
3407 3275 3506 3344 qui
3523 3273 3694 3330 solus
3707 3276 3784 3330 de

2124 3360 2265 3415 ccelo
2321 3360 2644 3432 descendit,
2705 3361 2822 3416 imo
2879 3362 2982 3432 qui
3041 3367 3096 3416 et
3125 3361 3286 3418 solus
3333 3363 3622 3418 ascendit.
3653 3364 3780 3418 Ca3-

2120 3448 2226 3502 teri
2260 3448 2442 3518 (1586)
2471 3452 2666 3502 autem
2700 3447 2796 3518 qui
2829 3447 2886 3502 in
2919 3447 3048 3519 ipso
3098 3453 3264 3520 sunt,
3311 3465 3494 3503 unum
3527 3453 3696 3518 sunt,
3725 3455 3786 3506 et

363 3536 506 3608 quin
525 3541 840 3609 martyrem
869 3538 1240 3610 compelleret
1262 3542 1332 3594 ad
1359 3557 1654 3611 coronam,
1679 3544 1934 3599 fustibus
1955 3551 2012 3600 et
2113 3537 2238 3606 jam
2271 3535 2484 3590 diVBI‘Si
2517 3553 2630 3590 non
2687 3539 2845 3606 sunt,
2903 3537 3004 3592 Sed
3037 3536 3164 3608 ejus
3215 3538 3482 3592 membra
3512 3545 3674 3594 sunt
3713 3543 3792 3594 Et

361 3622 576 3696 gladiis
607 3640 783 3695 super
812 3641 947 3680 cum
999 3626 1325 3698 insurgere,
1379 3635 1437 3684 et
1466 3629 1760 3701 lapidibus
1792 3649 1906 3688 non
1938 3635 2008 3689 ti-

363 3716 643 3767 muerunt
679 3713 942 3769 obruere.
999 3715 1214 3770 Ictibus
1271 3715 1505 3773 illorum
1565 3721 1747 3776 fracto
1778 3723 2009 3779 cerebro

363 3801 659 3870 occubuit,
693 3807 752 3856 et
779 3807 1042 3858 sanctam
1075 3809 1188 3860 Deo
1218 3805 1413 3862 taliter
1451 3808 1707 3864 animam
1737 3811 2005 3868 reddidit.

363 3894 427 3945 In
457 3906 526 3945 ea
554 3895 748 3946 autem
781 3908 815 3946 a
843 3891 967 3947 suis
999 3893 1305 3965 discipulis
1335 3895 1580 3952 ecclesia
1610 3903 1696 3954 est
1717 3900 2006 3970 sepultus,

361 3994 540 4050 quam
554 3978 680 4051 ipse
692 3979 830 4035 olim
845 3980 905 4036 in
921 3981 1196 4038 honorem
1213 3985 1484 4056 martyris
1498 3986 1808 4043 Theonesti
1823 3991 2004 4063 (1577)

361 4071 768 4124 construxerat
795 4069 990 4126 divino
1039 4088 1236 4127 amore
1285 4073 1649 4148 compulsus,
1695 4077 1791 4132 ubi
1823 4079 2008 4136 multa

359 4155 642 4212 beneficia
655 4161 1318 4230 prastanturomnibus,
1334 4164 1434 4234 qui
1449 4164 2002 4222 beatumEusebium

359 4243 524 4315 puris
549 4249 790 4300 exorant
810 4247 1103 4317 precibus.
1121 4248 1237 4305 Nos
1262 4267 1496 4322 quoque
1509 4254 1630 4308 suis
1645 4255 2006 4312 orationibus

359 4333 432 4388 ab
455 4335 668 4389 aeterno
684 4333 892 4390 liberet
911 4337 1220 4408 supplicio,
1245 4340 1344 4410 qui
1367 4339 1559 4409 hodie,
1594 4344 1746 4414 quod
1771 4349 1859 4399 est
1881 4345 2002 4400 Kal.

356 4426 532 4494 Aug,
565 4421 636 4476 de
661 4423 854 4478 carnis
898 4429 1132 4496 ereptus
1163 4430 1252 4481 est
1280 4429 1595 4499 ergastulo.

429 4866 614 4939 (1567)
645 4870 718 4923 M.
744 4872 1097 4938 compertum.

429 4939 613 5008 (1568)
641 4941 716 4992 M.
749 4942 1032 4995 convertit.

453 5007 610 5082 1569)
642 5009 719 5065 M.
753 5007 1038 5082 ﬂagitiose
1067 5015 1231 5069 ratio.

451 5079 609 5156 1570)
642 5083 752 5156 Sex
779 5079 954 5156 verba
983 5085 1287 5156 sequentia
1317 5087 1518 5143 omisit
1547 5088 1829 5145 Mansius.

452 5154 610 5210 1671)
639 5155 714 5210 M.
749 5155 986 5210 acerbos.

450 5225 610 5281 1572)
643 5225 718 5280 M.
757 5228 966 5281 tamen.

451 5297 607 5363 1573)
642 5297 718 5351 M.
751 5299 1044 5353 miserans.

452 5367 608 5423 1574)
639 5367 713 5422 Μ.
747 5369 866 5423 Ille.

450 5227 610 5298 1572)
643 5227 718 5280 M.
757 5228 966 5281 tamen.

451 5297 607 5363 1573)
642 5297 718 5351 M.
751 5299 1044 5353 miserans.

452 5367 581 5420 1574
639 5367 713 5422 Μ.
747 5369 866 5423 Ille.

449 5368 608 5507 1575)
636 5439 946 5524 Complura
975 5441 1152 5496 verba
1195 5443 1518 5524 sequentia,
1565 5449 1806 5524 propter
1837 5447 1994 5503 lacu-

351 5521 488 5561 nam
523 5515 736 5564 cmlicis
765 5515 920 5578 Vat.,
953 5528 1021 5566 ex
1051 5515 1328 5569 Burontio
1362 5515 1658 5572 accersivi.

449 5578 606 5646 1576)
641 5583 724 5634 Ila
753 5583 880 5636 cod.
915 5582 1043 5637 Vat.

449 5648 608 5716 1577)
637 5653 896 5708 Mansius
932 5653 1230 5710 Theonccti.

421 5719 606 5793 (1578)
637 5722 706 5778 M.
737 5721 1069 5796 inﬁdeliter,
1093 5728 1370 5798 precibus.

2119 3621 2247 3676 ideo
2279 3622 2438 3677 solus
2471 3624 2752 3690 ascendit,
2797 3625 2936 3678 dum
2996 3641 3064 3679 ea
3119 3641 3245 3694 quae
3303 3625 3360 3680 in
3395 3642 3456 3681 se
3488 3633 3652 3692 sunt,
3685 3627 3779 3682 vel

2121 3727 2268 3780 quae.
2305 3752 2315 3764 .
2353 3752 2365 3766 .
2399 3711 2664 3766 habitare
2719 3712 2776 3766 in
2839 3712 3000 3768 ccelo.
3049 3714 3197 3768 Nam
3247 3719 3522 3786 apostatae
3553 3717 3776 3788 angeli,

2120 3799 2220 3870 qui
2253 3799 2310 3854 in
2336 3799 2474 3856 coelo
2497 3801 2750 3869 fuerunt,
2790 3802 2890 3872 qui
2931 3819 2964 3856 a
2987 3803 3098 3858 Deo
3122 3804 3666 3860 recesseruntinde.
3705 3849 3718 3859 .
3757 3847 3772 3860 .

2120 3887 2388 3943 homines
2447 3888 2495 3943 si
2554 3889 2737 3959 (1587)
2795 3889 2909 3944 Deo
2969 3890 3322 3946 adhzeserint
3348 3892 3535 3963 (1588)
3566 3892 3628 3946 in
3661 3910 3779 3948 ca:-

2119 3975 2243 4030 lum
2266 3977 2469 4048 (1589),
2485 3977 2966 4033 sublimabuntur
2983 3997 2995 4046 ;
3013 3980 3166 4050 quod
3185 3979 3301 4034 imo
3315 3982 3386 4035 de
3399 3981 3570 4036 beata
3584 3982 3780 4038 Maria

2119 4065 2432 4120 dicendum
2463 4071 2573 4132 est,
2616 4067 2772 4137 quod
2805 4084 2921 4138 prae
2970 4069 3197 4123 cunctis
3231 4069 3578 4125 mortalibus
3613 4071 3672 4125 in
3701 4087 3776 4126 ea

2118 4153 2336 4208 mansit
2361 4153 2668 4209 Dominus.
2691 4155 2762 4210 Et
2795 4155 2923 4210 ideo
2945 4156 3006 4210 in
3029 4155 3156 4228 ipso
3189 4174 3318 4212 eam
3342 4174 3582 4214 manere
3605 4159 3770 4215 nullo

2117 4243 2288 4296 modo
2320 4242 2644 4298 diffidimus
2674 4262 2686 4311 ;
2751 4246 2822 4299 de
2881 4246 3051 4316 cujus
3103 4247 3278 4300 etiam
3309 4247 3494 4318 (1590)
3527 4263 3770 4320 corpore

2115 4346 2326 4402 corpus
2357 4348 2658 4388 assumere
2688 4333 2965 4406 dignatus
2994 4339 3102 4402 est,
3135 4351 3262 4390 eam
3294 4335 3404 4390 sibi
3430 4337 3770 4392 membrum

2116 4426 2420 4492 coeptasse
2451 4437 2564 4475 non
2597 4420 2842 4476 dubium
2873 4426 2999 4490 est;
3032 4427 3088 4477 et
3111 4423 3202 4477 cui
3225 4439 3342 4494 prae
3364 4424 3647 4482 omnibus
3667 4426 3774 4480 ad-

2033 4529 2081 4592 D
2114 4508 2361 4563 haesitin
2386 4510 2577 4576 terris,
2601 4509 2790 4580 ipsam
2834 4511 2944 4566 sibi
2967 4527 3083 4582 prae
3123 4511 3350 4567 cunctis
3371 4512 3770 4585 applicavitin

2114 4596 2293 4652 oculis.
2327 4597 2594 4670 Corporis
2623 4615 2755 4654 vero
2787 4599 2914 4669 ejus
2945 4599 3127 4672 (1591)
3163 4601 3290 4672 jam
3339 4601 3550 4657 factam
3579 4619 3774 4659 resur-

2113 4686 2428 4742 rectionem
2461 4687 2756 4742 aflirmars
2797 4688 3041 4744 minime
3091 4689 3396 4758 audemus,
3430 4692 3572 4762 quia
3599 4709 3712 4748 nec
3735 4710 3774 4749 a

2113 4773 2329 4828 sanctis
2389 4773 2657 4829 Patribus
2716 4775 2824 4831 hoc
2879 4775 3238 4834 declaratum
3295 4795 3423 4836 esse
3461 4783 3770 4852 cognosci-

2183 4881 2366 4953 (1579)
2398 4885 2470 4936 Μ.
2503 4897 2685 4938 omnes
2717 4899 2819 4953 pro
2851 4899 2992 4938 eain.

2185 4952 2367 5022 (1580)
2393 4957 2467 5006 M.
2493 4952 2910 5010 ministraverit.

2184 5023 2369 5094 (1581)
2403 5024 2474 5079 Μ.
2507 5041 2626 5079 nos.

2183 5095 2366 5169 (1582)
2399 5096 2474 5169 M-
2509 5096 2671 5169 quod-

2183 5166 2369 5236 (1583)
2403 5167 2479 5220 M.
2515 5167 2678 5221 addit
2707 5175 2802 5222 est.

2179 5237 2364 5310 (1584)
2397 5238 2472 5310 Μ.
2507 5240 2566 5293 in
2595 5237 2776 5292 dando
2815 5237 3122 5310 ﬂagitiose.

2181 5281 2363 5377 (1585)
2397 5308 2470 5362 M.
2505 5319 2844 5364 mer-uerunt.

2181 5380 2364 5450 (1586)
2398 5380 2658 5436 Mansius
2692 5379 2960 5434 lacunam
2993 5380 3088 5436 hic
3119 5381 3341 5438 frustra
3371 5382 3528 5438 facit.

2181 5451 2366 5524 (1587)
2396 5451 2656 5524 Mansius
2688 5453 2750 5506 in
2779 5469 2880 5524 pro
2911 5453 2978 5506 si.

2180 5521 2362 5590 (1588)
2395 5521 2472 5575 M.
2506 5521 2874 5580 adhaeserunt.

2179 5593 2360 5662 (1589)
2391 5593 2464 5647 M.
2499 5597 2556 5648 in
2579 5597 2733 5648 caelo.

2177 5663 2361 5732 (1590)
2394 5664 2447 5718 M
2459 5707 2470 5720 .
2504 5669 2739 5721 tantum.

2176 5735 2360 5804 (1591)
2390 5737 2464 5792 Μ.
2487 5738 2596 5792 sui.
