4062 6186
299 352 424 418 857

1798 354 2123 422 SERMON
2129 360 2242 424 ES.

3600 364 3721 432 858

300 487 654 561 mus(1592).
674 488 932 560 Denique
952 490 1007 545 in
1022 488 1167 545 valle
1187 488 1469 562 Josephat
1487 489 1620 559 ejus
1647 490 1962 563 sepulturae
1992 494 2047 560 Α
2079 497 2209 549 novi
2234 499 2286 552 te
2304 513 2325 558 ;
2345 504 2399 552 et
2427 506 2717 571 antequam
2746 498 2925 553 exires
2953 494 3019 552 de
3043 501 3246 561 ventre,
3277 498 3616 567 sanctiﬁcavi
3642 506 3713 575 te,

302 583 504 635 manet
528 578 711 645 locus,
747 578 847 632 ubi
880 582 1075 634 tamen
1104 580 1230 649 ejus
1262 597 1375 635 non
1402 580 1704 650 reperitur
1732 598 1965 653 corpus.

300 669 410 723 Sed
462 666 562 738 qui
624 668 693 721 de
752 683 819 721 ea
869 666 1236 722 inetiabiliter
1290 684 1521 721 carnem
1584 666 1812 733 eduxit,
1843 669 1967 741 ipse

304 758 446 828 quid
476 757 657 827 (1593)
690 757 761 810 de
788 757 915 825 ejus
939 756 1017 811 sit
1037 772 1274 827 corpore
1295 757 1470 810 novit.
1501 755 1734 812 Tamen
1766 760 1886 814 sive
1906 759 1965 814 in

307 863 571 917 corpore,
595 845 711 899 sive
732 849 892 899 extra
916 861 1149 917 corpus,
1174 862 1347 916 super
1376 845 1586 899 choros
1620 846 1965 917 angelorum

302 935 366 990 in
401 934 562 990 ccelis
608 934 916 989 exaltatam
948 936 1329 990 confitemur:
1390 937 1439 989 si
1497 930 1658 988 enim
1690 936 1967 991 veraciter

304 1022 720 1091 omnesjustos
744 1026 1324 1077 resurrecturoscum
1349 1020 1599 1094 propriis
1624 1025 1965 1094 corporibus

304 1111 664 1183 quandoque
692 1108 1014 1174 credimus,
1066 1128 1280 1183 eosque
1338 1111 1394 1164 in
1453 1128 1584 1166 aera
1616 1128 1965 1168 occursuros

303 1200 445 1265 Deo,
481 1204 535 1254 et
566 1199 649 1254 sic
680 1213 911 1268 semper
943 1201 1320 1267 postmodum
1353 1217 1484 1254 cum
1505 1200 1630 1270 ipso
1655 1217 1965 1255 mansuros

303 1286 945 1354 conﬁdimus,secundu
959 1304 1017 1341 m
1035 1289 1187 1359 quod
1204 1290 1408 1344 beatus
1422 1289 1635 1344 Paulus
1648 1288 1967 1360 aitaposto-

300 1376 401 1431 lus
428 1376 477 1446 (ι
506 1377 678 1430 Thess.
706 1393 781 1440 1v,
808 1375 893 1445 16)
924 1392 937 1440 ;
965 1376 1107 1446 quid
1127 1378 1341 1431 mirum
1367 1378 1414 1432 si
1445 1377 1610 1432 Matri
1636 1394 1738 1448 per
1759 1394 1956 1448 quem-

304 1466 445 1520 dam
463 1464 850 1520 miserationis
864 1464 1423 1520 ell'ectumDominus
1439 1465 1811 1537 anticipando
1825 1483 1964 1537 pra:-

304 1553 481 1624 stitit,
515 1553 668 1625 quod
700 1552 975 1607 omnibus
1004 1554 1062 1608 in
1096 1554 1211 1608 ﬁne
1242 1554 1434 1608 saeculi
1459 1554 1677 1609 sanctis
1700 1554 1961 1613 donabit.

309 1660 449 1698 cum
470 1642 740 1697 mortalia
760 1658 1004 1713 corpora
1022 1641 1460 1698 immortalitate
1481 1644 1775 1699 induerit?
1793 1644 1961 1699 Deni-

309 1749 427 1803 que
446 1732 731 1802 scriptum
754 1736 844 1786 est
868 1748 879 1785 :
914 1730 1047 1786 Alia
1067 1733 1300 1787 claritas
1320 1734 1473 1801 solis,
1505 1734 1617 1786 alia
1650 1734 1820 1798 lunae,
1849 1734 1965 1787 alia

305 1822 604 1876 stellarum
629 1821 678 1890 (I
705 1819 823 1874 Cor.
848 1836 941 1885 xv,
1001 1822 1130 1892 41):
1195 1838 1294 1892 per
1354 1821 1674 1876 claritatem
1708 1838 1962 1892 namque

307 1908 456 1964 solis
481 1908 961 1963 resurrectionem
987 1909 1299 1980 Apostolus
1323 1910 1521 1964 docuit
1543 1910 1880 1977 Salvatoris,
1898 1911 1967 1966 de

309 2014 429 2070 quo
453 1997 739 2068 scriptum
763 2001 852 2051 est
878 2014 890 2051 :
911 1998 1079 2052 Vobis
1101 2000 1197 2068 qui
1220 2000 1423 2053 timetis
1449 2001 1859 2064 Deum,orietur
1880 2000 1969 2054 Sol

298 2088 546 2159 justitiae
569 2084 817 2156 (Malach.
836 2103 907 2150 IV,
931 2087 1009 2152 2).
1035 2086 1639 2159 Perlunaeintelligere
1652 2105 1969 2159 possumus

309 2173 698 2231 etiamMatris
713 2190 830 2228 sum
852 2191 1011 2229 :nam
1026 2174 1509 2231 sicutlunaasole
1524 2177 1972 2247 praecipueinter

311 2264 509 2320 sidera
530 2262 916 2329 illuminatur,
942 2263 1025 2318 sic
1048 2268 1104 2318 et
1133 2263 1263 2334 ipsa
1285 2281 1318 2317 a
1348 2264 1595 2320 Domino
1618 2265 1769 2320 inter
1799 2270 1970 2320 caete-

314 2370 414 2408 ros
438 2352 634 2423 justos
665 2351 856 2406 divino
888 2352 1091 2423 procul
1124 2352 1299 2408 dubio
1331 2353 1555 2408 lumine
1612 2355 1806 2425 potius
1836 2354 1971 2410 illu-

314 2446 555 2498 stratur.
590 2440 732 2494 Cum
764 2456 898 2495 vero
931 2439 1229 2496 stellarum
1263 2442 1583 2511 subjunxit,
1627 2448 1972 2499 czeterorum

316 2534 655 2586 sanctorum
671 2529 1153 2584 resurrectionem
1171 2529 1642 2603 innotuit(1594).
1668 2532 1969 2602 Sequitur:

316 2619 469 2674 Sicut
493 2619 653 2673 stella
682 2635 715 2673 a
744 2619 902 2673 stella
933 2618 1127 2689 di/fert
1176 2623 1237 2673 in
1284 2620 1558 2687 claritate,
1591 2623 1669 2675 sic
1698 2626 1749 2675 et
1778 2638 1973 2676 resur-

310 2710 481 2763 rectio
510 2711 855 2761 mortuorum
885 2708 931 2777 (I
962 2706 1081 2761 Cor.
1116 2724 1205 2775 xv,
1238 2709 1327 2774 41,
1380 2710 1466 2779 42)
1494 2725 1506 2764 ;
1556 2710 1701 2764 Nam
1744 2710 1973 2767 discre-

310 2798 396 2852 tio
427 2796 551 2849 vitze
583 2796 917 2850 varietatem
977 2795 1165 2867 gignit
1222 2798 1685 2852 resurrectionis.
1736 2800 1975 2854 Poterat

310 2886 461 2941 forte
492 2884 832 2939 resurrectio
865 2884 965 2939 Dei
998 2884 1304 2939 Genitricis
1364 2887 1683 2956 praecedere
1714 2886 1971 2944 aliorum

310 2973 707 3045 anticipando,
741 2989 888 3045 quos
922 2989 1025 3044 per
1054 2972 1181 3026 vitae
1214 2974 1489 3029 meritum
1521 2975 1578 3029 in
1613 2975 1786 3029 terris
1819 2993 1970 3047 prae-

312 3067 569 3119 cesserat
596 3062 860 3117 vivendo.
899 3066 977 3117 De
1009 3065 1193 3117 morte
1224 3079 1457 3133 quoque
1515 3063 1700 3135 ipsius
1741 3064 1970 3122 nullam

313 3153 608 3222 fingamus
638 3151 1019 3217 dubietatem,
1055 3167 1231 3221 quam
1263 3155 1319 3205 et
1349 3151 1405 3204 in
1437 3153 1526 3206 sui
1562 3152 1663 3206 filii
1696 3155 1968 3225 cognovi-

2077 588 2128 637 et
2150 586 2467 657 praphetam
2499 591 2555 642 in
2603 588 2853 658 gentibus
2899 585 3024 641 dedi
3077 588 3127 639 te
3185 584 3313 655 (Jer.
3350 603 3388 650 ι,
3431 587 3505 657 5).
3532 591 3712 653 Quam

2079 673 2598 731 sanctiﬁcationem
2630 680 2795 731 tanta
2842 672 3200 729 custodierat
3248 672 3614 742 abstinentia,
3653 685 3717 733 ut

2078 760 2239 815 nulla
2268 779 2414 833 pene
2462 764 2594 818 vitae
2641 765 2767 834 ejus
2819 764 3138 818 adhaereret
3186 764 3403 833 peccati
3447 765 3712 821 macula:

2076 874 2212 913 nam
2227 859 2427 913 vinum
2442 864 2497 915 et
2510 861 2752 915 siceram
2776 877 2889 915 non
2910 858 3140 923 bibit,et
3152 876 3321 915 omne
3342 860 3719 920 immundum

2077 963 2193 1001 non
2228 950 2617 1003 manducavit.
2653 950 2916 1021 Elegerat
2942 947 3180 1019 insuper
3228 949 3491 1006 habitare
3522 952 3714 1006 deser-

2080 1037 2224 1099 tum,
2251 1054 2323 1089 ne
2347 1038 2473 1105 ejus
2504 1038 2679 1092 vitam
2712 1035 2910 1109 populi
2939 1035 3141 1091 saltem
3166 1039 3448 1110 pollueret
3473 1058 3729 1097 conven-

2076 1126 2191 1177 tus.
2219 1124 2473 1180 Verbum
2502 1126 2729 1181 Domini
2753 1123 3199 1183 advenientibus
3229 1130 3503 1184 continue
3529 1130 3727 1200 pradi-

2076 1212 2263 1282 cabat,
2293 1215 2511 1283 quibus
2543 1213 2949 1270 recedentibus
2974 1216 3101 1287 jugi
3148 1219 3395 1273 orationi
3444 1220 3723 1275 vacabat:

2075 1312 2246 1381 cujus
2268 1312 2462 1367 cultus
2486 1311 2879 1377 humillimus,
2899 1314 3144 1370 vestitus
3166 1318 3546 1388 asperrimus,
3562 1316 3728 1371 cibus

2073 1398 2398 1454 vilissimus
2423 1400 2776 1455 declaratur.
2810 1399 3073 1471 Legimus
3107 1405 3261 1459 enim
3306 1405 3364 1459 in
3414 1403 3727 1476 Evangelia

2073 1488 2229 1560 quod
2264 1488 2519 1543 habebat
2546 1487 2960 1545 vestimentum
2994 1492 3063 1547 de
3094 1492 3229 1564 pilis
3259 1492 3636 1561 camelorum,
3672 1497 3730 1547 et

2072 1592 2281 1630 zonam
2314 1574 2624 1646 pelliceam
2659 1574 2810 1630 circa
2839 1577 3071 1636 lumbos
3126 1598 3297 1637 suos:
3352 1598 3483 1637 esca
3531 1585 3729 1636 autem

2073 1666 2202 1735 ejus
2234 1669 2401 1717 erant
2433 1664 2681 1720 locustae
2713 1667 2767 1718 et
2796 1667 2907 1722 mel
2938 1668 3219 1736 silvestre,
3253 1675 3309 1725 et
3358 1674 3480 1725 erat
3534 1670 3594 1724 in
3626 1671 3731 1725 de-

2075 1757 2229 1808 serto
2254 1752 2592 1822 praedicans
2613 1752 2969 1823 baptismum
2998 1760 3345 1831 poenitentiae
3369 1760 3553 1831 (Marc.
3583 1759 3730 1830 1,6):

1997 1860 2045 1924 Β
2077 1849 2177 1921 qui
2210 1865 2330 1903 sua)
2364 1850 2808 1919 praedicationis
2840 1854 3045 1927 gratia,
3080 1858 3229 1912 mira
3257 1874 3400 1912 usus
3421 1860 3510 1912 est
3539 1856 3735 1911 obser-

2079 1938 2314 1993 vantia:
2348 1941 2414 1991 ut
2447 1938 2618 2008 quod
2645 1943 2990 2011 praedicabat
3009 1946 3133 2017 ipse
3154 1963 3393 2019 prorsus
3437 1949 3647 2018 ageret,
3682 1949 3741 2001 et

2083 2026 2237 2098 quod
2253 2025 2516 2093 jubebat
2532 2025 2818 2100 impleret.
2839 2035 3194 2106 Baptismum
3210 2035 3579 2107 praedicabat,
3593 2038 3649 2089 et
3666 2035 3738 2089 ad

2084 2132 2146 2170 se
2178 2113 2483 2169 venientes
2507 2114 2857 2189 baptizabat.
2879 2124 3279 2180 Pcenitentiam
3303 2123 3742 2193 docebat,cujus

2083 2203 2141 2257 in
2176 2218 2237 2257 se
2269 2218 2551 2258 normam
2585 2211 2943 2267 ostendebat.
2981 2213 3023 2269 Ο
3072 2218 3323 2283 quantus
3352 2213 3438 2268 vir
3474 2214 3605 2279 iste,
3640 2212 3743 2285 qui

2085 2290 2288 2363 angelo
2319 2292 2643 2351 nuntiante
2674 2304 2987 2372 conceptus
3019 2308 3127 2374 est,
3161 2307 3218 2358 et
3260 2303 3331 2357 ab
3380 2303 3506 2373 ipso
3537 2302 3746 2357 matris

2085 2387 2251 2436 utero
2284 2382 2695 2441 sanctiﬁcatus
2727 2389 2851 2443 est!
2888 2391 2991 2460 qui
3025 2408 3256 2464 semper
3284 2391 3481 2464 deguit
3526 2392 3584 2447 in
3617 2392 3748 2448 abs-

2086 2470 2349 2539 tinentia,
2382 2475 2441 2526 et
2473 2472 2723 2531 aliorum
2777 2479 2946 2548 quasi
3002 2481 3235 2552 propria
3285 2482 3459 2537 ﬂebat
3488 2481 3743 2550 scelera;

2087 2568 2186 2639 qui
2218 2568 2367 2624 viam
2400 2570 2651 2629 Domino
2684 2575 3061 2645 praedicando
3092 2596 3206 2634 non
3239 2584 3561 2636 cessaverat
3601 2597 3745 2651 pras-

2088 2674 2310 2731 parare,
2362 2664 2420 2715 et
2468 2677 2571 2731 pro
2618 2662 2885 2717 veritatis
2937 2668 3231 2735 praeconio
3281 2674 3455 2741 caput
3502 2686 3617 2724 non
3656 2678 3749 2727 est

2088 2753 2393 2804 cunctatus
2411 2751 2679 2806 amittere
2704 2770 2717 2819 ;
2743 2752 2916 2823 cujus
2940 2755 3122 2811 etiam
3142 2758 3200 2812 in
3216 2762 3443 2815 tantum
3464 2760 3746 2818 sanctitas

2087 2838 2282 2903 crevit,
2317 2842 2382 2892 ut
2411 2856 2443 2892 a
2474 2838 2879 2911 compluribus
2906 2842 3182 2901 Christus
3213 2864 3340 2903 esse
3372 2850 3740 2905 crederetur:

2087 2936 2239 3008 quod
2265 2935 2620 2991 humilitatis
2643 2940 2841 2990 custos
2866 2939 3016 2994 adeo
3039 2942 3275 3014 refugit,
3298 2945 3472 3001 veluti
3505 2947 3552 3000 si
3578 2947 3628 3001 ei
3646 2965 3743 3003 ve-

2084 3041 2303 3080 nenum
2326 3024 2736 3095 propinaretur
2756 3025 2986 3082 mortis.
3023 3029 3095 3083 Se
3116 3047 3313 3087 vocem
3327 3034 3631 3090 confessus
3653 3044 3744 3092 est

2085 3112 2392 3169 clamantis
2418 3130 2429 3167 :
2464 3113 2761 3168 Christum
2797 3117 2930 3182 post
2962 3132 3023 3170 se
3048 3122 3359 3175 venturum
3381 3138 3508 3177 esse
3530 3125 3739 3194 pradi-

313 3201 1669 3295 a"u‘;“t:,;.;.;.;;.afiiatmatteae;
1700 3201 1967 3299 ἰἱῑῖιὸὶλ
2001 3228 2044 3294 C
2085 3203 2254 3299 οδγίιν
2285 3218 2458 3299 quas!
2510 3207 2686 3299 tanta“:
2736 3201 3084 3299 Ρτδθάίιξθηξι
3132 3210 3516 3299 δυριοτίιειῖε»
3568 3214 3740 3284 cujus

312 3328 549 3395 meruit,
574 3346 772 3400 quam,
803 3344 872 3383 ex
895 3344 963 3383 ea
985 3333 1227 3399 sumpta
1257 3346 1389 3384 caro
1412 3329 1595 3400 (1595)
1620 3331 1746 3399 jam
1776 3347 1970 3387 resur-

314 3418 504 3490 gendo
535 3417 783 3473 devicit:
819 3433 1031 3489 nempe
1075 3417 1245 3487 cujus
1295 3418 1452 3473 ﬁlius
1502 3418 1677 3473 cmlos
1712 3422 1975 3477 ascendit

312 3523 418 3578 per
449 3507 836 3576 majestatem,
871 3508 1119 3560 matrem
1144 3505 1280 3560 illuc
1304 3508 1487 3579 (1596)
1538 3524 1840 3563 assumere
1871 3527 1970 3580 po-

312 3597 462 3649 terat
483 3611 583 3665 per
606 3594 904 3664 pietatem.
940 3594 1055 3648 Nec
1087 3594 1333 3649 dubium
1366 3602 1455 3652 est
1484 3596 1535 3651 ei
1592 3597 1773 3667 (1597)
1801 3615 1967 3653 suam

309 3683 924 3755 impertissegloriam,
941 3699 1187 3754 eamque
1222 3684 1968 3743 totiusmundiconstituis-

312 3790 377 3829 se
411 3773 729 3828 dominam.
759 3773 905 3826 Nam
940 3771 1040 3843 qui
1086 3778 1309 3844 patrem
1367 3780 1423 3828 et
1454 3781 1723 3828 matrem.
1762 3817 1774 3829 .
1812 3816 1825 3828 .
1858 3775 1969 3829 im-

313 3861 476 3934 plere
508 3903 520 3916 .
560 3904 571 3917 .
611 3904 623 3915 .
658 3862 1093 3932 Scripturarum
1127 3862 1407 3932 exemplis
1439 3880 1755 3933 possumus
1786 3863 1969 3936 (1598)

313 3952 637 4023 approbare
672 3994 684 4006 .
722 3992 734 4004 .
774 3992 785 4004 .
821 3950 1003 4022 igitur
1029 3955 1233 4006 sancta
1273 3951 1448 4023 Virgo
1506 3952 1716 4022 adepta
1762 3957 1851 4007 est
1880 3954 1967 4007 di-

313 4040 621 4111 gnitatem,
656 4040 799 4093 dum
833 4038 931 4093 Dei
963 4040 1177 4093 meruit
1221 4039 1371 4093 efﬁci
1434 4040 1631 4095 Mater.
1666 4039 1840 4111 Virgo
1871 4057 1968 4111 pe-

313 4128 469 4200 perit
497 4144 765 4199 puerum,
791 4127 1003 4183 mulier
1032 4129 1237 4200 genuit
1269 4129 1472 4195 Deum,
1520 4129 1735 4201 Spiritu
1765 4137 1967 4187 sancto

311 4217 615 4290 gravidata
645 4220 751 4287 est,
796 4221 1030 4271 auctore
1087 4216 1293 4271 mundi
1352 4216 1599 4272 fecunda
1646 4218 1824 4289 (1599)
1857 4225 1965 4287 est,

309 4322 495 4377 super
515 4306 723 4361 choros
764 4305 1101 4375 angelorum
1134 4306 1192 4359 in
1225 4304 1556 4361 ccnlestibus
1605 4306 1787 4379 (1600)
1814 4308 1966 4363 exal-

302 4400 437 4450 tata
460 4398 568 4460 est,
600 4410 713 4465 quo
750 4410 856 4448 nos
880 4393 1013 4464 pius
1036 4393 1218 4465 (1601)
1245 4395 1814 4465 Dominus,ejusdem
1838 4398 1966 4451 Vir-

304 4483 470 4557 ginis
501 4483 847 4549 interventu,
880 4482 1197 4553 perducere
1228 4481 1517 4553 dignetur,
1553 4485 1720 4555 cujus
1749 4490 1856 4541 etc.

913 4588 1149 4644 SERMO
1180 4588 1373 4644 XVIII.

2087 3291 2460 3347 calceamenti
2477 3290 2788 3362 corrigiam
2804 3305 2865 3343 se
2888 3292 2961 3345 ad
2981 3292 3324 3350 solvendum
3346 3314 3461 3352 non
3484 3300 3739 3356 aestima-

2086 3385 2172 3436 ret
2210 3380 2484 3435 idoneum
2536 3380 2721 3451 (Marc.
2768 3394 2805 3446 ι,
2836 3378 2913 3450 7).
2949 3385 3222 3437 Assertor
3251 3386 3390 3453 veri,
3420 3403 3593 3457 quem
3629 3405 3736 3445 nec

2083 3477 2563 3533 humanaelaudis
2586 3475 2873 3548 jactantia
2901 3479 3265 3551 compulerat
3294 3480 3548 3553 proferre
3570 3500 3734 3540 men-

2083 3567 2337 3631 dacium,
2371 3582 2476 3621 nec
2507 3566 2848 3639 tyrannicus
2871 3583 3047 3637 pavor
3068 3568 3374 3624 averitatis
3398 3574 3625 3642 poterat
3646 3590 3733 3629 re-

2082 3660 2350 3727 torquere
2399 3654 2758 3717 testimonio,
2809 3669 2913 3709 nec
2960 3655 3170 3727 reginae
3220 3656 3477 3712 adulatio
3522 3660 3736 3716 fecerat

2082 3752 2318 3823 palpare
2342 3751 2648 3823 ﬂagitium.
2679 3751 2962 3806 Herodem
2979 3752 3295 3808 afraternis
3309 3753 3584 3810 thalamis
3606 3775 3733 3828 pro-

2081 3841 2357 3907 hibendo,
2391 3840 2473 3893 ita
2520 3841 2709 3911 ipsius
2745 3883 2757 3894 .
2795 3882 2806 3892 .
2844 3880 2856 3892 .
2892 3840 3120 3895 adulter
3153 3882 3164 3894 .
3202 3882 3215 3895 .
3254 3884 3267 3897 .
3300 3860 3412 3897 non
3464 3843 3597 3899 licet
3625 3846 3728 3900 tibi

2080 3933 2145 3983 ut
2173 3929 2390 3983 habeas
2415 3945 2653 3983 uxorem
2678 3928 2873 3982 fratris
2928 3928 3011 3982 tui
3056 3928 3383 3985 adulteram
3432 3931 3615 4001 (Marc.
3650 3952 3729 4002 v1,

2081 4017 2189 4087 18).
2215 4016 2357 4071 Hinc
2391 4016 2516 4071 diro
2562 4021 2827 4070 retrosus
2868 4019 2957 4071 est
3002 4033 3229 4072 carcere
3261 4058 3274 4071 .
3309 4059 3322 4072 .
3358 4060 3371 4073 .
3409 4018 3541 4074 talis
3571 4020 3729 4077 fama

2079 4119 2352 4169 cessaret.
2376 4112 2587 4169 Christi
2608 4118 2804 4167 tamen
2822 4112 3099 4168 athletam
3125 4120 3344 4184 quanto
3368 4116 3556 4188 magis
3577 4117 3726 4171 afﬂi-

2078 4202 2295 4275 gebant
2315 4202 2567 4269 vincula,
2600 4206 2760 4255 tanto
2794 4201 2982 4272 magis
3014 4201 3338 4258 detestabat
3360 4202 3586 4261 illicita.
3611 4206 3721 4261 No-

2076 4291 2316 4347 vissime
2332 4291 2569 4346 tandem
2592 4290 2777 4361 capite
2794 4292 3123 4354 truncatus,
3147 4292 3419 4363 migravit
3435 4295 3505 4348 ad
3530 4295 3722 4349 Domi-

2078 4398 2244 4447 num,
2279 4380 2377 4452 qui
2404 4378 2659 4433 veritatis
2690 4395 2804 4431 non
2855 4395 3065 4449 passus
3108 4388 3191 4433 est
3240 4380 3425 4435 celare
3459 4383 3723 4438 testimo-

2078 4469 2266 4524 nium.
2298 4468 2525 4523 Veritas
2555 4466 2710 4521 enim
2746 4472 2893 4522 Deus
2924 4472 3033 4533 est,
3061 4470 3557 4539 quemadmodum
3598 4472 3723 4543 ipse

1999 4595 2046 4659 D
2079 4566 2158 4621 ait
2179 4567 2237 4621 in
2258 4565 2569 4636 Evangelio
2594 4583 2606 4632 ;
2639 4567 2745 4636 Ego
2775 4582 2897 4619 sum
2920 4567 3030 4631 via,
3064 4567 3261 4621 veritas
3291 4575 3341 4621 et
3370 4569 3485 4621 vita
3528 4567 3719 4638 (Jaan.

307 4698 375 4736 IN
438 4693 849 4734 DECOLLATIONB
908 4694 1231 4733 BEATISSIMI
1284 4694 1694 4735 pnmcuasoms
1745 4696 1968 4737 CHRISTI
2078 4674 2195 4720 m'
2250 4657 2326 4727 6)“
2375 4657 2481 4720 om
2530 4671 2685 4709 emm
2736 4658 3040 4709 ventath
3085 4671 3199 4708 non
3259 4658 3467 4709 metu“
3514 4655 3719 4728 celare,

1015 4766 1272 4805 JOANNIS.

390 4838 767 4911 Magnificum
799 4838 1085 4894 Joannem
1118 4855 1534 4909 praecursorem
1565 4844 1622 4896 et
1653 4846 1966 4913 martyrem

310 4928 549 4985 Domini
572 4928 757 4983 nostri
786 4931 924 4983 Jesu
946 4926 1186 4991 Christi,
1217 4929 1387 4997 cujus
1411 4929 1663 4983 natalem
1688 4929 1839 4985 diem
1864 4930 1966 4985 ho-

309 5019 409 5073 die
438 5016 689 5072 celebrat
716 5015 895 5081 orbis,
928 5019 1197 5071 sanctum
1229 5015 1434 5070 effudit
1465 5021 1663 5071 uterus
1723 5018 1925 5073 matris
1952 5037 1964 5086 ;

309 5106 471 5162 sicut
491 5105 776 5176 scriptum
805 5108 894 5159 est
919 5122 931 5159 :
956 5105 1295 5175 Priusquam
1326 5108 1374 5158 le
1392 5108 1689 5175 formarem
1710 5105 1768 5159 in
1788 5116 1963 5173 utcro,

386 5230 569 5301 (1592)
602 5228 866 5301 Intellige
884 5229 1173 5301 antiquos
1203 5229 1438 5296 Patres;
1483 5246 1617 5284 nam
1650 5229 1823 5301 paulo
1875 5248 1963 5294 re-

312 5299 622 5364 centiores,
658 5300 835 5355 veluti
871 5299 1185 5371 Gregorius
1216 5300 1597 5367 Turonensis,
1641 5299 1966 5359 ldelfonsus

307 5372 648 5437 Toletanus,
674 5371 1218 5437 Fulbertus,Petrus
1241 5371 1579 5436 Damianus,
1609 5373 1815 5427 Petrus
1839 5375 1965 5430 Ble-

311 5445 528 5511 sensis,
553 5444 814 5497 Andreas
846 5442 1159 5505 Cretensis,
1191 5442 1445 5498 Joannes
1475 5444 1872 5499 Damascenus
1906 5446 1963 5500 id

309 5516 706 5580 afﬁrmarunt,
735 5514 820 5568 uti
839 5514 1106 5569 observat
1126 5514 1470 5570 Benedictus
1492 5515 1609 5569 XIV
1630 5515 1689 5569 in
1714 5520 1963 5570 tractatu

308 5588 381 5641 de
414 5587 561 5641 festo
592 5584 1026 5657 Assumptionis
1058 5587 1116 5640 Β.
1151 5586 1230 5640 Μ.
1262 5586 1351 5651 V.,
1402 5603 1526 5656 cap.
1587 5588 1640 5652 8,
1700 5589 1784 5641 15.
1823 5592 1963 5641 I'er-

349 5658 395 5712 it
420 5658 639 5713 ibidem
664 5657 1013 5713 Benedictus
1035 5658 1200 5713 docte
1221 5673 1381 5713 more
1404 5674 1509 5712 suo
1533 5672 1653 5713 rem
1669 5658 1799 5713 aliis
1824 5658 1965 5714 locis

306 5728 505 5785 ilicolo
551 5730 657 5785 icis
688 5730 1052 5784 confirmare.

382 5746 569 5857 (159%)
601 5801 680 5857 M.
709 5800 873 5857 quod.

382 5800 569 5873 (1593)
601 5801 680 5859 Μ.
709 5800 873 5874 quod.

2078 4746 2262 4800 Deum
2296 4744 2726 4815 quodammodo
2758 4742 2964 4797 nititur
3005 4742 3331 4808 occultare;
3384 4749 3440 4798 et
3487 4744 3585 4815 qui
3617 4762 3720 4816 pro

2078 4836 2207 4905 ejus
2226 4831 2561 4889 testimonio
2584 4830 2679 4885 hic
2702 4830 3001 4903 affligitur,
3034 4831 3104 4885 ab
3135 4831 3264 4902 ipsa
3282 4833 3437 4903 quod
3463 4833 3616 4888 Deus
3634 4839 3722 4888 est

2075 4921 2136 4976 in
2168 4926 2449 4976 mternum
2481 4919 2873 4974 coronabitur.
2914 4920 3227 4990 Fugiamus
3250 4920 3465 4992 itaque,
3498 4922 3718 4976 charis-

2077 5011 2234 5079 simi,
2260 5008 2652 5075 mendacium,
2679 5009 2924 5080 ejusque
2947 5008 3123 5065 simul
3147 5015 3366 5081 patrem
3397 5008 3714 5064 diabolum.

2076 5110 2391 5165 Veritatem
2425 5107 2741 5172 imitemur,
2775 5124 2952 5179 quam
2980 5126 3012 5163 a
3040 5107 3154 5163 Deo
3180 5107 3530 5178 processisse
3547 5106 3720 5160 conﬁ-

2149 5234 2332 5304 (1594)
2360 5232 2454 5286 Sic
2488 5248 2544 5304 p._
2576 5231 2661 5298 17,
2694 5248 2749 5284 v.
2783 5230 2887 5286 ult.

2147 5302 2330 5377 (1595)
2364 5302 2623 5377 Mansius
2649 5318 2829 5358 carne.

2148 5374 2331 5446 (1596)
2363 5375 2438 5429 Μ.
2472 5374 2645 5446 illius.

2147 5444 2330 5513 (1597)
2360 5446 2434 5499 M.
2469 5445 2593 5498 sine
2625 5444 2694 5498 ei.

2171 5519 2325 5583 1598)
2358 5517 2432 5570 M.
2462 5532 2699 5586 possum.

2174 5590 2327 5657 1599)
2361 5588 2436 5641 M.
2465 5587 2773 5656 fecundam.

2144 5655 2327 5731 (1600)
2358 5659 2434 5731 Μ.
2467 5655 2666 5713 emisit
2692 5659 2753 5712 in
2778 5655 3095 5731 ctelestibus.

2145 5725 2327 5803 (1601)
2357 5730 2528 5788 Deest
2552 5732 2678 5801 pius
2709 5726 2858 5798 apud
2887 5725 2963 5782 M.
