4044 6180
363 324 479 392 863

1375 336 1712 401 ATTONIS
1759 335 2346 402 VERGELLENSIS
2391 333 2746 400 EPISCOPI

3660 332 3785 396 864

363 463 562 518 εωνίτθ
593 479 694 536 per
723 480 906 530 arma,
940 465 1206 524 subsidia
1230 471 1524 543 oppressis
1555 473 2005 544 denegent,nam
2037 473 2088 538 Α
2121 475 2185 524 ut.
2216 470 2292 524 sit
2323 469 2581 526 incursio
2630 487 2842 543 nequa,
2873 473 3086 526 terreat
3113 484 3241 544 quas
3288 465 3472 540 ipsos,
3503 467 3605 523 sed
3652 484 3789 524 me-

363 553 598 607 szevient
647 553 782 622 ipsi.
816 555 1122 626 Specimen
1173 567 1450 630 praeterea
1495 566 1673 616 restat
1721 561 1861 628 doli,
1898 577 2011 632 quo

361 640 657 694 eliduntur
703 643 872 698 affusi
906 645 964 700 in
1014 645 1131 700 imo
1179 648 1399 703 tribuni
1425 650 1488 704 ³⁸.
1525 651 1739 704 Horum
1794 649 2012 705 milites

362 745 535 783 auras
566 746 698 785 cum
732 733 920 805 regias
953 741 1184 806 captant
1219 737 1753 810 blandas,indeque
1783 739 2012 794 onustis

361 818 432 872 ad
469 819 700 890 propria
733 823 978 878 redeunt
1007 823 1290 893 humeris,
1327 829 1682 884 muniatores
1715 827 1914 882 dictati
1943 828 2009 896 ³⁷,

358 907 612 964 arbitros
648 910 908 982 ipsorum
937 914 1226 985 dominos,
1261 933 1364 970 nec
1395 918 1568 971 etiam
1601 919 1660 972 in
1711 916 2010 988 largiendo

353 995 542 1072 ferent
591 999 868 1055 beneﬁcia
917 1002 1104 1072 primo
1155 1011 1312 1060 sarta
1359 1006 1497 1070 sint,
1533 1007 1579 1062 si
1624 1024 1683 1062 se
1728 1007 1905 1062 duces
1937 1021 2009 1059 an

351 1067 518 1156 1arga
550 1095 907 1159 praeponent.
933 1093 1233 1148 Fanerant
1259 1095 1530 1150 inmunes
1555 1102 1610 1149 et
1641 1114 1674 1151 a
1707 1097 1937 1167 proprio
1968 1097 2010 1130 ³⁸

353 1174 594 1230 alterius
644 1177 872 1249 sibique
922 1180 1069 1236 ﬁdos
1119 1183 1472 1238 detrimento
1517 1185 1860 1255 provehunt.
1904 1184 2012 1247 Qui

353 1270 598 1320 sumunt
628 1283 728 1337 per
777 1284 924 1337 quos
957 1270 1293 1338 praeferunt,
1325 1273 1424 1326 sed
1482 1290 1594 1328 non
1631 1291 1663 1327 a
1695 1273 1912 1346 quibus
1943 1275 2005 1328 39.

352 1353 467 1408 Hos
499 1361 732 1426 separat
777 1356 824 1412 si
859 1358 996 1423 fors,
1029 1363 1130 1414 aut
1159 1360 1218 1414 in
1252 1378 1435 1416 unum
1470 1362 1580 1433 ipsi
1611 1363 1681 1416 ab
1730 1362 2009 1417 alterutro

353 1443 586 1513 melius,
623 1461 747 1516 quas
797 1446 980 1500 donec
1011 1448 1070 1502 in
1103 1447 1448 1504 alterutrum
1497 1451 1717 1520 prolata
1748 1451 2005 1507 silerent.

353 1534 507 1597 Quos
539 1533 836 1604 explorare
867 1536 1106 1605 quidem
1141 1543 1409 1593 statuunt
1451 1543 1506 1594 et
1537 1541 1826 1595 instruere
1859 1558 2005 1596 sese.

351 1620 628 1692 Singulas
652 1638 682 1676 e
706 1622 921 1692 quibus
944 1640 1046 1694 per
1073 1625 1276 1681 domos
1296 1626 1454 1682 velut
1476 1628 1696 1683 semina
1723 1635 2011 1700 spargunt

353 1724 566 1780 nugas,
598 1711 752 1765 unde
783 1728 934 1783 saepe
966 1719 1213 1781 metunt,
1246 1716 1730 1788 expedientiaque
1769 1719 2009 1790 praesci-

351 1802 541 1852 scunt.
581 1798 720 1853 Hine
754 1799 968 1856 milites
1001 1802 1251 1873 primam
1282 1804 1518 1859 diluunt
1548 1805 1592 1840 ‘0
1622 1806 2008 1872 dominis,fir-

352 1890 522 1951 mant,
546 1887 672 1957 jam
721 1904 951 1944 servare
981 1892 1320 1957 secundam,
1373 1909 1498 1964 quae
1549 1894 1730 1950 deerit
1783 1895 2003 1965 princi-

353 1975 524 2046 pibus
555 1975 752 2030 fidem.
803 1978 953 2032 Tum
985 1995 1049 2034 se
1080 1979 1324 2035 infamia
1364 1986 1588 2051 notant,
1622 1983 2007 2055 supplantant

351 2064 754 2131 dominos,nec
784 2067 1044 2136 dejerare
1073 2085 1394 2140 supernum
1419 2072 1824 2142 respuunt.Sic
1855 2073 2005 2128 foeda

351 2152 625 2223 cupidine
677 2153 892 2223 inlecti,
925 2154 1073 2210 levia
1102 2159 1142 2191 ⁴¹
1176 2164 1448 2228 praastare
1488 2160 1712 2215 mmstis
1745 2162 1789 2195 ⁵³
1819 2178 2004 2233 quan-

351 2240 544 2311 doque
593 2248 922 2312 sperantur,
957 2244 1196 2314 periculi
1226 2248 1543 2318 quicquam
1576 2250 1693 2304 fors
1749 2254 1812 2304 ut
1840 2266 2002 2304 cum-

352 2344 465 2398 que
495 2328 543 2382 si
576 2329 769 2385 difl‘ert
797 2330 1072 2402 ingerunt
1100 2349 1168 2388 ex
1198 2337 1452 2406 proprio,
1484 2342 1541 2392 et
1573 2338 1930 2394 cumulando
1961 2339 2005 2372 ‘3

349 2421 749 2488 prosternunt.

421 2506 474 2560 3.
509 2507 794 2563 Scabrosa
824 2526 926 2579 par
953 2526 1190 2567 exesum
1221 2513 1447 2568 addunt
1479 2515 1659 2587 igitur
1687 2515 2001 2588 principes,

347 2595 679 2666 vadosaque
711 2598 938 2653 munire
969 2604 1180 2654 cuncta
1207 2602 1416 2668 (1620),
1440 2607 1505 2656 ut
1533 2608 1708 2674 queat
1735 2605 2002 2674 ignotum

351 2683 487 2752 quis
541 2683 623 2736 nil
660 2686 963 2740 traducere
1006 2688 1138 2742 sibi.
1190 2688 1617 2761 Praevalidaque
1666 2692 1756 2746 cui
1810 2692 2001 2746 muni-

352 2771 515 2826 mina
561 2777 778 2839 extant,
811 2774 1115 2830 obsidibus
1146 2782 1249 2832 aut
1295 2784 1586 2848 premunt,
1621 2788 1719 2834 aut
1756 2779 2004 2838 eximere

352 2859 830 2918 nituntur.Inﬁde
850 2862 898 2917 si
918 2863 1060 2920 forte
1077 2883 1327 2937 quorum
1361 2869 1604 2923 fundum
1627 2871 1828 2926 credas
1851 2887 2005 2925 corr.-

353 2947 582 3004 mittere
612 2954 802 3021 tuum,
829 2957 892 3006 ut
922 2959 1148 3009 servent
1179 2955 1417 3021 tibi,aut
1439 2957 1747 3012 hominum
1782 2959 1832 3013 si
1864 2959 2004 3013 titu-

352 3035 475 3092 lum
509 3038 770 3109 ipsorum
793 3056 961 3097 cures
981 3043 1278 3114 imponere
1296 3044 1482 3100 ullum
1507 3047 2006 3113 heredibus,hunc

353 3127 606 3198 prepriis
637 3127 892 3200 elogium
924 3132 1108 3203 (1621)
1139 3138 1340 3189 tenent
1371 3135 1561 3212 metiri
1585 3137 1712 3205 jam
1745 3136 1880 3191 inde
1900 3137 2003 3191 do—

2121 560 2306 614 ditata
2336 560 2650 632 tranquille
2681 561 2919 616 reddere
2943 558 3182 614 cuilibet
3210 557 3443 613 valeant
3470 556 3790 612 inibi.Au-

2122 649 2301 703 matia
2349 651 2532 720 (1622)
2579 650 2637 704 in
2687 667 2802 721 qua
2849 653 3116 704 statuunt
3162 653 3221 702 et
3269 647 3513 718 tristega
3559 663 3787 717 conpo-

2122 741 2366 796 nunt.At
2399 743 2706 808 postquam
2737 738 2996 793 labentes
3030 735 3364 808 perfixerint
3397 735 3585 790 solide
3617 737 3785 806 plan-

2121 831 2230 895 tas,
2265 826 2465 898 jurgia
2520 832 2644 880 tum
2689 842 3002 898 percerum
3057 826 3286 880 animos
3341 823 3494 879 inter
3553 823 3787 895 digesta.

2121 920 2430 986 reponunt,
2463 915 2892 971 adversantium
2943 931 3123 986 seque
3153 918 3418 968 utrorum
3459 913 3788 967 adﬁrmant

2121 1019 2246 1058 esse
2297 1004 2504 1060 socios.
2536 1005 2696 1070 Quod
2747 1021 2976 1075 quoque
3016 1019 3280 1074 perverse
3329 1002 3660 1074 fungantur
3694 1001 3787 1056 in-

2121 1092 2267 1147 fidos
2314 1093 2386 1159 ei,
2421 1098 2477 1147 et
2523 1092 2748 1148 aemulis
2801 1093 3064 1162 aemulos,
3096 1095 3374 1147 accusant
3425 1089 3787 1162 plagiatores

2121 1182 2304 1250 (1623)
2356 1187 2611 1237 semotos
2661 1186 2916 1252 arguunt
2975 1180 3219 1236 crimine
3269 1184 3454 1244 tanto,
3505 1179 3789 1250 pharetra

2121 1270 2302 1342 (1624)
2336 1287 2406 1325 ne
2461 1271 2749 1342 pandetur
2779 1270 2998 1341 iniqua,
3034 1269 3295 1324 mordeat
3323 1272 3381 1323 et
3419 1283 3789 1339 quemquam

2121 1360 2242 1414 fore
2271 1359 2668 1414 indifferenter
2698 1359 2994 1430 ingratum
3027 1360 3090 1412 “.
3125 1357 3354 1412 Accitos
3383 1362 3606 1411 canunt
3637 1373 3790 1427 pra:-

2121 1448 2744 1519 clues,discidiumque
2775 1449 3095 1519 perdurant
3123 1445 3501 1502 contestando
3526 1446 3790 1514 sacris“,

2121 1556 2193 1593 ne
2223 1537 2400 1593 simul
2454 1539 2523 1592 ad
2558 1536 2871 1608 pristinum
2925 1536 3114 1606 (1625)
3158 1535 3396 1590 redeant
3426 1549 3564 1588 cum
3615 1535 3787 1604 ipsis,

2119 1629 2302 1682 donec
2336 1626 2393 1680 in
2427 1626 2544 1680 imo
2593 1629 2917 1680 versentur.
2948 1625 3073 1679 Non
3107 1627 3554 1694 sequestrantur
3583 1630 3636 1676 et
3676 1623 3788 1693 ipsi

2118 1715 2340 1770 indices
2389 1717 2452 1781 ιδ,
2504 1714 2659 1769 haud
2713 1730 2882 1769 secus
2911 1712 3112 1768 ethos
3163 1710 3448 1767 revolvere
3497 1710 3783 1766 nitentes.

2118 1806 2280 1860 Tune
2311 1803 2572 1859 crinibus
2602 1803 2644 1836 ‘7
2676 1801 2903 1874 plaudit
2929 1799 3146 1856 Alecto.

2187 1895 2237 1947 4.
2258 1893 2535 1948 Versutas
2567 1896 2626 1946 at
2640 1891 2798 1946 vafer
2821 1890 2928 1945 has
2959 1889 3007 1945 si
3027 1889 3160 1960 quis
3190 1887 3563 1960 praesenserit
3583 1903 3779 1952 curas,

2113 1986 2379 2037 susurret
2423 1981 2651 2037 deserta
2685 1979 2900 2035 fuerint
2929 1979 3050 2035 haec
3101 1978 3149 2034 si
3183 1983 3239 2034 et
3268 1977 3482 2032 infecta
3528 1976 3778 2042 valebit,

2113 2088 2228 2126 non
2278 2069 2539 2126 insontes
2589 2068 2777 2135 luant,
2813 2085 2962 2140 quos
3012 2083 3116 2124 nec
3165 2083 3412 2124 censura
3440 2066 3484 2108 ιθ
3541 2065 3776 2136 fatigat.

2113 2159 2408 2214 Premitur
2435 2164 2560 2214 tum
2591 2158 2832 2214 horrore
2862 2157 3158 2213 bronchus
3187 2159 3252 2224 ‘9,
3284 2162 3341 2211 et
3368 2154 3540 2210 exilis
3572 2155 3646 2208 ad
3681 2170 3780 2207 au-

2114 2266 2207 2304 ras
2241 2247 2624 2304 stridentibus
2668 2247 2860 2302 evadit
2885 2263 2995 2302 vox
3043 2245 3312 2318 postibus
3357 2245 3421 2312 ⁸ο,
3457 2243 3783 2314 lividisque

2114 2336 2371 2410 pupillis,
2393 2335 2703 2408 praestigiis
2733 2351 2991 2408 urguens
3024 2333 3223 2406 politis
3251 2334 3295 2369 ⁸¹
3328 2333 3519 2388 edicta
3546 2331 3781 2387 fulcire.

2114 2427 2400 2498 Stigmata
2428 2423 2522 2479 hic
2570 2423 2690 2480 veri
2720 2424 2922 2479 rabido
2954 2427 3191 2478 notatur
3238 2423 3526 2488 adsertor,
3561 2427 3630 2475 ut
3659 2421 3785 2476 dis-

2114 2515 2402 2586 cerpenda
2449 2513 2798 2585 quantocius
2829 2513 3044 2584 praeda.
3086 2511 3431 2582 Mastrugati
3464 2511 3655 2581 (1626)
3694 2511 3786 2564 in-

2112 2609 2341 2660 tentant
2371 2619 2504 2658 cum
2553 2601 2800 2673 scorpiis
2831 2599 3206 2674 tragelaphos
3235 2601 3444 2670 (1627),
3474 2599 3787 2669 quomodo

2114 2692 2332 2762 Parthi,
2367 2691 2612 2764 praevius
2672 2695 2728 2746 et
2754 2690 3028 2762 gradiens
3078 2689 3174 2744 leti
3213 2688 3528 2761 captaverit
3579 2704 3786 2751 auras,

2115 2782 2352 2853 agmina
2383 2797 2445 2835 se
2465 2780 2613 2834 duce
2628 2790 2770 2834 tunc
2791 2778 3084 2850 pecudum
3108 2783 3499 2848 contorquens
3521 2793 3628 2848 per
3648 2792 3788 2830 aera

2113 2872 2302 2941 fugat,
2338 2871 2590 2940 imputat
2620 2868 2968 2931 arcitenens,
2994 2868 3145 2939 quod
3181 2867 3274 2922 cui
3309 2867 3588 2938 prostrati
3621 2865 3790 2936 quis-

2115 2976 2228 3031 que
2260 2958 2510 3013 fuissent
2539 2974 2654 3012 non
2686 2955 3288 3027 omnes,blasphemat
3318 2955 3656 3026 imprecans
3687 2969 3784 3007 so-

2114 3047 2234 3103 lum
2272 3063 2444 3118 quem
2495 3050 2553 3101 et
2582 3061 2928 3118 conpescere
2979 3044 3205 3116 fatigat,
3259 3043 3411 3099 valet
3459 3043 3509 3098 si
3559 3043 3788 3098 ducum

2116 3136 2201 3192 sic
2233 3136 2332 3206 qui
2380 3150 2730 3205 cognoscere
2759 3133 2994 3189 fraudes
3049 3132 3354 3205 protulerit
3381 3131 3440 3186 in
3494 3132 3785 3198 medium,

353 3219 541 3270 tatum
569 3233 582 3283 ;
617 3233 646 3271 e
677 3219 904 3273 cunctis
937 3219 1076 3275 utile
1106 3221 1217 3276 sibi
1250 3210 1568 3289 vindicant,
1593 3225 1872 3296 quicquid
1905 3229 2012 3289 est,
2047 3210 2090 3276 C
2126 3223 2475 3278 Abscidibus
2524 3227 2581 3277 et
2611 3221 2867 3277 camuris
2904 3238 3193 3278 consonos
3244 3221 3528 3276 mandant
3580 3219 3789 3291 plastis

357 3320 545 3376 neque
593 3306 925 3379 dispergere
968 3315 1198 3381 ponunt
1227 3317 1451 3383 partem
1501 3313 1560 3367 in
1594 3330 1711 3382 eos,
1749 3314 1849 3385 qui
1899 3313 2014 3369 sal-

354 3392 460 3448 tim
511 3402 858 3465 paraverant
888 3396 1051 3452 olim.
1085 3399 1324 3454 Concilii
1375 3402 1516 3471 quin
1551 3419 1713 3458 arces
1756 3406 2012 3470 struunt,

2125 3310 2326 3367 caelare
2372 3312 2650 3381 coruscis,
2683 3310 2965 3366 martisiis
2994 3311 3178 3381 (1628)
3207 3310 3547 3380 intritisque
3597 3308 3789 3378 (1629)

2125 3399 2477 3472 frequenter,
2508 3405 2566 3456 et
2611 3399 2966 3456 hemistibus
2995 3400 3179 3471 (1630)
3221 3399 3524 3464 advocant,
3557 3402 3629 3452 ut
3657 3412 3787 3453 sese

1909 3535 2220 3592 GLOSS/E.

429 3643 473 3677 ³⁸
505 3643 717 3723 Defeeti
750 3645 1023 3714 majores.
1102 3647 1145 3680 ³⁷
1171 3647 1344 3772 Regis
1393 3649 1708 3704 consiliarii
1759 3652 2093 3722 frequenter
2138 3650 2346 3706 vocati.
2422 3650 2467 3683 ³⁸
2500 3651 2800 3704 Immunes
2831 3665 2865 3702 a
2893 3665 2996 3720 pro
3042 3647 3152 3707 rio.
3183 3646 3237 3701 id
3289 3651 3380 3703 est
3407 3664 3440 3702 a
3478 3664 3610 3716 suo,
3643 3646 3787 3718 quia

429 3712 703 3768 ialterius
734 3715 1085 3771 detrimento
1138 3734 1236 3772 eos
1291 3725 1550 3774 enerant.
1587 3720 1639 3774 id
1691 3729 1779 3774 est
1827 3723 2156 3774 munerant.
2235 3723 2280 3756 39
2312 3721 2468 3774 [dest
2497 3738 2530 3774 a
2559 3719 2835 3774 dominis.
2914 3721 2958 3754 ‘0
2988 3665 3289 3774 Bissinant
3335 3717 3423 3774 vel
3469 3725 3781 3774 evacuant.

362 3713 432 3787 de
464 3712 703 3768 alterius
734 3712 1085 3771 detrimento
1138 3712 1550 3787 eos‘fenerant,
1587 3720 1639 3774 id
1691 3729 1779 3776 est
1827 3712 2156 3776 munerant.
2235 3723 2280 3756 39
2312 3721 2468 3776 [dest
2497 3738 2530 3775 a
2559 3719 2835 3775 dominis.
2893 3712 2958 3754 ’⁸ο

3041 3718 3289 3774 issinant
3335 3717 3423 3774 vel
3469 3717 3781 3774 evacuant.

433 3789 734 3864 Prospera.
777 3787 820 3820 ⁴²
846 3787 1501 3864 __'I‘r_istibus_dominis._
1540 3785 1592 3825 "3
1623 3792 1923 3864 Implendo
1974 3792 2195 3847 scilicet
2224 3792 2571 3864 periculum.
2650 3792 2694 3825 “
2718 3791 2990 3864 Exosum.
3068 3790 3112 3825 ⁴⁵
3143 3785 3536 3864 Πυῐραηᾶρίρθι·
3587 3806 3781 3864 sacra.

357 3857 403 3934 ξδ
460 3860 761 3934 Auctores.
821 3859 882 3934 “7
931 3859 1292 3934 Serpentinis
1340 3861 1620 3934 crinibus.
1689 3857 1734 3904 ‘5
1782 3865 1911 3920 Lex.
1993 3865 2037 3898 ‘9
2084 3857 2386 3920 Bronchus
2451 3862 2800 3918 eminentior
2846 3879 2982 3933 pars
3032 3861 3308 3934 gutturis.
3383 3857 3781 3917 “Dentibus.

359 3931 556 3984 Postes
585 3943 718 3984 vero
749 3929 888 3997 oris,
921 3929 1125 3987 dentes
1155 3937 1313 3988 sunt.
1391 3934 1435 3968 ⁵1
1466 3933 1779 3991 Aff'ectatis.

1719 4060 2021 4116 SCHOLIA
2058 4059 2148 4116 ET
2186 4060 2412 4116 ΝΟΤίΕ.

391 4240 400 4251 ⁸
431 4169 616 4251 (1626)
647 4169 1185 4251 Statuuntquidem
1213 4178 1409 4251 castra
1437 4174 1496 4229 in
1521 4176 1828 4251 praeruptis
1852 4193 2016 4231 mon-

361 4241 660 4306 tium,sive
692 4241 1040 4298 transitihus
1062 4244 1374 4300 fluminum
1396 4241 1669 4302 custodes
1689 4241 1864 4302 etiam
1887 4264 2019 4302 con-

361 4311 637 4379 stituunt,
673 4317 738 4367 ut
768 4312 1011 4379 nulli,se
1041 4315 1356 4387 incognito,
1390 4318 1789 4374 transmeandi
1825 4321 2020 4390 pateat

361 4399 632 4439 θοοθεειιε
641 4426 653 4437 .

433 4455 616 4529 (1621)
651 4454 848 4529 Elegia
898 4456 1174 4529 dicuntur
1199 4458 1530 4529 ignominia:
1561 4461 1678 4516 sive
1729 4466 1875 4517 nota:
1907 4460 2016 4515 cri-

363 4526 614 4603 minum.
647 4526 853 4603 alogia
882 4544 1014 4582 vero
1047 4526 1323 4603 dicuntur
1351 4531 1611 4603 convivia
1640 4557 1654 4598 ;
1687 4533 1854 4592 bene.
1879 4533 2018 4603 quia

362 4597 588 4677 antiqui
619 4597 862 4677 silentes
891 4603 949 4677 et
978 4600 1154 4670 quieti
1189 4601 1571 4672 prandebant.
1593 4603 1852 4677 Moderni
1884 4597 2016 4659 vino

362 4670 422 4744 in
468 4670 746 4744 conviviis
796 4676 1044 4739 utentes,
1077 4670 1209 4726 cum
1261 4688 1376 4744 quo
1407 4690 1521 4728 non
1570 4680 1658 4728 est
1689 4675 1776 4730 fas
1821 4681 2016 4730 custo-

2128 4176 2380 4231 ferarum
2413 4174 2681 4229 habitum
2713 4173 3122 4230 transformari
3150 4173 3478 4229 videantur.
3502 4177 3659 4245 Apta
3687 4191 3781 4229 ve-

2127 4247 2450 4317 natoribus,
2501 4251 2558 4301 et
2605 4245 2856 4317 maxime
2903 4245 3274 4316 sagittariis:
3316 4260 3452 4298 nam
3502 4245 3637 4300 ferae
3684 4246 3785 4300 tali

2128 4319 2318 4390 Specie
2350 4316 2632 4390 deeeptae,
2656 4316 2824 4390 facile
2855 4317 2932 4390 ab
2959 4317 3104 4387 ipsis
3133 4316 3626 4390 propinquantu_r.

2196 4387 2833 4470 (1627)“1‘ragelaphus
2880 4388 3036 4470 idem
3079 4387 3185 4470 est,
3232 4387 3395 4470 quod
3425 4387 3785 4470 etnplatace-

2127 4458 2230 4515 ron
2271 4460 2330 4515 in
2366 4458 2866 4527 'Deuteronomio;
2901 4459 3116 4515 animal
3169 4458 3303 4515 latis
3351 4458 3656 4524 cornibus,
3690 4477 3787 4512 ea-

2127 4533 2259 4586 dem
2308 4548 2468 4604 paane
2517 4532 2706 4602 specie
2756 4535 2823 4604 ut
2867 4532 3038 4604 cervi,
3069 4530 3314 4604 villosos
3348 4533 3559 4604 tamen
3610 4530 3789 4604 habet

2127 4600 2343 4672 armos,
2385 4600 2646 4657 mentum
2681 4603 2994 4674 prolixum,
3023 4600 3268 4674 barbam
3302 4600 3618 4674 hirsutam.
3657 4603 3787 4657 Haec

2127 4675 2338 4730 etenim
2375 4673 2650 4728 animalia
2683 4672 2858 4744 juxta
2887 4673 3194 4730 Phasidem
3234 4676 3393 4729 sunt.
3429 4672 3635 4729 Latine
3666 4674 3787 4729 hir-

363 4738 486 4817 dire
517 4734 1120 4817 silentium,qusarunt
1150 4734 1300 4817 inter
1333 4745 1538 4815 pocula
1569 4748 1720 4816 quod
1755 4746 1851 4802 dia
1883 4763 2014 4817 poe-
2046 4734 2093 4798 D
2125 4762 2418 4802 cocervus.

362 4814 522 4865 mata
553 4818 808 4868 narrent.
831 4816 974 4868 Ante
1005 4814 1396 4870 inventionem
1429 4814 1643 4871 etenim
1676 4818 1794 4872 vini
1827 4814 2012 4873 nemi-

365 4881 778 4956 nemlegimus
808 4884 871 4956 in
896 4886 1156 4956 prandiis
1187 4887 1368 4942 fuisse
1399 4886 1684 4943 locutum.

437 4953 621 5031 (1622)
643 4953 916 5031 Aumatia
945 4954 1070 5031 loca
1110 4963 1248 5031 sunt
1271 4965 1492 5015 secreta
1524 4960 1580 5014 in
1615 4960 1860 5014 theatro.
1896 4962 2016 5031 (In-

360 5024 613 5100 fideliteir
643 5025 905 5100 Mansius
936 5027 1205 5100 humqtia.
1237 5030 1397 5100 MAI.)

437 5098 620 5168 (1623)
649 5097 1018 5168 Deceptores.
1073 5096 1601 5168 Plagiator'autem
1655 5101 1869 5157 dicitur
1913 5096 2018 5154 ἀπό

361 5165 460 5219 τοῦ
485 5165 744 5244 πλαγίον,
868 5176 978 5244 est
1005 5170 1076 5224 ab
1107 5165 1364 5244 obliquo,
1399 5175 1551 5244 quod
1589 5190 1703 5228 non
1735 5180 1892 5229 certa
1929 5177 2020 5228 via

363 5240 682 5310 gradiatur,
716 5241 815 5296 sed
849 5241 1171 5312 pellicendo
1202 5240 1372 5298 dolis.

434 5312 619 5382 (1624)
652 5312 988 5367 Pharetram
1015 5331 1170 5368 nunc
1194 5314 1334 5369 dicit
1354 5315 1615 5371 dolosam
1643 5320 1899 5372 mentem
1921 5334 2018 5371 va-

365 5379 876 5454 riarum'bajulam
911 5385 1278 5441 insidiarum.

464 5454 620 5526 1625)
645 5457 726 5510 Ad
763 5455 1014 5526 priorem
1046 5457 1364 5511 amicitiam
1401 5461 1782 5512 revertantur.

463 5524 621 5595 1626)
675 5524 992 5601 Mastrugis
1049 5528 1263 5601 vestiti.
1297 5533 1594 5601 Mastruga
1641 5546 1896 5601 namque
1925 5546 2020 5584 ve-

368 5592 616 5684 stis‘est
663 5613 729 5684 ex
767 5592 1029 5684 pellibus
1082 5600 1374 5684 feraru‘m;
1417 5604 1473 5682 et
1519 5592 1676 5682 dicta
1723 5592 2025 5684 mastruga

369 5671 538 5739 quasi
590 5672 986 5740 monstruosa,
1016 5688 1082 5726 eo
1130 5671 1285 5741 quod
1333 5671 1435 5743 qui
1480 5687 1609 5728 eam
1658 5672 1929 5745 induunt,
1955 5671 2021 5729 in

2195 4817 2378 4888 (1628)
2406 4815 2726 4871 Martisium
2777 4819 2866 4872 est
2894 4815 3060 4888 cibus
3107 4816 3166 4870 in
3210 4815 3486 4872 mortario
3539 4815 3784 4881 factum,

2127 4887 2283 4943 unde
2314 4895 2371 4942 et
2401 4903 2612 4942 nomen
2644 4887 2995 4958 adsumpsit.

2199 4960 2385 5030 (1629)
2415 4959 2681 5014 Intritum
2733 4957 3023 5030 siquidem
3057 4958 3331 5014 similiter
3354 4957 3546 5030 cibus
3571 4965 3687 5028 est,
3718 4973 3788 5013 ex

2128 5028 2277 5102 pane
2309 5035 2430 5086 arte
2461 5030 2753 5102 cocinaria
2766 5028 3188 5102 praeparatum.
3223 5029 3417 5102 Panis
3449 5028 3697 5100 quidem
3727 5031 3785 5084 in

2129 5100 2283 5173 aqua
2332 5102 2620 5173 mittitur,
2642 5106 2698 5156 et
2741 5100 2861 5155 illic
2900 5100 3346 5172 aliquantulum
3392 5101 3577 5156 donec
3629 5107 3789 5156 totus

2129 5172 2362 5230 infusus
2392 5174 2488 5241 sit,
2523 5172 2893 5244 relinquitur.
2928 5173 3141 5244 Postea,
3159 5189 3294 5228 vero
3324 5188 3393 5227 ex
3439 5189 3596 5244 aqua
3626 5190 3788 5229 sum-

2129 5250 2290 5318 ptus,
2339 5245 2398 5300 in
2449 5242 2724 5318 mortario
2773 5243 2897 5318 pilo
2939 5242 3247 5299 resolvitur
3274 5261 3291 5318 _:
3325 5248 3383 5299 et
3426 5242 3510 5318 sic
3557 5243 3688 5318 oleo
3734 5250 3787 5300 et

2129 5315 2356 5372 modico
2405 5315 2577 5372 melle
2623 5315 3055 5388 pigm’entisque
3102 5316 3446 5387 permixtus,
3488 5315 3549 5370 in
3601 5317 3786 5372 lebete

2129 5388 2250 5460 igni
2282 5388 2802 5460 adponitur,donec
2823 5387 3086 5460 debitum
3119 5387 3473 5460 perducatur
3487 5388 3563 5442 ad
3586 5404 3780 5445 usum.

2130 5458 2576 5514 Diciturautem
2608 5459 2875 5514 intritum
2907 5458 3076 5530 quasi
3106 5458 3446 5514 contritum.

2200 5531 2382 5602 (1630)
2413 5530 2704 5587 Hemistes
2731 5547 2872 5588 vasa
2901 5539 3062 5599 sunt,
3092 5547 3218 5601 quae
3249 5546 3365 5586 uno
3395 5533 3635 5586 tantum
3667 5530 3777 5602 spi-

2131 5601 2248 5657 ritu
2279 5601 2581 5658 bibuntur.
