4074 6190
462 269 590 328 875

1498 261 1834 322 ATTONIS
1876 258 2462 321 VERCELLENSIS
2506 257 2859 322 EPISCOPI

3784 255 3903 318 8'16

472 401 638 473 ipsis.
672 399 818 464 Quid
851 395 1013 452 taciti
1042 409 1255 466 respuo
1289 394 1785 465 nictent,quorum
1819 396 1875 448 et
1905 392 2108 464 frigul-
2141 397 2194 461 Α
2226 395 2431 462 potens
2463 391 2642 462 igitur
2672 407 2846 463 quem
2880 389 3004 446 suis
3032 388 3157 444 vult
3175 391 3468 445 ostentare
3498 386 3894 461 dignum,vel

473 492 583 544 tire
613 491 941 555 contemno,
967 485 1303 557 garrireque
1335 481 1503 538 nauci
1527 482 1829 553 pono.Non
1852 480 2118 536 diobola-

475 578 552 631 ris
585 577 654 630 ad
679 575 897 630 naznias
921 574 1122 646 lingua
1145 577 1232 628 est
1253 571 1396 626 mihi
1421 572 1682 626 deﬂuens
1707 587 1939 641 quaque
1963 570 2114 639 inju-

473 667 620 720 riam
654 664 787 718 stilo
818 669 1012 718 vestra
1042 679 1193 727 meo,
1226 663 1326 717 sed
1359 661 1407 716 si
1441 661 1795 732 syngraphis.
1827 664 2114 725 moveant,

474 755 545 809 ad
576 752 844 808 semnion
878 754 942 787 ¹⁶⁰
966 751 1188 824 paginae
1211 756 1329 807 stat
1350 754 1414 804 ut
1442 755 1650 804 nostris
1674 748 2118 804 ducantur.Mea

475 859 652 914 quam
686 859 788 897 nec
816 841 1018 897 obelus
1049 839 1325 913 signabit,
1357 838 1673 894 merebitur
1703 837 1956 909 (1665)...
1988 853 2120 891 cera

477 949 631 986 unus
661 947 789 986 esse
812 931 1014 986 sedula
1035 929 1221 985 turrix
1242 930 1308 965 ¹⁶¹
1338 927 1599 1000 cuspidis
1622 943 1693 982 ne
1713 926 1992 981 inhaereat
2013 943 2115 980 no-

402 1057 405 1059 »
478 1038 654 1076 cuum
685 1020 880 1092 sigim.

549 1111 634 1164 14.
673 1109 922 1165 Dedistis
952 1109 1127 1164 etiam
1153 1107 1387 1180 populis
1431 1105 1769 1161 blaterando
1805 1105 1939 1160 liee't
1971 1120 2117 1175 quos

475 1215 631 1254 nunc
661 1199 864 1254 sedare
890 1213 1175 1253 rumores.
1204 1195 1490 1251 Futilibus
1522 1194 1572 1249 si
1594 1193 1802 1249 deinde
1828 1192 2121 1265 pullulent

473 1288 575 1343 sed
594 1286 1055 1358 harpagantibus
1076 1286 1142 1320 ¹⁶²
1162 1283 1318 1351 ullis,
1343 1285 1635 1338 urbanum
1651 1283 1709 1338 in
1725 1283 1871 1354 ipsis
1894 1283 2118 1336 dudum

466 1379 594 1448 jam
626 1375 735 1430 erit
764 1380 904 1430 tunc
927 1374 1216 1446 promissa
1237 1373 1407 1428 tueri.
1442 1377 1593 1426 Num
1616 1372 2002 1427 lusciniarum
2032 1371 2117 1440 ‘53,

474 1469 531 1521 et
559 1465 711 1520 acies
735 1464 1042 1519 ﬂosculum
1066 1464 1113 1518 si
1138 1462 1213 1518 sit
1235 1460 1637 1534 perpendiculi
1659 1465 1934 1533 praetores
1956 1464 2118 1533 pote-

475 1558 615 1609 runt
632 1553 962 1625 prospicere
978 1553 1124 1608 sudo
1146 1551 1173 1605 ?
1190 1553 1384 1607 Erucae
1405 1555 1673 1622 quaerunt
1693 1551 1792 1606 sed
1817 1550 2119 1606 amrodere

477 1658 655 1706 more,
691 1658 805 1696 non
837 1642 990 1713 quod
1022 1641 1079 1696 in
1109 1657 1206 1696 ore
1238 1657 1410 1712 sapor
1432 1640 1530 1706 sit,
1562 1641 1662 1694 sed
1696 1645 1760 1694 ut
1792 1639 2119 1694 devorando

477 1745 717 1801 pessum
749 1731 907 1796 dent,
939 1729 1219 1784 horticola
1251 1728 1544 1802 repagulis
1575 1745 1678 1800 ego
1711 1745 1856 1799 quos
1881 1728 2121 1783 obstans

477 1819 781 1874 excludere
810 1835 969 1874 curo.
1025 1817 1380 1889 Myropolam
1431 1819 1662 1881 adeant,
1697 1815 1932 1887 collyria
1962 1815 2122 1870 dele-

477 1912 638 1979 gent,
656 1912 712 1962 et
742 1906 1061 1962 alucinaria
1098 1908 1164 1941 ¹⁶³
1184 1910 1435 1964 comant.
1458 1909 1522 1959 ut
1552 1905 1812 1958 lucidum
1830 1909 1960 1975 post
1989 1921 2122 1975 opa-

477 1982 729 2066 c’umque
761 1999 1086 2050 secernunt.
1110 1994 1234 2048 Non
1259 2009 1362 2065 ego
1387 1993 1674 2064 letargum
1698 2008 1907 2062 passus
1931 1991 2123 2046 officia

478 2085 790 2155 praesidum
825 2083 1035 2154 pellere
1059 2099 1369 2153 prmsumo,
1396 2082 1493 2137 sed
1521 2098 1633 2135 non
1660 2082 2000 2137 temeranda
2022 2098 2124 2134 ca-

477 2172 648 2243 stigo.
683 2172 877 2242 Inepte
907 2171 1062 2241 quod
1089 2169 1402 2239 retulijam
1429 2170 1567 2240 quia
1588 2186 1758 2240 grave
1781 2174 1869 2224 est
1890 2168 2120 2223 comicii

476 2261 752 2315 scandere
783 2275 1106 2327 summum,
1141 2258 1424 2330 captivam
1461 2262 1516 2312 et
1548 2258 1818 2329 subigere
1849 2257 2119 2328 patriam,

481 2348 845 2420 alterumque
877 2348 1113 2403 frustari
1146 2347 1311 2402 solio.
1338 2347 1548 2401 Pornia
1583 2347 1648 2380 1⁵⁵
1679 2352 1736 2400 et
1765 2347 1960 2417 praada
1989 2346 2122 2416 quis

476 2439 584 2493 hoc
615 2437 723 2493 etsi
758 2439 999 2508 deneget
1021 2437 1131 2491 erit
1158 2455 1169 2502 ;
1195 2435 1406 2508 pellere
1428 2436 1747 2507 primatum
1772 2435 1965 2506 potius
1997 2451 2122 2489 am-

476 2527 712 2599 plexum
737 2531 824 2581 est
845 2543 1023 2597 quam
1047 2525 1551 2596 auferrejugalem
1573 2525 1782 2579 ducere
1828 2523 2121 2595 inelegum

477 2619 564 2669 An
595 2615 776 2670 levius
808 2633 841 2669 a
872 2615 1104 2686 proprio
1138 2631 1254 2668 non
1279 2614 1387 2668 fert
1415 2613 1611 2668 exulat
1643 2613 1742 2682 qui
1776 2612 1976 2666 limine
2003 2619 2118 2666 tra—

479 2702 920 2773 ctus,premitur
942 2701 1001 2754 in
1024 2701 1244 2771 ipso,ut
1265 2700 1428 2756 labor
1443 2702 1528 2766 ¹⁶⁶,
1547 2717 1722 2771 quam
1743 2702 1839 2770 qui
1866 2701 2122 2756 rusticus

480 2790 720 2845 alterius
751 2789 895 2844 inibi
926 2789 1284 2844 condensare
1331 2805 1566 2860 promes
1598 2790 1684 2854 1⁵⁷,
1720 2806 1866 2860 quos
1894 2793 2118 2845 struxe-

479 2884 569 2933 rat
597 2878 706 2933 sibi
744 2893 812 2932 ne
835 2878 1099 2933 mordeat
1127 2877 1259 2932 inde
1282 2878 1451 2948 cujus
1483 2878 1703 2949 absque
1726 2879 1861 2948 jure
1884 2895 2120 2949 parum-

478 2967 627 3038 per?
659 2967 985 3022 Vadatusve
1026 2965 1365 3022 nummellis
1410 2967 1494 3032 ⁸⁸⁸,
1541 2973 1598 3022 et
1630 2968 1972 3037 abstemius,
2005 2967 2122 3022 sint

478 3058 618 3111 dum
642 3056 836 3111 diruta
857 3059 1086 3110 cuncta.
1112 3055 1298 3110 Saviis
1323 3053 1423 3126 qui
1446 3055 1740 3126 propriam
1763 3056 1946 3110 cernit
1969 3055 2120 3110 mul-

2229 497 2532 551 procerum
2567 498 2685 535 una
2713 480 2920 552 quaerit
2949 478 3214 534 omnium
3251 493 3591 549 promovere
3624 493 3894 533 conven-

2227 577 2342 635 tus,
2368 571 2533 640 juvat
2566 575 2621 624 et
2651 586 2826 640 quem
2852 568 3077 641 patrius
3100 583 3265 622 amor
3296 568 3366 622 ad
3393 566 3448 621 id
3473 568 3766 629 decerus,
3801 583 3897 620 va-

2226 663 2451 713 cantem
2469 659 2553 714 fas
2576 663 2666 713 est
2686 658 2998 713 ascendere
3020 657 3457 722 thronum,cum
3487 655 3892 711 antestat.Sed

2227 753 2423 803 caveat
2453 749 2604 819 quod
2640 747 2852 819 populo
2900 764 2970 802 ne
3019 746 3245 801 dividiae
3296 750 3588 812 crescant,
3623 747 3761 815 ejus
3793 747 3890 800 sed

2227 852 2526 905 ascensus,
2551 837 2855 907 justitium
2891 840 2947 890 et
2969 834 3017 890 si
3040 835 3116 890 sit
3139 841 3434 890 removeat
3454 851 3661 889 omne.
3690 835 3782 888 Ad
3807 851 3888 889 re-

2227 941 2409 996 gnum
2440 925 2730 980 evaserint
2760 924 2860 996 qui
2910 923 3014 978 tali
3060 923 3304 994 satione,
3340 922 3569 978 felicem
3606 928 3888 995 poterunt

2232 1014 2458 1069 beando
2490 1015 2642 1069 diem
2677 1014 2916 1069 forsitan
2941 1013 3190 1084 patriam
3213 1012 3472 1068 obtinere
3503 1028 3883 1083 supremum.

2229 1102 2576 1175 Tyrannidis
2602 1103 2758 1158 exuti
2785 1103 2949 1158 luent
2978 1118 3209 1173 pmnam
3231 1101 3631 1173 caeteri,quam
3668 1105 3730 1156 et
3765 1118 3888 1173 pro-

2225 1197 2530 1247 traxerunt
2579 1193 2849 1262 tenendo,
2900 1193 3226 1264 pandecten
3251 1191 3316 1225 ¹⁷⁰
3347 1205 3614 1246 reserare
3646 1192 3884 1261 poterit,

2227 1285 2491 1337 ramenta
2523 1283 2582 1317 ¹⁷¹
2621 1282 2735 1335 haec
2764 1281 2824 1335 in
2845 1281 3154 1353 gymnasia
3174 1280 3340 1336 vobis
3368 1298 3382 1348 ;
3410 1279 3692 1334 millenas
3725 1284 3790 1335 et
3811 1281 3887 1334 fa-

2228 1369 2344 1425 cies
2377 1371 2445 1406 ¹⁷²
2479 1372 2646 1441 cujus
2674 1371 2721 1424 si
2753 1369 3039 1425 revolvere
3071 1369 3276 1440 placet,
3304 1385 3416 1424 non
3439 1368 3672 1424 obicem
3705 1384 3887 1439 oppo-

2229 1463 2326 1513 net
2355 1459 2502 1515 meis
2530 1458 2803 1527 testibus,
2833 1459 2934 1514 sed
2968 1458 3203 1531 scriptis
3237 1457 3362 1529 ipse
3391 1461 3727 1513 succurret.

2300 1549 2384 1603 15.
2421 1554 2495 1602 At
2525 1554 2589 1604 ut
2617 1550 2687 1604 ad
2714 1549 2872 1621 ipsos
2895 1549 3110 1617 redeat,
3135 1565 3284 1620 quos
3306 1553 3632 1621 praenotare
3657 1550 3880 1604 curatis

2230 1636 2288 1690 in
2324 1636 2526 1692 faciem
2559 1638 2627 1672 ¹⁷³
2659 1636 3032 1704 stilus,Isai,o
3056 1635 3333 1709 pelingna
3356 1638 3423 1671 1'”
3446 1637 3888 1709 cohors,proles

2231 1743 2301 1781 an
2337 1726 2775 1798 prcespiraverat
2805 1742 2992 1797 usque
3014 1725 3072 1780 in
3096 1725 3417 1797 scipionem
3442 1727 3634 1796 (1666)
3658 1731 3887 1781 mutare

2233 1815 2723 1886 pedum,videntis
2745 1815 2885 1870 dum
2918 1815 3178 1870 oratione
3202 1815 3434 1886 mystici
3457 1815 3714 1886 quaesita
3735 1816 3886 1871 chri-

2233 1905 2438 1958 smatis
2469 1904 2525 1958 in
2561 1904 2772 1959 vertice
2796 1905 2872 1959 sit
2895 1905 3104 1959 virtute
3135 1903 3372 1976 praelata
3391 1904 3418 1958 ‘I
3437 1904 3884 1972 Ezechiam,Jo-

2233 1993 2500 2062 siamque
2523 1992 2756 2064 genitali
2785 1993 3070 2064 prodiisse
3093 1992 3305 2064 pepulo
3329 1992 3521 2048 recolo
3545 1993 3780 2048 favente
3801 2011 3884 2050 re-

2233 2098 2372 2153 gum
2404 2099 2436 2136 a
2468 2083 2753 2153 sanguine
2775 2098 2956 2153 reges.
2985 2081 3200 2137 Helena
3232 2099 3344 2137 non
3377 2083 3509 2152 ejus
3533 2083 3795 2154 genitrix
3815 2100 3885 2136 an

2235 2171 2395 2243 regni
2415 2172 2602 2226 fuerat
2619 2171 2844 2243 genitor
2861 2173 3028 2242 cujus
3048 2171 3108 2225 in
3123 2172 3258 2226 sede
3275 2171 3550 2243 scpitus‘?
3567 2172 3887 2226 consedere

2234 2260 2374 2314 dum
2389 2265 2583 2331 ageret
2597 2260 2705 2316 sibi
2722 2259 2902 2315 voluit
2919 2261 3073 2331 quod
3096 2261 3456 2332 providentia
3474 2266 3690 2315 natum
3707 2263 3890 2331 {1667}

2235 2347 2524 2404 militibus
2555 2349 2842 2421 Hispanias
2874 2348 3045 2404 claris
3089 2355 3177 2404 est
3206 2353 3264 2403 et
3294 2349 3674 2405 Theodosius
3705 2355 3886 2417 ortus,

2233 2438 2447 2492 auxilio
2471 2442 2664 2492 tutum
2689 2438 2861 2508 primi
2881 2455 2914 2492 a
2935 2438 3198 2492 barbaris
3224 2438 3319 2509 qui
3346 2439 3603 2492 reddidit
3621 2439 3889 2494 numinis

2233 2528 2454 2581 orbem.
2490 2526 2726 2581 Iudiciis
2752 2526 3007 2598 primum
3031 2527 3103 2580 ad
3128 2543 3361 2581 summa
3381 2543 3517 2582 cum
3552 2527 3891 2583 intenderat

2232 2632 2294 2671 se
2326 2632 2557 2687 quoque
2590 2613 2788 2679 levari,
2826 2614 3055 2670 Meletio
3087 2616 3296 2686 (1668),
3340 2615 3610 2686 inquam,
3642 2634 3680 2672 a
3711 2619 3890 2689 probo

2230 2703 2288 2756 in
2319 2707 2577 2758 oramate
2608 2720 2669 2758 se
2699 2719 2941 2759 cernens
2972 2704 3202 2775 imperii
3237 2704 3518 2759 indutum
3549 2704 3885 2775 chlamyde,

2231 2796 2596 2862 stemmaque
2628 2792 2846 2847 ferente
2876 2792 3220 2864 impositum
3245 2809 3259 2859 ;
3286 2792 3543 2848 invisum
3570 2793 3692 2848 sibi
3722 2795 3890 2848 inda-

2230 2881 2364 2952 gine
2394 2881 2581 2952 potuit
2610 2885 2742 2936 ante
2771 2897 2888 2952 qua
2919 2895 3156 2936 noscere
3186 2880 3636 2947 eundem,nullo
3673 2883 3886 2948 indice,

2231 2985 2363 3023 cum
2390 2970 2742 3040 quandoque
2766 2970 2893 3039 ejus
2910 2969 3271 3040 conspiceret
3290 2970 3520 3024 vultum
3545 2971 3766 3041 (i669).
3787 2973 3890 3036 Qui

2231 3074 2364 3112 mox
2396 3061 2696 3129 promotus
2719 3059 2790 3112 ab
2813 3057 3158 3128 imperatore
3181 3057 3457 3112 Gratiano
3482 3074 3738 3114 consors
3770 3061 3890 3115 efti-

476 3161 605 3200 cere
637 3151 987 3210 matronam,
1022 3151 1078 3198 et
1107 3161 1223 3199 suae
1251 3147 1519 3215 nepotem
1564 3143 1792 3198 familiae
1826 3143 1876 3199 vi
1908 3145 2123 3200 sentiat
2155 3131 2197 3196 C
2234 3146 2403 3215 citur,
2428 3146 2571 3201 visio
2599 3147 2752 3217 quod
2773 3146 2901 3218 ipsa
2923 3146 3216 3201 monebat.
3244 3146 3650 3218 Urguentibus
3677 3149 3895 3204 interea

476 3250 848 3305 corrumpere
879 3233 1268 3306 hymenaeum,
1293 3249 1494 3288 earum
1517 3234 1658 3303 quin
1680 3233 1855 3289 etiam
1881 3237 1936 3288 et
1965 3234 2124 3289 delu-

478 3325 614 3378 dere
644 3339 850 3394 procos
881 3340 983 3394 spe
1006 3321 1283 3378 clientelae
1307 3323 1547 3378 seducta
1566 3327 1787 3396 Arguat
1808 3322 1988 3393 aliqui
2011 3323 2118 3377 dif-

478 3411 650 3479 ficile,
681 3413 729 3466 si
770 3411 892 3466 hero
941 3417 1046 3477 est,
1100 3411 1368 3465 invadere
1423 3426 1688 3482 regnum.
1743 3409 2022 3465 Polenum
2056 3411 2123 3445 ¹⁶⁹

479 3501 633 3570 quod
661 3500 796 3553 hinc
817 3504 922 3568 est,
943 3500 1032 3553 cui
1059 3499 1257 3553 oriend
1269 3515 1364 3552 um
1385 3499 1634 3553 delectat
1655 3503 1889 3569 oppetet
1905 3500 2123 3554 interea

481 3589 646 3654 forte,
680 3587 1069 3657 barathroque
1102 3587 1357 3641 decedet.
1389 3587 1579 3641 Inhiat
1609 3587 1933 3658 descriptos
1955 3593 2118 3644 caete-

480 3677 562 3731 ris
592 3676 693 3731 sed
725 3675 824 3747 qui
855 3692 1058 3746 parare
1089 3692 1378 3740 maerores,
1409 3677 1699 3730 Avernum
1731 3681 1832 3729 aut
1870 3676 2118 3748 ignorat,

481 3765 813 3836 impavidus
844 3769 947 3819 aut
977 3769 1260 3836 expectat.
1297 3766 1478 3830 Quem
1509 3765 1634 3836 ipse
1663 3765 1934 3820 omnium
1965 3771 2123 3822 sator

477 3855 665 3910 volvet
693 3854 751 3909 in
777 3854 1223 3923 sententiam,ut
1251 3854 1320 3908 ab
1347 3854 1453 3908 hoc
1477 3854 1739 3908 discedat
1760 3871 1877 3908 aevo
1899 3854 2122 3926 ignobi-

477 3944 550 4001 lis
582 3944 905 4015 subeatque
927 3943 1107 3999 futuri
1131 3942 1508 4015 supplicium.
1526 3943 1914 4015 Prognosticis
1938 3945 2122 4000 omni-

2237 3234 2564 3307 bellis,quaa
2592 3235 2758 3306 isque
2790 3235 3032 3299 sedavit,
3069 3234 3433 3308 asquivocum
3457 3240 3516 3290 et
3541 3236 3688 3292 inde
3722 3255 3893 3294 suum

2232 3330 2498 3396 nepotem
2514 3323 2736 3380 meritis
2749 3324 2880 3395 equi
2889 3324 3198 3396 pedantem
3216 3324 3531 3396 tranquille
3556 3328 3753 3397 patris
3779 3330 3895 3382 avi-

2232 3429 2344 3484 que
2374 3413 2567 3468 decuit
2595 3413 2910 3468 subsedere
2939 3412 3240 3468 thronum.
3263 3413 3532 3468 Provenit
3563 3415 3751 3471 alicui
3787 3417 3889 3472 hac

2231 3502 2278 3557 si
2303 3503 2361 3556 in
2385 3518 2588 3556 norma
2611 3501 2802 3573 regale
2815 3500 3113 3568 solium,et
3132 3501 3182 3556 si
3200 3503 3417 3570 sedeat,
3439 3502 3747 3574 huncjam
3777 3522 3885 3560 non

2231 3589 2403 3661 culpa
2434 3589 2672 3657 tenebit,
2689 3590 2761 3644 ad
2786 3589 3110 3660 majestatis
3138 3595 3324 3644 semet
3353 3594 3526 3644 tanta:
3559 3598 3808 3648 censeat
3834 3593 3880 3648 si

2230 3680 2497 3733 sufﬁcere
2520 3694 2728 3733 nomen
2755 3695 2768 3746 ;
2793 3677 3036 3734 minime
3059 3695 3162 3749 pro
3185 3695 3301 3750 quo
3324 3679 3425 3734 sed
3443 3679 3669 3750 jubilet
3695 3683 3882 3737 adhuc

2231 3783 2292 3822 se
2326 3783 2558 3822 manere
2597 3781 2890 3822 securum.
2951 3767 3230 3839 Auspicia
3276 3766 3555 3840 supplent
3605 3770 3737 3826 solo
3775 3788 3887 3826 non

2230 3857 2483 3928 praebere
2509 3855 2755 3927 felicem,
2803 3856 2904 3912 sed
2946 3856 3308 3912 incrementa
3361 3864 3664 3930 quarunt,
3715 3861 3891 3933 digna

2230 3945 2365 4001 licet
2390 3944 2664 4001 existant.

2019 4144 2328 4201 GLOSSIE.

470 4295 750 4368 qualitate
782 4297 910 4352 soni
943 4297 1177 4354 dicitur.
1259 4296 1325 4332 ¹⁶⁰
1356 4294 1592 4351 Semnio
1625 4293 1838 4366 Grecze,
1872 4295 2073 4354 Latine
2122 4296 2590 4352 conventiculum
2642 4294 3023 4352 honestorum
3057 4296 3289 4352 dicitur.
3369 4299 3436 4334 ¹⁶¹
3470 4298 3798 4356 Herierunt
3827 4302 3885 4355 in

468 4367 678 4424 lacuna
727 4369 955 4441 glossaa.
999 4440 1004 4441 γ
1039 4367 1574 4441 1“_Exeole_nsibus.
1655 4368 1720 4401 ¹⁶³
1752 4370 2010 4424 Luscinii
2042 4370 2318 4424 dicuntur
2355 4369 2414 4424 in
2449 4370 2541 4424 die
2591 4369 3111 4441 parumpvidentes.
3189 4370 3257 4404 ¹⁶⁴
3286 4369 3440 4425 Vasa
3470 4373 3805 4427 somniaria
3832 4379 3886 4427 et

469 4439 1043 4512 obscura,ﬁconopeis
1075 4439 1309 4494 similia.
1335 4439 1618 4512 Dicuntur
1637 4444 1833 4494 autem
1867 4441 2188 4496 alucinaria
2219 4440 2386 4511 quasi
2418 4459 2451 4496 a
2475 4439 2605 4495 luce
2624 4439 2825 4512 ἕψει,ἱᾲ
2849 4445 2938 4495 est
2957 4439 3086 4495 luce
3114 4441 3350 4511 privata.
3433 4443 3500 4478 ‘5‘
3524 4443 3880 4499 Fornicatio.

468 4513 535 4547 ¹⁶⁶
567 4513 752 4566 Fortis
787 4509 1200 4584 mercenarius.
1281 4512 1347 4584 15f
1381 4511 1464 4564 Ita
1493 4511 1618 4584 cod.
1650 4514 1721 4584 At
1747 4512 2006 4568 Mansius
2035 4509 2256 4581 primos;
2311 4512 2444 4566 MAI.
2527 4512 2590 4547 “33
2622 4509 2868 4584 Vincula
2909 4509 3126 4582 quibus
3155 4513 3572 4584 quadrupedes
3631 4514 3879 4584 alligan-

465 4589 581 4637 tur.
664 4585 729 4618 ¹⁶⁹
760 4583 1004 4638 Bellum.
1086 4583 1150 4618 ¹τ⁰
1175 4582 1478 4650 Pandecte,
1503 4581 1647 4636 liber
1669 4583 1845 4638 Vetus
1875 4590 1931 4638 et
1947 4584 2168 4640 Novum
2187 4585 2630 4638 Testamentum
2654 4581 2979 4637 continens.
3059 4584 3123 4618 ίτί
3160 4581 3515 4640 Ramentum
3541 4584 3662 4640 dici
3688 4581 3880 4642 voiue-

465 4659 597 4708 rant
627 4655 852 4726 antiqui
887 4654 1057 4726 quasi
1089 4654 1384 4724 quoddam
1418 4652 1785 4725 projeticium
1818 4660 2289 4728 purgamentum.
2374 4655 2440 4689 ¹τ²
2477 4654 2651 4708 Folia.
2730 4653 3088 4724 Specialiter.
3170 4656 3235 4688 ‘7‘
3266 4655 3475 4710 Stulta.

1804 4852 2105 4909 SCHOLIA
2141 4853 2232 4910 ET
2274 4849 2510 4906 NOTz’E.

527 4999 716 5076 (φξβ)
748 5000 1048 5076 Perierunt
1079 5005 1253 5060 verba
1283 5003 1522 5076 aliquot.
1559 5005 1694 5060 MAI.

523 5071 710 5152 (1666)
741 5071 1500 5152 Scipio‘virgaregalis'est.
1535 5077 1778 5152 Romani
1807 5077 2096 5147 siquidem

453 5146 774 5219 scipionem
795 5146 1076 5200 vocabant
1090 5146 1311 5217 virgam
1327 5164 1503 5218 quam
1521 5146 1951 5219 triumphantes
1967 5164 2098 5202 cum

451 5217 770 5337 gceptroiu
795 5234 973 5272 manu
996 5221 1295 5288 gerebant,
1321 5217 1391 5274 ad
1440 5217 1824 5276 imitationem
1849 5219 2098 5274 victorias

489 5300 760 5355 eipioms.

521 5330 1036 5432 (-i’66.7.)wf(]onstans
1095 5361 1250 5416 enim
1305 5361 1622 5432 imperator
1677 5361 1862 5416 ﬁlium
1921 5377 2096 5415 suum

450 5423 896 5552 Constapttinum
930 5433 1121 5486 favore
1166 5433 1365 5504 populi
1393 5423 1573 5487 etiam
1625 5449 1823 5487 secum
1855 5449 2097 5504 regnare

447 5509 659 5565 compu
695 5518 704 5552 ι
742 5542 754 5553 .

518 5542 997 5655 qggéj'liieletius
1046 5574 1283 5655 quidem
1328 5575 1642 5655 episcopus
1683 5575 1794 5655 fuit
1822 5575 2094 5655 Sebastes

442 5636 729 5696 Asmeniie
760 5644 1027 5716 civitatis,
1064 5636 1166 5717 qui
1198 5636 1403 5702 merito
1436 5636 1766 5703 sanctitatis
1800 5646 2092 5704 maximus

2136 5010 2181 5075 Ι)
2217 5004 2288 5058 ab
2303 5002 2578 5075 omnibus
2593 5001 2912 5075 dicebatur.
2932 5007 3142 5059 Postea
3161 5003 3340 5059 etiam
3355 5003 3426 5059 ad
3438 5003 3874 5062 Antiochenam

2214 5074 2537 5130 translatus
2569 5078 2659 5128 est
2688 5074 3015 5129 ecclesiam.

2282 5147 2468 5217 (i669)
2500 5145 2866 5200 Theodosius
2889 5162 3024 5200 cum
3047 5162 3080 5200 a
3099 5145 3373 5200 Gratiano
3397 5146 3762 5217 imperatore
3784 5148 3873 5202 di-

2211 5223 2404 5273 rectus
2436 5222 2638 5288 contra
2694 5217 2972 5272 barbaros
3028 5217 3474 5288 triumphasset,
3527 5219 3682 5273 vidit
3722 5219 3870 5274 sein

2209 5288 2432 5344 somnis
2448 5307 2489 5360 7a
2508 5287 2733 5342 Meletio
2757 5288 3027 5360 episcopo
3052 5287 3338 5359 imperiali
3365 5305 3525 5344 more
3546 5297 3827 5345 ornatum
3853 5310 3868 5356 ς

2207 5365 2263 5414 et
2296 5377 2407 5415 non
2444 5359 2613 5430 longe
2644 5365 2775 5433 post
2796 5361 2866 5414 ab
2885 5359 3094 5433 eodem
3121 5359 3392 5414 Gratiano
3416 5361 3490 5415 ad
3513 5361 3755 5433 imperii
3778 5379 3874 5416 su-

2207 5437 2444 5513 sceptus
2475 5431 2850 5513 estculmen.
2876 5431 2988 5486 Sed
3014 5438 3213 5513 postea
3235 5447 3366 5513 cum
3392 5431 3693 5513 synodum
3728 5433 3875 5487 Con-

2210 5501 2649 5576 stantinopolim
2682 5507 2923 5576 centum
2958 5501 3869 5576 quinquaginta,episcoporum

2204 5590 2558 5646 congregare
2586 5573 2838 5646 fecisset,
2872 5573 3033 5630 nullo
3065 5573 3370 5646 prodente,
3403 5573 3559 5646 inter
3579 5573 3789 5632 omnes
3807 5581 3870 5630 et

2204 5643 2670 5707 sola‘sul’somnii
2683 5645 2965 5703 memoria
2979 5643 3227 5704 eundem
3243 5645 3515 5720 cognovit
3533 5647 3864 5707 Meletium.
