4064 6188
238 251 364 313 ,877

1691 245 2216 309 POLYPTICUM.

3535 250 3654 311 878

324 384 405 439 16.
442 381 604 437 Unde
632 382 801 453 pasta
822 380 889 417 “5
912 380 1055 436 mihi
1087 397 1299 452 ponere
1339 398 1491 437 nunc
1524 382 1800 454 dogmata
1821 380 1892 435 li-
1924 382 1977 447 Α
2009 380 2231 435 tithetis
2289 381 2432 452 quin
2482 395 2749 437 recusare
2808 380 3089 452 appendit
3117 384 3257 436 tunc
3288 382 3551 454 mulgata
3584 385 3647 419 ¹⁰¹

248 473 363 527 bet.
395 468 553 544 Λόγῳ
583 468 772 543 κυρίου
794 468 932 525 Saul
955 469 1128 525 Israel
1153 471 1223 525 de
1245 488 1419 541 parva
1443 474 1529 525 est
1553 475 1616 525 ut
1636 474 1898 524 tueretur

249 560 487 615 traduce
516 559 760 614 levatus.
796 558 938 613 Hinc
972 559 1303 630 palcestinos
1328 559 1511 613 trudit
1542 558 1631 613 sui
1662 564 1896 613 caeteras

250 654 305 704 et
338 648 662 720 perduelles
694 652 923 719 ceperat
965 649 1021 701 in
1058 648 1324 702 tirocinio
1358 647 1519 719 regni
1554 664 1655 718 per
1688 663 1896 719 gyrum

251 737 519 791 nationes
551 736 773 791 levibus
810 736 1101 791 exinanire
1146 736 1483 807 triumphis.
1537 738 1716 801 Quem
1750 735 1901 807 pleo-

252 825 423 880 nexia
453 826 516 859 “5
548 829 613 879 ut
642 826 833 881 vetitis
881 824 1108 880 inhiare
1153 825 1359 896 coegit,
1392 842 1425 879 a
1458 841 1655 896 pugna
1687 829 1898 879 teretes

252 930 388 969 mox
417 915 544 984 ejus
592 918 885 968 cesserant
914 914 1193 985 torpendo
1243 913 1463 969 lacerti.
1504 912 1801 969 Terribola
1835 914 1898 948 “7

252 1020 421 1057 mens
450 1003 621 1057 etiam
646 1001 834 1057 hostis
864 1002 1044 1056 aciem
1065 1004 1235 1073 cujus
1258 1020 1371 1057 non
1397 1009 1658 1074 spectare
1691 1019 1902 1073 praesu-

252 1107 421 1145 mens
476 1095 660 1145 semet
693 1090 806 1145 telo
852 1092 1086 1162 proprio
1121 1091 1362 1163 impegit
1409 1096 1640 1146 aztnzeas
1678 1106 1899 1162 poenas.

252 1180 526 1234 Eudoxus
556 1178 619 1212 ιτθ
656 1183 712 1232 et
742 1194 937 1249 regem
970 1179 1278 1233 Manassen
1310 1179 1561 1233 redivivo
1594 1178 1776 1247 (1670)
1810 1183 1902 1230 tu-

254 1269 401 1323 lerat
428 1268 498 1322 de
520 1266 805 1338 sanguine
828 1267 1449 1338 princeps.Succedens
1471 1266 1731 1337 extingui
1754 1266 1902 1320 inte-

256 1357 365 1411 rim
404 1356 583 1426 (1671)
617 1355 844 1411 censuit
891 1356 1118 1427 genitor
1146 1356 1204 1410 in
1234 1356 1460 1421 throao,
1495 1356 1587 1410 cui
1620 1372 1746 1426 quze
1779 1355 1904 1425 ipse

257 1447 524 1517 ﬂagrare,
551 1447 605 1499 et
627 1461 753 1514 qua:
784 1444 1079 1499 subsiciva
1107 1446 1292 1515 (1672)
1324 1445 1535 1516 prodit,
1560 1444 1653 1499 his
1675 1442 1904 1515 suppli-

258 1535 445 1589 canda
470 1532 715 1588 sancivit
744 1531 1104 1600 ~theusebian
1139 1533 1514 1604 impugnans,
1540 1532 1822 1587 damonis
1852 1535 1908 1585 et

259 1622 423 1694 orgia
482 1623 729 1692 fanaque
777 1621 1079 1675 reducens.
1113 1621 1345 1691 Collega
1406 1619 1666 1675 Licinius
1725 1621 1906 1674 donec

260 1712 477 1783 quippe
508 1709 765 1763 militum
796 1709 855 1763 in
907 1709 1138 1781 agmine
1190 1710 1395 1778 tendit,
1458 1708 1693 1779 scytalis
1724 1707 1905 1779 (1673)

259 1815 462 1854 eorum
496 1798 566 1853 ad
590 1814 777 1868 usque
801 1796 1055 1852 obtinuit
1080 1796 1315 1851 inlicere
1337 1802 1585 1861 mentes,
1614 1796 1912 1850 favoribus

262 1892 327 1941 ut
356 1903 489 1941 eum
542 1890 856 1958 urguerent
885 1884 1106 1940 calculo
1138 1885 1300 1954 (1674
1354 1884 1548 1955 inepte
1599 1884 1770 1954 potiri
1800 1883 1911 1937 im-

264 1976 507 2047 perii,se
538 1976 847 2029 concinant
869 1974 1107 2044 impune
1139 1974 1247 2027 sub
1271 1977 1326 2027 et
1356 1990 1470 2044 quo
1494 1972 1683 2027 silere.
1708 1978 1910 2043 Auguc

265 2068 423 2118 stum
458 2062 741 2118 inluserat
771 2062 925 2133 quod
979 2061 1249 2116 sedulum
1279 2062 1485 2131 (1575),
1537 2065 1601 2114 ut
1634 2060 1828 2115 falciat
1858 2065 1914 2115 et

265 2154 412 2224 ipse.
445 2151 626 2215 Quem
659 2152 833 2206 etiam
868 2149 1148 2222 applicuit
1176 2150 1361 2220 (1676)
1412 2150 1697 2215 insodem,
1745 2166 1913 2203 suam

267 2241 490 2296 deﬂans
524 2242 590 2275 “9
620 2240 778 2294 haud
803 2240 1013 2311 jugare
1064 2253 1433 2311 germanam‘
1457 2239 1584 2309 ejus
1618 2237 1912 2293 thalamis.

264 2330 425 2401 Toga
454 2328 552 2400 qui
583 2329 872 2399 tantisper
924 2333 1051 2382 tum
1104 2328 1234 2382 rudi
1268 2332 1323 2383 te
1352 2328 1674 2383 obduxerat
1705 2326 1914 2399 pellax,

267 2418 608 2473 hortodoxis
631 2418 887 2472 secunda
908 2416 1160 2488 spirans,
1183 2422 1239 2471 et
1260 2416 1698 2471 daemonolatria
1721 2432 1916 2471 ruens.

268 2509 525 2562 Auxerat
556 2506 622 2539 ¹⁸⁰
651 2509 775 2559 tum
808 2504 1126 2576 delphicos,
1177 2510 1233 2560 et
1259 2505 1555 2577 tugularia
1588 2506 1651 2541 ίει
1709 2504 1922 2576 pressit

272 2611 513 2668 prorsus
544 2595 853 2664 abjurabat
884 2594 1231 2648 mechanica}
1260 2595 1324 2629 ³⁸³
1356 2598 1747 2665 acceptatores
1773 2594 1840 2628 ¹⁸³
1865 2598 1922 2648 et

272 2684 437 2750 artis,
470 2682 775 2737 archontes
810 2683 876 2725 ιει
915 2682 1249 2737 adlexerant
1278 2681 1454 2753 prisci
1486 2698 1633 2751 quos
1663 2687 1720 2737 et
1751 2682 1917 2737 adse-

273 2772 393 2827 clas
420 2771 529 2825 sibi
563 2776 621 2826 et
651 2770 1033 2842 spiculatores
1066 2769 1285 2824 cimilia
1318 2771 1384 2804 ¹⁸⁵
1426 2770 1649 2825 idoneis
1681 2776 1744 2825 ut
1775 2775 1919 2825 atta-

273 2862 569 2916 minarent
599 2877 731 2914 cum
760 2860 905 2931 ipsis
935 2863 992 2913 et
1048 2864 1337 2914 artaverat
1386 2860 1455 2914 is.
1488 2861 1655 2914 Anna
1705 2859 1771 2894 ¹⁸⁶
1794 2861 1919 2930 jam

274 2967 389 3005 non
422 2951 725 3020 auspicata
754 2947 1029 3002 caluisset
1064 2948 1149 3013 “’7,
1184 2951 1484 3002 auctorata
1517 2948 1582 2983 ¹⁸⁸
1614 2948 1801 3002 fuerat
1824 2965 1925 3019 per

274 3038 510 3094 climata
542 3037 626 3093 1”.
654 3037 765 3091 Sed
793 3046 852 3091 ul
884 3036 1189 3106 praesentia
1215 3036 1279 3069 ¹⁹⁰
1309 3036 1478 3105 cujus
1515 3035 1792 3107 desipuit,
1820 3054 1921 3090 an-

2006 469 2265 524 cruentis
2285 469 2435 524 alme
2478 471 2545 505 ‘99
2578 486 2781 541 nuper.
2814 470 3017 525 Jesum
3049 470 3421 526 confiteretur
3441 472 3568 542 jam
3602 472 3653 528 si

2009 558 2491 628 quis,sectoribus
2513 560 2767 629 primum
2790 560 3142 624 destinabat,
3166 564 3221 614 et
3244 559 3379 614 inde
3398 560 3649 617 lanistis.

2008 646 2151 700 Cum
2187 664 2318 701 mox
2349 652 2403 702 et
2435 648 2661 703 Bromio
2712 648 2995 704 bacchare
3041 648 3301 712 donavit,
3354 648 3651 721 simulque

2010 736 2252 807 Cynthio
2271 735 2653 807 complicibus
2684 753 2884 791 eorum
2904 741 2960 792 et
2991 737 3206 792 Incubo
3237 742 3408 792 tenus
3430 753 3653 794 omnes.

2012 824 2287 879 Praeterea
2309 840 2431 879 rom
2441 822 2667 896 phzeam
2686 825 3007 896 principem
3030 830 3291 880 erexerat
3303 829 3505 880 contra
3525 832 3652 881 tum

2010 911 2485 979 Constantinum,
2518 930 2552 968 a
2582 930 2694 984 quo
2717 914 3033 986 stipulatus
3054 914 3113 969 in
3136 930 3314 986 regno
3344 925 3451 982 est,
3480 914 3655 971 etiam

2011 1000 2375 1072 conglorium
2408 1002 2533 1071 ejus
2578 1007 2633 1055 et
2662 1003 3024 1074 cognationis
3055 1003 3319 1058 adtinxit.
3357 1002 3491 1059 Ilico
3540 1008 3658 1059 tra-

2012 1089 2188 1143 ducta
2220 1091 2284 1123 ¹⁰³
2314 1090 2413 1144 sed
2443 1090 2493 1144 ei
2526 1094 2587 1143 ut
2636 1096 2775 1145 sunt
2822 1091 2941 1146 haec
2990 1092 3117 1163 ipsa
3148 1091 3446 1164 refragans
3477 1109 3511 1148 a
3550 1110 3657 1147 nu-

2013 1176 2169 1232 mine
2200 1179 2267 1211 ‘9‘
2294 1178 2508 1233 exemit
2537 1196 2693 1247 eum,
2744 1187 2897 1235 tersa
2947 1181 3087 1252 quin
3130 1184 3186 1235 et
3227 1182 3365 1252 jura
3406 1180 3661 1237 ﬁrmavit

2012 1265 2215 1333 (1677).

2087 1354 2173 1408 17.
2210 1352 2396 1424 Digna
2427 1353 2663 1426 quidem
2703 1356 2927 1427 species
2959 1374 2992 1411 a
3020 1357 3249 1428 torpido
3284 1357 3378 1412 vix
3409 1357 3666 1429 pullulat

2015 1440 2103 1495 vel
2139 1444 2445 1512 nequando
2476 1459 2704 1515 genere.
2756 1445 2869 1499 Nec
2918 1462 3045 1516 quae
3087 1445 3259 1501 etiam
3294 1446 3366 1501 ab
3398 1451 3663 1519 expecta-

2017 1529 2118 1584 bili
2154 1532 2220 1566 195
2251 1534 2428 1595 extat,
2480 1532 2877 1588 indifferenter
2936 1534 3219 1605 provenit,
3281 1535 3381 1589 sed
3416 1535 3667 1590 subinde

2018 1619 2306 1690 praecipuo
2334 1620 2536 1675 defluit
2565 1638 2598 1676 a
2618 1621 2900 1693 germine,
2944 1638 3132 1693 neque
3158 1626 3222 1677 ut
3254 1627 3569 1694 praetenta
3600 1624 3665 1659 ¹⁹⁶

2020 1713 2225 1762 tonant
2272 1708 2344 1762 ad
2390 1714 2639 1780 sceptra,
2686 1714 2743 1765 et
2772 1714 2860 1765 est
2890 1710 3024 1765 inde
3074 1727 3241 1765 ruere
3282 1711 3523 1766 crimen.
3557 1700 3664 1766 Sed

2024 1812 2380 1867 quemquam
2440 1798 2716 1869 perficiet,
2778 1815 2882 1854 nec
2941 1798 3066 1853 sola
3112 1799 3324 1854 dicatio
3383 1816 3665 1872 magnum

2024 1901 2205 1955 aqua,
2236 1885 2561 1941 minoribus
2585 1888 2881 1958 dignatem
2910 1887 3151 1942 imbutis
3173 1904 3405 1959 quoque
3436 1893 3668 1960 proten-

2025 1974 2126 2028 dat
2155 1974 2459 2039 honestus,
2480 1977 2670 2045 quoad
2690 1976 2749 2030 in
2768 1980 3051 2031 aeternum
3076 1975 3267 2031 valeat
3288 1978 3673 2032 conscendere

2027 2078 2293 2133 regnum.
2328 2062 2609 2119 Redimiis
2651 2065 2833 2134 (1678)
2866 2065 3152 2121 debentur
3180 2064 3269 2120 ha;
3312 2065 3587 2121 omnibus
3620 2070 3677 2121 et

2027 2149 2397 2222 pbylacterim
2432 2152 2496 2187 ¹⁹⁷
2553 2152 2793 2207 Christi.
2853 2153 2915 2207 In
2978 2170 3257 2208 mensura
3307 2153 3435 2208 vitae
3466 2154 3675 2224 cuique

2028 2240 2265 2311 propria
2301 2256 2527 2296 servare
2560 2242 2910 2297 modestum.
2937 2241 3234 2297 Accidiam
3258 2241 3479 2297 ambire
3501 2247 3680 2314 ponat

2028 2332 2208 2393 extra,
2243 2328 2319 2384 sit
2346 2334 2403 2383 et
2451 2329 2740 2402 abrogans
2773 2330 2859 2400 ηδ,
2894 2330 2971 2386 sit
3024 2346 3211 2403 neque
3259 2347 3539 2403 congerro
3589 2332 3677 2385 19°.

2029 2415 2132 2471 Sat
2163 2415 2256 2470 cui
2286 2416 2405 2471 sint
2433 2417 2713 2473 beneﬁcia
2735 2419 2894 2489 juste
2925 2418 2976 2474 ei
3007 2435 3133 2489 qua:
3182 2418 3478 2491 liquerant
3529 2420 3679 2475 anti-

2030 2521 2211 2577 genes,
2246 2505 2534 2578 impendit
2562 2511 2619 2562 et
2648 2507 2849 2562 herilis
2886 2507 3205 2563 liberalitas
3252 2525 3379 2579 quae
3432 2506 3678 2564 inlibato

2031 2592 2316 2647 falumatu
2348 2600 2606 2667 cogente,
2644 2596 2779 2665 jure
2833 2600 2889 2651 et
2945 2600 3143 2651 exacta
3188 2597 3260 2651 de
3290 2596 3524 2668 pr0prio
3551 2613 3680 2668 quae

2030 2683 2332 2737 rusticatio
2360 2684 2573 2752 fundit,
2603 2700 2697 2739 ars
2719 2689 2775 2739 et
2804 2684 3070 2755 injuncta
3090 2701 3215 2756 quae
3238 2685 3345 2740 rite
3367 2685 3678 2757 depromit.

2031 2772 2233 2827 Ofﬁcia
2265 2772 2537 2843 delegent
2566 2778 2621 2827 et
2651 2773 2852 2828 sedulo
2870 2773 2919 2828 si
2953 2774 3097 2829 forte
3123 2774 3395 2845 majores,
3415 2773 3685 2846 suppleat

2032 2877 2146 2915 non
2176 2877 2450 2932 pompam
2474 2861 2567 2915 hic
2598 2862 2697 2916 sed
2720 2861 3021 2933 gestiendo
3045 2862 3423 2933 perbennem.
3447 2861 3681 2918 Emolu-

2033 2953 2294 3003 mentum
2348 2965 2475 3019 qua)
2507 2948 2555 3002 si
2588 2949 2860 3015 referant,
2880 2949 3085 3004 laudes
3118 2954 3331 3005 aeterno
3379 2950 3681 3020 rependat,

2032 3042 2087 3090 et
2115 3037 2330 3107 pariter
2349 3036 2650 3107 obsequia.
2679 3036 3015 3108 Deliquium
3030 3041 3087 3092 et
3114 3037 3385 3108 quamvis
3406 3037 3681 3108 patiatur,

1826 3178 2134 3234 GLOSSE.

353 3279 420 3314 ‘7‘
452 3277 759 3334 Praeclara:
796 3277 949 3351 unde
980 3280 1037 3332 et
1092 3275 1467 3351 pastophoris.
1518 3276 1789 3351 dicimus.
1872 3277 1937 3311 ¹τ⁶
1995 3275 2260 3331 Avaritia.
2344 3277 2421 3351 m_
2467 3276 2886 3351 Formidolosa.
2965 3280 3031 3314 “3
3091 3279 3259 3334 Bona:
3320 3278 3517 3351 gloriae
3560 3295 3683 3337 rex.

376 3350 730 3429 Despiciens.
760 3349 891 3429 ωίδξ
916 3349 1397 3429 Suppresserat."
1432 3348 1495 3387 ¹ι¹
1531 3348 1844 3429 Veneficii},

1919 3363 2003 3401 uae
2035 3364 2213 3418 super
2265 3346 2494 3419 tegulas
2553 3349 3053 3405 sacriﬁcabantur.
3133 3352 3201 3386 ¹⁸²
3233 3346 3680 3406 Fraudulentiaa.

284 3364 351 3387 ιι*
376 3364 730 3422 Despiciens.
819 3364 886 3383 ιον
916 3364 1351 3429 suppresserat.
1433 3364 1495 3387 ιιι
1541 3364 1844 3411 venencia,
1876 3364 2003 3473 quae
2035 3364 2213 3429 super
2265 3364 2494 3419 tegulas
2553 3364 3053 3405 sacrmcaoantur.
3133 3364 3201 3386 ιη
3233 3364 3680 3406 r'raudulentlaa.

284 3423 351 3458 ³⁸³
379 3424 680 3476 Auctores.
724 3420 825 3492 Hm
858 3424 1193 3492 Principes._
1257 3420 1323 3454 ¹⁸⁶
1352 3419 1503 3474 Vasa
1534 3436 1719 3473 sacra.
1800 3419 1886 3492 “ﬁ
1924 3420 2225 3492 nterjectlo
2255 3424 2344 3474 est
2373 3421 2761 3492 deprecantis,
2808 3422 2977 3492 quasi
3026 3421 3242 3478 diceret
3297 3422 3544 3490 utinam,
3590 3421 3682 3477 vel

254 3494 545 3548 obsecro.
627 3492 689 3526 ¹⁸⁷
721 3490 1356 3561 Νυῐῐιίῃυωηὶηοὴοαὶθ.
1385 3494 1743 3547 evacuasset.
1826 3490 1892 3525 1⁸⁸
1922 3490 2279 3545 Auctoritate
2309 3492 2601 3561 majorum
2632 3490 2883 3547 ﬁrmata.
2964 3492 3032 3528 ί⁸⁹
3068 3496 3178 3548 Per

280 3565 352 3600 ¹⁹⁰
385 3563 730 3618 Dominatio.
809 3563 873 3598 ¹⁹¹
908 3562 1158 3617 Prolata.
1240 3563 1306 3597 ¹⁹²
1345 3562 1572 3617 Sancte.
1653 3563 1719 3597 ¹⁹³
1777 3561 1922 3616 Publ

2046 3578 2098 3615 an
2180 3562 2248 3597 19"»

3265 3497 3416 3549 artes
3448 3493 3677 3548 mundi.

2308 3561 2615 3617 Potestate.
2698 3564 2763 3598 "5
2819 3562 3031 3619 Nobili.
3108 3566 3175 3600 ¹⁹⁶
3224 3561 3532 3620 Praedicta.
3612 3565 3679 3600 ¹⁹⁷

276 3634 741 3692 Observationes.
824 3634 890 3669 ηδ
922 3632 1190 3689 Humilis.
1269 3634 1339 3668 19°
1367 3638 1763 3705 Congerrones
1792 3633 2071 3688 dicuntur
2100 3632 2199 3703 qui
2224 3632 2413 3688 aliena
2434 3634 2587 3689 bona
2603 3632 2716 3689 sibi
2737 3638 3078 3706 congerunt,
3103 3635 3161 3691 id
3185 3640 3275 3691 est
3299 3640 3677 3709 congregant.

1629 3758 1925 3814 SCHOLIA
1968 3759 2059 3813 ET
2098 3757 2333 3813 NOTAE.

353 3857 536 3927 (1670)
568 3854 960 3928 Reviviscente
987 3874 999 3911 :
1035 3860 1348 3928 postquam
1381 3856 1536 3928 enim
1570 3861 1718 3911 Deus
1751 3856 1927 3928 quin-
1962 3859 2003 3924 C
2045 3856 2733 3928 componebant_.Dicitur
2754 3858 2927 3911 etiam
2955 3856 3213 3912 calculus
3236 3856 3466 3928 adeptio
3489 3855 3691 3912 culmi-

285 3930 472 3983 decim
504 3944 688 3999 annos
719 3927 972 3981 Ezechias
1032 3927 1188 3981 auxit
1237 3927 1307 3981 ad
1354 3927 1555 3993 vitam,
1591 3927 1789 3999 postea
1821 3928 1929 3982 iste

286 4006 458 4055 natus
488 4004 577 4053 est
608 3998 927 4053 Manasses.

358 4071 538 4140 (1671)
574 4070 829 4135 Interim,
864 4070 1066 4123 donec.
1102 4068 1338 4140 Interim
1392 4073 1585 4123 autem
1637 4069 1780 4123 dixit
1810 4086 1937 4140 pro-

289 4139 417 4213 pter
434 4142 620 4212 ipsius
638 4140 907 4213 ultimam
929 4139 1421 4213 conversationem
1435 4182 1445 4191 .
1459 4140 1785 4213 Notandum
1800 4139 1938 4213 sane

291 4210 682 4283 quod'horum
732 4212 910 4265 trium
942 4227 1143 4283 regum
1194 4210 1497 4283 exemplus
1527 4211 1689 4281 satis,
1723 4211 1939 4283 adhoc

293 4282 447 4354 quod
479 4288 859 4354 proposuerat
906 4282 1311 4354 explicandum
1357 4282 1624 4354 sufficere
1671 4282 1937 4337 credidit.

291 4353 439 4410 Nam
471 4354 550 4407 hii
575 4353 832 4425 legitime
863 4358 1161 4408 sumentes
1185 4353 1495 4423 imperium
1521 4354 1943 4425 nefandissime

336 4425 671 4481 ostmodum
704 4425 1027 4480 conversati
1060 4429 1196 4479 sunt
1219 4442 1235 4477 :
1261 4440 1509 4493 quorum
1535 4424 1834 4479 Manasses
1857 4441 1944 4478 so-

336 4444 671 4481 ommoaum
704 4444 1027 4480 conversam
1060 4444 1196 4479 sunt
1219 4444 1235 4477 :
1261 4444 1509 4493 quorum
1535 4444 1834 4479 manasses
1857 4444 1944 4478 so-

294 4444 389 4551 liis
411 4496 528 4568 egit
558 4495 957 4568 paenitentiam
985 4512 998 4549 :
1032 4495 1203 4550 ceteri
1239 4512 1369 4568 vero
1401 4496 1459 4549 in
1482 4494 1537 4568 id
1566 4496 1946 4568 perdurantes

302 4569 375 4623 ad
433 4566 723 4622 infelicem
760 4571 1146 4638 pervenerunt
1192 4566 1439 4621 exitum.
1499 4566 1577 4621 In
1610 4566 1827 4636 quibus
1855 4583 1945 4621 os.

296 4638 486 4694 tendit
518 4638 751 4693 nullum
777 4640 986 4693 debere
1010 4655 1111 4709 pro
1135 4638 1483 4692 rectitudine
1503 4655 1631 4693 esse
1653 4653 1945 4703 securum,

298 4710 387 4766 vel
421 4726 523 4780 pro
555 4709 904 4764 criminibus
927 4710 1255 4780 desperare.

372 4779 557 4852 (17672)
614 4780 950 4836 Abicienda.
1002 4779 1305 4852 subsiciva
1358 4780 1587 4851 proprie
1644 4785 1783 4835 sunt
1825 4795 1951 4851 quae

304 4850 471 4909 sutor
500 4853 572 4907 de
604 4852 851 4907 materia
894 4850 1211 4923 praecidens
1242 4852 1409 4921 quasi
1439 4850 1800 4923 supervacua
1829 4850 1955 4905 am-

350 4928 495 4978 utat.

304 4942 563 5073 putf6t73)
598 4992 865 5073 Scytalis
923 5008 1109 5073 genus
1166 4996 1253 5073 est
1283 4993 1593 5073 serpentis,
1636 5010 1761 5073 quae
1794 4996 1959 5073 tanta

306 5065 615 5137 praefulget
647 5064 791 5136 tergi
822 5063 1115 5137 varietate,
1162 5068 1226 5117 ut
1266 5068 1561 5137 notarum_
1583 5064 1770 5133 gratia
1799 5063 1959 5137 aspif

310 5134 810 5215 cientes'_retard'et
835 5153 848 5215 ξ
877 5140 933 5215 et
965 5135 1064 5215 qui
1106 5134 1385 5215 reptando
1416 5134 1635 5215 pigrior
1654 5139 1770 5215 est,
1805 5134 1960 5215 quad

2045 3926 2249 4007 nis_vel
2282 3926 2556 3995 victoriae,
2582 3929 2721 4007 quia
2742 3929 3011 4007 quotiens
3043 3930 3117 4007 ad
3147 3926 3541 3983 millenarium
3563 3944 3691 4007 cre-

1974 4042 1975 4045 η
2045 3999 2243 4053 scebat
2274 4014 2575 4069 numerus,
2601 3998 2983 4053 millesimum
3010 3999 3120 4053 sibi
3143 3998 3697 4069 computatoresad-

2046 4069 2357 4141 sumebant
2370 4068 2592 4122 calculo
2605 4069 3073 4141 m,dicebantque
3087 4086 3147 4125 se
3164 4068 3499 4141 totadeptos
3516 4068 3696 4141 fuisse

2048 4140 2323 4203 calculos,
2357 4144 2499 4210 quot
2528 4144 2583 4193 et
2618 4140 2779 4194 milia
2830 4144 3255 4196 numerassent.
3289 4141 3358 4194 Et
3395 4140 3523 4194 ideo
3556 4140 3697 4210 quia

2049 4210 2413 4265 millenarius
2440 4227 2722 4265 numerus
2742 4228 3013 4267 summus
3045 4217 3152 4282 est,
3186 4215 3241 4267 et
3269 4211 3423 4266 ultra
3444 4211 3568 4281 jam
3594 4227 3698 4264 nu—

2051 4282 2261 4337 merari
2296 4298 2408 4335 non
2442 4287 2650 4351 potest,
2685 4283 2871 4352 siquis
2894 4299 3189 4338 summam
3212 4282 3460 4352 alicujus
3490 4282 3569 4337 rei
3602 4282 3699 4336 ad-

2052 4353 2351 4424 quisisset,
2398 4354 2592 4424 ipsum
2628 4353 2901 4409 dicebant
2931 4354 3222 4409 calculum
3254 4353 3597 4409 obtinuisse.

2123 4424 2307 4496 (1675)
2339 4423 2616 4496 Sedulum
2660 4429 3012 4496 Augustum,
3048 4424 3295 4494 ﬁdelem,
3348 4426 3569 4495 absque
3600 4423 3702 4478 do-

2054 4495 2131 4550 lo.
2167 4495 2610 4567 Constantinum
2635 4494 2926 4567 siquidem
2949 4494 3111 4563 dicit,
3140 4497 3293 4567 quod
3311 4500 3366 4551 et
3382 4496 3440 4551 in
3459 4494 3703 4565 sequen-

2056 4567 2216 4622 tibus
2248 4566 2549 4621 indicabit.

2132 4638 2315 4708 (1676)
2347 4638 2677 4708 Adumpsit.
2731 4637 2987 4692 Audiens
3020 4637 3256 4708 quidem
3288 4634 3707 4708 Constantinus

2061 4706 2196 4763 eum
2227 4706 2455 4763 tantum
2487 4706 2714 4763 laudari
2746 4726 2779 4763 a
2801 4706 3109 4775 militibus,
3142 4724 3341 4763 secum
3371 4706 3616 4764 adscivit
3647 4706 3708 4760 in

2061 4780 2330 4850 imperio,
2365 4797 2654 4851 suamque
2686 4778 2770 4833 illi
2802 4796 3142 4851 germanam
3176 4780 3235 4834 in
3268 4778 3709 4851 matrimonium

2062 4849 2343 4906 tradidit:
2379 4850 2477 4921 qui
2510 4849 2654 4904 intio
2678 4849 2841 4921 regni
2880 4851 3012 4905 ficte
3043 4868 3105 4906 se
3136 4852 3467 4906 modestum
3507 4849 3707 4921 reddi-

2067 4923 2183 4987 dit;
2221 4919 2537 4999 novissime
2558 4919 2781 4999 veroad
2805 4922 3001 4999 omnia
3022 4922 3281 4999 facinora
3304 4923 3601 4999 delapsus,
3620 4919 3715 4999 in-

2068 5009 2245 5063 super
2275 4998 2332 5047 et
2361 4993 2583 5047 eisdem
2616 4992 2833 5048 bellum
2864 4993 3149 5061 indicens,
3184 4996 3254 5049 ab
3282 5010 3346 5049 eo
3368 4992 3714 5061 de'imperio

2070 5064 2202 5118 ilico
2235 5069 2322 5118 est
2353 5064 2635 5133 abjectus.

2141 5134 2323 5204 (1677)
2356 5130 2575 5204 Dejecit
2606 5135 2734 5204 ejus
2764 5134 3188 5191 abominandas
3220 5134 3395 5205 leges,
3423 5136 3481 5187 et
3509 5130 3719 5201 dignas

312 5208 556 5287 adsequi
590 5224 710 5287 non_
736 5206 931 5287 valet,
966 5205 1248 5287 miraculo
1292 5206 1405 5287 sui.
1434 5209 1743 5287 stupentes
1786 5206 1961 5275 capit.
1995 5224 2041 5287 Ι)
2073 5206 2714 5287 posuitnobrservandas.

311 5275 944 5349 Bene—ergo,iLicinius
982 5276 1219 5349 scytalis
1249 5280 1520 5349 vocatur,
1550 5275 1688 5345 quia
1720 5276 1963 5349 fraudu-

311 5351 473 5406 lenta
504 5347 873 5403 simulatiene
904 5347 1181 5404 adco'sibi
1213 5347 1465 5402 aliorum
1497 5347 1751 5402 favorem
1783 5347 1970 5401 adsci-

314 5424 423 5499 vit,
448 5424 750 5499 ut‘spont‘e
790 5419 900 5499 sibi
954 5420 1381 5499 subponercnt_:
1445 5418 1614 5499 cujus
1644 5418 1966 5499 ‘venenosis

321 5488 634 5553 fraudibus
667 5488 904 5561 plurimi
941 5488 1311 5561 postmodum
1332 5488 1680 5561 deperirent.

394 5562 577 5640 (1574)
604 5559 846 5637 Antiqui
869 5559 1099 5635 lapillos
1120 5561 1181 5629 in
1207 5577 1387 5619 manu
1407 5559 1671 5621 tenentes
1692 5575 1970 5623 numeros

2146 5278 2328 5347 (1678)
2361 5277 2633 5331 Redimia:
2657 5281 2797 5332 sunt
2829 5294 2954 5348 quae
2979 5275 3360 5348 abﬁhostibus
3398 5288 3661 5348 pervasa,
3687 5286 3725 5348 Aa

2076 5340 2326 5419 propriis
2358 5349 2611 5403 dominis
2630 5340 3019 5404 redimuntur.
3048 5346 3323 5419 Redimiae
3341 5340 3476 5415 ergo
3507 5340 3725 5419 Christi

2076 5414 2279 5473 omnes
2312 5424 2452 5474 sunt
2482 5419 2809 5486 christiani,
2835 5435 2983 5489 quos
3024 5434 3057 5472 a
3079 5415 3363 5489 diabolica
3383 5414 3723 5489 pervasione

2078 5506 2183 5618 sup
2216 5492 2499 5565 sanguine
2523 5490 2807 5550 redimere
2837 5486 2894 5546 et
2913 5489 3024 5545 sibi
3053 5486 3423 5547 reconciliare
3440 5486 3721 5562 dignatus

2078 5577 2141 5618 es
2177 5603 2189 5618 .

2078 5577 2189 5621 θεῖ.
