4064 6188
421 295 539 356 879

1449 290 1783 350 ATTONIS
1829 277 2412 349 VERCELLENSIS
2459 284 2813 349 EPISCOPI

3715 283 3849 346 880

423 428 672 483 eundem
705 441 818 479 non
849 439 1021 494 expes
1051 422 1312 494 flagitare
1342 423 1590 487 deserat,
1626 437 1729 476 nec
1761 421 1815 477 in
1841 425 2067 492 egesta-
2096 421 2149 488 Α
2183 420 2398 492 ﬁgulus
2429 419 2554 491 ipse
2587 420 2793 492 plastis
2837 418 3040 490 (1683).
3096 415 3432 473 Formulam
3464 420 3519 474 et
3549 417 3600 473 si
3631 417 3846 489 perﬁci

422 521 480 572 te
507 514 887 584 blasphemet,
918 513 1160 585 ignarus
1183 528 1299 583 qua
1341 512 1419 566 sit
1449 511 1736 565 sententia
1767 511 2063 567 tactus’o".

422 602 734 673 Inopinatae
785 605 1084 672 nequeunt
1132 617 1272 655 num
1322 600 1629 655 succedere
1683 598 1838 653 vices
1870 599 1896 652 ‘?
1944 599 2064 652 Prw

419 708 480 747 se
512 691 575 724 ²⁰¹
612 690 943 745 cenodoxus
975 689 1158 744 inhiet
1189 693 1423 761 cgratus
1457 689 1545 760 ²⁰²,
1591 705 1726 743 nam
1759 687 1808 742 si
1839 687 2064 741 auctio—

417 780 546 835 nari
572 779 640 813 ²⁰³
670 778 848 835 erinis
895 779 966 813 ²⁰⁴
994 777 1088 834 hic
1134 779 1316 834 elisus
1372 777 1602 850 poterit,
1656 777 1944 848 ereboque
1974 790 2066 830 re-

415 867 594 923 trudi.

489 957 576 1011 18.
637 956 912 1028 Patagine
970 957 1153 1028 (1679)
1211 955 1488 1028 profusus
1541 955 1670 1010 hem
1725 955 1928 1026 (1680),
1963 953 2058 1008 sed

418 1045 555 1117 quid
590 1061 715 1116 ego,
749 1045 1028 1116 praeconis
1063 1045 1249 1101 instar
1279 1045 1616 1116 emphatici,
1651 1043 1932 1114 explicare
1965 1059 2065 1097 sae-

417 1133 531 1189 culi
562 1134 792 1189 diaetam
823 1135 888 1169 ’95
919 1133 1217 1204 liquentis,
1265 1133 1482 1187 diserta
1512 1133 1683 1202 cujus
1714 1148 1818 1186 nec
1871 1130 2066 1202 glossa

415 1223 619 1278 suffert
635 1223 897 1278 conicere
919 1223 1152 1278 morbos
1173 1222 1200 1276 ?
1221 1222 1330 1277 Sed
1355 1220 1583 1292 languit
1603 1219 1861 1274 deterius
1885 1235 2064 1290 quon—

416 1312 550 1366 dam
575 1312 716 1365 dum
743 1311 988 1366 clinicus
1004 1325 1277 1381 caenoque
1299 1307 2060 1380 depressus,congeminans

411 1399 650 1455 thronos
683 1400 905 1455 defreta
933 1400 1000 1433 ὀδ
1033 1401 1158 1470 jam
1211 1397 1396 1454 salute
1428 1397 1680 1452 tabebat.
1733 1397 1833 1450 Cui
1885 1412 2060 1468 super

412 1488 647 1544 astabat
695 1490 990 1543 morsibus
1045 1488 1218 1542 etiam
1272 1485 1658 1558 protocleptes
1692 1487 1757 1519 ²⁰⁷
1791 1485 2056 1540 demoliri

410 1576 647 1632 virosis.
712 1577 945 1631 Interim
990 1575 1202 1631 adtrito
1249 1574 1564 1646 respiciens
1604 1574 1898 1638 subvenit,
1931 1572 2062 1628 vola

407 1665 990 1736 sedquiconlinierat
1026 1664 1244 1735 ipsum,
1278 1663 1533 1719 excussit
1566 1664 1636 1718 ab
1655 1678 1751 1718 ore
1769 1663 2056 1731 ejusdem,

411 1755 468 1808 et
496 1769 630 1808 eum
663 1770 834 1824 quem
879 1754 1050 1808 etiam
1083 1753 1376 1808 edentavit
1415 1753 1482 1786 20⁸
1513 1752 1740 1806 evirans
1780 1752 1867 1817 2°“,
1898 1749 2056 1804 solu-
2086 1789 2133 1852 Β

411 1847 658 1913 tumque
689 1841 1009 1896 resolidans
1033 1842 1344 1908 mundum,
1376 1845 1501 1895 tum
1537 1847 1592 1895 et
1623 1845 1777 1895 stare
1808 1839 2061 1893 firmavit

412 1929 725 1986 elumbem.
762 1930 1022 1985 lnnotuit
1052 1931 1290 1984 vitanda
1313 1930 1484 1999 cujus
1508 1930 1723 1999 pariter
1753 1933 1809 1982 et
1844 1928 2061 1982 utenda

411 2018 606 2074 saluti.
631 2019 792 2084 Quod
820 2019 958 2089 quia
978 2023 1404 2090 transgressus,
1431 2017 1618 2072 noxiis
1641 2017 2058 2084 communicat,

409 2105 806 2179 salutariaque
829 2112 1076 2174 recusat,
1102 2107 1238 2161 hinc
1259 2107 1572 2163 recidivare
1595 2107 1808 2161 totiens
1832 2106 2060 2176 conspi-

407 2195 577 2250 citur.
610 2196 782 2250 Ponit
811 2196 908 2250 sed
943 2201 997 2250 et
1049 2195 1174 2266 ipse
1225 2194 1513 2250 medelam
1567 2194 1812 2265 ingratis
1869 2194 2059 2265 opifex

406 2284 672 2338 medicus
695 2282 902 2339 salutis
917 2289 971 2338 et
989 2288 1209 2338 auctor.
1229 2283 1517 2338 Antidotis
1537 2283 1819 2354 impensis
1843 2284 2060 2353 pariter

405 2375 463 2427 et
486 2371 812 2444 lixopyritis
838 2373 908 2407 ²¹⁰
931 2371 1111 2427 tensis
1137 2387 1390 2443 persaepe
1408 2373 1556 2442 jam.
1582 2372 1745 2426 Nunc
1773 2372 2059 2426 instanter

405 2477 664 2529 oremus,
696 2477 757 2516 se
785 2477 1026 2516 manum
1051 2461 1326 2528 retrahat,
1345 2461 1430 2515 vel
1455 2460 1811 2532 chirurgiam
1832 2464 2058 2531 premat

404 2549 596 2604 adhuc
629 2551 821 2604 furore
845 2554 1058 2616 motus,
1103 2549 1205 2604 sed
1247 2547 1476 2620 delegat
1507 2552 1806 2617 unguenta
1829 2565 1862 2602 a
1891 2563 2055 2602 sum-

406 2636 519 2692 mis
552 2638 905 2708 dynamidiis
937 2638 1120 2708 (1681)
1153 2637 1426 2691 infundat
1455 2642 1512 2691 et
1537 2637 1722 2704 liniat,
1756 2637 1970 2706 quibus
1999 2640 2057 2691 et

405 2725 649 2796 repellat
682 2725 911 2780 tabifica
940 2769 952 2792 ,
986 2725 1294 2796 chirurgiae
1326 2725 1548 2779 venerit
1579 2724 1734 2779 sacio
1767 2726 1833 2758 ²¹¹
1870 2724 1961 2778 his
1994 2729 2057 2779 ut

406 2829 540 2868 cum
596 2813 893 2869 modicum
952 2813 1133 2868 dilata
1183 2829 1422 2868 exurere
1456 2812 1729 2882 inveniat,
1783 2813 1935 2884 quod
1967 2812 2053 2868 vel

405 2918 602 2958 secare
631 2906 969 2974 praesumat.
999 2902 1080 2957 Ne
1111 2901 1323 2957 Christi
1355 2901 1547 2956 dicata
1580 2901 1838 2956 thalamo
1869 2901 2051 2971 (1582)

404 2991 613 3047 defleat
643 2990 1030 3064 praesegmina
1050 2991 1144 3057 Μ,
1182 2990 1425 3063 mystica
1447 3007 1574 3062 quae
1609 2990 1968 3046 mnasiterna
1984 2990 2052 3024 ²¹³

400 3080 560 3136 lavit.
593 3079 790 3144 Quibit
818 3079 1119 3135 medicinae
1170 3097 1350 3151 capax
1383 3078 1578 3135 nullus
1627 3095 1755 3135 esse
1803 3079 2050 3151 peritus,

2177 525 2278 580 per
2308 509 2626 564 humanam
2648 509 2803 580 quod
2823 509 3092 573 fateatur,
3124 505 3314 561 almus
3332 505 3391 561 in
3410 524 3478 562 ea
3510 512 3712 562 manet
3735 508 3844 577 qui

2175 597 2417 669 spiritus
2447 599 2502 652 id
2537 603 2731 653 tamen
2767 597 3086 666 ministrat,
3121 611 3265 668 pure
3299 596 3350 650 si
3385 595 3483 650 cui
3514 595 3845 651 famuletur

2174 686 2232 741 in
2267 704 2475 753 aevum,
2509 688 2580 742 ab
2612 685 2712 742 illa
2735 687 3039 742 devenient
3061 701 3373 758 prosperea
3395 701 3643 756 quaeque
3666 684 3840 740 ﬁant.

2174 774 2503 831 Sceleribus
2538 776 2671 830 inde
2711 775 2863 830 citus
2913 779 2970 830 et
2996 773 3181 846 fugiet
3236 773 3285 829 si
3343 772 3842 846 commulgaverit

2174 865 2248 900 ’1‘
2278 869 2482 920 semet.
2517 865 2758 920 Actibus
2790 865 3018 919 deserta
3046 867 3187 917 tunc
3218 861 3349 918 ilico
3373 878 3507 918 cum
3541 863 3670 918 suis
3706 879 3836 934 qua

2175 969 2293 1008 una
2323 953 2554 1025 peribit,
2589 953 2647 1008 ni
2681 970 2741 1009 se
2775 955 2844 1008 ab
2875 952 3021 1024 ipsis
3052 953 3338 1018 eruderet,
3367 957 3426 1008 et
3449 956 3511 1008 ut
3537 957 3677 1008 ante
3699 970 3839 1008 con~

2173 1041 2364 1097 sistat.

2246 1133 2331 1185 19.
2368 1131 2525 1186 Hanc
2557 1132 2710 1186 unde
2739 1131 3007 1203 congruit
3037 1130 3289 1203 Augusti
3341 1134 3542 1185 caveat
3591 1130 3695 1202 qui
3732 1147 3840 1201 po-

2172 1220 2268 1274 tiri
2292 1237 2600 1275 censuram
2635 1226 2695 1274 ut
2726 1221 2962 1276 nomine
2993 1225 3174 1292 parat.
3221 1218 3473 1274 lnlatum
3523 1220 3838 1274 communi

2175 1307 2455 1378 suscipiat
2474 1312 2604 1362 voto
2635 1308 2717 1363 sic
2749 1324 2981 1380 quoque
3004 1309 3155 1362 vivat
3176 1307 3386 1380 adepto
3411 1322 3484 1363 ne
3507 1311 3840 1363 temerave—

2174 1395 2249 1450 rit
2271 1396 2485 1466 ipsum.
2507 1395 2830 1452 Nutibusin
2847 1413 2962 1468 quo
2981 1412 3042 1451 se
3075 1396 3226 1451 divis
3256 1401 3413 1468 agat,
3439 1413 3746 1468 suumque
3768 1397 3839 1432 ²¹⁵

2173 1484 2489 1539 frustretur
2508 1485 2711 1555 [1684).
2737 1484 3018 1540 Inlustres
3045 1484 3166 1540 sint
3194 1485 3406 1550 adhuc,
3431 1484 3528 1557 qui
3547 1490 3838 1558 superant

2170 1573 2370 1629 arbitri
2406 1573 2476 1608 ²¹⁶
2509 1577 2565 1628 et
2593 1574 2694 1645 qui
2718 1575 2844 1644 jam
2878 1579 3296 1646 praecesserant
3330 1575 3490 1642 hinc,
3511 1578 3572 1630 et
3599 1573 3834 1630 diathe-

2169 1661 2295 1717 cam
2330 1663 2396 1696 9”
2426 1667 2604 1734 ponat
2652 1662 2955 1734 speculum
3007 1663 3163 1733 quod
3196 1661 3442 1718 callidus
3489 1679 3597 1719 nec
3640 1663 3835 1718 reluat

2168 1750 2573 1822 kaupo(1685).
2594 1751 2866 1822 lmploret
2886 1755 3240 1824 quapropter
3257 1751 3829 1824 Dominumjugiter,

2170 1839 2497 1910 adiciatque
2520 1856 2635 1893 non
2667 1840 3181 1912 comperendinare
3200 1841 3458 1896 devotus.
3491 1845 3615 1896 Hoc
3647 1843 3830 1896 etiam

2169 1927 2440 1999 supplere
2466 1929 2537 1963 2⁸⁸
2569 1945 2640 1983 ne
2670 1930 2986 1984 seducatur
3018 1930 3090 1965 ²¹⁹
3121 1931 3192 1985 ab
3226 1930 3351 2001 ipso
3384 1935 3637 1986 cunctus
3673 1932 3834 1986 debi-

2167 2021 2293 2070 tum
2325 2021 2409 2071 est
2430 2021 2494 2071 ut
2524 2016 2776 2089 populus
2806 2017 3001 2073 instet.
3036 2018 3314 2090 Crmcipui
3334 2018 3619 2090 quoniam
3642 2023 3833 2074 testa-

2169 2106 2347 2159 menti
2380 2105 2498 2160 vim
2531 2105 2760 2161 abolere
2788 2104 3045 2161 luctatur
3064 2123 3167 2178 pro
3196 2123 3303 2178 ope
3326 2107 3424 2180 qui
3455 2107 3548 2162 sui
3574 2106 3833 2163 stolidus

2167 2193 2423 2265 neglegit
2493 2195 2758 2266 ﬂagitare
2815 2196 3066 2266 patroni.
3125 2195 3336 2251 Praesto
3394 2213 3528 2251 sum
3590 2196 3829 2252 indide-

2168 2299 2301 2337 rens
2334 2283 2422 2348 9’0,
2454 2292 2611 2338 orate
2646 2283 2809 2338 vobis
2860 2289 2923 2338 ut
2953 2284 3072 2338 ﬁat.
3125 2287 3261 2338 Adae
3312 2285 3370 2338 in
3401 2283 3608 2356 lingua
3637 2286 3831 2356 (1686)

2166 2371 2457 2440 nuncjam
2476 2375 2540 2424 ut
2561 2370 2662 2425 fiat
2685 2371 2849 2425 vobis
2868 2371 3252 2442 respondebo,
3266 2371 3376 2427 etsi
3397 2371 3682 2427 mavultis
3697 2391 3832 2428 aus-

2164 2457 2389 2528 spicare
2446 2474 2560 2513 me.
2606 2499 2618 2512 .
2665 2477 2745 2512 .a
2802 2458 3106 2528 majestate
3153 2465 3411 2515 vestrum
3470 2465 3606 2516 ante
3663 2478 3829 2517 sum-

2165 2562 2261 2601 ma
2292 2546 2496 2617 (1687).
2535 2589 2546 2602 .
2585 2589 2596 2600 .
2634 2588 2646 2600 .
2682 2551 2746 2601 ut
2768 2546 2993 2618 placido
3025 2545 3223 2602 deluat
3252 2547 3474 2603 lumine
3503 2565 3725 2604 noxam
3754 2551 3826 2605 de

2165 2652 2278 2703 me,
2311 2636 2493 2708 ﬁngat
2513 2639 2569 2692 et
2599 2652 2774 2708 quem
2805 2636 2908 2691 tibi
2934 2642 3188 2709 gratum,
3223 2654 3540 2711 precesque
3574 2640 3828 2696 funden-

2163 2725 2266 2779 das
2296 2729 2574 2796 acceptet,
2610 2725 2764 2781 inlex
2795 2727 2863 2760 ²²¹
2897 2743 3044 2798 quas
3092 2742 3196 2782 nec
3233 2726 3456 2798 primus
3485 2727 3684 2784 valeat
3711 2729 3824 2784 im-

2163 2813 2322 2884 piare
2353 2812 2660 2884 molestus,
2705 2813 2924 2870 hiantis
2974 2813 3246 2870 mutilare
3292 2814 3583 2887 linguam,
3618 2833 3730 2871 nec
3762 2834 3827 2872 ea

2161 2901 2485 2974 inspirante
2507 2903 2770 2974 politam,
2789 2919 2894 2959 nec
2914 2903 3080 2960 facile
3106 2921 3233 2975 quae
3255 2904 3429 2959 etiam
3461 2921 3665 2960 meum
3685 2906 3827 2961 alibi

2162 2991 2422 3046 subferat
2452 3007 2549 3046 cor
2576 2990 2817 3063 inquam
2840 2991 3157 3062 dilabi,sed
3177 2992 3438 3048 exaudiri
3458 2993 3556 3065 pio
3591 3010 3830 3051 merear

2160 3097 2193 3134 a
2222 3079 2452 3150 pietatis
2483 3083 2740 3136 auctore.
2794 3080 3017 3137 Auxilio
3067 3097 3183 3153 quo
3240 3081 3444 3152 fretus,
3497 3084 3826 3155 supplices,

401 3169 704 3242 physicam
738 3169 957 3224 intente
991 3185 1061 3224 ne
1092 3168 1376 3224 rationem
1410 3173 1720 3224 scrutetur.
1759 3168 2045 3241 Intellegit
2078 3155 2121 3222 C
2162 3168 2316 3222 oriar
2342 3172 2469 3222 tum
2521 3169 2845 3239 dependere
2903 3185 3094 3226 voces.
3162 3170 3478 3226 Hebraicus
3509 3173 3829 3228 conﬁrmet

402 3258 666 3331 figmenti
714 3257 922 3329 nequis
971 3261 1047 3322 et,
1091 3262 1155 3312 ut
1187 3257 1286 3328 qui
1346 3258 1593 3313 finxerat
1642 3257 1857 3328 ipsum.
1907 3256 2048 3320 Quis

399 3364 536 3420 ergo
567 3345 779 3419 poterit
798 3346 1088 3402 mundum
1119 3345 1308 3402 salute
1339 3346 1508 3417 tueri,
1534 3346 1690 3402 haud
1711 3345 1901 3402 dicam
1925 3362 2048 3402 mo-

399 3436 703 3494 narchiam
733 3435 822 3492 vel
851 3435 1288 3507 proportionem
1318 3435 1378 3490 in
1409 3437 1536 3507 ipsa
1575 3436 1703 3506 ejus
1733 3435 1959 3507 primae,
1990 3435 2050 3489 ni

2159 3259 2348 3312 vester
2377 3272 2524 3326 quas
2539 3261 2596 3312 et
2630 3273 2748 3312 una
2761 3257 3012 3314 dictione
3032 3263 3367 3326 succentus,
3390 3260 3520 3330 ejus
3545 3264 3609 3315 et
3632 3266 3824 3318 extm-

2161 3344 2276 3401 mis
2302 3347 2534 3402 coronis
2565 3351 2797 3418 aptetur
2826 3347 2885 3403 in
2916 3346 3055 3403 oris.

1946 3612 2252 3669 GLOSSZE.

474 3767 543 3842 30°
571 3764 798 3821 Judicio
828 3763 1116 3842 pulsatus.
1195 3765 1260 3842 ξίξι
1296 3763 1463 3842 Ultra
1485 3764 1750 3842 modum.
1785 3837 1794 3842 Α
1830 3764 2029 3842 9°_’_Qui
2053 3769 2250 3842 grates
2271 3779 2386 3842 non
2411 3765 2625 3842 reddit.
2665 3840 2679 3842 _
2704 3766 2773 3800 ⁸³0³
2797 3767 3198 3842 Augmentari.
3238 3840 3248 3842 μ
3278 3768 3348 3842 ’9‘
3369 3767 3816 3842 Miseriis,quod

403 3838 581 3913 etiam
613 3835 1401 3913 nomenforigesgedicunt.
1437 3837 1840 3913 Dicggrummnis1
1863 3836 1998 3890 MAI.
2024 3911 2030 3913 _
2060 3835 2507 3913 '205ARegnlams
2559 3837 2627 3913 ξίξθ
2660 3835 2994 3913 Desperata.
3039 3837 3426 3913 2°"Diabolu_s.
3475 3841 3546 3913 9f"
3565 3835 3812 3913 Absque

403 3909 682 3965 dedtibus
733 3908 885 3963 fecit.
964 3908 1033 3941 ²⁰⁹
1079 3907 1453 3962 Exinanicns.

1531 3908 1600 3941 ²¹⁰
1647 3905 2097 3980 Cataplasmata,
2142 3905 2415 3963 Antidota
2462 3911 2518 3962 et
2567 3905 2898 3980 lixopyrita,
2951 3925 3128 3980 opera
3176 3910 3593 3966 misericordia
3626 3905 3815 3969 vocat.

401 3982 468 4016 ²¹¹
502 3982 819 4053 Tempus._
859 3980 931 4053 9}?
965 3978 1351 4053 Praesegmina
1382 3981 1738 4053 suntpartes
1770 3978 2027 4053 corporis
2058 3979 2275 4034 recisae.
2355 3980 2427 4014 ²¹³
2459 3978 2828 4053 Aquasur'na.
2907 3978 3496 4053 “_‘__Coinquinaverit.
3575 3985 3650 4018 ²¹⁵
3673 3985 3815 4040 Pro-

396 4053 612 4126 prium.
649 4049 667 4053 ’
691 4049 1026 4126 "F‘Judices
1049 4049 1396 4126 qui—vivunt.
1474 4051 1546 4085 ²¹⁷
1565 4051 1808 4126 Librum
1830 4049 2082 4126 duorum
2105 4055 2595 4126 testamentorum
2617 4051 2844 4107 Veteris
2869 4056 2926 4108 et
2943 4051 3106 4108 Novi.
3163 4049 3248 4088 “²¹⁸
3274 4051 3541 4126 Implere.
3623 4056 3695 4091 m
3717 4061 3813 4112 Se-

394 4121 648 4197 paretur.
734 4123 806 4157 ²²⁰
836 4121 1081 4178 Paratus
1113 4139 1245 4178 sum
1281 4122 1351 4178 ad
1384 4122 1876 4192 respondendum,
1911 4121 1996 4177 nil
2027 4137 2285 4178 moraus.
2319 4122 2387 4157 ²²ι
2419 4121 2718 4193 Deceptor.

1744 4298 2045 4356 SCHOLIA
2082 4300 2171 4354 ET
2207 4297 2440 4354 ΝονιΕ.

461 4454 642 4534 (1679)
674 4454 828 4534 Inter
862 4452 1208 4534 ‘pataginern
1236 4456 1293 4507 et
1341 4450 1637 4534 pat‘agium
1665 4451 1774 4534 hoc
1806 4451 2020 4534 differt.
2063 4453 2109 4516 D

388 4522 599 4598 Patago
626 4522 718 4581 est
749 4522 1113 4598 exulceratio
1127 4523 1281 4598 oris,_
1300 4523 1452 4594 quod
1487 4538 1620 4577 cum
1664 4522 2031 4598 intumuerit,

2211 4450 2390 4523 (1683)
2451 4449 2598 4506 Dicit
2644 4450 2874 4506 nullum
2899 4466 3034 4523 esse
3090 4453 3409 4523 medicum,
3469 4453 3589 4510 nisi
3623 4455 3804 4512 fuerit

2148 4520 2448 4600 physicus.
2512 4523 2738 4600 Rursus
2787 4522 3018 4600 nullum
3051 4527 3192 4600 _tam
3244 4520 3411 4600 plene
3468 4525 3803 4600 intelligere

387 4591 860 4670 paené'elingnem
894 4591 1387 4670 l'acit._Patagiu'm
1419 4610 1552 4649 vero
1579 4597 1664 4648 est
1693 4591 1933 4665 pallium
1965 4611 2035 4649 ex
2145 4591 2450 4670 physicam
2483 4593 2767 4670 rationem
2791 4591 3263 4670 uniuscujusque
3287 4596 3399 4670 rei,
3449 4614 3630 4668 quam
3662 4591 3799 4670 “qui

387 4667 926 4746 auro‘pnerppraque
951 4667 1258 4746 variatum.
1364 4736 1375 4746 ο
1455 4735 1490 4746 Α
1951 4734 1963 4745 ο

458 4735 638 4810 (1680)
665 4735 810 4794 Hem
834 4735 1077 4819 quando
1099 4754 1230 4792 cum
1253 4735 1607 4862 aspiratione
1630 4735 1923 4802 scribitur,
1948 4735 2033 4790 in-

458 4811 647 4862 riectio
678 4815 766 4862 est
795 4811 1070 4862 dolentis.
1114 4825 1280 4862 auaSI
1362 4825 1430 4862 eu
1467 4824 1576 4862 me.
1627 4807 1868 4862 Quando
1899 4823 2030 4861 vero

383 4808 647 4891 terjectio
662 4808 1070 4891 .estdo‘lentis,
1090 4808 1280 4891 ‘quasi

383 4877 508 4936 sine
523 4881 902 4952 inspiratione
915 4877 1249 4952 adverbium
1266 4877 1822 4952 ostendentis,qu_a_si
1837 4893 2026 4932 enme.

453 4949 637 5024 (1681)
669 4953 856 5024 Libris
889 4951 1355 5024 medicinalibus.
1382 4949 1658 5024 Dynamis
1683 4949 1896 5024 dicitur
1925 4966 2026 5024 po-

377 5021 559 5080 testas
580 5029 638 5079 et
658 5023 744 5078 vis
784 5023 1094 5077 herbarum
1123 5040 1136 5086 ;
1174 5023 1328 5076 unde
1357 5021 1531 5075 etiam
1573 5021 1911 5092 dynamidia
1933 5021 2027 5074 di-

376 5102 609 5162 cuntur,
634 5096 734 5150 ubi
757 5111 957 5148 earum
981 5093 1276 5148 medicinae
1300 5093 1381 5146 vel
1403 5093 1734 5147 curationes
1757 5092 2023 5146 scribun-

373 5172 492 5222 tur.
521 5168 727 5222 Merito
779 5182 933 5220 nunc
968 5181 1069 5236 pro
1099 5164 1438 5236 dynamidia
1485 5164 1715 5220 divinas
1746 5162 2021 5235 intelligi-

375 5254 510 5293 mus
545 5238 970 5292 miserationes.

441 5312 624 5379 (168'2)
655 5309 928 5364 Ecclesia.
965 5307 1127 5362 Fovit
1156 5323 1409 5378 namque
1440 5322 1643 5379 omnes
1667 5305 1814 5379 sagri
1844 5305 2021 5379 fontis

374 5381 531 5434 unda
561 5377 813 5447 ablutos,
847 5397 1060 5451 corpus
1083 5396 1210 5434 esse
1242 5383 1444 5432 sancta
1476 5377 1708 5451 matris
1731 5377 2018 5451 Ecclesiae,

373 5465 598 5520 sponsa:
628 5451 864 5506 Christi.
901 5447 966 5506 Et
995 5451 1123 5506 ideo
1153 5456 1280 5505 orat
1321 5454 1385 5503 ut
1433 5447 2020 5520 nullusrchristianus

2142 4664 2401 4744 eandem
2417 4665 2766 4744 composuit.
2803 4666 3002 4744 Restat
3030 4664 3430 4744 ergo'nullum
3461 4664 3637 4744 posse
3668 4664 3799 4726 tue-

2142 4735 2510 4814 rimundum
2541 4735 2749 4806 salute,
2799 4737 2911 4793 nisi
2961 4735 3213 4810 ipse'qui
3271 4755 3404 4795 eum
3461 4735 3802 4812 plasmave-

1362 4825 1430 4862 eu
1467 4824 1576 4862 me.
1627 4807 1868 4870 Quando
1899 4823 2030 4861 vero
2141 4807 2238 4859 rit.

2207 4877 2392 4947 (1684)
2427 4881 2550 4932 Non
2597 4881 2830 4933 tantum
2879 4894 3006 4949 qua:
3054 4879 3138 4934 illi
3170 4879 3362 4936 solum
3404 4882 3559 4937 bona
3588 4882 3797 4938 viden-

2137 4950 2237 5027 tur
2292 4964 2460 5027 agere
2519 4951 3393 5027 presumat,_sed_auctoritate
3451 4955 3796 5027 praeceden-

2134 5019 2283 5099 tium
2307 5021 2611 5145 doptorum
2643 5025 2700 5075 et
2729 5019 2970 5077 consilio
3023 5021 3402 5080 honestorum
3451 5019 3654 5096 potius
3689 5028 3793 5082 ad-

2136 5105 2374 5145 quiesce
2405 5132 2418 5145 .

2136 5105 2418 5160 qmescat.

2204 5163 2388 5238 (1685)
2445 5161 2873 5238 Fraudulentus
2929 5164 3299 5238 tabernarius
3340 5182 3594 5238 aquam
3658 5169 3793 5224 vino

2134 5233 2387 5306 miscens
2413 5234 2614 5306 ziquod
2637 5305 2643 5306 γ
2667 5235 2916 5306 refertur
2965 5237 3140 5291 etiam
3174 5237 3244 5292 ad
3280 5233 3460 5293 falsos
3489 5239 3789 5306 doctores,

2177 5304 2398 5429 uitvera
2438 5305 2601 5359 falsis
2631 5305 2980 5375 inficientes,
3014 5308 3215 5363 noxias
3246 5307 3437 5364 solent
3466 5304 3789 5384 p’rOpinam

2177 5391 2237 5429 oc
2270 5393 2446 5429 rmas.

2174 5391 2686 5518 0:1t68r7ﬁhnuitne
2717 5463 2915 5519 preces
2947 5449 3306 5520 psalmorum
3322 5450 3745 5511 Hebraicorum
3760 5453 3788 5510 ἲ

371 5519 445 5602 ab
466 5523 593 5602 ejus
614 5522 926 5602 divellatur
955 5538 1214 5594 corpore,
1247 5521 1474 5602 neipsa
1502 5520 1560 5575 in
1585 5519 1779 5591 aliquo
1811 5519 2022 5576 mutila
2129 5519 2265 5602 Mai:

371 5593 444 5660 ad
477 5592 698 5650 luctum
728 5595 993 5653 videatur
1021 5592 1366 5672 promoveri.

2196 5589 2383 5666 (1687)
2411 5589 2632 5648 Desunt
2660 5588 2884 5666 aliquot
2912 5591 3212 5652 vocabula.
3245 5591 3381 5652 ΜΑι.
