4074 6190
262 386 377 460 881

1312 390 1843 457 POLYPTICUM.
1876 423 1954 437 —
1985 391 2294 453 TEXTUS
2339 392 2622 452 ALTER.

3558 393 3675 454 882

2827 549 3649 577 ΞΣ

1118 712 1775 807 POLYPTICI
1860 712 2338 807 TEXTUS
2416 715 2825 810 ALTER

662 919 854 975 Editus
883 936 917 974 a
944 920 1150 975 Joanne
1177 920 1457 975 Ποπιίηὶεο
1488 918 1698 987 ΜΑΝει,
1733 919 1792 973 iu
1820 918 2185 974 Misceltaneis
2213 921 2384 974 sacris
2415 919 2657 987 Baluzsz'z‘,
2690 921 2828 977 edit.
2861 924 3014 991 Luc.,
3042 939 3099 993 ρ.
3130 923 3257 980 560.

482 1219 845 1313 INCIPIT
892 1220 1519 1312 POLYPTICUM
1568 1218 1819 1317 QUOD
1868 1218 2523 1313 APPELLATUB
2569 1222 3438 1315 PERPENDICULUM.

810 1584 1020 1623 INCIPIT
1068 1584 1349 1624 EPISTOLA.

327 1658 659 1715 Reverendo
692 1658 751 1712 in
786 1673 877 1712 me
910 1656 1130 1712 Fulano
1172 1656 1339 1711 valde
1371 1656 1625 1728 praesuli.

329 1747 588 1804 Fulanus
615 1746 859 1819 cupiens
884 1763 976 1801 me
998 1746 1081 1802 sic
1105 1746 1341 1801 beatum
1366 1746 1586 1801 exitum
1613 1745 1799 1799 instat
1821 1746 1913 1799 Fe-

255 1833 1083 1907 licissimiOpilionisSilvestri
1098 1835 1317 1889 summi
1334 1834 1579 1888 mortuis
1594 1833 1910 1905 aliquibus,

260 1928 363 1983 sed
390 1925 534 1981 mihi
556 1941 660 1980 nec
683 1930 989 1980 emortuus
1012 1925 1179 1978 vivus
1224 1924 1404 1978 immo
1429 1924 1572 1978 mihi
1596 1922 1820 1977 vividus
1850 1939 1911 1978 es

262 2020 531 2071 mortuus
563 2016 660 2070 sed
684 2013 852 2069 vivus
876 2014 932 2068 in
958 2030 1071 2067 me.
1110 2013 1297 2083 Hujus
1318 2013 1631 2068 laberinthi
1651 2013 1760 2067 iter
1780 2029 1909 2067 cur-

260 2109 474 2175 rentes,
503 2108 605 2158 aut
630 2120 746 2174 qua
779 2103 1100 2157 insistendo
1134 2102 1313 2156 vitare
1352 2101 1685 2174 voraginem
1713 2102 1908 2171 edoce,

258 2198 360 2249 aut
381 2209 497 2265 quo
523 2190 790 2247 salubres
813 2190 1033 2246 sublati
1073 2190 1372 2261 adtingere
1396 2191 1623 2261 possint
1649 2190 1907 2245 delicias.

262 2276 397 2348 Qua:
429 2281 616 2336 sentio
649 2281 707 2335 in
742 2280 848 2335 hoc
894 2296 1133 2348 cernes;
1195 2281 1295 2334 sed
1356 2280 1439 2335 sic
1470 2295 1575 2350 ego
1607 2297 1731 2351 quae
1763 2283 1819 2334 et
1847 2284 1909 2334 tu

257 2374 698 2441 comparantur.
734 2368 1055 2423 Contabres
1087 2372 1153 2422 ut
1183 2367 1410 2439 pollini.
1448 2368 1526 2423 En
1562 2384 1689 2439 qua:
1720 2384 1824 2440 ego
1846 2373 1908 2422 tu

258 2475 389 2530 quas
424 2456 689 2513 fceliciter
729 2457 924 2512 redde.
957 2460 1164 2512 Amen.

809 2547 1060 2617 Explicit
1100 2547 1346 2618 epistola.

751 2652 963 2690 INCIPIT
1000 2652 1419 2691 ARGUMENTUM.

328 2723 452 2779 Non
486 2723 663 2779 chaos
694 2724 988 2795 explicant
1017 2723 1314 2795 sophistze,
1347 2722 1691 2779 bombinare
1714 2738 1908 2776 rerum

259 2830 511 2885 exequar
543 2812 846 2869 assiduum
880 2813 1023 2867 orbi.
1059 2813 1183 2867 Non
1217 2812 1342 2867 ocia
1372 2812 1479 2867 hoc
1514 2810 1735 2867 calamo
1770 2828 1905 2865 con-

259 2920 433 2958 cussa
462 2902 694 2974 pistico,
719 2919 820 2957 nec
843 2901 1013 2957 osilla
1036 2903 1372 2973 pinsabunt.
1399 2902 1751 2970 Fessusjam
1770 2900 1907 2954 hinc
1940 2937 1987 3000 B

260 2990 739 3064 perpendiculum
775 3006 1007 3061 ponam.
1064 2990 1244 3060 Cujus
1297 3006 1495 3044 vocem
1554 3006 1668 3043 non
1700 2989 1911 3059 poterit

258 3096 628 3152 compescere
662 3079 869 3145 aciare,
919 3095 1024 3134 nec
1073 3079 1263 3133 Attica
1312 3078 1493 3133 Rema
1523 3078 1819 3132 inrumine
1851 3078 1911 3132 li].

257 3173 323 3225 A.
357 3170 410 3225 J.
444 3169 506 3223 P.

741 3258 985 3328 Explicit
1013 3258 1434 3325 Argumentum.

261 3364 467 3403 INCIPIT
484 3364 841 3403 POLYPTICUM
858 3362 1007 3408 QUOD
1022 3362 1387 3400 APPELLATUR
1404 3360 1911 3401 PERPENDICULUM.

332 3437 580 3509 Fragilis
600 3452 813 3509 pompa
834 3435 1012 3505 hujus
1038 3434 1139 3488 aevi
1160 3433 1412 3505 languor
1432 3439 1521 3488 est
1543 3437 1599 3488 et
1617 3434 1911 3505 qumritur,

258 3525 463 3597 pestis,
497 3530 584 3580 est
618 3528 673 3579 et
704 3523 1060 3579 omnimodis
1093 3523 1372 3577 ambitur.
1426 3526 1559 3588 Quae
1610 3522 1825 3577 arridet
1854 3521 1912 3575 in

260 3630 521 3683 accessu,
548 3630 682 3668 cum
717 3614 898 3683 serpit
936 3612 1199 3680 delectat,
1234 3612 1292 3666 in
1322 3612 1493 3680 cujus
1524 3610 1916 3666 adolescentia

261 3707 351 3758 est
372 3702 578 3774 ingens
602 3701 786 3766 labor,
810 3717 943 3755 cum
968 3700 1307 3756 intumescit
1330 3700 1667 3772 prosternit,
1695 3704 1749 3754 et
1780 3717 1912 3753 cum

262 3790 570 3846 recesserit
600 3789 1069 3861 blasphematur,
1128 3790 1267 3860 quia
1326 3789 1474 3844 solet
1504 3789 1743 3843 clientes
1776 3805 1913 3843 suos

261 3879 501 3934 reddere
533 3877 842 3950 ignobiles,
870 3883 1209 3949 spernentes
1233 3882 1426 3932 autem
1452 3895 1512 3932 se
1535 3877 1775 3931 reddere
1797 3876 1913 3948 glo-

260 3966 467 4024 riosos.

332 4055 456 4110 Non
480 4054 602 4110 haec
624 4053 840 4109 mirum
862 4054 999 4125 quia
1017 4070 1151 4109 cum
1174 4054 1458 4109 hactenus
1477 4054 1915 4109 extiteritruina

260 4160 407 4215 pene
428 4144 705 4199 omnibus
725 4158 852 4197 sese
876 4143 1308 4214 appetentibus,
1336 4158 1440 4197 nec
1459 4148 1799 4215 arrogantes
1817 4143 1914 4197 de-

261 4232 464 4287 ﬂciunt
486 4232 697 4301 adhuc,
727 4248 828 4286 nec
852 4231 1139 4286 acerbitas
1171 4248 1232 4286 se
1262 4231 1523 4286 elevandi
1554 4233 1909 4286 moderatur.

1936 1570 1991 1636 Α
2022 1570 2521 1640 repraesentaverit
2541 1570 2883 1641 ipocondria
2904 1569 3060 1625 stilo.
3086 1569 3223 1626 Tale
3249 1571 3402 1641 quod
3433 1570 3668 1625 resolvi-

2023 1675 2157 1713 mus
2186 1658 2529 1714 discrimine
2560 1658 2713 1713 trino
2744 1658 3051 1713 scanditur
3081 1659 3402 1731 fastigium,
3428 1659 3669 1730 quidam

2023 1747 2304 1817 adjiciunt
2328 1764 2517 1803 assem
2544 1753 2644 1801 aut
2685 1764 2815 1802 cum
2844 1764 3057 1819 praeses
3100 1748 3446 1803 nominatim
3477 1747 3671 1819 signat

2022 1852 2195 1907 quem
2230 1836 2403 1892 claris
2435 1837 2680 1891 nutibus
2712 1836 2798 1892 vel
2849 1854 2983 1891 cum
3033 1837 3235 1891 eadem
3265 1854 3373 1890 vox
3405 1836 3668 1891 omnium

2023 1926 2193 1981 calat.
2223 1925 2321 1979 Vel
2346 1943 2478 1980 cum
2504 1927 2707 1981 eadem
2736 1943 2939 1993 unum,
2965 1930 3065 1980 aut
3103 1942 3237 1979 cum
3282 1926 3539 1995 parentis
3568 1942 3671 1979 va-

2020 2015 2286 2085 lidojurc
2311 2016 2397 2069 fas
2420 2020 2509 2070 est
2536 2015 2755 2087 perfrui
2780 2016 3009 2069 throno.
3056 2014 3365 2085 Improbus
3390 2019 3489 2068 aut
3510 2014 3674 2069 labor

2022 2108 2232 2158 etcum
2256 2119 2473 2158 vesana
2492 2103 2814 2175 triumphis
2842 2103 3037 2175 przelia
3059 2104 3414 2158 conveniunt
3432 2120 3673 2173 propere

2019 2192 2287 2247 trucibus
2300 2192 2464 2246 alteri
2482 2191 2785 2263 insurgere
2804 2193 3113 2263 quemjam
3134 2196 3469 2246 cantaverat
3487 2208 3672 2263 praeco

2020 2280 2339 2352 prophanis
2358 2298 2473 2335 non
2488 2282 2776 2351 conjurati
2797 2280 3071 2335 manibus
3090 2280 3437 2335 execrabiles
3456 2281 3667 2335 favent.

2020 2370 2167 2435 Quid
2195 2370 2222 2423 ?
2244 2370 2590 2425 Exinanitur
2612 2370 2859 2425 azmulus
2884 2370 3139 2441 penitus,
3184 2372 3351 2441 cujus
3392 2370 3669 2425 beneficio

2021 2458 2284 2513 ditantur
2310 2459 2482 2530 primi
2504 2459 2705 2515 velites
2730 2477 2832 2514 nec
2861 2464 3111 2531 poscunt
3146 2460 3546 2515 intemerabile
3568 2462 3666 2514 foe-

2021 2549 2131 2603 dus
2162 2547 2220 2602 in
2254 2564 2367 2619 quo
2399 2548 2603 2602 herilis
2637 2565 2881 2603 somnus
2913 2548 3103 2619 capiat
3131 2548 3521 2603 dulcedinem.

2092 2638 2201 2692 Sed
2232 2638 2401 2707 juvat
2422 2637 2655 2691 interim
2679 2638 3000 2707 jocundius
3024 2637 3325 2691 traducere
3352 2636 3666 2692 remissum

2019 2730 2253 2797 tempus
2280 2730 2337 2780 et
2378 2725 2589 2797 placito
2636 2727 2807 2797 potiri
2836 2726 3064 2797 adeptis
3089 2731 3152 2780 ut
3183 2726 3354 2780 ambo
3378 2725 3673 2797 principes

2017 2818 2348 2869 terreantur
2370 2830 2472 2885 per
2494 2814 2765 2868 adversas
2808 2813 2938 2868 lites
2980 2830 3083 2869 nec
3126 2815 3379 2869 audeant
3410 2819 3674 2885 potentes

2018 2902 2355 2973 exippitare.
2383 2904 2593 2956 Contra
2620 2902 2837 2956 milites
2876 2902 2964 2956 vel
2989 2918 3200 2973 negare
3241 2903 3562 2973 quidquam
3586 2921 3675 2958 re-

2025 2996 2142 3045 stat
2175 2994 2237 3044 ut
2260 2989 2489 3060 vigeant
2512 2989 2802 3060 principes
2827 2994 3056 3044 tantum
3096 2991 3415 3045 miserabili
3439 2992 3674 3046 nomine

2024 3083 2089 3133 ut
2112 3078 2304 3149 potius
2330 3094 2433 3133 nec
2452 3082 2752 3149 compotes
2777 3078 2895 3133 sint
2926 3078 3110 3132 immo
3138 3079 3368 3150 privatae
3404 3080 3484 3133 rei
3510 3096 3667 3134 com-

2024 3171 2211 3239 potes.
2234 3168 2382 3221 Tum
2407 3167 2610 3222 sedulo
2636 3166 2935 3222 ruminant
2956 3172 3013 3222 et
3054 3172 3277 3223 secreta
3300 3185 3442 3222 cura
3463 3185 3671 3239 repen-

2024 3258 2157 3311 dere
2210 3255 2385 3311 sociis
2434 3257 2540 3310 has
2590 3256 2885 3328 strophas.
2940 3258 3305 3328 Quapropter
3353 3274 3456 3312 nec
3506 3258 3678 3312 taedet

2024 3344 2290 3399 clanculo
2316 3345 2683 3416 frequentare
2707 3361 2832 3399 sese
2854 3346 3003 3401 divis
3027 3345 3209 3400 ramis
3232 3362 3334 3417 per
3355 3350 3559 3401 cautos
3585 3362 3675 3401 re-

2021 3433 2352 3487 veredarios
2384 3433 2482 3503 qui
2520 3450 2625 3487 nec
2676 3433 2989 3489 nunciasse
3042 3433 3240 3489 frivole
3290 3434 3401 3504 piis
3432 3432 3677 3489 solertes

2023 3539 2126 3594 per
2156 3522 2310 3592 quod
2346 3522 2561 3578 milites
2595 3522 2782 3593 prima
2835 3522 3187 3594 instigentur
3217 3522 3491 3593 indagine
3523 3521 3674 3577 fulti.

2023 3612 2303 3666 Externos
2327 3611 2499 3665 etiam
2525 3612 2705 3666 duces
2726 3615 2781 3666 et
2802 3612 3174 3665 conniventia
3194 3616 3400 3682 rogant
3418 3615 3473 3665 et
3489 3611 3678 3666 xeniis

2024 3699 2327 3754 cumulant
2348 3705 2403 3754 et
2430 3716 2672 3771 propere
2690 3703 2880 3753 macta
2902 3700 3220 3770 deponunt.
3244 3699 3357 3754 Cur
3373 3698 3681 3770 pollicetur

2023 3790 2255 3843 extimis
2282 3790 2516 3844 fortuna
2544 3793 2848 3859 potentum
2895 3790 3141 3843 necdum
3186 3793 3411 3843 extorta
3434 3805 3609 3859 quam
3640 3789 3681 3843 ii

2024 3882 2358 3948 sequestres
2381 3877 2641 3947 gestiunt
2660 3875 2965 3945 praelibare
2983 3876 3067 3930 vel
3088 3876 3359 3942 strictim,
3384 3876 3683 3931 utauxilia

2022 3982 2225 4021 eorum
2244 3966 2499 4020 ferveant
2518 3966 2790 4018 edomare
2810 3965 3095 4035 superbos
3118 3981 3341 4033 secum,
3360 3964 3449 4018 vel
3467 3965 3513 4018 si
3535 3966 3683 4020 desi-

2023 4056 2125 4109 des
2150 4058 2417 4125 torpeant
2442 4057 2581 4107 tunc
2607 4053 2806 4108 szevire
2826 4070 2927 4123 per
2944 4070 3050 4107 sua
3068 4070 3223 4107 arma
3242 4054 3529 4122 denegent
3547 4052 3681 4107 sub-

2024 4143 2176 4197 sulia
2200 4143 2494 4213 oppressis
2519 4158 2652 4196 nam
2674 4142 2786 4213 ipsi
2812 4143 3069 4196 saevient.
3092 4142 3396 4213 Specimen
3421 4144 3679 4211 propter-

2025 4250 2092 4288 ea
2116 4237 2292 4287 restat
2316 4231 2432 4285 doli
2474 4248 2589 4302 quo
2641 4232 2823 4285 allecti
2867 4232 3089 4285 tribuni
3130 4230 3507 4286 elidunturin
3534 4230 3674 4299 imo,

334 4319 619 4375 Fallentes
642 4300 703 4375 se
726 4319 961 4390 quidem
988 4318 1417 4391 praestantiores
1432 4320 1747 4389 veteribus,
1764 4336 1911 4390 quos
1943 4300 1984 4365 C
2024 4338 2157 4377 cum
2185 4323 2393 4375 horum
2420 4300 2633 4375 milites
2657 4324 2894 4391 captant
2915 4320 3159 4374 blandas
3183 4319 3372 4389 regias
3393 4336 3565 4373 auras
3587 4336 3600 4386 ;
3622 4323 3681 4373 et

259 4408 501 4479 provida
522 4424 771 4464 censura
791 4413 1028 4464 accusat
1050 4408 1367 4480 segniores.
1394 4409 1611 4463 Horum
1636 4409 1813 4479 igitur
1836 4410 1912 4463 fa-

259 4513 388 4552 sces
412 4497 460 4551 si
483 4496 771 4552 enucleati
796 4498 1087 4570 gradatim
1114 4497 1439 4564 initientur,
1464 4497 1917 4569 dignumjudico

261 4586 671 4656 praanotandos
688 4603 837 4657 quos
858 4588 1118 4659 rigentes
1134 4592 1287 4642 serto
1305 4587 1579 4642 exhibent
1593 4586 1773 4640 remid
1786 4585 1913 4641 itos.

260 4674 413 4730 Num
444 4674 713 4730 Chronici
773 4675 1049 4730 fraudant
1106 4675 1213 4731 hoc
1267 4676 1365 4747 qui
1402 4675 1719 4747 praesertim
1754 4691 1915 4729 sum-

260 4779 424 4818 mum
458 4780 562 4832 vae,
596 4768 653 4818 et
683 4763 947 4834 ipsorum
980 4780 1150 4819 omne
1180 4769 1533 4835 concrepant
1562 4764 1671 4818 ohe
1693 4764 1719 4817 ‘?
1750 4763 1914 4817 Haud

258 4856 641 4922 perstrepunt
666 4868 875 4922 agmen
891 4852 1219 4921 eorum,qui
1243 4852 1559 4924 gradiendo
1578 4851 1913 4924 perplexum

258 4938 465 4994 collem
489 4940 846 4994 induxerunt
868 4946 1183 5011 sequentes
1202 4947 1461 5009 perrecta
1474 4941 1701 4995 rubrica
1717 4957 1918 5011 quam-

255 5027 344 5084 vis
376 5028 623 5100 pingant
653 5028 1117 5084 inextricabilem
1165 5034 1473 5095 tesseram,
1506 5030 1604 5099 qui
1636 5030 1913 5084 durantes

255 5133 363 5172 nec
386 5117 732 5190 superstites
759 5117 971 5188 vixere,
997 5134 1100 5172 nec
1134 5117 1778 5188 misellijocundantur.
1803 5119 1912 5173 Sed

260 5222 371 5261 nec
396 5211 635 5263 autumo
659 5207 952 5262 sincerum
978 5223 1131 5262 nunc
1156 5206 1423 5278 privatim
1450 5206 1724 5261 adnotare
1739 5207 1913 5262 facies

255 5299 581 5368 gestorum,
613 5312 715 5350 nec
740 5312 839 5351 eos
864 5296 1139 5365 quoniam
1175 5294 1382 5368 pupilli
1424 5300 1621 5349 musta
1641 5299 1807 5349 aetate
1837 5296 1913 5348 vi-

257 5384 405 5440 dent
430 5401 587 5439 nunc
611 5384 786 5438 etiam
812 5384 933 5437 bare
956 5383 1111 5440 clara
1141 5390 1197 5439 et
1238 5385 1556 5439 hauserant
1580 5384 1912 5453 frequenter

256 5473 503 5529 recitata
526 5490 559 5526 a
580 5472 706 5526 suis
732 5472 1019 5543 patribus,
1045 5479 1101 5527 et
1123 5474 1483 5545 reslringunt
1506 5472 1911 5527 certiusincul-

2022 4411 2221 4466 dictati
2247 4411 2606 4465 muniatores
2634 4411 2879 4465 redeunt
2910 4409 3043 4463 inde
3068 4410 3136 4463 ad
3180 4407 3417 4480 propria
3441 4408 3670 4462 onustis

2028 4500 2291 4555 humeris
2319 4517 2421 4555 nec
2444 4500 2629 4554 ferent
2651 4500 2827 4553 duces
2852 4498 3121 4552 dominos
3159 4497 3421 4568 ipsorum
3457 4496 3677 4567 primos

2027 4589 2277 4645 arbitros
2300 4588 2473 4643 etiam
2499 4588 2557 4641 in
2581 4587 2878 4658 largiendo
2902 4586 3182 4641 beneficia
3199 4603 3324 4641 sese
3342 4588 3680 4656 praeponent

2026 4677 2075 4732 si
2109 4678 2227 4732 sint
2257 4683 2417 4732 arcta
2448 4694 2520 4731 an
2563 4676 2745 4747 larga.

2098 4768 2165 4820 Et
2199 4767 2483 4821 fmncrant
2517 4766 2809 4819 immunes
2854 4781 2885 4817 a
2924 4762 3177 4835 proprio,
3230 4768 3285 4816 et
3315 4762 3535 4817 vehunt
3566 4761 3677 4817 sibi

2024 4856 2173 4911 ﬁdos
2206 4854 2571 4909 detrimendo
2599 4853 2862 4907 alterius.
2910 4851 3014 4915 Qui
3050 4852 3365 4922 praeferunt
3396 4868 3499 4923 per
3530 4868 3677 4922 quos

2026 4948 2288 5009 sumunt,
2314 4944 2413 4997 sed
2445 4960 2558 4996 non
2587 4942 2880 5012 aquibus.
2923 4942 2978 4995 Si
3026 4942 3142 4995 fors
3183 4945 3381 5011 sparat
3409 4940 3536 5007 hos,
3564 4939 3673 5009 ipsi

2025 5032 2445 5086 ministrabunt
2458 5032 2637 5085 donec
2655 5030 2882 5084 discant
2896 5031 2966 5085 ab
2986 5034 3266 5084 alterutro
3280 5028 3500 5100 perlata
3513 5026 3572 5079 in
3588 5025 3673 5079 al-

2024 5126 2473 5191 terutrum,qua:
2492 5119 2699 5174 melius
2714 5118 3133 5183 silerent.Quos
3150 5115 3669 5185 statuuntquidem

2022 5209 2343 5282 explorare,
2370 5215 2424 5263 et
2448 5210 2733 5263 instruere
2760 5226 2818 5263 se
2848 5226 2927 5263 se.
2956 5210 2995 5262 Ε
3026 5208 3241 5277 quibus
3265 5208 3549 5274 spargunt
3572 5218 3674 5273 per

2022 5299 2287 5371 singulas
2316 5300 2521 5353 domos
2543 5297 2697 5351 velut
2715 5298 2959 5365 semina,
2983 5296 3136 5349 unde
3154 5309 3305 5364 sznpe
3325 5295 3553 5345 metunt
3571 5308 3675 5344 nu-

2022 5404 2146 5459 gas,
2174 5392 2401 5458 etsznpc
2439 5385 2784 5458 praeciscunt
2825 5382 3205 5455 expedientia.
3260 5381 3403 5434 llinc
3455 5378 3670 5435 milites

2024 5475 2255 5529 diluunt
2280 5476 2525 5547 primam
2555 5475 2725 5528 fidem
2761 5472 3033 5539 dominis,
3074 5473 3309 5523 ﬁrmant
3333 5483 3561 5523 servare
3586 5486 3671 5523 sc-

256 5567 407 5618 cata.
434 5561 737 5631 Nuncjam
765 5561 821 5614 in
847 5567 1120 5633 promptu
1139 5569 1480 5617 estcensere
1500 5565 1761 5615 membra
1778 5579 1913 5631 prm-
1944 5567 1986 5629 D
2019 5565 2271 5618 cundam
2300 5566 2682 5635 principibus,
2703 5562 2962 5631 qumjam
2984 5559 3185 5613 deerit.
3206 5559 3365 5611 Tunc
3385 5562 3589 5611 notant
3608 5575 3667 5611 se

256 5652 456 5709 libatas
489 5650 761 5724 nequitiae
804 5651 1129 5707 secundum
1174 5653 1329 5723 quod
1374 5668 1513 5707 cura
1541 5650 1911 5722 perlambens

2022 5652 2283 5723 infamia,
2310 5654 2692 5726 supplantant
2714 5649 3003 5721 dominos,
3038 5665 3141 5704 nec
3172 5652 3457 5721 respuunt
3490 5648 3662 5703 dene-
