4074 6190
416 419 534 482 883

1435 419 1772 482 ATTONIS
1817 419 2404 483 VERCELLENSIS
2448 422 2800 486 EPISCOPI

3726 422 3851 484 884

416 567 556 626 gare
578 565 944 622 supremum.
979 551 1070 606 Sic
1101 549 1280 607 illecti
1313 552 1464 608 foeda
1487 553 1780 625 cupidine,
1806 555 2062 625 quando-
2091 557 2143 622 Α
2176 555 2397 622 darent,
2423 558 2480 609 at
2499 559 2822 626 exposcunt
2862 554 3103 611 attribui
3145 554 3256 612 sibi
3295 555 3426 611 fidis
3468 571 3604 627 qua
3627 572 3849 628 posse-

421 656 532 713 que
565 645 806 711 sperant
835 641 1060 695 mmstis
1109 645 1384 712 praestare
1433 641 1579 697 levia
1630 643 1675 698 si
1728 643 1845 698 fors
1876 643 2068 699 differt

419 727 732 800 quicquam
764 729 1007 801 periculi
1037 735 1362 802 utcumque
1390 730 1603 803 ingerit
1650 748 1718 787 ex
1748 732 1980 803 proprio
2013 737 2068 787 et

421 818 856 873 communando
888 822 1283 889 prosternunt.

496 907 678 978 Igitur
693 907 990 979 Principes
1010 909 1231 962 addunt
1248 908 1478 963 munire
1497 909 1770 963 scabrosa
1786 913 1842 964 et
1859 913 2070 964 cuncta

425 996 637 1051 radosa
665 1012 767 1067 per
788 1012 1019 1051 exesum
1046 1001 1108 1051 ut
1145 996 1223 1052 nil
1267 1000 1442 1068 queat
1479 997 1612 1066 quis
1635 997 1936 1051 traducere
1958 996 2068 1051 sibi

424 1085 713 1157 ignotum.
740 1086 808 1139 Et
829 1086 922 1140 cui
941 1089 1138 1140 extant
1155 1084 1463 1158 praevalida
1480 1085 1809 1140 munimina
1827 1089 1928 1141 aut
1947 1103 2070 1157 pra-

429 1177 600 1229 munt
628 1173 956 1242 obsidibus,
990 1178 1090 1229 aut
1123 1175 1393 1229 nituntur
1421 1173 1692 1228 eximere.
1728 1174 1788 1228 In
1821 1191 2067 1244 quorum

429 1263 563 1331 fide,
590 1262 640 1318 si
666 1262 810 1318 forie
832 1263 1057 1330 credas,
1101 1262 1464 1318 committere
1503 1267 1670 1317 tuum
1703 1263 1972 1331 fundum,
2009 1269 2073 1319 ut

424 1353 649 1408 fervent
668 1352 797 1419 tibi,
840 1357 940 1407 aut
980 1353 1028 1408 si
1072 1369 1238 1407 curas
1284 1352 1583 1423 imponere
1613 1352 1800 1408 ullum
1831 1353 2070 1408 titulum

427 1445 555 1498 tum
587 1440 777 1497 metiri
830 1441 1080 1513 propriis
1129 1440 1456 1496 hmradibus
1497 1440 1751 1514 elogium
1785 1443 2072 1514 quidquid

337 1537 343 1543 '
427 1529 573 1586 utile
591 1533 679 1586 est
696 1530 924 1584 cunctis
943 1529 1054 1584 sibi
1074 1531 1388 1598 vindicant,
1413 1547 1600 1602 neque
1615 1536 1839 1602 ponunt
1855 1533 2075 1602 disper-

429 1636 564 1692 gere
606 1618 814 1674 saltem
857 1622 1078 1690 partem
1125 1619 1182 1673 in
1235 1619 1346 1684 his,
1382 1637 1505 1690 qua:
1538 1619 1676 1674 olim
1708 1626 2069 1692 paraverant.

433 1708 574 1772 Quis
597 1711 834 1762 struunt
857 1724 1018 1763 arces
1058 1708 1310 1778 concilii,
1349 1713 1412 1763 ut
1443 1725 1515 1764 ne
1545 1725 1662 1779 qua
1692 1709 1948 1765 incursio
1976 1711 2072 1778 sit,

436 1813 566 1868 quae
591 1799 803 1852 terreat
827 1796 1009 1866 ipsos,
1035 1798 1131 1852 sed
1155 1797 1490 1869 tranquille,
1514 1797 1747 1853 valeant
1779 1798 1923 1853 mihi
1944 1801 2075 1854 red-

2181 643 2315 698 dere
2340 643 2606 710 rebelles,
2649 649 2712 698 ut
2750 649 3024 699 maneant
3061 645 3225 700 dotes
3263 645 3657 716 proditionis;
3707 661 3848 716 spe-

2176 736 2338 786 ctant
2359 731 2628 788 revellere
2652 725 2778 804 quae
2800 738 2942 788 tunc
2964 734 3196 803 cedunt,
3223 737 3280 788 et
3300 734 3493 805 prisca
3515 735 3666 789 dum
3697 736 3844 790 sub-

2179 821 2358 891 pediaa
2383 820 2599 875 fuerint
2620 823 2841 877 abrasas
2863 822 3135 877 dimersis
3169 821 3450 892 procintis
3473 828 3530 877 et
3553 823 3845 879 dimersis

2177 909 2250 964 iis
2282 909 2380 980 qui
2413 910 2608 981 vigent
2639 910 2910 978 solertia;
2943 917 3069 966 tum
3101 916 3156 967 et
3187 911 3245 966 hi
3277 911 3451 966 luunt
3474 911 3846 967 detrimenta

2177 1002 2234 1053 et
2265 998 2418 1053 tristi
2447 1016 2721 1055 successu
2749 1000 3081 1055 efficiuntur
3129 1005 3387 1056 extorres
3436 1018 3470 1055 a
3499 1002 3842 1056 commodis

2179 1104 2284 1142 nec
2316 1092 2583 1159 vegetant
2611 1090 2682 1143 ab
2714 1087 2853 1144 ullo.
2889 1089 3162 1144 Vicissim
3195 1089 3454 1160 ejulant;
3491 1107 3603 1145 nec
3654 1091 3843 1145 deerit

2177 1175 2384 1231 titulus
2418 1177 2710 1243 facinoris,
2745 1195 2859 1250 quo
2892 1177 3206 1250 instigatur
3235 1195 3539 1243 aerumma,
3578 1184 3646 1234 ut
3671 1185 3844 1234 cete-

2180 1265 2259 1320 ris
2292 1283 2416 1336 quae
2449 1265 2582 1334 heu,
2619 1267 2762 1337 proh
2794 1265 2958 1322 dolor
2991 1268 3002 1321 l
3061 1284 3298 1338 rapaces
3349 1269 3675 1323 ambrones
3711 1285 3845 1340 pro-

2181 1354 2543 1425 palaverunt.

2253 1443 2413 1498 Tunc
2435 1444 2609 1499 etiam
2635 1461 2745 1500 nex
2783 1449 2959 1514 atque
2997 1445 3172 1506 ruina
3193 1450 3530 1500 caaterorum
3557 1446 3848 1515 obiicitur

2182 1531 2297 1597 bis,
2321 1536 2377 1587 et
2398 1533 2576 1588 duces
2599 1533 2696 1604 qui
2724 1535 2984 1589 fecerunt
3026 1535 3177 1590 foeda
3199 1551 3301 1606 per
3321 1550 3527 1590 omnes
3549 1540 3846 1590 accusant

2184 1620 2290 1676 hos
2314 1621 2567 1676 fomenta
2589 1622 2898 1677 scelerum.
2934 1623 3119 1678 Pudet
3159 1641 3238 1694 se,
3284 1640 3388 1679 nec
3410 1629 3712 1680 conantur
3735 1629 3846 1680 tra-

2185 1710 2392 1765 ductos
2424 1711 2702 1781 redigere.
2737 1712 2847 1766 Sed
2893 1711 3014 1766 haec
3061 1717 3290 1768 tantum
3343 1717 3407 1767 ut
3436 1713 3681 1785 possint
3715 1714 3848 1784 inji-

2187 1815 2315 1854 cere
2339 1799 2492 1866 odia,
2527 1801 2682 1854 fama
2711 1800 2936 1855 diducit
2982 1802 3300 1872 quamdam
3344 1802 3622 1857 acerbam
3660 1819 3846 1868 avem,

438 1887 573 1940 dere
595 1884 872 1940 meditata
894 1884 1151 1940 cuilibet.
1177 1886 1242 1939 In
1282 1902 1396 1957 qua
1438 1891 1706 1941 statuunt
1729 1887 1992 1943 humatia
2021 1893 2077 1944 et
2106 1922 2154 1986 B
2188 1904 2314 1958 qua:
2339 1888 2477 1942 dum
2514 1888 2720 1958 pipliat
2739 1889 3086 1960 glicescente
3110 1890 3346 1962 genitali
3379 1890 3573 1946 calore
3596 1896 3661 1945 et
3682 1891 3847 1945 blan-

437 1978 796 2045 componunl
819 1973 1075 2045 tristega.
1099 1975 1171 2028 At
1194 1977 1503 2046 postquam
1527 1973 1708 2030 solide
1730 1977 2080 2047 praefixerint

434 2062 698 2118 labentes
730 2062 981 2134 plantas,
1016 2067 1142 2117 tum
1168 2062 1456 2134 diponunt
1477 2064 1701 2134 digesta
1721 2065 1912 2137 jurgia
1933 2067 2084 2122 inter

433 2150 661 2208 animos
693 2168 1019 2222 procerum,
1053 2157 1109 2206 at
1137 2151 1436 2207 affirmant
1463 2169 1524 2207 se
1555 2168 1683 2208 esse
1715 2154 1901 2210 socios
1924 2159 2082 2210 utro-

434 2250 565 2294 rum
589 2239 1044 2309 adversantium,
1077 2243 1135 2293 et
1165 2238 1513 2310 plagiatores
1545 2247 1824 2297 accusant
1852 2243 2080 2299 ramulis

434 2327 676 2383 aamulos
699 2327 930 2396 inﬁdos,
957 2328 1110 2398 quod
1136 2328 1473 2399 fungantur,
1499 2329 1548 2383 ei
1575 2345 1806 2401 quoque
1829 2328 2080 2402 perversi

435 2420 502 2471 ut
521 2415 658 2472 illis.
682 2417 947 2472 Semeles
971 2421 1402 2488 arguunttanto
1421 2417 1684 2489 crimine,
1705 2436 1776 2475 ne
1791 2421 2082 2492 pandetur

433 2504 640 2576 iniqua
670 2504 963 2576 pharetra,
994 2509 1050 2560 et
1082 2522 1152 2561 ne
1183 2506 1448 2562 mordeat
1477 2523 1836 2580 quamquam
1859 2509 2082 2565 indiffe-

435 2597 629 2649 renter
676 2594 795 2649 fore
843 2594 1160 2666 ingratum.
1211 2595 1438 2650 Accitos
1489 2602 1710 2652 canunt
1739 2597 2004 2669 perclues
2027 2604 2083 2653 et

439 2682 762 2752 perdurant
792 2682 1126 2748 dissidium,
1160 2685 1541 2740 contestando
1583 2687 1767 2741 sacris
1800 2703 1870 2742 ne
1901 2687 2079 2742 simul

441 2769 680 2825 redeant
701 2787 835 2824 cum
865 2769 1010 2841 ipsis
1031 2771 1102 2825 ad
1127 2771 1465 2842 pristinum,
1488 2773 1672 2829 donec
1694 2779 1996 2830 versentur
2019 2776 2077 2831 in

437 2857 557 2914 imo
579 2861 637 2914 et
657 2857 767 2930 ipsi
790 2857 1012 2914 indices
1035 2874 1150 2915 non
1175 2865 1620 2930 sequestrantur
1661 2863 2076 2920 nitentes.......

439 2947 548 3003 has
568 2951 833 3002 versutas
856 2963 1027 3003 curas
1049 2952 1104 3002 et
1143 2953 1409 3004 susurrat
1434 2967 1446 3018 ;
1489 2950 1702 3006 valebit
1742 2951 1791 3006 si
1815 2953 1934 3008 haec
1957 2954 2078 3009 fue-

435 3035 555 3091 rint
575 3036 805 3091 deserta
826 3036 1062 3092 infecta.
1105 3036 1230 3092 Non
1271 3035 1468 3093 lavant
1494 3038 1774 3105 insontes,
1801 3058 1948 3113 quos
1975 3059 2078 3097 nec

435 3140 686 3181 censura
708 3124 930 3197 fatigat.
956 3126 1106 3180 Tum
1131 3125 1434 3182 Bronchus
1457 3128 1744 3199 premitur
1769 3129 2006 3186 horrore
2024 3135 2080 3186 at

430 3230 540 3270 vox
581 3229 798 3286 urgens
847 3212 1052 3270 fulcire
1101 3213 1290 3270 edicta
1338 3215 1534 3286 politis
1585 3217 1893 3291 przastigiis
1923 3218 2076 3274 exilii

2191 1976 2348 2032 ditur
2369 1977 2615 2033 remissa
2643 1977 2753 2033 alis
2776 1979 3046 2034 subvenit
3083 1980 3211 2050 conj
3223 1997 3297 2034 ux
3334 1979 3582 2051 imparis
3613 1980 3848 2052 generis

2191 2083 2307 2120 non
2341 2070 2580 2121 naturas.
2615 2067 2736 2130 Quo
2769 2072 3037 2138 patrante
3076 2066 3195 2123 ales
3241 2068 3619 2140 praesenserit
3653 2085 3716 2123 se
3749 2069 3848 2124 fce-

2190 2157 2309 2208 tam
2365 2155 2717 2225 insequitur,
2751 2155 3013 2227 gaudens
3045 2155 3358 2212 dissolvere
3380 2156 3583 2212 dotata
3626 2157 3852 2212 viscera

2192 2243 2415 2313 sponsi.
2451 2243 2543 2299 Sic
2572 2244 2750 2298 duces
2782 2248 3122 2299 crassantur
3152 2245 3210 2299 in
3243 2245 3487 2310 exuviis,
3525 2245 3765 2300 inhiant
3789 2251 3853 2299 ut

2191 2336 2437 2403 surgant
2458 2331 2516 2386 in
2542 2331 2909 2398 alterutrum,
2930 2350 3000 2388 ne
3023 2351 3170 2388 vana
3189 2333 3368 2388 libido
3394 2334 3850 2405 impediaturad

2191 2437 2362 2474 omne
2395 2421 2621 2476 facinus
2646 2422 2798 2492 quod
2846 2423 3082 2494 appetit.
3107 2423 3256 2477 Dum
3277 2422 3550 2493 impacati
3569 2423 3853 2478 custodes

2189 2509 2433 2564 trahunt
2462 2509 2688 2565 diversa
2727 2511 2883 2566 exosi
2938 2511 3087 2566 inter
3139 2528 3222 2582 se,
3275 2528 3379 2566 nec
3425 2511 3548 2566 bini
3581 2511 3856 2567 sentiunt

2192 2613 2398 2662 unum,
2426 2614 2531 2652 nec
2553 2598 2770 2670 singuli
2795 2605 3042 2670 possunt
3063 2601 3335 2656 resistere
3363 2600 3618 2654 vittatim
3647 2617 3850 2672 proce-

2190 2688 2339 2740 dunt
2369 2703 2720 2758 quocunque
2748 2693 2978 2743 tantum
3019 2693 3108 2744 est
3156 2694 3456 2762 expectare
3508 2706 3646 2760 qua:
3678 2691 3854 2745 actiat

2193 2792 2358 2830 urna.

2259 2863 2444 2918 Pudet
2465 2881 2823 2936 quamquam
2847 2866 3075 2922 vibrare
3098 2867 3295 2939 ipsum
3317 2867 3596 2939 spiritum
3624 2883 3735 2940 per
3756 2886 3852 2923 sn-

2187 2968 2357 3024 peras
2387 2969 2582 3022 auras,
2614 2970 2858 3025 quaeque
2907 2959 3146 3010 manent
3185 2955 3416 3027 ingrata
3458 2955 3678 3027 cuique
3709 2957 3851 3010 dum

2189 3046 2420 3097 tenetur
2447 3042 2763 3098 auferenda
2785 3041 3007 3099 felicior
3029 3045 3159 3114 jam
3182 3044 3467 3116 proditus,
3493 3045 3595 3116 qui
3625 3046 3850 3100 immu-

2189 3131 2280 3186 nis
2309 3135 2590 3186 extasset.
2623 3130 2770 3186 Hinc
2815 3131 2912 3186 alii
2957 3131 3155 3194 exulas
3199 3133 3512 3205 repudiant
3541 3135 3717 3189 basia
3745 3149 3851 3188 nec

2187 3223 2462 3274 verentur
2490 3220 2758 3275 frustrari
2791 3225 2979 3277 natos.
3029 3223 3096 3276 Et
3145 3220 3242 3276 alii
3292 3222 3531 3293 quidem
3565 3222 3852 3292 perstrin-

431 3303 626 3360 evadit
644 3303 716 3359 ad
729 3302 894 3360 aulas
917 3302 1302 3360 stridentibus
1317 3305 1582 3376 postibus
1599 3311 1655 3361 et
1673 3289 1870 3363 lividis
1887 3308 2078 3380 pupil-
2111 3289 2153 3355 C
2193 3312 2340 3380 gunt
2359 3306 2551 3363 lurida
2571 3307 2797 3364 viscera
2817 3308 3214 3381 paschemate.
3240 3289 3468 3365 Et‘sunt
3482 3289 3711 3366 inertes
3729 3327 3854 3381 spe-

430 3393 526 3449 lis.
559 3391 662 3448 Hic
695 3396 952 3448 assertor
979 3392 1099 3447 vari
1153 3396 1391 3447 notatur
1443 3394 1644 3450 rabido
1693 3395 1986 3467 stigmate,
2021 3401 2086 3452 ut

434 3483 631 3554 praeda
654 3481 1006 3554 quantocius
1028 3481 1430 3552 discerpenda.
1463 3486 1762 3550 Quomodo
1793 3502 1925 3540 cum
1961 3503 2085 3541 ma-

437 3570 688 3641 strugati
720 3569 916 3625 Pharti
969 3569 1267 3625 intentant
1315 3571 1707 3642 Tragelapbos
1748 3575 2001 3645 Scorpus
2032 3580 2088 3630 et

441 3657 690 3730 prisvius
713 3658 989 3728 gradiens
1007 3659 1505 3728 captaveritauras
1525 3659 1686 3727 lethi,
1709 3666 1835 3716 tum
1860 3679 1920 3718 sa
1942 3664 2089 3720 duce

444 3749 845 3817 contorquens
878 3746 1116 3818 agmina
1155 3747 1445 3818 pecudum
1472 3748 1636 3820 fugat
1658 3765 1761 3821 per
1808 3767 1962 3818 aera,
1993 3753 2087 3808 cui

441 3833 1481 3908 imputatquisquearcitenens,quod
1496 3854 1611 3892 non
1627 3838 2090 3897 fuissentomnes

440 3923 720 3997 prostrati
747 3941 760 3992 ;
796 3940 972 3996 quem
1003 3924 1178 3980 etiam
1211 3924 1402 3981 solum
1453 3927 1784 3999 imprecans
1815 3929 2089 4002 blasphe-

439 4018 580 4081 mat,
610 4016 668 4068 et
689 4012 896 4085 fatigat
915 4029 1300 4083 compescere.
1330 4015 1423 4070 Sic
1447 4017 1545 4088 qui
1568 4017 1720 4072 valet
1743 4033 2090 4090 cognoscere

440 4101 676 4156 fraudes
699 4101 916 4156 ducum
941 4101 990 4156 si
1012 4102 1315 4172 protulerit
1333 4104 1388 4158 in
1414 4104 1694 4160 medium.
1715 4109 1787 4160 At
1803 4123 2091 4164 consonos

441 4190 682 4245 mandat
713 4188 914 4245 caelare
937 4191 1195 4247 coruscis
1233 4192 1438 4263 plastis
1461 4197 1518 4248 at
1559 4196 1892 4265 frequenter
1912 4197 2082 4252 advo-

439 4283 574 4334 cant
593 4278 875 4334 martisus
898 4279 1036 4334 etin
1060 4280 1244 4336 tristis
1264 4286 1320 4336 et
1358 4281 1684 4350 emistibus,
1711 4291 1774 4338 ut
1796 4286 2086 4341 resolvant

442 4383 570 4423 sese
593 4367 825 4422 condito
851 4368 991 4422 dum
1029 4373 1168 4424 sunt
1191 4370 1409 4441 quibus
1449 4377 1505 4425 et
1527 4371 1843 4427 horridulis
1868 4375 2087 4430 oil‘atim

441 4456 686 4528 insuper
715 4456 956 4512 student
982 4456 1308 4513 discludere
1355 4461 1426 4513 de
1467 4475 1690 4515 cruore.
1726 4502 1737 4514 .
1776 4504 1786 4515 .
1827 4505 1839 4516 .
1875 4504 1887 4518 .
1926 4505 1938 4517 .
1976 4505 1986 4517 .
2026 4506 2038 4518 .
2077 4505 2089 4517 .

442 4549 546 4600 aut
563 4561 690 4616 quis
714 4543 1054 4617 relinquunt
1076 4563 1224 4618 quos
1248 4548 1630 4618 pessundant.
1652 4549 1983 4606 Ministrant
2002 4551 2093 4607 his

2195 3401 2422 3453 ctantes
2454 3399 2674 3452 nodum
2715 3397 3036 3470 pyramidis
3068 3403 3127 3454 et
3155 3398 3387 3471 speleon
3421 3400 3623 3472 yconis
3655 3399 3746 3456 vel
3767 3399 3849 3454 la-

2194 3504 2376 3541 cunzn.
2413 3487 2480 3541 Et
2512 3491 2739 3541 restant
2769 3488 2985 3559 quibus
3018 3488 3322 3542 fraudatur
3350 3492 3625 3560 aspectus
3661 3493 3852 3559 tyran-

2198 3575 2288 3630 nis
2328 3574 2415 3630 vel
2473 3592 2620 3646 quos
2671 3576 2975 3645 praecisum
3029 3593 3240 3632 nomen
3291 3577 3573 3649 parentis,
3617 3577 3854 3631 videtur

2197 3679 2427 3718 servare
2456 3663 2747 3735 impubes.

2269 3750 2414 3806 Aliis
2437 3752 2719 3808 adimitur
2735 3770 2869 3824 pars
2888 3770 3017 3825 quae
3035 3754 3336 3826 experiens
3357 3755 3580 3826 bajulat
3596 3761 3853 3827 quatuor

2199 3856 2410 3896 sensus
2439 3845 2496 3896 et
2525 3841 2754 3898 revulsa
2793 3844 3108 3914 compescit
3137 3842 3343 3898 alium.

2269 3928 2383 3983 Nec
2415 3929 2496 3984 sic
2527 3930 2662 3984 odia
2694 3935 2971 4002 premunt
3019 3932 3228 4003 sopita,
3281 3932 3381 3987 sed
3411 3939 3856 4005 persequuntur

2200 4016 2484 4088 quidquid
2521 4023 2703 4074 restat
2728 4020 2798 4074 de
2841 4020 3128 4091 germine,
3156 4020 3255 4076 sed
3286 4020 3606 4077 furibunda
3638 4023 3853 4094 cupido

2201 4105 2341 4159 dum
2357 4105 2570 4160 fruitur
2583 4107 2870 4173 sontibus,
2889 4123 3100 4179 neque
3125 4109 3303 4163 donat
3323 4109 3740 4180 excipiendum
3757 4125 3856 4164 ne-

2204 4195 2290 4248 fas
2308 4195 2541 4250 elfraana
2564 4196 2724 4250 saevit
2746 4197 2802 4250 in
2828 4197 3144 4267 abruptum
3186 4213 3290 4269 per
3331 4198 3491 4268 ipsos
3514 4199 3754 4269 probos.
3789 4199 3856 4253 Et

2205 4287 2516 4355 postquam
2551 4284 2810 4356 insignes
2840 4285 3018 4340 diruti
3041 4286 3386 4356 compendio
3421 4287 3674 4342 lraenant
3699 4287 3858 4343 hiare

2202 4389 2402 4426 eorum
2428 4372 2715 4428 derisores
2740 4374 3339 4446 implicanturtzadiis.
3357 4374 3856 4445 thuiquondam

2205 4461 2618 4517 abdicaverunt
2640 4463 2798 4534 ipsos
2819 4462 2984 4518 irrita
3006 4463 3118 4519 lida
3138 4467 3262 4518 tum
3286 4470 3561 4534 quaerunt
3579 4465 3858 4520 seductas

2205 4551 2434 4604 dextras
2457 4552 2582 4621 jam
2615 4550 2793 4606 nullis
2826 4551 3056 4622 praediis
3095 4552 3185 4607 vel
3237 4551 3617 4607 facultatibus
3647 4553 3857 4608 dotau-

443 4640 780 4704 provectum
805 4635 1008 4690 donec.
1034 4635 1146 4691 Sed
1188 4636 1260 4691 de
1300 4636 1547 4692 aliorum
1583 4638 1835 4708 jactura.
1861 4641 1941 4694 Ex
1965 4641 2090 4712 qui-
2123 4657 2171 4720 D
2205 4638 2492 4708 das,quas
2535 4639 2811 4708 jucunda:
2863 4640 3026 4711 prius
3075 4640 3507 4695 committerent
3555 4641 3856 4712 praedictis

444 4721 554 4776 bus
577 4727 716 4777 sunt
736 4723 911 4778 etiam
935 4725 1196 4794 quidam,
1223 4725 1322 4796 qui
1343 4726 1483 4780 dum
1501 4725 1781 4781 aamulant
1801 4728 2092 4784 fortunam

443 4808 692 4865 aliorum
717 4811 828 4866 sibi
856 4813 1153 4883 indeptam
1181 4814 1429 4887 fatigant
1454 4832 1552 4871 eos
1584 4832 1813 4871 cassare
1836 4815 1927 4872 his
1949 4834 2091 4888 pra:-

441 4897 634 4971 stigiis
665 4900 976 4955 ostendant
997 4901 1203 4958 inlices
1226 4902 1439 4969 luctus,
1472 4908 1530 4959 et
1558 4904 1908 4975 depromunt
1939 4907 2093 4976 quod

439 4987 762 5060 Principes,
789 4989 886 5060 qui
912 4995 1192 5046 auxerant
1214 4992 1372 5062 ipsos
1395 4991 2092 5050 ﬁxissantillisaarumnas

442 5093 591 5149 quos
614 5081 672 5133 et
693 5077 949 5149 produnt
971 5078 1215 5149 dignum
1240 5080 1531 5146 exludere,
1559 5086 1616 5136 et
1639 5082 1943 5154 repulsant
1964 5083 2092 5139 vin-

442 5166 638 5222 dicare
660 5166 804 5235 haec,
830 5170 886 5222 et
907 5165 1210 5223 disserunt
1239 5169 1518 5224 validum.
1544 5170 1632 5224 Illi
1659 5171 1799 5225 dum
1826 5171 2094 5226 nituntur

442 5254 552 5311 hoc
583 5262 918 5329 perpetrare
949 5256 1264 5327 exquirunt
1296 5257 1500 5314 modos
1534 5259 1749 5330 potius,
1783 5263 1846 5314 ut
1867 5250 2092 5314 dictant

442 5343 590 5399 tales
615 5345 949 5417 amphifari,
975 5345 1074 5417 qui
1109 5345 1157 5402 si
1191 5351 1489 5417 aspectant
1511 5349 1637 5418 jam
1671 5352 1904 5403 nactum
1935 5351 2090 5404 unde

442 5431 661 5486 valeant
694 5434 902 5490 elidere
925 5436 1270 5500 duces,tuoc
1289 5436 1704 5507 quaeruntinde
1719 5442 2083 5506 proventum.

443 5518 544 5573 Sin
578 5526 803 5590 ponunt
833 5539 962 5578 sese
994 5528 1195 5580 cautos
1227 5525 1442 5596 quibus
1476 5528 1534 5578 et
1571 5530 1867 5595 exponunt
1896 5526 2086 5582 socios

442 5611 500 5662 at
531 5609 826 5665 resolvunt
859 5612 1180 5667 machinas.
1211 5613 1275 5668 Et
1299 5613 1505 5668 docent
1547 5611 1800 5684 primum
1827 5630 1887 5669 se
1920 5631 2083 5670 voca-

443 5701 534 5753 tos
557 5696 615 5752 in
639 5697 731 5754 his
755 5699 826 5754 ab
867 5700 999 5756 aliis
1042 5706 1097 5758 et
1139 5719 1270 5759 mox
1310 5702 1615 5776 ral'ugiisse
1657 5702 1728 5758 ad
1750 5718 1848 5758 eos
1874 5708 2085 5776 utpro-

2205 4725 2455 4780 dominis
2486 4727 2534 4780 si
2580 4732 2913 4782 servassent
2962 4727 3151 4798 prima
3197 4729 3432 4784 foedera.
3489 4732 3558 4782 Et
3610 4731 3662 4784 si
3695 4732 3857 4803 origo

2204 4813 2511 4884 protulerit
2540 4814 2647 4870 hos
2675 4832 2926 4888 eugenes
2961 4817 3159 4872 niortii
3191 4819 3452 4872 continui
3485 4825 3735 4890 pareant
3761 4837 3856 4875 ne—

2204 4902 2422 4973 quitias.
2456 4904 2591 4958 Post
2621 4910 2835 4976 cogunt
2867 4923 2927 4960 se
2957 4905 3039 4961 ira
3072 4907 3386 4978 naufragos
3417 4907 3566 4961 abiis
3603 4908 3859 4979 pedibus

2203 4996 2259 5046 et
2289 4998 2607 5047 causantur
2637 4994 2919 5064 dediticii,
2954 4999 3016 5048 ut
3045 4993 3130 5050 vel
3164 4995 3330 5050 inviti
3361 4995 3679 5067 supplaant
3702 4998 3858 5068 quod

2202 5083 2640 5152 spoponderant
2670 5082 2931 5138 fmnerati
2965 5085 3275 5138 munerati.
3330 5084 3544 5138 Arbitri
3577 5086 3681 5156 qui
3717 5086 3860 5142 deli-

2205 5170 2463 5240 gantur?
2494 5188 2640 5242 quos
2672 5188 2775 5226 nec
2800 5172 2972 5242 juvat
3011 5173 3222 5227 referre
3252 5177 3533 5245 spectata,
3565 5189 3676 5229 nec
3698 5176 3864 5245 juvat

2201 5265 2462 5330 spectare
2495 5259 2713 5315 inserta
2751 5260 2995 5315 vetustis
3046 5261 3246 5316 tomis.
3301 5262 3599 5316 Intentant
3629 5262 3860 5319 hariles

2201 5353 2380 5403 nutus
2413 5347 2682 5404 inductos
2707 5354 2762 5404 et
2786 5349 2870 5404 sic
2893 5350 3400 5420 concinnantjura
3424 5350 3643 5406 infecta
3667 5355 3859 5408 numi-

2199 5444 2404 5504 smate,
2441 5443 2506 5492 ut
2539 5442 2821 5510 exequata
2850 5438 2985 5492 lanx
3008 5439 3254 5508 justitia:
3289 5439 3585 5494 neminem
3612 5442 3859 5496 trutinet

2199 5526 2396 5581 facete.
2430 5526 2543 5582 Nec
2577 5527 2852 5582 omnibus
2882 5526 3178 5582 indicetur
3231 5527 3497 5599 diligant,
3552 5528 3853 5584 indemnis

2195 5615 2340 5671 cxiet
2372 5615 2516 5686 ipse,
2550 5619 2606 5669 et
2655 5614 2923 5685 quamvis
2954 5623 3193 5671 excuset
3223 5633 3396 5688 quem
3432 5616 3733 5687 exodiunt,
3765 5607 3852 5672 vel

2190 5708 2486 5760 tenentem
2518 5705 2817 5760 fortunam
2868 5705 3213 5762 succumbat
3261 5711 3363 5763 aut
3409 5706 3634 5764 fractus
3667 5707 3724 5764 vi
3756 5712 3856 5766 aut
