4060 6190
251 381 366 443 885

1310 377 1844 442 POLYPTICUM.
1876 413 1953 423 —
1983 379 2301 445 TEXTUS
2348 384 2632 445 ALTER.

3561 379 3683 441 886

253 514 492 569 abactus
524 509 776 567 insidiis.
804 511 923 567 Nec
954 528 1201 568 censura
1222 512 1445 569 durans
1477 514 1534 567 in
1567 512 1721 566 idem
1756 530 1907 585 saepe
1935 516 1991 581 Α
2022 532 2198 571 suum
2232 516 2423 588 silere,
2458 517 2546 573 vel
2588 514 2834 572 moleste
2865 516 3168 571 obducunt
3214 513 3330 569 luci
3361 520 3417 569 et
3462 517 3685 587 cogunt

254 603 563 675 respondet
611 616 727 654 una
777 602 1096 667 sententia,
1149 618 1272 670 qua:
1325 619 1480 657 nunc
1521 602 1731 674 arguit,
1780 620 1912 657 mox

253 694 461 749 iterum
494 691 657 745 inﬂat
688 687 995 760 laudibus,
1028 695 1085 745 et
1118 708 1321 745 rursus
1352 690 1675 763 proclamat
1706 693 1909 747 eadem

251 782 553 854 prephana
580 779 824 849 insuper
858 783 915 833 et
948 780 1256 834 deteriora.

315 874 419 925 Ast
450 868 713 924 conditor
732 867 934 921 arduas
969 868 1120 923 arcis
1143 868 1281 939 quin
1317 869 1617 924 laureatus
1650 870 1793 924 solio
1816 870 1912 923 ni-

248 977 350 1014 xus
382 958 643 1014 elevatur
694 955 921 1027 opimo,
960 963 1017 1013 et
1068 958 1302 1013 foetatur
1331 958 1566 1014 eludere
1611 959 1907 1014 residuam

246 1049 541 1104 cohortem
568 1044 815 1101 rudibus
831 1045 1497 1117 syllogismis,iubilatsi
1527 1066 1675 1120 quos
1696 1049 1909 1103 eximet

247 1154 481 1194 summa
513 1136 637 1191 dies
666 1135 807 1189 dum
843 1134 1033 1191 intret
1064 1137 1407 1191 caducarius
1439 1143 1495 1193 et
1525 1137 1739 1202 viduis,
1780 1154 1907 1208 quae

242 1230 580 1299 superstant
609 1225 679 1279 ab
716 1222 883 1293 ipsis,
921 1240 1041 1279 non
1068 1225 1243 1279 datur
1273 1226 1428 1297 optio
1457 1227 1503 1281 si
1529 1227 1613 1280 sic
1635 1231 1911 1280 maneant

240 1321 338 1373 aut
355 1315 579 1387 quibus
600 1316 943 1384 praparent
957 1330 1017 1368 se
1040 1314 1249 1369 bivitas
1268 1315 1324 1368 ni
1340 1315 1633 1369 redimant
1655 1332 1905 1386 quorum

237 1406 436 1477 inepta
480 1401 776 1459 connubia
805 1405 913 1455 aut
964 1407 1300 1457 mercantur
1330 1403 1403 1457 ab
1452 1403 1763 1458 immeritis
1808 1411 1908 1459 aut

234 1495 479 1566 erigunt
528 1496 764 1564 egentes
817 1489 1069 1546 clientes
1122 1493 1297 1563 regis,
1330 1493 1429 1563 qui
1481 1510 1583 1547 nec
1635 1494 1909 1549 dubitant

232 1584 533 1639 offuscare
558 1580 855 1653 privignos
880 1598 989 1635 nec
1020 1582 1325 1636 excludere
1358 1582 1633 1653 prodigas
1666 1588 1906 1638 matres.

303 1677 373 1727 Et
397 1674 524 1727 dux
547 1669 839 1725 interdum
865 1674 1066 1724 sumet
1086 1670 1398 1741 insignitas
1426 1672 1631 1741 liguris
1664 1672 1721 1726 in
1747 1673 1910 1743 Lyto-

235 1767 495 1819 stratam
521 1759 715 1815 aulam
741 1758 1018 1829 turpibus
1050 1758 1275 1814 usibus.
1302 1759 1516 1814 Deinde
1540 1761 1695 1831 cogit
1718 1761 1909 1831 priva-

236 1853 344 1908 tim
378 1852 599 1923 degere
642 1852 879 1902 caeteros
930 1849 1245 1918 productos
1278 1848 1585 1920 indigenas
1636 1851 1911 1921 etjaccat
1941 1889 1989 1952 B

240 1958 463 2013 egenos
487 1940 739 1994 advenas
769 1936 968 1991 electis
1000 1936 1287 1991 aurilibus
1311 1938 1451 2008 quia
1480 1938 1753 2009 dapsyles
1778 1956 1907 2010 spe-

244 2036 334 2086 rat
365 2046 471 2084 eos
503 2027 637 2082 sibi.
672 2027 735 2081 Et
770 2025 819 2079 si
852 2025 940 2079 vel
975 2026 1129 2080 cives
1162 2031 1393 2080 tantum
1446 2027 1664 2082 buccos
1698 2045 1901 2099 seque-

248 2124 481 2175 strante
502 2133 669 2172 sacra
700 2131 1039 2169 mammona
1064 2132 1077 2181 ;
1113 2120 1178 2169 ut
1212 2115 1404 2185 potius
1427 2115 1725 2171 celebrent
1747 2118 1912 2173 obse-

251 2209 411 2279 quia,
447 2210 506 2260 et
537 2203 979 2276 pareantjussis
1011 2219 1114 2274 per
1143 2219 1333 2258 omne.
1358 2203 1715 2275 Necjactent
1750 2206 1909 2261 :haec

254 2293 554 2368 magnalia
577 2293 727 2347 fudit
746 2291 911 2346 nobis
934 2291 1189 2363 genuina
1211 2292 1654 2363 prosapia.Quia
1675 2295 1908 2349 attoniti

254 2384 548 2457 plaudunt
579 2382 678 2436 sed
710 2381 897 2452 ignari
929 2380 1067 2451 quid
1101 2380 1297 2435 rutilet
1328 2398 1427 2451 per
1482 2383 1767 2452 trabeam,
1804 2400 1909 2440 nec

252 2473 456 2529 docuit
483 2475 775 2542 praetexta.
811 2470 1021 2526 Obsius
1053 2469 1200 2524 fallit
1230 2470 1336 2524 hos
1365 2474 1421 2525 et
1450 2470 1690 2527 licorem
1733 2490 1908 2543 quem

253 2578 466 2617 cauma
495 2559 719 2631 expulit
748 2562 934 2628 antro,
952 2558 1142 2613 solent
1166 2560 1432 2630 praeferre
1462 2558 1909 2629 lapillisindicis

254 2656 312 2706 et
340 2647 593 2705 caucasi.
632 2649 701 2703 Et
731 2648 871 2703 dum
914 2646 1131 2703 tollunt
1158 2646 1444 2702 ciliartica
1492 2648 1771 2721 insignia,
1806 2667 1909 2705 nec

254 2743 513 2794 noscunt
543 2737 798 2792 secunde
842 2741 1130 2808 coeptare.
1164 2736 1428 2807 Cumque
1460 2737 1625 2808 plebs
1658 2739 1911 2795 consulit

253 2829 365 2883 hos
390 2827 720 2881 frendentes
739 2830 1013 2897 premunt
1030 2826 1237 2881 rudere
1260 2825 1595 2883 barbaricas
1619 2828 1907 2898 sequelas.

254 2916 591 2971 Fastidiunt
612 2914 751 2986 quid
778 2914 1017 2969 reboent
1037 2914 1216 2985 leges,
1232 2918 1287 2968 et
1308 2913 1515 2986 frigore
1547 2918 1636 2971 sui
1659 2917 1909 2971 barritus

256 3004 642 3077 perterritant
659 3002 946 3058 subditos.
967 3004 1035 3057 Et
1056 3003 1311 3073 primum
1327 3006 1585 3075 gaudent
1609 3008 1911 3060 traducere

256 3110 542 3166 pompam
575 3091 791 3164 ignotis
824 3093 1217 3157 successibus,
1252 3097 1315 3145 ut
1345 3110 1479 3148 vero
1511 3095 1789 3165 rmperint
1818 3096 1909 3147 in-

255 3183 487 3254 spicere
514 3198 704 3237 mores
734 3182 972 3235 fortanaz
998 3181 1127 3236 licet
1157 3180 1294 3235 foris
1318 3183 1699 3252 perendinent
1720 3201 1909 3250 curas,

257 3273 362 3327 sed
394 3270 607 3326 vulnus
638 3270 985 3341 inspiciatur
1033 3271 1142 3325 sub
1175 3275 1421 3341 pectore.
1455 3272 1545 3326 Sic
1595 3278 1907 3344 postquam

257 3378 325 3416 se
358 3361 565 3415 dedere
617 3359 794 3430 quieti
829 3358 962 3414 altis
996 3358 1280 3414 fulcribus
1312 3366 1447 3415 tunc
1478 3367 1534 3415 et.
1580 3360 1909 3431 suscipiunt

256 3449 634 3519 stephadium
658 3448 768 3501 sub
792 3448 887 3501 dio
918 3452 975 3502 et
1007 3449 1717 3520 frcquentantclypsidras
1742 3449 1908 3503 lucu-

258 3539 366 3592 bre
397 3543 450 3592 et
479 3538 527 3592 si
562 3536 767 3591 fallant
792 3536 1213 3591 metiri.Animi
1247 3537 1491 3593 ﬂuctant
1522 3539 1613 3592 his
1640 3540 1780 3592 dum
1817 3540 1909 3593 in-

257 3629 439 3680 suetas
472 3625 781 3691 rimantur,
815 3624 1073 3679 furtuitas
1119 3641 1272 3679 nunc
1303 3642 1461 3697 opes,
1498 3643 1652 3680 nunc
1700 3631 1757 3680 et
1789 3630 1905 3680 rui-

256 3731 398 3769 nam
430 3719 711 3786 expavent
749 3714 926 3784 degra
958 3713 1269 3785 Principis,
1301 3720 1365 3769 ut
1414 3716 1661 3771 docuere
1691 3732 1906 3785 praece-

255 3804 464 3857 dentes
495 3803 635 3857 dum
682 3802 980 3855 crederent
1011 3802 1411 3873 tranquillam.
1448 3805 1607 3868 Quod
1660 3821 1763 3857 nec
1795 3805 1906 3857 du-

255 3895 402 3945 cunt
430 3889 735 3955 veniabile,
769 3905 874 3943 nec
908 3889 1064 3944 ullus
1095 3891 1305 3944 modus
1349 3896 1585 3946 excusat
1615 3893 1908 3962 praeterire

256 3981 403 4034 dum
423 3995 669 4051 quaque
696 3978 946 4033 servitus
964 3978 1253 4033 excutitur
1269 3980 1339 4033 ab
1359 3979 1502 4051 ipsis
1532 3985 1593 4034 ut
1614 3980 1684 4033 ab
1708 3980 1909 4034 imme—

256 4068 392 4122 ritis
423 4065 660 4131 villicis,
690 4070 746 4120 et
798 4068 1091 4121 neminem
1139 4074 1378 4122 excusat
1409 4068 1541 4122 inde
1590 4068 1907 4123 auctoritas

256 4155 416 4211 sedis
464 4172 569 4210 suo
621 4160 911 4225 respectu,
944 4172 1049 4211 nec
1098 4156 1243 4211 doxa
1282 4157 1445 4229 fugat
1491 4156 1903 4211 contumeliam

256 4261 408 4316 quos
436 4243 690 4315 dignitas
721 4247 777 4298 et
808 4245 1048 4316 eulogia:
1082 4244 1405 4315 priscorum
1424 4247 1632 4301 caelatae
1651 4246 1904 4301 cathalo-

255 4332 351 4405 gis
380 4334 696 4388 retardant.
731 4332 790 4387 Si
822 4334 982 4405 origo
1023 4334 1183 4388 dedit
1214 4351 1432 4389 nzevum
1485 4340 1691 4407 parant
1721 4336 1904 4390 obdu-

258 4438 391 4477 cere
421 4425 476 4477 et
504 4422 755 4476 emicare
787 4421 978 4477 solum
1029 4423 1099 4478 de
1130 4428 1402 4494 suscepta
1450 4424 1754 4495 dignitate.
1789 4424 1905 4478 Iloc

258 4509 567 4566 stimulant
598 4526 745 4565 sese.
780 4511 890 4566 Sed
922 4512 1064 4566 dum
1096 4511 1451 4566 conscientia
1480 4517 1647 4567 vexat
1677 4514 1903 4568 animos

2028 606 2291 677 experire
2338 609 2614 663 acerbum
2648 606 2776 673 iter,
2814 611 2871 662 et
2918 606 3171 660 lustrare
3220 603 3412 676 ignota
3446 604 3680 659 saecula.

2025 695 2171 751 Hinc
2194 698 2444 751 effluunt
2477 698 2696 751 animis
2728 697 2868 750 dum
2902 700 3200 765 compotes
3232 693 3522 749 caducarii
3548 708 3687 746 eve-

2024 786 2196 841 niunt
2228 786 2503 857 prostrati
2557 786 2732 855 regis.
2768 785 2929 839 Unde
2974 800 3126 855 saepe
3158 784 3353 838 colunt
3396 780 3687 837 caltudias

2024 876 2383 931 ostendendo
2416 874 2693 945 superba,
2717 880 2773 928 et
2806 875 3141 928 conducunt
3169 890 3230 927 se
3262 871 3467 943 alogiis
3498 870 3688 925 libare

2023 965 2253 1020 nibaria
2283 964 2558 1019 carczesia
2590 968 2648 1017 et
2678 964 2945 1017 tribuunt
2994 962 3191 1017 calbas
3225 963 3292 1016 ad
3347 960 3596 1016 invicem
3630 962 3689 1012 et

2026 1054 2279 1107 reddunt
2311 1052 2503 1107 sabaea
2536 1050 2869 1105 semicintia
2900 1056 3138 1123 gravata
3187 1050 3447 1104 coruscis
3479 1048 3684 1104 bullis.

2023 1142 2249 1196 Rursus
2282 1141 2652 1210 ingeminant
2684 1156 2745 1194 se
2776 1140 2990 1194 vincire
3020 1139 3253 1195 novella
3284 1139 3395 1193 fide
3427 1138 3686 1193 alternas

2022 1229 2259 1285 sibimet
2282 1234 2485 1283 mutuo
2510 1229 2692 1283 dante
2717 1228 2987 1299 prosapia
3013 1229 3323 1299 nymphas,
3353 1225 3685 1281 etvicissim

2022 1320 2319 1389 excipiunt
2350 1317 2461 1372 sibi
2494 1317 2749 1389 pignora
2784 1316 3091 1371 delubro...
3126 1317 3410 1371 servanda
3444 1316 3684 1371 cliente-

2021 1407 2098 1473 la,
2132 1412 2189 1462 et
2218 1406 2305 1461 vel
2336 1405 2439 1461 tali
2472 1406 2757 1461 atrabone
2786 1404 3103 1477 persistant
3131 1409 3450 1477 compacta.
3478 1405 3682 1461 Caeteri

2013 1498 2270 1567 jurando
2305 1512 2405 1566 per
2431 1496 2751 1550 Dominum
2784 1493 3191 1566 spirituum,et
3221 1512 3322 1565 per
3350 1511 3528 1549 urnas
3553 1496 3683 1564 ejus

2024 1585 2449 1639 ﬁdissimorum
2483 1584 2730 1638 testium
2763 1583 2976 1637 celatas
3008 1584 3065 1637 in
3096 1582 3272 1654 polito
3304 1583 3475 1654 opho.
3499 1583 3684 1653 Igitur

2023 1672 2399 1744 distinguunt
2427 1672 2586 1726 inter
2608 1689 2671 1726 se
2703 1676 2935 1742 gentem
2956 1676 3010 1726 et
3042 1671 3312 1743 patriam,
3337 1676 3393 1726 et
3416 1677 3684 1727 evertunt

2025 1763 2249 1833 inopes,
2283 1765 2338 1815 et
2372 1761 2521 1815 haud
2560 1761 2770 1814 odiunt
2800 1760 3091 1814 temerarii
3122 1760 3393 1831 quaelibet
3423 1778 3607 1815 sacra.

2098 1852 2276 1906 Fama
2305 1855 2393 1904 est
2424 1866 2561 1903 cum
2620 1849 2904 1919 Autolops
2935 1849 3171 1919 coeperit
3197 1849 3409 1903 elidere
3453 1866 3682 1904 comam

2022 1939 2291 1994 hericinae
2341 1938 2612 2009 implicat
2662 1955 2725 1993 se
2776 1938 2923 2001 neci,
2958 1943 3014 1991 et
3046 1940 3280 1992 tandem
3338 1944 3394 1992 et
3442 1939 3680 1992 tandem

2023 2029 2264 2101 prodere
2296 2044 2357 2081 se
2406 2027 2651 2099 propria
2699 2044 2852 2082 voce.
2888 2027 2980 2081 Sic
3012 2028 3198 2082 evenit
3236 2026 3346 2081 illis
3399 2027 3495 2098 qui
3530 2044 3681 2097 pra)-

2022 2117 2264 2173 sumunt
2295 2114 2510 2170 violare
2562 2133 2751 2171 sacra.
2787 2118 3013 2171 Interea
3061 2133 3164 2172 nec
3196 2122 3385 2171 cessat
3428 2115 3679 2187 punitio,

2023 2205 2292 2278 quamvis
2324 2206 2645 2260 credantur
2676 2206 3002 2271 obliterata,
3023 2222 3147 2276 qua:
3179 2206 3403 2260 dudum
3427 2204 3681 2260 tulerant

2022 2293 2386 2360 moleste,vel
2414 2294 2462 2347 si
2492 2312 2610 2349 non
2638 2295 2853 2349 fuerint
2877 2294 3184 2365 impetrata
3207 2311 3333 2366 qua:
3353 2296 3675 2364 jusserant,

2022 2383 2432 2456 opportunitas
2486 2384 2751 2439 vindicat
2781 2385 2837 2438 in
2884 2384 3048 2455 ipsis.
3104 2386 3347 2455 Insuper
3376 2382 3683 2454 tripliciter

2021 2474 2247 2528 addunt
2293 2471 2573 2542 perﬁcere
2605 2490 2787 2529 noxos
2832 2490 2932 2545 pro
2964 2473 3180 2544 quibus
3220 2472 3357 2527 olim
3393 2473 3680 2527 tinxerant

2023 2560 2303 2632 repellere
2333 2559 2551 2617 lucem.
2577 2562 2801 2624 Quibus
2826 2562 3019 2633 praeda
3048 2567 3135 2617 est
3164 2561 3445 2632 supellex,
3472 2561 3541 2615 de
3565 2577 3680 2631 qua

2024 2666 2229 2705 rursus
2252 2649 2580 2719 proclamat
2598 2652 2844 2721 curiam,
2875 2668 3007 2705 cum
3035 2667 3203 2705 nemo
3236 2650 3314 2705 sit
3344 2651 3441 2720 qui
3469 2650 3680 2704 mutiat

2023 2741 2093 2794 de
2139 2738 2319 2793 curia.
2354 2737 2473 2810 Ops
2522 2741 2853 2795 considerat
2895 2740 3065 2811 longe
3115 2755 3223 2793 nec
3264 2739 3571 2810 prophetat
3617 2739 3677 2793 in

2022 2828 2114 2882 bis
2150 2831 2369 2897 partem
2390 2842 2595 2883 secum
2615 2846 2762 2900 quos
2781 2829 3001 2899 stipant
3021 2826 3345 2883 Neotherici
3374 2828 3674 2891 butcones,

2022 2932 2271 2987 quorum
2298 2916 2613 2985 plaudente
2636 2916 3290 2985 caterva,mucissonem
3316 2917 3520 2971 audies
3541 2916 3678 2970 velit

2023 3005 2071 3059 si
2104 3004 2339 3074 opipare
2371 3020 2507 3058 cum
2560 3005 2704 3077 ipsis
2736 3005 2996 3059 obsoleta
3028 3004 3265 3059 veritate
3316 3005 3585 3072 proferre.
3630 3006 3674 3059 Ο

2023 3100 2283 3163 tempora
2316 3110 2442 3162 quae
2477 3094 2704 3148 nullum
2730 3093 3013 3148 celebrem
3043 3092 3382 3164 protrahitis
3415 3094 3481 3146 ad
3510 3093 3674 3162 judi-

2022 3199 2147 3237 cem
2172 3186 2227 3235 et
2258 3181 2537 3235 insistant
2566 3182 2790 3235 rustici.
2828 3182 3035 3236 Recolo
3070 3181 3384 3245 Busticeta,
3421 3182 3520 3235 sed
3556 3198 3670 3235 non

1940 3256 1982 3321 C
2023 3287 2308 3343 propensc
2342 3271 2635 3334 consules,
2669 3270 2872 3341 quales
2904 3271 3048 3324 istos
3072 3269 3167 3339 qui
3194 3269 3275 3322 sic
3307 3269 3673 3339 prospiciunt

2019 3364 2230 3414 cuncta
2254 3358 2465 3413 librare
2489 3360 2761 3413 secundis
2786 3360 3124 3418 rebusxlum
3144 3356 3489 3428 pertrahunt
3513 3375 3669 3428 sym-

2021 3448 2257 3519 phosias
2278 3448 2502 3501 musica
2525 3466 2622 3519 per
2654 3449 2856 3501 urbem
2880 3447 3132 3501 modulis
3159 3446 3375 3512 inflata,
3396 3451 3450 3499 et
3473 3463 3670 3515 reper-

2020 3555 2213 3601 cussa,
2247 3546 2302 3591 et
2334 3536 2567 3607 pulsata
2598 3537 2892 3607 proruptis
2915 3537 3147 3597 fidibus.
3174 3534 3303 3587 inde
3335 3535 3671 3605 sudpeditat

2019 3643 2231 3681 canora
2276 3642 2402 3681 vox.
2440 3625 2609 3680 Istria
2660 3626 2760 3679 dat
2807 3626 2994 3679 saltus
3027 3624 3314 3695 pincernae
3366 3623 3671 3694 invigilant

2018 3715 2300 3787 perpetim
2334 3714 2509 3768 simul
2542 3714 2898 3767 confundere
2948 3714 3221 3767 defaecata
3251 3710 3385 3765 vina
3417 3715 3665 3775 nectare,

2018 3812 2074 3858 ct
2104 3804 2441 3859 ministrant
2471 3803 2713 3868 caeliam,
2742 3808 2797 3857 et
2827 3803 3075 3857 siceram
3110 3806 3175 3854 ut
3208 3800 3409 3871 fugent
3439 3816 3665 3870 parcos,

2018 3898 2074 3947 et
2106 3891 2394 3947 resolvant
2436 3890 2757 3945 temulenta
2804 3906 3083 3960 corpora;
3134 3889 3243 3942 heu
3291 3888 3665 3958 prodentium

2019 3982 2154 4035 hinc
2191 3980 2372 4035 nefas.
2408 3978 2515 4041 Qui
2566 3982 2940 4049 perstrepunt
2989 3993 3222 4046 quoquo
3274 3975 3522 4045 petulcis
3565 3993 3664 4030 ca—

2018 4069 2269 4137 chinnis,
2296 4072 2351 4121 et
2382 4073 2584 4121 mutuo
2611 4066 2900 4136 instigant
2930 4082 3056 4119 sese
3088 4062 3395 4131 iaculando
3417 4062 3664 4119 lascivas

2018 4157 2281 4213 fabellas.
2315 4156 2477 4211 Tunc
2508 4155 2792 4209 illecebras
2837 4156 3159 4223 suggerunt
3190 4156 3390 4220 stupra
3421 4154 3477 4204 et
3508 4151 3661 4207 ince-

2017 4252 2139 4314 sta;
2174 4252 2229 4301 et
2259 4245 2406 4299 servi
2460 4242 2865 4315 morigerando
2915 4240 3169 4294 dominis
3219 4242 3559 4309 pernoctant
3602 4238 3659 4293 in

2016 4336 2107 4391 his
2138 4336 2595 4406 circumquaque
2624 4330 2995 4386 bacchantes.

2086 4425 2193 4479 Sed
2222 4440 2325 4477 nec
2350 4427 2623 4493 poterunt
2650 4421 2747 4474 diu
2765 4419 2981 4489 perfrui
3006 4418 3097 4472 his
3122 4418 3246 4471 sine
3268 4415 3387 4470 zelo
3411 4414 3661 4485 alicujus

2016 4531 2147 4567 cum
2173 4514 2291 4567 sint
2314 4529 2480 4583 pares
2503 4510 2725 4565 ceteris
2746 4509 3204 4575 ordine,ettanta
3222 4503 3503 4575 dignitate
3522 4520 3660 4573 prae-

259 4598 565 4669 degeneris
597 4600 935 4670 propaginis
966 4617 1115 4670 quos
1166 4599 1382 4654 arctius
1416 4600 1677 4672 implicat
1718 4606 1903 4656 terror
1934 4617 1981 4681 D
2014 4602 2296 4675 polleant;
2320 4600 2636 4655 namlabor
2661 4593 3380 4659 concordiam,dissidium
3405 4590 3659 4645 insolen-

258 4685 559 4741 revolvunt
592 4704 895 4757 procacem
918 4689 1245 4759 dominum,
1271 4694 1326 4743 et
1347 4695 1661 4744 retractant
1684 4692 1895 4761 praede-

258 4789 520 4827 cessores
551 4779 607 4827 et
655 4775 925 4830 consules
977 4781 1033 4829 et
1080 4775 1458 4846 speculantur
1507 4795 1747 4849 pervasa
1777 4796 1902 4849 quae

259 4863 618 4933 subegerunt
636 4868 692 4916 et
721 4868 991 4917 metuunt
1021 4863 1172 4918 exire
1191 4866 1344 4919 unde
1376 4875 1700 4937 poscuntse
1733 4868 1900 4921 soda-

255 4950 411 5005 les...
447 4951 659 5005 minaci
691 4952 1007 5022 perficitur.
1038 4957 1180 5006 Dum
1204 4954 1331 5029 jam
1363 4954 1591 5009 diutina
1622 4956 1904 5010 securitas

259 5041 492 5093 incaute
532 5044 861 5111 prazparant
891 5040 1142 5110 lapsum,
1179 5045 1242 5094 ut
1290 5042 1459 5112 lingit
1489 5042 1782 5097 didascala
1814 5060 1902 5098 se-

255 5130 392 5183 ries.
425 5128 538 5183 Nec
568 5127 938 5189 exclucidant
983 5134 1285 5200 compacta
1316 5130 1454 5184 dum
1489 5132 1560 5184 ad
1592 5149 1775 5185 unum
1810 5148 1901 5186 co-

257 5220 401 5297 gant
429 5217 489 5271 in
536 5217 792 5289 glomere
840 5217 1111 5273 inductos
1160 5218 1395 5285 milites,
1432 5226 1494 5273 ut
1545 5220 1623 5274 sit
1672 5237 1740 5275 ne
1773 5220 1905 5292 quis

258 5310 481 5377 qumrat
510 5305 791 5360 obsistere
824 5322 895 5361 ne
925 5305 1133 5361 exulet.

332 5394 478 5447 Tum
511 5411 628 5448 una
657 5394 799 5448 facie
847 5398 1237 5465 prorumpunt
1284 5394 1552 5451 incusare
1581 5397 1781 5451 decem
1813 5398 1904 5451 cui

260 5482 649 5553 indulgent,et
668 5487 888 5536 castam
923 5485 1094 5536 tidem
1120 5488 1355 5536 servant
1381 5485 1427 5537 si
1462 5484 1594 5538 licet
1618 5487 1899 5541 recedere.

263 5578 447 5638 Quem
478 5570 634 5625 enim
669 5572 717 5626 si
748 5572 893 5626 forte
924 5577 1176 5643 opponat
1197 5571 1532 5643 lentiginem
1560 5574 1791 5645 populo,
1818 5576 1900 5632 vel

261 5660 316 5718 si
347 5660 762 5718 immurmuret
791 5659 1101 5718 vincilibus
1149 5661 1497 5734 compellant
1526 5680 1902 5736 compensare

2011 4692 2153 4746 tiam
2188 4694 2434 4761 parat,et
2466 4690 2717 4742 minores
2752 4685 3022 4740 semotim
3056 4682 3381 4737 accelerant
3404 4678 3568 4733 unire
3596 4696 3659 4734 se

2016 4779 2458 4850 pariterinjuria
2474 4776 3180 4846 majorum,etcausantur
3194 4770 3385 4825 deberi
3404 4768 3655 4839 sibiplu~

2016 4886 2233 4939 ra,qua:
2259 4868 2505 4922 retinent
2529 4870 2583 4920 et
2605 4863 2895 4933 castigant
2917 4858 3350 4931 cxequanda.Hi
3376 4861 3656 4929 superant

2013 4957 2430 5027 agminibus,et
2446 4954 2622 5008 fervet
2641 4953 2823 5006 virtus
2841 4955 2959 5004 toto
2980 4948 3332 5004 robore.lllis
3357 4948 3507 5017 viget
3531 4962 3652 4998 ma-

2014 5046 2199 5099 turior
2221 5060 2448 5111 sensus,
2474 5047 2530 5096 et
2551 5040 2837 5096 excellunt
2857 5040 3065 5110 Opibus
3082 5038 3458 5093 etfirmantur
3478 5032 3657 5087 subli-

2016 5134 2216 5188 mitate
2242 5132 2544 5186 mmnium.
2570 5131 2677 5185 Sed
2714 5135 2904 5184 tamen
2929 5128 3299 5182 considerant
3330 5121 3651 5176 invalidum

2013 5239 2140 5277 esse
2160 5222 2495 5291 extinguere
2528 5220 2679 5290 quod
2703 5216 2909 5272 ebullit
2942 5217 2997 5269 ni
3032 5217 3291 5268 statuant
3323 5208 3651 5278 Principcm

2014 5312 2125 5366 sub
2150 5326 2283 5381 quo,
2322 5315 2417 5364 sed
2454 5312 2728 5363 recusant
2758 5322 2819 5361 se
2852 5309 3123 5358 statuere.
3158 5299 3417 5353 Tandem
3450 5297 3655 5352 ineunt

2013 5398 2320 5454 consilium
2356 5414 2672 5467 proponere
2692 5395 2801 5450 sibi
2834 5392 3249 5459 stolidum,per
3278 5402 3449 5455 quem
3482 5386 3652 5457 perﬁ-

2014 5489 2169 5540 ciant
2203 5504 2329 5557 quze
2362 5492 2498 5539 sunt
2547 5482 2873 5544 commoda,
2907 5479 3005 5549 qui
3040 5493 3141 5529 nec
3174 5478 3489 5547 praesumat
3520 5474 3651 5529 illos

2014 5577 2329 5648 quicquam
2349 5575 2638 5645 inquirere
2651 5570 2737 5626 vel
2762 5581 3229 5635 recusare,quem
3247 5563 3422 5619 etiam
3436 5567 3653 5635 cogunt

2012 5667 2134 5723 haac
2162 5669 2380 5722 textare
2411 5681 2511 5736 per
2538 5661 2735 5719 divina
2764 5673 2931 5713 sacra
2958 5656 3277 5711 incassum.
3302 5654 3469 5723 Nam,
3494 5668 3653 5709 cum-
