4060 6190
367 285 484 352 887

1392 265 1730 353 ATTONIS
1775 286 2365 352 VERCELLENSIS
2409 288 2763 352 EPISCOPI

3676 290 3794 353 888

369 438 484 494 que
531 421 703 480 fuerit
747 419 1048 490 Praslatus,
1083 422 1132 478 si
1182 422 1362 479 hebes
1413 423 1733 496 perstiterit
1781 423 2012 479 nullum
2043 424 2099 489 Α
2130 422 2175 477 si
2201 424 2327 494 jam
2379 423 2644 479 radiante
2702 428 2932 480 caterva
2983 423 3317 479 subsistunt
3352 415 3424 479 et
3473 422 3791 495 frigescunt

368 510 593 568 luctum
626 509 839 568 deluet.
873 511 1022 574 Quin
1071 512 1247 568 etiam
1287 514 1535 582 juvenes
1586 517 1850 585 potenter
1893 514 2015 583 jam

370 598 648 669 adjicient
677 599 958 672 derogare
989 600 1223 670 priscis.
1244 602 1359 656 Nec
1390 601 1684 673 excipiunt
1715 604 2018 658 dominum

366 686 480 743 nisi
499 691 839 758 segregetur
858 689 928 743 ab
953 687 1090 743 illis.
1111 689 1218 751 Qui
1241 689 1472 744 facundi
1496 697 1698 745 contra
1721 691 2021 745 minantur

363 775 612 832 rudibus
643 775 883 848 inﬁgere
917 776 1206 832 deteriora
1235 783 1291 832 et
1329 785 1592 834 exercent
1623 780 1927 834 dominum
1963 783 2020 834 et

363 863 746 936 requiruntur
795 864 1107 936 promissa,
1142 872 1205 921 ut
1252 875 1499 940 surgant
1530 869 1588 922 in
1637 869 1929 938 adversos,
1962 873 2019 923 et

363 953 592 1010 docent.
617 954 762 1018 Quid
793 955 1002 1010 faciet?
1030 957 1239 1027 poterit
1269 973 1339 1011 ne
1369 962 1648 1028 utrasque
1691 958 1874 1012 vitare
1907 958 2020 1012 rui-

365 1042 504 1098 nas?
535 1043 636 1099 sed
669 1059 772 1097 nec
804 1043 1038 1116 ingenia
1063 1045 1464 1117 suffragantur
1485 1051 1699 1117 inepto.
1735 1047 1935 1101 Restat
1955 1051 2018 1101 ut

366 1131 606 1204 effugiat
651 1148 868 1199 osores,
904 1137 959 1188 et
1003 1139 1168 1189 vacet
1194 1134 1476 1205 privatus.
1525 1136 1583 1190 Si
1612 1152 1746 1190 vero
1793 1136 2016 1207 primus

365 1219 755 1293 propalaverit
796 1238 857 1278 se
899 1221 1177 1294 ignavum
1212 1228 1332 1278 arte
1365 1225 1424 1278 in
1481 1242 1594 1296 quo
1644 1230 1701 1280 et
1751 1226 2016 1296 protinus

364 1309 588 1366 eluceat
605 1311 916 1382 prudentia
943 1312 1167 1368 favente
1189 1313 1515 1368 diademate
1540 1332 1551 1368 :
1579 1319 1701 1368 tum
1726 1315 2014 1385 perterriti

361 1398 626 1456 clanculo
659 1404 976 1471 procurant
1007 1400 1198 1473 sopire
1230 1402 1381 1457 odia.
1409 1404 1478 1458 Et
1509 1420 1714 1458 rursus
1745 1408 2016 1459 mussant

365 1490 643 1546 reducere
674 1489 732 1544 in
768 1506 974 1561 unum,
1010 1495 1077 1546 ut
1119 1491 1330 1546 iterum
1365 1497 1584 1563 queant
1613 1497 1867 1549 retexere
1897 1493 2012 1548 haz-

366 1577 533 1634 rilem
575 1582 797 1650 pestem
847 1579 1093 1650 hujusce
1143 1584 1333 1650 pacto,
1368 1597 1493 1652 quae
1521 1599 1625 1637 nec
1675 1581 1883 1654 poterit
1914 1583 2011 1636 de-

362 1665 630 1722 litescere
659 1667 793 1722 duci
823 1667 941 1736 iam
974 1667 1129 1723 clara
1157 1669 1248 1725 sui
1271 1670 1617 1741 cognitione.
1641 1673 1794 1736 Quas
1825 1686 2012 1742 nugas

365 1759 535 1827 parat
565 1755 796 1812 abolere
826 1773 942 1812 una
971 1772 1104 1812 cum
1153 1759 1502 1830 nugacibus,
1538 1775 1714 1830 quem
1745 1760 1921 1814 etiam
1954 1764 2008 1815 et
2041 1791 2088 1856 B

364 1842 478 1916 ipsi
510 1844 786 1899 adversus
820 1860 880 1900 se
911 1845 1173 1916 gestiunt
1199 1846 1502 1902 excludere
1532 1848 1605 1902 ab
1637 1853 1805 1903 aucto
1841 1847 2005 1904 solio.

362 1934 518 1999 Quos
551 1933 809 2006 primum
850 1934 1182 2006 impediunt
1230 1937 1636 2006 praecedentia,
1671 1955 1796 2008 quae
1829 1929 2007 1992 infor-

359 2026 527 2078 mant
557 2022 784 2078 ducem.
804 2024 876 2078 At
905 2023 951 2081 si
987 2023 1480 2080 arbitrenturhaec
1510 2027 1780 2094 verenda,
1804 2033 1861 2081 et
1881 2027 2008 2097 opi—

361 2115 576 2168 nentur
605 2113 911 2168 dumtaxat
933 2117 1119 2168 semet
1149 2115 1396 2170 deﬁcere
1426 2115 1484 2168 in
1516 2115 1682 2186 ipsis,
1707 2119 1848 2170 tunc
1871 2131 2010 2186 quo-

359 2217 473 2273 que
503 2201 736 2256 eminus
767 2200 1030 2273 dirigunt
1060 2217 1232 2273 gazas
1282 2203 1607 2258 conducere
1638 2204 1749 2259 sibi
1781 2204 2006 2260 heroes.

357 2289 505 2346 Hinc
538 2293 742 2346 tenent
778 2291 1046 2362 augenda
1075 2290 1303 2357 solatia,
1337 2291 1478 2362 quin
1513 2293 1689 2346 etiam
1719 2299 1775 2347 et
1804 2299 2011 2364 parant

359 2378 496 2435 inde
528 2395 865 2450 promovere
896 2378 1178 2434 extimum
1232 2383 1404 2451 atque
1435 2381 1742 2436 robustum
1777 2382 2008 2448 ducem,

361 2471 418 2523 et
447 2467 797 2524 submittere
828 2467 1000 2524 colla.
1042 2469 1193 2524 Tum
1229 2468 1466 2540 quidem
1503 2511 1515 2523 .
1552 2512 1563 2523 .
1602 2512 1614 2524 .
1648 2470 1928 2543 suffragia
1956 2477 2013 2526 et

364 2556 622 2629 primum
652 2572 754 2628 per
774 2555 1020 2613 vicarios
1042 2557 1090 2611 si
1108 2575 1224 2612 non
1250 2558 1425 2613 fuerit
1454 2559 1542 2614 fas
1563 2557 1852 2614 celebrare
1875 2576 2011 2614 con-

363 2649 591 2701 ventus.
617 2645 840 2709 Quibus
857 2645 906 2706 si
937 2645 1060 2700 hac
1089 2646 1314 2718 digesta
1331 2647 1628 2718 paulisper
1644 2648 2010 2714 differantur,

365 2733 638 2788 deﬁcient
682 2732 1041 2804 imperfecta.
1089 2739 1177 2788 An
1229 2733 1463 2790 interim
1509 2736 1761 2791 cessabit
1814 2738 2014 2792 saevire

365 2837 690 2877 concussus
715 2821 878 2876 furor
903 2822 1209 2892 praasentis
1242 2822 1531 2891 Praesidis,
1556 2829 1612 2878 et
1640 2825 1892 2896 torpebit
1922 2827 2016 2881 de—

364 2925 605 2982 pascere
635 2910 871 2965 fontes?
900 2910 1050 2965 Num
1085 2909 1329 2983 insuper
1358 2912 1586 2969 exinius
1619 2919 1752 2986 aget
1793 2914 2014 2970 hostire

364 2998 745 3071 perpetitores
796 2999 1112 3056 subversis.
1147 3001 1216 3055 Et
1248 3001 1298 3055 si
1348 3007 1554 3072 parent
1582 3003 1892 3058 subvenire
1923 3004 2014 3059 his

367 3105 516 3162 quos
547 3104 697 3159 saepe
739 3086 1051 3144 salutando
1085 3088 1225 3144 olim
1259 3092 1560 3145 tentabant
1600 3093 1919 3164 producere
1953 3097 2016 3146 ut

2131 512 2364 581 animis,
2398 519 2452 568 et
2499 513 2752 586 suffugia
2797 517 3036 584 captant
3071 531 3082 568 :
3117 513 3329 570 referre
3377 512 3517 568 inde
3562 514 3788 584 pedem.

2129 606 2202 655 At
2230 601 2365 657 licet
2415 602 2778 674 conspiciant
2827 620 3000 657 suum
3053 618 3263 675 agmen
3313 606 3531 657 extare.
3569 602 3629 656 Si
3678 603 3788 658 dux

2129 690 2361 745 eminus
2409 696 2677 762 procuret
2709 690 2960 746 indicere
2989 689 3108 745 illis
3156 689 3514 761 tranquillos
3555 691 3786 762 angelos

2129 785 2393 852 gravatos
2425 781 2608 836 xeniis
2639 779 3202 851 inclusi,disputant,
3236 784 3291 834 et
3322 778 3711 850 querelantur
3729 797 3786 835 se

2128 869 2484 934 seductos,et
2513 869 2846 923 declamant
2875 867 3146 923 consules
3178 868 3275 938 qui
3309 867 3475 938 ipsos
3506 868 3787 924 conduxe-

2127 961 2257 1012 rant
2288 957 2400 1012 sibi
2431 958 2768 1030 perﬁdos,et
2801 958 3107 1012 innectunt
3139 957 3394 1024 fraudes,
3418 974 3575 1029 quos
3609 963 3664 1012 et
3693 958 3783 1011 de-

2127 1051 2330 1101 serunt
2378 1052 2433 1102 et
2481 1047 2854 1118 distinguunt
2905 1045 3098 1112 lmtbo,
3143 1050 3201 1099 et
3250 1048 3392 1100 tunc
3451 1051 3789 1116 pertentant

2125 1134 2450 1190 incolumes
2484 1136 2758 1191 reducere
2784 1138 3139 1207 gressum,et
3173 1135 3425 1206 perferre
3450 1134 3663 1206 adepta
3685 1135 3790 1207 pri-

2123 1228 2253 1278 vato
2287 1223 2431 1279 solo.

2197 1313 2346 1368 Raro
2377 1317 2485 1379 est,
2521 1314 2622 1368 sed
2656 1317 2744 1368 est
2775 1312 2875 1384 qui
2920 1312 3197 1368 inductus
3229 1311 3576 1385 aggrcpitur
3608 1327 3782 1382 expu-

2123 1418 2301 1473 gnare
2352 1403 2613 1458 dicatum
2655 1403 2860 1457 ducem
2896 1402 3053 1456 nudo
3085 1405 3332 1473 pectore,
3369 1417 3478 1454 nec
3534 1400 3784 1469 desistit,

2122 1490 2308 1545 donec
2340 1491 2590 1561 adeptus
2639 1491 2715 1545 sit
2746 1507 2945 1545 orcum
2978 1489 3065 1545 vel
3100 1489 3354 1560 palmam
3402 1493 3508 1544 aut
3540 1505 3644 1560 per
3673 1487 3784 1543 cla-

2121 1579 2253 1634 dem
2288 1579 2420 1635 belli
2471 1579 2692 1634 dividat
2722 1596 2856 1634 cum
2887 1579 3068 1634 altero
3119 1583 3176 1633 et
3206 1577 3466 1634 contenti
3518 1577 3783 1648 partibus

2121 1674 2327 1723 coeant
2358 1668 2416 1722 in
2448 1685 2632 1724 unum
2683 1669 2871 1724 fcedus
2903 1685 3142 1724 securus
3174 1665 3308 1738 quis
3339 1666 3625 1721 edomare
3657 1683 3780 1721 sua.

2120 1757 2266 1820 Quid
2298 1757 2659 1828 proﬁcicient
2687 1757 3034 1828 milites,qui
3066 1756 3222 1810 hunc
3246 1754 3781 1828 provocaverant?si

2118 1847 2178 1901 in
2198 1846 2296 1902 tali
2312 1846 2653 1902 discrimine
2667 1845 3174 1918 efﬂetsupremum
3197 1848 3506 1916 superstes
3527 1848 3784 1913 expectet

2118 1935 2226 1990 hos
2276 1953 2478 2006 pmnze,
2511 1940 2567 1990 et
2617 1935 2667 1990 si
2717 1951 2954 2006 compos
2994 1933 3264 2001 evaserit,
3311 1937 3441 1988 tum
3493 1936 3552 1987 et
3601 1932 3782 1985 isdem

2119 2023 2430 2094 compellat
2463 2025 2532 2078 ad
2566 2025 2623 2078 id
2649 2041 2752 2079 nec
2772 2023 3076 2095 ponitjam
3100 2026 3292 2078 extare
3325 2021 3442 2077 sibi
3477 2021 3786 2075 intemera-

2120 2112 2233 2167 hile
2283 2113 2561 2168 thronum
2595 2112 2936 2185 hujusmodi
2969 2130 3097 2184 quae
3143 2113 3375 2166 fuerant
3407 2109 3695 2174 recolens,
3727 2107 3784 2162 ni

2121 2203 2462 2257 auctoritate
2518 2203 2835 2274 priventur.
2872 2202 3023 2257 Sunt
3053 2201 3267 2272 quibus
3313 2199 3596 2271 praesidet
3628 2199 3786 2253 Prin-

2120 2307 2256 2363 ceps
2288 2292 2464 2345 unius
2496 2291 2804 2347 Provincia}
2836 2307 2984 2361 quos
3014 2291 3120 2345 etsi
3154 2305 3389 2344 summo
3424 2292 3606 2342 tenus
3637 2287 3789 2342 13358-

2121 2382 2196 2435 rit
2225 2385 2570 2451 turgescunt
2601 2380 2894 2452 siquidem
2928 2379 3164 2434 rumina
3192 2377 3546 2450 yperifania,
3573 2383 3628 2431 et
3662 2393 3788 2447 pro-

2120 2470 2281 2524 tinus
2312 2471 2531 2525 adeunt
2561 2469 2879 2524 verendum
2915 2467 3070 2523 trino
3100 2467 3430 2522 diademate
3457 2470 3518 2520 et
3549 2465 3788 2520 incitant

2122 2561 2348 2615 auferre
2402 2559 2619 2630 quibus
2650 2559 2874 2630 potitur
2927 2558 3121 2629 impar
3151 2557 3286 2611 dux.
3321 2556 3427 2611 Sin
3479 2555 3786 2627 explicent,

2121 2648 2377 2719 poterint
2399 2665 2470 2703 ne
2493 2647 2705 2702 habere
2727 2663 3030 2702 recursum
3053 2647 3124 2702 ad
3153 2644 3503 2717 propriai‘et
3525 2645 3788 2715 quamvis

2123 2737 2683 2808 perfecerint,ferent
2713 2736 2947 2791 tandem
2979 2735 3394 2806 competentia.
3432 2735 3788 2789 Praeminens

2123 2825 2408 2880 conducet
2460 2823 2569 2878 sibi
2602 2824 2657 2878 in
2693 2824 3044 2896 obsequium
3095 2823 3353 2878 diversas
3397 2823 3558 2878 acies
3613 2823 3788 2877 natio-

2124 2932 2265 2970 num
2299 2919 2354 2970 et
2402 2913 2615 2969 diffusa
2643 2914 2819 2968 verba
2868 2931 2993 2985 quae
3041 2913 3307 2968 nesciant
3354 2911 3554 2966 vivere
3607 2928 3786 2984 parce,

2124 3005 2224 3059 sed
2257 3003 2572 3075 compilare
2603 3020 2846 3074 quaeque
2901 3002 3144 3074 potiora,
3177 3007 3233 3056 et
3265 3001 3323 3055 in
3358 3002 3553 3056 sacris
3587 3002 3788 3056 addere

2125 3098 2428 3148 matronas
2464 3099 2528 3147 ut
2558 3092 2978 3164 postrihulo.Et
3008 3096 3072 3146 ut
3101 3091 3505 3164 persenserint
3533 3091 3785 3162 depopu-

365 3158 643 3248 primumi
674 3177 1026 3249 persenserit
1075 3177 1184 3232 hoc
1217 3177 1468 3249 sybilum
1519 3158 1769 3236 labentis
1821 3183 2009 3251 famae,
2043 3158 2085 3224 (ἶ
2123 3181 2301 3236 latam
2318 3158 2696 3237 Patrianinon
2729 3158 3442 3251 traduciturstatim,quia
3465 3158 3784 3233 invalidum

369 3265 551 3327 immo
579 3264 876 3322 declinant
923 3272 980 3320 et
1011 3266 1247 3321 uterunt
1277 3268 1349 3322 ad
1371 3285 1543 3323 aures
1573 3270 1817 3342 vigentis
1849 3272 2015 3325 ducis

367 3355 523 3426 quod
556 3355 667 3428 ipsi
701 3359 764 3410 ut
785 3355 967 3427 pestis
1000 3356 1176 3412 nimis
1203 3356 1373 3412 fuerit
1395 3358 1682 3429 exquisita
1704 3361 1770 3414 ad
1793 3361 1952 3432 ipsos
1984 3378 2016 3414 a

367 3443 621 3517 propriis
672 3445 981 3509 militibus,
1037 3462 1286 3516 quorum
1341 3446 1555 3502 animis
1586 3448 1782 3503 nullus
1829 3449 2019 3520 potuit

371 3534 724 3606 persuadere
753 3536 808 3588 et
830 3532 1114 3588 charitate
1146 3534 1415 3589 inﬁciunt
1437 3535 1638 3592 relicta
1669 3553 1793 3607 quae
1827 3543 2018 3593 metus

371 3621 653 3686 deluerat,
685 3624 741 3675 et
776 3619 994 3676 talibus
1044 3621 1338 3691 ﬁgmentis
1370 3628 1706 3695 exspectant
1738 3626 1956 3681 fmnora
1987 3644 2018 3681 a

369 3707 549 3763 latere
581 3708 709 3778 ejus
741 3708 1010 3780 quamvis
1053 3710 1216 3764 inﬁdi
1267 3727 1572 3782 proceres;
1605 3713 1827 3769 dudum
1880 3732 2017 3786 pra:-

371 3795 643 3852 miserint
671 3796 764 3851 his
794 3797 1203 3868 praerogativas
1244 3816 1370 3871 quae
1403 3806 1543 3857 sunt
1574 3804 1812 3857 mercati
1844 3804 2020 3876 dege-

373 3885 632 3941 nerando
664 3885 881 3957 quibus
914 3887 1015 3942 sed
1047 3903 1150 3958 pro
1195 3887 1386 3944 viduis
1415 3890 1532 3944 dux
1563 3908 1747 3962 pauca
1778 3893 2022 3964 porrigit

369 3977 427 4029 et
457 3974 758 4030 modestus
799 3975 1013 4047 arguit,
1046 3976 1095 4031 si
1134 3976 1254 4031 haec
1305 3979 1595 4034 maturius
1626 3983 2022 4051 panderentur

373 4061 544 4119 nobis
569 4079 705 4120 vera
735 4068 930 4135 aperte
957 4065 1098 4119 dum
1131 4082 1278 4121 cmca
1316 4066 1563 4122 latenter
1583 4069 1835 4138 juvaret.
1869 4072 2020 4134 Quo-

370 4169 502 4208 rum
535 4156 592 4208 ct
629 4153 916 4210 invalidos
947 4155 1245 4226 despectat
1288 4161 1450 4212 artus
1481 4159 1770 4230 cordaque
1819 4162 2022 4217 rabida

371 4241 721 4297 subsannat.
755 4242 987 4298 Externi
1019 4250 1159 4299 sunt
1192 4245 1368 4300 etiam
1402 4245 1719 4318 Principes,
1754 4250 1853 4320 qui
1885 4268 2019 4306 cum

370 4329 679 4388 hauserint
701 4329 958 4386 lamenta
975 4331 1216 4388 alterius
1251 4333 1503 4389 militum
1533 4335 1850 4406 perlatores
1867 4340 2021 4396 illico

373 4417 703 4490 deposcunt
737 4420 1011 4475 seductos
1055 4421 1292 4476 ﬁrmare
1342 4425 1649 4494 nequando
1683 4428 1921 4483 redeant
1951 4431 2019 4484 ad

2126 3276 2215 3326 est
2246 3271 2344 3325 diu
2401 3271 2698 3325 continere
2730 3269 3045 3341 phalanges
3078 3270 3138 3322 in
3187 3267 3468 3336 externis,
3505 3284 3612 3322 nec
3663 3284 3791 3321 con~

2124 3361 2283 3415 venit
2311 3365 2471 3415 tanto
2502 3360 2636 3414 duci
2670 3364 2961 3414 remotum
2984 3377 3016 3414 a
3037 3375 3147 3428 sua
3174 3357 3403 3429 legione
3435 3356 3651 3429 degere
3679 3357 3795 3428 qui—

2127 3450 2258 3504 dem
2288 3465 2421 3504 cum
2453 3448 2597 3520 ipsis
2619 3449 2688 3502 de
2721 3464 2970 3520 quorum
2994 3446 3127 3502 exili
3159 3447 3270 3500 ﬁde
3301 3445 3521 3517 oppido
3541 3451 3794 3500 veretur.

2130 3537 2301 3593 Redit
2349 3537 2418 3591 ad
2462 3536 2761 3608 proprium
2812 3536 3005 3591 solum
3051 3537 3207 3606 quod
3257 3535 3479 3605 gaudet
3528 3534 3797 3589 revisere.

2129 3629 2308 3692 Quem
2333 3626 2378 3680 si
2414 3626 2558 3681 forte
2580 3631 2910 3697 proponant
2935 3625 3220 3679 deducere
3249 3623 3348 3694 qui
3373 3640 3511 3678 eum
3537 3622 3796 3678 solemne

2129 3715 2725 3787 induxerant,eligant
2756 3713 3002 3786 lugubre
3024 3712 3260 3769 exilium
3285 3711 3418 3784 jugi
3447 3711 3796 3766 confusione

2131 3808 2404 3859 manente
2435 3803 2617 3858 ruina:
2638 3803 2726 3859 sin
2759 3803 2957 3875 potius
2988 3801 3392 3874 ignominiosae
3417 3799 3795 3871 linquuntur.

2131 3899 2355 3949 Interea
2386 3893 2504 3948 dux
2557 3893 2862 3963 prmsentis
2906 3892 3107 3947 Patria;
3143 3889 3380 3944 inferior
3435 3889 3688 3943 milibus
3719 3887 3800 3943 vel

2130 3981 2326 4037 exulat
2379 3982 2688 4053 profunde,
2719 3980 2806 4036 vel
2859 3980 3121 4035 residens
3169 3979 3450 4033 obtrusus
3505 3978 3800 4032 maznibus

2133 4070 2438 4143 praevalide
2473 4069 2634 4125 urbis
2663 4068 2862 4140 ejulat.
2893 4069 3006 4123 Sed
3036 4085 3167 4123 eum
3207 4066 3433 4121 noverit
3466 4066 3797 4121 discessum

2133 4159 2316 4215 hostis
2346 4164 2606 4228 optatam
2631 4159 2782 4213 diem
2816 4161 3092 4212 convocat
3117 4155 3409 4210 disclusos
3433 4171 3590 4226 quos
3613 4155 3802 4226 signa-

2133 4253 2291 4304 verat
2320 4248 2477 4303 clara
2510 4248 2652 4303 ﬁdes
2685 4247 2741 4301 in
2775 4247 2980 4302 aciem.
3005 4247 3072 4301 Et
3100 4245 3340 4299 instruit
3369 4243 3801 4315 primipilos,et

2132 4337 2390 4408 disponit
2439 4337 2699 4392 conferre
2733 4335 2943 4406 cuique
2974 4333 3170 4389 debita
3199 4332 3334 4387 ﬁdis
3384 4331 3543 4398 laeta,
3575 4338 3638 4387 et
3667 4330 3800 4387 sini-

2134 4425 2271 4481 stris
2293 4426 2771 4480 acerba.Summe
2795 4423 2885 4478 his
2908 4422 3010 4494 qui
3034 4421 3324 4477 accierant
3354 4424 3684 4492 tyrannum
3711 4436 3804 4492 per

373 4507 624 4578 gratiam
650 4507 826 4579 prisci
848 4509 1015 4564 ducis
1037 4511 1254 4581 quibus
1274 4515 1477 4568 etmox
1501 4515 1624 4583 pari
1649 4516 1871 4572 ratione
1893 4534 2025 4573 con-
2057 4529 2103 4592 D
2137 4530 2198 4567 se
2231 4513 2522 4568 addicitur
2553 4512 2853 4568 muletatio
2885 4517 2941 4566 et
2963 4528 3132 4582 poena
3162 4515 3217 4564 et
3235 4509 3382 4563 inde
3414 4507 3799 4580 supplicium.

373 4595 614 4654 ﬁrmant
643 4597 1062 4655 subvenire.Ad
1085 4615 1334 4670 quorum
1368 4601 1580 4672 Regem
1611 4608 1750 4660 tunc
1781 4612 1948 4661 caute
1974 4612 2030 4662 et

374 4683 661 4739 citissime
691 4684 957 4756 dirigunt
985 4685 1207 4757 legatos
1226 4688 1480 4758 pandere
1510 4705 1636 4760 quae
1659 4690 2031 4747 ﬁrmaverant

375 4769 613 4835 milites,
646 4772 747 4826 sed
802 4790 916 4828 non
950 4790 1076 4844 quze
1106 4774 1218 4846 ipsi
1266 4781 1331 4830 ut
1358 4781 1592 4848 praestet
1621 4777 1811 4850 lepida
1855 4781 2027 4848 dona,

373 4864 435 4916 et
466 4864 774 4916 cassentur
795 4868 920 4934 qua:
934 4864 1060 4935 jam
1089 4870 1227 4920 sunt
1249 4866 1560 4938 ﬁrmata,et
1577 4868 1774 4924 saeviat
1791 4870 1849 4923 in
1869 4887 2028 4939 suos,

375 4948 517 5021 quia
551 4966 654 5006 nec
685 4949 962 5007 valebunt
991 4954 1282 5010 sustinere
1313 4955 1570 5026 requiem
1606 4957 1662 5010 in
1697 4957 2031 5028 ipsis.Quos

374 5038 481 5094 etsi
517 5048 786 5110 procuret
818 5040 1138 5109 cumulare,
1173 5042 1390 5098 valebit
1420 5044 1711 5098 concitare
1741 5045 1937 5102 hostes
1959 5048 2028 5102 ad

375 5125 619 5181 exitium
650 5129 1024 5196 eorum,dum
1057 5131 1373 5186 credantur
1394 5131 1764 5188 solari.Tunc
1795 5140 2035 5190 nectunt

374 5213 594 5272 foedera
641 5216 864 5288 prolato
913 5219 1129 5276 talione
1158 5219 1207 5275 si
1257 5220 1546 5292 expediat.
1600 5221 1749 5277 Sunt
1795 5222 2029 5290 iterum,

379 5301 483 5372 qui
514 5309 794 5374 rogantur
824 5306 1096 5361 invadere
1126 5306 1365 5362 alterius
1397 5307 1763 5380 Principatus
1795 5310 2034 5383 rugiunt

378 5394 436 5444 et
466 5390 740 5459 fremunt,
777 5400 831 5449 et
873 5396 1103 5465 jactant
1134 5395 1404 5467 rigida,et
1436 5395 1683 5452 latenter
1712 5400 2032 5455 accelerant

377 5478 677 5533 incursare
727 5483 906 5536 armis
953 5484 1242 5538 incintum
1291 5485 1519 5539 ducem.
1556 5487 1663 5538 Sed
1723 5493 2029 5559 postquam

378 5564 666 5624 subierint
684 5569 837 5627 ultra
850 5573 978 5644 ejus
996 5573 1286 5646 margines
1312 5573 1594 5646 stipatum
1612 5582 1853 5632 cernant
1875 5594 2034 5642 cum,

2139 4603 2252 4657 Nec
2284 4603 2471 4656 solum
2507 4604 2624 4657 dux
2667 4607 2757 4657 est
2786 4600 3117 4668 exosor,sed
3151 4603 3208 4654 et
3239 4596 3480 4668 agmina
3511 4613 3645 4668 quae
3680 4614 3801 4668 per-

2138 4691 2395 4746 tulerant
2416 4690 2802 4746 contumelias
2823 4691 3078 4760 inﬁgunt
3101 4686 3268 4752 odia;
3297 4702 3404 4740 nec
3436 4686 3800 4752 tantum,sed

2139 4785 2196 4834 et
2217 4778 2434 4851 pariter
2454 4784 2740 4834 conantur
2759 4783 3018 4850 egestare
3044 4776 3298 4830 minores
3322 4775 3800 4845 ipsorum,donec

2139 4872 2277 4922 aatas
2307 4868 2596 4940 gradatim
2632 4866 2982 4921 demoliatur
3011 4864 3118 4918 hoc
3148 4867 3335 4917 totum
3367 4862 3426 4916 in
3460 4863 3644 4918 annis
3675 4867 3730 4918 et
3758 4863 3802 4916 si

2141 4957 2284 5009 forte
2312 4957 2487 5010 funus
2511 4955 2783 5026 praecidat
2806 4954 2914 5009 hos
2946 4954 3001 5006 in
3027 4951 3156 5006 istis
3189 4954 3556 5022 superest,ut
3583 4967 3693 5005 nec
3716 4969 3803 5004 va-

2138 5044 2296 5099 leant
2327 5043 2607 5115 gratulari
2651 5042 2869 5097 labenti
2901 5059 3015 5097 aevo
3050 5056 3153 5094 nec
3187 5040 3401 5094 futuro.
3437 5042 3806 5112 Quapropter

2141 5150 2256 5188 non
2291 5132 2514 5204 deperit
2542 5132 2771 5186 vitium.

2295 5221 2498 5269 Rursus
2527 5221 2806 5283 insurgeut
2828 5219 2912 5268 alii
2944 5221 2998 5267 et
3025 5220 3271 5266 rotantur
3304 5214 3523 5264 iisdem.

2213 5308 2322 5362 Sed
2357 5308 2496 5379 quia
2521 5313 2658 5364 sunt
2677 5307 2778 5379 qui
2801 5323 2986 5378 neque
3007 5306 3237 5360 fuerant
3258 5303 3481 5375 Cyrrati
3511 5319 3620 5358 nec
3648 5308 3803 5375 pote-

2142 5402 2271 5452 rant
2304 5398 2632 5468 pertingere
2677 5396 2762 5451 vel
2799 5395 3074 5450 laciniam
3125 5392 3352 5448 carbasi
3412 5409 3529 5463 prce
3583 5393 3803 5464 fulgore

2144 5485 2358 5557 sophiae
2391 5492 2445 5540 et
2468 5487 2683 5558 quibus
2717 5485 2861 5539 nihil
2887 5483 3046 5537 estsi
3071 5484 3222 5536 duus
3245 5482 3595 5536 deferantur
3617 5482 3689 5536 ad
3713 5497 3796 5534 ur-

2144 5591 2279 5630 nam
2311 5574 2710 5648 sandapila,ut
2737 5574 2908 5630 liceat
2936 5572 3021 5627 eis
3052 5571 3302 5644 perferre
3323 5569 3671 5626 indemnem
3706 5570 3796 5625 do-
