4060 6190
228 349 340 421 889

1280 351 1816 417 POLYPTICUM.
1847 379 1930 397 —-
1955 349 2270 414 TEX'I‘US
2316 351 2601 415 ALTER.

3532 356 3656 422 890

230 482 598 540 moictienem
648 482 879 541 refertis
912 479 1206 539 manubiis
1239 482 1279 538 ii
1311 484 1625 541 stimulant
1668 486 1885 541 memet
1912 482 1967 551 Α
1998 482 2220 539 duntur
2248 484 2548 541 delenefici
2569 483 2799 541 videtur
2817 483 3092 558 pleumon
3114 485 3257 541 dum
3284 488 3517 561 angitur
3535 494 3659 547 tuc-

228 572 307 629 sic
335 573 619 629 lacessere
652 588 906 628 erroneze
938 571 1221 627 induleris
1246 573 1411 629 Prete
1442 574 1489 629 si
1525 575 1726 630 tuleris
1756 591 1889 631 con-

230 662 467 718 fundere
519 660 778 733 sigillata
807 662 913 717 has
961 660 1141 717 seculi
1173 662 1221 716 si
1261 662 1475 718 fuerint
1522 664 1770 720 exercita
1800 662 1888 719 vel

230 752 407 807 effusa
439 768 564 823 quae
614 750 838 822 promis
879 751 1356 821 ﬂoccipendenda
1402 756 1541 807 tunc
1591 758 1646 808 et
1678 758 1890 808 natura

228 840 436 896 sterilis
450 840 679 911 linquat
693 857 802 894 sua
826 832 1129 895 muherasi
1156 841 1370 911 poteris
1387 842 1601 913 lingere
1615 843 1887 897 eumdem

230 934 444 985 statum
493 930 775 983 summati
808 934 863 983 et
893 928 1043 997 lixae,
1078 929 1294 999 quibus
1339 930 1669 1001 prospicere
1701 945 1887 983 unum

227 1017 453 1073 haeteris
483 1021 540 1071 et
574 1017 747 1072 aridm
780 1023 836 1072 et
866 1017 1057 1089 Cocyti
1081 1017 1219 1089 quid
1245 1018 1489 1089 derogas
1514 1019 1721 1073 officiis
1746 1020 1890 1072 Prae-

224 1107 523 1162 sidumPan
538 1105 693 1160 vales
710 1107 1013 1162 ebfuscare
1028 1107 1503 1179 suppetias,quas
1518 1109 1642 1179 ipse
1656 1125 1721 1161 su
1734 1122 1887 1160 mme

223 1200 423 1267 petens
450 1194 668 1267 legerat
699 1198 764 1250 ut
794 1195 1018 1250 falcirct
1046 1195 1343 1250 labantem
1377 1197 1731 1251 orbem.Nen
1754 1211 1887 1249 cen'

223 1283 401 1339 fiteris
427 1283 741 1339 Malachim
771 1288 871 1338 aut
901 1282 1144 1338 minime
1176 1283 1406 1354 plaudis
1438 1285 1527 1339 cui
1563 1288 1882 1337 concentus

220 1373 512 1445 virginum
546 1373 643 1427 dat
677 1372 1034 1443 tropheaeum
1064 1374 1262 1427 decem
1298 1373 1546 1427 millium
1579 1372 1837 1427 hostium
1860 1371 1887 1424 ?

220 1480 334 1518 non
388 1463 584 1534 potius
636 1462 893 1517 assumis
945 1462 1049 1515 hoc
1097 1479 1272 1532 quam
1324 1462 1586 1516 hmcaten
1632 1461 1883 1532 prophe-

220 1566 432 1606 neuma
454 1549 672 1605 occulis
695 1549 977 1622 gradibus
1000 1566 1371 1605 revocaveras
1394 1566 1631 1604 cursum
1666 1565 1770 1603 nec
1794 1565 1883 1603 re-

222 1641 336 1695 fers
362 1655 683 1711 precanum
715 1638 919 1709 templi
951 1638 1254 1693 cohelectae
1283 1639 1381 1709 qui
1414 1643 1469 1694 et
1490 1637 1730 1693 detersit
1754 1638 1886 1692 abe-

225 1728 626 1783 minanda?et
656 1730 719 1781 ut
748 1743 904 1782 nunc
936 1728 1185 1782 subeant
1218 1744 1428 1782 novum
1461 1731 1884 1782 testamentum

1997 572 2136 629 cetis
2167 590 2279 629 non
2313 574 2485 628 durat
2514 574 2837 645 exprimere
2868 574 3059 630 solum
3092 577 3658 649 panegyrica.Elluo-

1997 679 2101 720 nes
2130 662 2282 717 sicut
2330 662 2484 717 clave
2514 664 2837 735 suspendat
2866 681 2964 718 vos
3014 664 3085 719 ab
3119 682 3237 719 uno
3279 666 3494 733 edulio,
3528 685 3659 725 mox

1999 752 2329 808 cantilando
2380 752 2596 806 curatis
2629 753 2831 824 procul
2861 753 3133 808 insectari
3178 754 3267 808 vel
3304 754 3657 811 lentaculum

1999 845 2053 896 et
2086 841 2337 896 exterius
2368 840 2551 896 libare
2580 845 2903 897 tementum
2929 847 2985 897 et
3012 841 3149 897 inde
3171 845 3434 915 gyrando
3459 861 3662 916 parare

1997 930 2305 999 ferculum,
2356 928 2442 983 vel
2494 928 2543 983 si
2588 929 2695 984 hoc
2744 931 2975 985 deﬁciat
3040 930 3276 987 obolam
3323 933 3564 988 insanea
3612 932 3661 987 si

1998 1020 2191 1090 praeda
2222 1018 2297 1072 sit
2347 1023 2571 1073 remota
2602 1020 2845 1074 abcessu
2892 1020 2977 1074 vel
3015 1019 3063 1075 si
3098 1020 3361 1092 privetur
3405 1022 3661 1076 auctori-

1998 1108 2264 1163 tate.Non
2296 1107 2562 1161 differtur
2592 1108 2833 1179 crapula
2864 1113 3208 1180 utcumque,
3234 1110 3377 1164 dum
3411 1127 3660 1181 praegra-

1994 1196 2165 1251 vidus
2198 1195 2563 1267 aqualiculus
2595 1196 2834 1266 repellat
2864 1198 3137 1252 acerbum
3173 1198 3416 1253 fascem.

2069 1284 2422 1340 Fraternitas
2454 1302 2578 1356 quae
2608 1285 2664 1339 in
2710 1285 2871 1340 vobis
2905 1287 3119 1341 fatetur
3151 1304 3185 1341 a
3212 1288 3379 1342 vobis
3410 1287 3534 1342 sola
3563 1304 3661 1343 ar-

1994 1374 2143 1430 valis
2169 1379 2256 1428 est
2285 1374 2498 1445 quibus
2516 1375 2641 1444 jam
2665 1378 2845 1429 staret
2868 1375 3163 1430 sarcbiam
3187 1381 3253 1430 ut
3278 1393 3349 1430 ne
3371 1376 3662 1440 ferendis;

1996 1463 2098 1517 sed
2129 1462 2387 1533 vergitur
2432 1463 2587 1533 quod
2618 1468 2849 1533 pectore
2879 1462 3095 1518 vulnus
3149 1480 3509 1520 consumens
3540 1464 3664 1517 haec

1995 1551 2056 1605 in
2077 1552 2236 1606 tenui
2260 1551 2486 1621 liquore
2507 1552 2877 1618 ;nondesinit
2898 1552 2997 1606 hin
3021 1554 3226 1608 fmtare
3246 1558 3441 1608 atrum
3460 1552 3663 1609 bilem.

1995 1644 2039 1695 Ο
2072 1639 2236 1711 prius
2283 1644 2551 1710 caperent
2583 1657 2681 1695 vos
2713 1645 2942 1696 tantum
2993 1642 3436 1714 subgrundaria
3484 1654 3665 1711 quam

1997 1746 2156 1784 nunc
2188 1728 2492 1801 pelynctes
2524 1730 2903 1801 sarcephaga.
2940 1732 3005 1785 Et
3036 1732 3081 1785 si
3115 1732 3339 1801 Pegaso
3371 1732 3533 1802 optat
3562 1741 3667 1780 ves

226 1817 285 1871 in
318 1816 521 1870 ordine
553 1814 777 1870 Helenae
800 1814 985 1869 ﬁlium
1019 1819 1324 1870 strenuum
1357 1816 1671 1886 strephicis
1703 1815 1885 1870 armis
1918 1853 1966 1918 B
1998 1818 2261 1889 protrahi
2282 1818 2339 1872 in
2362 1818 2490 1873 istis
2510 1836 2696 1891 usque
2714 1820 2785 1874 ad
2804 1819 3133 1875 silicernias
3155 1836 3270 1873 non
3298 1821 3521 1891 spectat
3538 1818 3669 1868 tum

314 1905 326 1916 ο
908 1903 941 1918 ,ο
1020 1904 1053 1914 ι.
1091 1904 1145 1918 n1
1210 1904 1219 1913 ο
1265 1904 1298 1918 ,ι
1381 1904 1413 1918 .-
1480 1904 1507 1918 n
1687 1904 1717 1918 ο.
1763 1906 1772 1915 ι
2158 1906 2169 1918 ε
2385 1908 2398 1918 ι
2441 1910 2449 1918 .
2638 1910 2651 1918 .
3133 1909 3144 1918 ι
3174 1907 3187 1918 1
3278 1912 3285 1918 .
3371 1912 3379 1918 .
3455 1904 3466 1915 ο
3548 1898 3640 1918 ⁵11-

230 1905 327 1977 qui
356 1920 657 1959 removens
685 1903 1056 1975 pancratiarii
1088 1904 1449 1959 Christicolis
1476 1904 1727 1959 ﬁrmavit
1750 1906 1890 1973 jura

228 1993 478 2049 officii.0
510 1993 635 2048 Dux
659 1992 945 2048 Theodosi
969 2009 1220 2065 magnus
1243 1993 1419 2048 tantis
1441 1993 1759 2065 triumphis
1784 2010 1889 2049 nec

228 2083 462 2138 duceris
494 2098 590 2136 ore
638 2081 815 2152 hujus
846 2086 909 2135 tu
941 2083 1041 2153 qui
1073 2098 1353 2152 respuens
1402 2082 1651 2138 haereses
1683 2082 1888 2138 fudisti

231 2172 483 2228 barbara
532 2170 646 2226 tela
675 2176 731 2225 et
778 2172 1085 2227 destruens
1138 2172 1333 2243 pbana
1385 2172 1661 2227 sancxisti
1711 2172 1889 2227 deleri

226 2261 431 2317 titulos
464 2278 532 2315 ne
566 2264 810 2315 restaret
839 2260 1047 2315 saltem
1079 2261 1421 2332 hypogaeum
1452 2261 1509 2315 in
1542 2278 1655 2331 quo
1687 2260 1891 2317 lateret

232 2349 527 2421 quoddam
548 2349 845 2404 residuum
867 2366 935 2404 ex
951 2366 1115 2404 sacro
1130 2349 1548 2416 Daemenis,sed
1566 2354 1775 2404 cuncta
1789 2351 1891 2405 mi-

233 2440 471 2495 litarent
503 2455 618 2492 une
649 2438 893 2493 auctori.
929 2438 971 2492 Ο
1002 2438 1235 2492 inducle
1270 2455 1338 2492 ne
1367 2441 1602 2508 reputas
1638 2440 1886 2509 zequive-

237 2542 372 2580 cum
405 2531 672 2598 nepotem
721 2527 903 2595 hujus
934 2531 1127 2582 extare
1157 2525 1491 2593 sublimem,
1528 2527 1626 2597 qui
1669 2531 1888 2599 tempe-

234 2631 377 2669 rans
424 2632 642 2686 prunas
691 2633 899 2687 pruna,
932 2621 1107 2687 atque
1155 2614 1368 2670 iterum
1415 2615 1653 2685 pruinas
1704 2634 1893 2687 pruna

238 2705 499 2761 domavit
546 2704 847 2760 libidinem
896 2713 948 2760 et
996 2706 1250 2761 furerem
1314 2706 1587 2777 dogmate
1637 2710 1693 2761 et
1740 2706 1893 2762 fidus

236 2794 531 2859 charitali,
570 2812 671 2849 nec
714 2795 983 2850 extiterat
1036 2794 1232 2865 segnis
1264 2798 1365 2848 aut
1389 2795 1602 2850 cadens
1644 2796 1892 2851 tristitiaa

235 2888 297 2939 et
320 2884 629 2939 subindius
651 2882 1463 2956 triumphaveratsupplicans
1482 2888 1693 2939 aeterno
1717 2903 1892 2956 quam

240 2972 443 3029 armis.

316 3060 465 3126 Quid
498 3062 724 3133 proficit
754 3061 981 3134 plebeia
1035 3076 1246 3114 manus
1269 3060 1296 3113 ?
1328 3078 1429 3116 nec
1461 3062 1588 3133 ipsa
1617 3062 1899 3118 subsistet

235 3150 480 3222 singula
511 3151 789 3207 exhausta
817 3150 1245 3218 ducibus,quod
1279 3150 1469 3220 prima
1490 3150 1686 3205 secula
1703 3152 1898 3223 signat

239 3220 519 3296 notamus
566 3240 731 3295 facile
763 3245 818 3295 et
844 3244 933 3294 est
982 3238 1118 3293 hinc
1162 3256 1451 3309 apponere
1500 3256 1672 3294 curas.
1709 3220 1896 3295 Validi
1930 3220 1971 3287 Ο

239 3330 425 3386 armis
457 3330 699 3384 artubus
748 3333 1119 3399 excreverant
1158 3328 1364 3399 primis
1413 3328 1738 3383 seminibus
1768 3331 1900 3384 Adae

237 3422 301 3475 et
333 3418 599 3473 fcecunda
628 3418 821 3491 proles
853 3417 1077 3489 paravit
1117 3417 1346 3487 opimas
1379 3418 1601 3485 turbas,
1636 3435 1901 3473 crescens

237 3508 463 3563 crebris
516 3508 886 3563 successibus
916 3511 975 3561 et
1006 3523 1134 3560 rare
1166 3523 1366 3561 exexu.
1402 3508 1511 3562 Sed
1565 3507 1780 3563 Prmses
1814 3507 1899 3561 in-

238 3602 506 3652 structus
538 3597 723 3652 defuit
755 3596 987 3651 erudire
1019 3597 1194 3651 rudes
1226 3596 1512 3666 cohortes,
1546 3598 1700 3651 unde
1731 3596 1902 3651 evita-

241 3690 377 3742 rent
408 3685 725 3741 discrimen
756 3685 1039 3740 undantis
1062 3683 1455 3756 limphazJpse
1476 3685 1902 3740 Abrahamicus

239 3773 502 3847 populus
534 3775 696 3845 plebs
730 3775 824 3830 Dei
857 3781 943 3829 est
992 3779 1197 3828 auctus
1228 3774 1544 3845 triumphis
1579 3776 1718 3829 dum
1760 3792 1902 3845 sup-

239 3865 378 3939 plex
411 3865 608 3936 deguit
638 3863 1182 3933 substitiesis,quod
1215 3863 1353 3933 quia
1384 3864 1743 3918 exorbitatus
1775 3880 1905 3917 con-

238 3954 506 4025 tempsit,
559 3952 753 4007 exulat
801 3950 1003 4022 procul
1051 3968 1083 4005 a
1126 3950 1326 4004 limine
1376 3957 1431 4005 et
1478 3956 1632 4005 extat
1682 3951 1904 4008 inutilis

237 4042 425 4114 strips
454 4041 597 4111 (sic).

317 4132 496 4202 Cujus
529 4144 632 4184 nec
681 4128 789 4182 hoc
820 4127 1012 4182 solum
1059 4132 1163 4194 est,
1211 4129 1310 4183 sed
1349 4128 1559 4200 cuique
1604 4128 1904 4200 terrigenae

237 4224 447 4277 restat.
482 4220 551 4273 Et
582 4218 731 4289 quod
770 4220 1048 4272 notantur
1097 4220 1324 4272 tantum
1359 4217 1625 4273 homines
1656 4234 1905 4287 quorum

238 4312 507 4365 mentem
557 4308 709 4378 quod
768 4306 1127 4377 praecipuum
1175 4310 1263 4360 est
1303 4308 1555 4361 fatemur
1597 4322 1725 4361 esse
1774 4323 1906 4362 cum

236 4404 364 4454 Dee
389 4397 415 4450 ?
447 4397 597 4452 Sunt
642 4396 815 4450 etiam
848 4394 1069 4465 exiguae
1102 4394 1364 4449 volucres
1397 4400 1452 4449 et
1498 4396 1750 4467 previdze
1781 4412 1907 4466 quae

232 4489 445 4558 vigent
474 4484 713 4541 solertia
742 4488 799 4539 et
830 4484 1046 4555 quibus
1079 4484 1303 4539 ceditur
1338 4484 1484 4539 ferre
1514 4501 1767 4555 perenne
1798 4501 1908 4539 coe-

1999 1906 2279 1978 capulum
2304 1908 2402 1962 sed
2428 1910 2695 1979 jucunda
2716 1925 3033 1979 era,neque
3056 1907 3388 1964 sublustrat
3418 1898 3675 1969 vispillo-

2000 2013 2127 2061 nes,
2162 2013 2299 2050 nam
2335 1996 2467 2051 licet
2510 1997 2766 2052 validum
2801 2002 2953 2053 esset
2983 1996 3147 2052 vobis
3182 1997 3419 2053 inficere
3460 1987 3674 2044 faelem

2001 2085 2132 2140 cmli
2167 2085 2497 2141 manalibus
2548 2104 2661 2141 non
2695 2092 2784 2142 est
2814 2087 3049 2142 inficere
3096 2103 3340 2141 sensum
3370 2078 3482 2138 viri
3515 2074 3677 2147 QUOd

2001 2175 2359 2231 bacchantes
2389 2174 2655 2232 tristibus
2688 2176 2928 2231 rictibus
2960 2175 3271 2231 minamini
3313 2182 3553 2231 cassare
3581 2180 3681 2219 ve-

2001 2281 2135 2319 rum
2159 2265 2192 2318 d
2205 2269 2439 2320 ucentes
2470 2265 2680 2320 amula
2698 2283 2798 2321 ora
2814 2266 2884 2320 ad
2905 2265 3135 2337 Valgias
3154 2269 3211 2320 et
3229 2266 3303 2321 ad
3326 2265 3525 2320 levem
3542 2255 3687 2310 bau-

1999 2353 2207 2408 batum
2231 2353 2335 2408 ?ut
2364 2355 2643 2409 cacabant
2672 2354 2916 2409 humida
2944 2354 3337 2409 aritina.Cum
3370 2346 3696 2408 hauserint

2001 2442 2205 2514 ignem
2237 2442 2318 2498 sic
2352 2445 2581 2498 stitiant
2601 2443 2942 2498 temulentia
2964 2444 3022 2498 in
3043 2444 3188 2515 ipsis
3207 2439 3692 2512 stultis.Respue

2002 2533 2160 2602 quod
2187 2532 2407 2587 nictent
2436 2533 2597 2587 taciti
2624 2550 2873 2603 quorum
2892 2538 2947 2588 et
2970 2532 3264 2603 frigultire
3287 2536 3615 2590 contemno
3638 2537 3699 2589 et

2002 2620 2225 2691 garrire
2254 2620 2425 2675 nauci
2458 2638 2627 2692 pono.
2663 2622 2788 2675 Non
2820 2626 2907 2676 est
2938 2621 3081 2676 mihi
3114 2621 3463 2678 diobolaris
3492 2619 3696 2697 lingua

2004 2708 2270 2765 deﬂuens
2304 2726 2538 2781 quaque
2560 2711 2631 2764 ad
2666 2711 3015 2777 naenias,sed
3046 2710 3093 2764 si
3118 2713 3315 2765 vestra
3338 2714 3695 2787 syngrapha

2004 2804 2279 2854 moveant
2310 2798 2585 2868 injuriam
2620 2816 2748 2854 meo
2780 2800 2926 2871 style
2959 2802 3073 2854 stat
3112 2803 3177 2853 ut
3206 2805 3440 2857 nostra;
3470 2807 3694 2879 paginae

2006 2887 2300 2943 ducantur
2331 2888 2401 2941 ad
2436 2888 2707 2942 sennion.

2079 2976 2207 3031 Mea
2237 2993 2415 3046 quam
2448 2992 2553 3031 nec
2586 2976 2791 3031 obelus
2841 2976 3105 3047 signabit
3135 2977 3583 3041 merebitur.....
3618 3007 3690 3046 ne

2009 3064 2293 3119 inhaereat
2344 3080 2601 3118 nocuum
2634 3064 2829 3135 sigim.
2865 3064 3025 3120 Licet
3072 3080 3229 3119 nunc
3263 3065 3444 3121 etiam
3478 3076 3687 3134 sedare

2010 3170 2278 3209 rumores
2298 3169 2443 3222 quos
2460 3152 2799 3208 blaterando
2820 3153 3062 3208 dedistis
3078 3152 3385 3225 pepulisse
3404 3156 3454 3209 si
3469 3158 3682 3222 deinde

2012 3240 2282 3313 pululent
2300 3240 2760 3313 arphagantibus
2779 3241 2913 3295 ullis
2936 3240 3203 3296 futilibus
3223 3246 3363 3296 tunc
3382 3244 3680 3306 urbanum

2010 3331 2120 3386 erit
2149 3329 2296 3385 tueri
2349 3329 2404 3382 in
2457 3330 2601 3400 ipsis
2644 3329 2977 3399 jamdulum
3029 3328 3339 3402 promissa.
3394 3331 3678 3392 Praetores

2011 3436 2166 3474 nunc
2199 3418 2353 3473 acies
2376 3417 2739 3473 luscinorum
2774 3423 3047 3490 poterunt
3068 3419 3394 3490 perspicere
3414 3421 3563 3476 sudo
3586 3424 3675 3477 ul-

2012 3506 2134 3561 lum
2150 3506 2459 3561 ﬂesculum
2479 3508 2876 3579 perpendiculi
2899 3508 3009 3563 etsi
3033 3508 3153 3563 sit?
3176 3508 3285 3562 Sed
3307 3523 3489 3562 erucae
3514 3526 3676 3567 more

2013 3600 2282 3668 quzerunt
2311 3597 2678 3651 ammordere
2711 3614 2825 3651 non
2858 3598 3012 3667 quod
3046 3597 3123 3651 sit
3152 3612 3325 3668 sapor
3354 3595 3412 3649 in
3445 3600 3673 3665 ore,sed

2012 3691 2078 3740 ut
2110 3685 2472 3757 pessundent
2499 3685 2827 3741 devorando
2854 3702 3001 3757 quos
3033 3702 3138 3757 ego
3161 3682 3447 3740 horticola
3472 3690 3675 3741 estans

2014 3773 2309 3845 repagulis
2322 3790 2460 3827 cure
2476 3773 3386 3844 excludere.Adeantmiropolam
3401 3772 3675 3844 delegent

2015 3862 2238 3919 colliria
2258 3865 2314 3915 et
2335 3867 2565 3915 comant
2588 3861 3022 3929 allucinaria,ut
3044 3868 3173 3933 post
3195 3866 3498 3917 secernant
3523 3860 3673 3915 luci-

2015 3952 2157 4005 dum
2183 3956 2239 4005 et
2262 3950 2663 4020 opacumNon
2688 3966 2792 4021 ego
2816 3967 3027 4021 passus
3048 3952 3357 4021 leatargum
3379 3965 3669 4019 praesumo

2015 4038 2227 4110 pellere
2242 4038 2432 4091 officia
2449 4036 2697 4109 praesidu
2711 4054 2796 4104 m;
2816 4038 2915 4092 sed
2934 4039 3155 4109 castigo
3176 4055 3287 4092 non
3309 4038 3670 4094 temeranda.

2016 4127 2162 4194 Quia
2183 4126 2335 4199 quod
2360 4127 2482 4196 jam
2508 4124 2682 4179 retuli
2704 4142 2877 4197 grave
2890 4130 2979 4181 est
3001 4126 3193 4197 inepte
3210 4126 3487 4180 scandere
3509 4142 3671 4181 sum-

2019 4234 2179 4273 mum
2196 4214 2499 4283 cenniti,et
2512 4214 2781 4286 subigere
2795 4214 3080 4287 captivam
3098 4214 3342 4286 patriam
3359 4218 3415 4268 et
3434 4213 3669 4269 frustari

2018 4306 2265 4362 alterum
2297 4304 2699 4359 solie.l’ermia
2729 4308 2783 4358 et
2813 4305 3007 4375 prmda
3036 4306 3147 4359 erit
3176 4304 3303 4373 hoc,
3323 4308 3380 4358 et
3411 4303 3459 4358 si
3494 4304 3672 4359 dene-

2017 4399 2115 4467 get
2144 4393 2297 4466 quis,
2322 4392 2515 4464 potius
2545 4396 2634 4445 est
2663 4392 2874 4447 ducere
2904 4391 3117 4463 pellere
3146 4392 3462 4463 primatum
3494 4408 3670 4461 quam

2021 4484 2266 4539 auferre.
2296 4489 2382 4535 An
2416 4481 2602 4535 levius
2633 4498 2667 4535 a
2696 4480 2929 4552 proprio
2956 4498 3071 4535 non
3107 4482 3215 4536 fert
3245 4478 3439 4535 exulat
3471 4479 3569 4551 qui
3600 4480 3671 4534 li-

234 4578 496 4633 libatum
524 4590 626 4647 per
654 4590 849 4641 auras,
887 4590 1014 4644 quae
1041 4573 1240 4628 colunt
1273 4573 1610 4628 Stratilaten
1644 4573 1703 4627 in
1735 4589 1819 4639 se,
1851 4578 1909 4629 et
1943 4589 1989 4655 Β
2021 4573 2177 4629 mine
2198 4576 2417 4627 tractus
2438 4570 2722 4641 premitur
2753 4571 2811 4624 in
2841 4570 2967 4641 ipse
3000 4575 3063 4624 ut
3084 4571 3222 4625 bare
3245 4586 3421 4641 quam
3452 4569 3551 4639 qui
3576 4586 3671 4623 ru-

233 4666 505 4723 reddunt
551 4664 747 4719 debita
800 4661 1099 4717 Stralitati.
1152 4664 1334 4727 Quem
1385 4667 1441 4717 et
1490 4668 1693 4718 cetera:
1746 4679 1911 4717 mon-

237 4759 445 4811 strant
495 4753 777 4825 sospitem
824 4750 873 4805 si
924 4751 1043 4806 sint
1092 4751 1331 4811 alacres.
1366 4753 1473 4806 Pro
1524 4753 1693 4823 cujus
1740 4752 1914 4807 etiam

236 4846 457 4901 funere
513 4842 562 4897 si
594 4842 691 4908 sit,
742 4856 948 4894 rursus
1001 4840 1295 4911 squalent.
1332 4840 1442 4895 Sed
1492 4841 1539 4895 si
1591 4840 1851 4895 discedat
1882 4859 1916 4895 a

235 4930 504 5006 propriis
530 4935 751 4985 cunctae
792 4929 1071 4999 linquunt
1103 4928 1283 4983 serias
1332 4946 1465 4983 cum
1499 4946 1614 5000 quo
1646 4933 1914 4984 externas

232 5021 405 5095 piget
437 5037 534 5075 eas
568 5036 672 5074 nec
702 5018 999 5090 inquirere
1029 5018 1217 5071 sedes.
1244 5017 1464 5088 Nempe
1496 5018 1762 5089 pepellus
1785 5036 1915 5089 pro-

230 5110 370 5177 ﬁcit
394 5109 501 5163 sub
524 5107 728 5163 sedulo
750 5112 806 5162 et
824 5110 960 5161 Cato
982 5106 1129 5161 duce
1151 5108 1277 5161 sine
1299 5122 1415 5176 quo
1440 5106 1729 5161 instructa
1757 5107 1915 5179 regio

231 5197 602 5256 exinanitur.

310 5287 525 5344 Desine
556 5301 712 5341 nunc
760 5287 978 5355 coeptos
1026 5287 1081 5339 et
1132 5288 1294 5340 utere
1343 5284 1562 5339 nostris
1616 5285 1909 5340 sensibus.

218 5379 419 5439 Juvat
469 5379 685 5432 memet
731 5390 887 5429 nunc
924 5374 1085 5429 fabre
1135 5373 1448 5445 suggillare
1479 5390 1578 5430 eos
1629 5378 1913 5445 pequatos

220 5469 391 5538 (sic).
422 5466 466 5521 Ο
499 5482 647 5537 quos
678 5468 769 5518 sat
799 5467 890 5517 est
940 5463 1265 5519 distrahere
1294 5463 1473 5518 effusa
1526 5462 1736 5517 vestris
1768 5462 1913 5516 emi-

231 5554 461 5614 cadiis.
513 5551 841 5617 Quorsum!
876 5556 941 5605 ut
970 5552 1209 5621 possitis
1255 5552 1373 5607 fere
1420 5552 1507 5606 vel
1541 5550 1910 5623 symbolones

229 5645 693 5717 magnatumJn
725 5656 979 5713 quorum
1008 5639 1564 5698 taliene.l)umtaxat
1594 5658 1759 5714 nugze
1782 5641 1907 5697 red-

2023 4662 2206 4719 sticus
2254 4658 2493 4716 alterius
2526 4658 2669 4712 inibi
2719 4659 3076 4713 condensare
3114 4659 3335 4730 primos
3384 4675 3530 4729 quos
3561 4657 3673 4712 sibi

2027 4754 2317 4807 struxerat
2345 4749 2565 4817 absque
2595 4747 2763 4815 cujus
2804 4748 2939 4815 jure
2969 4763 3039 4802 ne
3071 4764 3277 4818 parum
3310 4746 3679 4818 permordeat

2024 4839 2159 4894 inde
2193 4838 2276 4893 vel
2312 4836 2409 4908 qui
2440 4836 2690 4889 vadutus
2723 4834 2998 4890 numellis
3019 4842 3074 4890 et
3094 4835 3376 4892 absteniis
3397 4836 3537 4891 dum
3560 4835 3678 4889 sint

2026 4932 2237 4982 cuncta
2285 4925 2480 4979 diruta
2504 4923 2688 4977 cernit
2717 4923 2968 4978 mulcere
3019 4926 3313 4997 propriam
3348 4929 3674 4979 matronam

2025 5015 2284 5085 saviis,et
2312 5012 2525 5069 sentiat
2555 5016 2822 5083 nepotem
2854 5012 2905 5065 vi
2931 5030 3302 5086 corrumpere
3322 5013 3675 5067 himenaeum

2025 5123 2142 5162 sua:
2174 5102 2427 5171 familim,
2462 5100 2603 5171 quin
2635 5100 2806 5154 etiam
2841 5107 2897 5155 et
2926 5101 3197 5158 deludere
3244 5115 3447 5174 preces
3475 5113 3677 5152 earum

2023 5196 2265 5249 seducta
2296 5207 2397 5262 spe
2428 5188 2725 5243 clientelae.
2792 5198 2799 5201 '

2094 5279 2338 5337 Difﬁcile
2368 5284 2456 5334 est
2471 5276 2641 5333 alicui
2669 5266 2942 5333 invadere
2974 5295 3219 5350 regnum
3252 5276 3301 5330 si
3325 5275 3444 5329 haec
3469 5276 3680 5346 arguat

2024 5387 2198 5442 quem
2231 5368 2479 5423 delectat
2532 5365 2813 5437 pilemum
2851 5366 2988 5436 quid
3024 5365 3156 5418 hinc
3207 5368 3296 5418 est
3327 5362 3631 5418 eriendum
3654 5362 3681 5415 ?

2019 5465 2166 5519 forte
2216 5459 2436 5512 interea
2466 5459 2696 5527 eppetet
2745 5458 2801 5507 ct
2833 5454 3067 5506 decedet
3099 5453 3372 5520 barathro
3400 5470 3412 5518 ;
3437 5452 3537 5506 sed
3579 5468 3659 5522 qu

2020 5549 2209 5604 inhiat
2236 5547 2555 5617 descriptos
2578 5558 2853 5599 mezreres
2877 5558 3080 5612 parare
3098 5542 3317 5596 caitcris
3337 5546 3438 5596 aut
3454 5540 3682 5612 ignorat

2021 5654 2319 5706 avernum,
2354 5640 2456 5692 aut
2486 5632 2814 5706 impavidus
2845 5635 3127 5702 expectat.
3153 5631 3334 5695 Quem
3369 5630 3495 5703 ipse
3526 5633 3684 5685 sator
