4064 6188
351 322 462 385 89!

1369 326 1704 389 ATTONIS
1749 323 2331 387 VERCELLENSIS
2376 323 2735 387 EPISGOPI

3641 321 3769 383 89S

354 458 618 514 omnium
650 454 833 511 volvet
862 455 922 511 in
953 457 1324 528 sententiam,
1345 462 1409 513 ut
1437 459 1707 527 ignobilis
1741 459 2000 514 discedat
2027 459 2082 524 Α
2112 457 2241 513 culo
2272 459 2498 530 imperii
2524 459 2632 514 sub
2662 472 2777 529 quo
2800 460 2856 512 et
2880 454 3194 511 conciuaut
3213 470 3275 511 se
3304 453 3547 526 impune
3567 453 3774 510 silere.

355 548 427 602 ab
456 547 564 601 hoc
581 561 698 600 aevo
730 549 787 600 et
803 546 1010 601 subeat
1036 547 1391 619 supplicium
1424 549 1814 620 futuri.lgitur
1831 564 2005 620 quem

354 634 735 704 Omnipotens
765 633 890 688 vult
907 640 1198 691 ostentare
1216 637 1460 708 dignum
1480 638 1603 692 suis
1622 636 2007 708 prognosticis

351 723 436 778 vel
472 739 646 793 quem
671 740 787 778 una
819 724 1026 795 quaerit
1050 742 1384 796 promovere
1411 726 1717 782 conventui
1742 725 2004 780 omnium

354 817 745 884 procerum,et
774 829 946 883 quem
964 815 1226 883 juvat,ad
1252 816 1308 869 id
1331 816 1574 870 decorus
1598 815 1820 885 patrius
1847 831 2010 868 amor

355 901 442 956 fas
472 907 562 956 est
593 903 904 957 ascendere
934 908 1234 958 vacantem
1268 904 1565 959 thronum.
1598 905 1704 958 Sed
1739 921 1871 958 cum
1907 920 2008 956 au-

353 994 548 1056 testat,
574 992 674 1045 sed
707 995 905 1046 caveat
935 993 1088 1062 quod
1122 996 1334 1063 populo
1368 1011 1439 1048 ne
1466 993 1692 1046 dividiae
1726 996 2007 1061 crescant,

357 1080 457 1133 sed
481 1080 606 1150 ejus
628 1095 908 1135 ascensus
935 1085 1227 1136 removeat
1249 1082 1738 1152 omnejustitium
1761 1086 1815 1135 et
1840 1081 1882 1134 si
1912 1080 2010 1134 sit-

357 1168 462 1230 Qui
517 1169 618 1223 tali
676 1171 974 1224 sanctione
1023 1171 1308 1225 evaserint
1347 1173 1417 1225 ad
1470 1187 1714 1241 regnum
1768 1170 2011 1223 forsitan

356 1257 580 1312 beaudo
597 1258 842 1327 patriam
860 1263 1130 1328 poterunt
1143 1259 1401 1314 obtinere
1423 1259 1645 1314 felicem
1669 1276 1734 1312 su
1747 1274 2010 1329 premum

356 1344 728 1411 diem,cazteri
759 1347 912 1401 exuti
946 1346 1180 1401 luerunt
1210 1363 1438 1418 pmnam
1471 1347 2010 1418 tyrannidis,quam

355 1438 410 1488 et
439 1436 689 1489 tenendo
720 1440 1130 1506 protraxerunt
1161 1441 1424 1490 ramenta
1455 1436 1777 1490 Pandecten
1802 1434 2011 1506 poterit

361 1539 650 1577 reservare
699 1524 862 1578 vobis
898 1523 1017 1578 haec
1046 1523 1106 1577 in
1144 1525 1487 1596 gymnasio;
1525 1526 1696 1593 cujus
1744 1523 2012 1577 millenas

357 1611 533 1666 facies
572 1617 628 1665 et
676 1611 723 1666 si
757 1611 942 1682 placet
990 1613 1273 1667 resolvere
1322 1630 1437 1667 non
1485 1618 1738 1684 opponet
1786 1612 2007 1666 obicem

357 1700 503 1754 meis
526 1700 779 1771 scriptis,
797 1701 896 1755 sed
923 1701 1046 1771 ipse
1071 1708 1369 1756 succurret
1391 1702 1639 1757 testibus
1664 1707 1720 1756 at
1742 1706 1805 1756 ut
1826 1700 2012 1771 stylus

2117 548 2276 611 Quod
2300 548 2559 603 illuserat
2581 547 2851 603 sedulum
2869 549 3198 617 Augustum
3222 548 3357 599 utet
3376 545 3502 615 ipse
3534 543 3777 599 fulciret

2119 654 2290 709 quem
2315 638 2491 693 etiam
2514 637 2796 708 applicuit
2825 636 2883 690 in
2907 635 3105 691 eodem
3132 633 3291 688 haud
3317 633 3777 705 deﬂausjugare

2118 743 2285 781 suam
2327 743 2664 798 germanam
2713 767 2725 779 .
2771 768 2782 780 .
2829 769 2840 779 .
2887 765 2899 778 .
2945 766 2958 778 .
3004 764 3016 775 .
3064 765 3076 776 .
3123 765 3134 776 .
3177 722 3495 778 obauxerat
3535 738 3596 776 se
3628 727 3776 778 tunc

2118 815 2404 887 tantisper
2451 816 2579 869 rudi
2611 820 2745 886 toga
2775 814 3007 885 spirans
3037 811 3373 868 orthodoxis
3423 812 3690 866 secunda
3719 816 3779 866 et

2122 921 2296 959 ruens
2328 903 2844 958 demolatria.Tum
2877 905 3117 956 auxerat
3141 899 3451 970 Delphicos
3473 905 3529 954 et
3557 900 3782 971 pressit

2121 993 2489 1062 tegularia,et
2519 1008 2762 1063 prorsus
2793 989 3102 1061 abjurabat
3131 992 3524 1060 acceptatores
3547 989 3785 1043 metbao

2123 1081 2262 1135 uicae
2295 1080 2520 1145 artis,et
2548 1081 2972 1134 instauraverat
3003 1077 3353 1142 asseclas,et
3381 1076 3783 1149 spiculatores

2123 1187 2268 1242 quos
2294 1170 2468 1240 prisci
2495 1174 2760 1224 arcoutes
2785 1168 3118 1222 adlexerant
3131 1166 3240 1222 sibi
3266 1171 3332 1220 ut
3355 1166 3788 1220 attamiuarent

2123 1259 2340 1314 cimilia
2371 1275 2505 1314 cum
2536 1259 2680 1330 ipsis
2714 1257 2960 1312 idoneis.
2992 1259 3158 1312 Anna
3189 1273 3303 1311 non
3325 1258 3447 1326 jam
3493 1255 3785 1310 caluisset

2123 1348 2409 1403 inchoata.
2445 1349 2552 1403 Sed
2609 1349 2777 1418 cujus
2809 1345 3116 1418 prmeentia
3146 1349 3210 1399 ut
3259 1345 3445 1399 fuerat
3473 1349 3788 1398 auctorata

2124 1455 2224 1509 per
2253 1437 2488 1491 climata
2519 1436 2795 1506 desipuit,
2828 1435 2969 1505 quin
3004 1433 3284 1505 appendit
3314 1439 3454 1487 tunc
3505 1449 3789 1487 recusare

2122 1527 2274 1582 alme
2303 1525 2770 1598 mulgatauuper
2791 1523 3048 1579 cruentis
3076 1522 3540 1578 antitethis.Jam
3573 1523 3622 1576 si
3650 1523 3788 1592 quis

2122 1615 2711 1670 conﬁtereturJesum
2747 1614 3002 1685 primum
3027 1612 3358 1667 destinabat
3378 1628 3511 1666 eum
3536 1611 3786 1666 sectori-

2124 1706 2254 1771 bus,
2289 1709 2344 1759 et
2376 1704 2510 1757 inde
2540 1703 2809 1775 lauystis.

357 1789 556 1844 redeat
571 1789 640 1843 ad
661 1791 818 1859 ipsos
836 1806 982 1860 quos
1007 1789 1275 1860 opeligua
1291 1789 1498 1845 cohors
1519 1789 1766 1844 curastis
1791 1806 2012 1860 praeno-
2045 1827 2091 1891 B
2193 1794 2263 1847 Et
2295 1809 2428 1847 mox
2471 1791 2706 1846 donavit
2736 1807 2940 1846 omnes
2989 1792 3198 1846 bacare
3231 1789 3464 1844 Bromio
3493 1793 3552 1843 et
3602 1789 3790 1844 simul

355 1881 478 1932 tare
509 1877 566 1931 in
591 1878 793 1932 faciem
819 1882 950 1933 ante
973 1879 1164 1949 proles
1186 1879 1314 1934 Ysai
1340 1879 1763 1950 perspiraverat
1786 1884 2010 1932 mutare

355 1967 568 2036 pedum
598 1966 658 2020 in
691 1967 1164 2039 scipione,usque
1195 1969 1335 2022 dum
1370 1968 1617 2039 quaesita
1648 1966 1906 2022 oratione
1936 1965 2013 2020 vi-

357 2055 550 2110 dentis
573 2057 651 2110 sit
673 2055 896 2127 prolata
916 2057 1129 2111 virtute
1142 2057 1684 2130 mysticicrysmatis
1699 2057 1755 2110 in
1771 2055 2012 2111 vertice?

358 2143 566 2199 Recolo
599 2144 905 2200 Exechiam
937 2150 993 2200 et
1021 2146 1241 2200 Josiam
1267 2164 1299 2200 a
1325 2146 1564 2217 genitali
1595 2145 1880 2216 sanguine
1911 2144 2014 2198 Re-

355 2247 496 2303 gum
528 2232 814 2302 prodiisse
848 2237 1030 2304 Reges
1063 2235 1290 2289 favente
1321 2234 1647 2305 populo.An
1680 2251 1793 2288 non
1828 2234 2015 2287 fuerat

355 2321 484 2390 ejus
506 2321 733 2392 genitor
752 2321 976 2392 sopitus
997 2323 1055 2377 in
1081 2323 1216 2377 sede
1245 2324 1604 2394 regni,cujus
1627 2324 1890 2394 genetrix
1914 2323 2016 2376 He-

356 2408 488 2464 lena
508 2409 535 2464 ?
557 2411 658 2481 qui
690 2411 828 2466 dum
861 2416 1055 2484 ageret
1086 2412 1446 2484 providentia
1465 2411 1651 2468 voluit
1673 2412 1785 2467 sibi
1813 2427 2014 2466 conse-

356 2499 492 2553 dere
520 2501 821 2553 natum.Et
842 2500 1209 2556 Theodosius
1233 2505 1396 2555 ortus
1420 2505 1510 2556 est
1533 2499 1705 2555 claris
1727 2499 2016 2554 militibus

356 2587 902 2656 Hispaniaa.Auxilio
935 2589 1109 2658 primi
1142 2606 1175 2643 a
1206 2589 1470 2643 barbaris
1502 2590 1602 2659 qui
1635 2589 1889 2643 reddidit
1917 2592 2014 2642 tu-

359 2680 486 2728 tum
511 2674 711 2729 orbem
737 2677 935 2744 ;cujus
957 2692 1189 2747 quoque
1212 2677 1445 2732 indiciis
1472 2677 1728 2748 primum
1752 2677 2014 2731 intende-

361 2766 450 2816 rat
479 2777 541 2817 se
572 2761 752 2818 lavari
783 2763 854 2818 ad
888 2765 1675 2836 summa.lnquam.Cernens
1704 2781 1766 2820 se
1795 2764 1853 2819 in
1887 2781 2016 2820 oro-

363 2855 518 2906 mate
547 2851 817 2906 indutum
851 2851 1113 2925 clamyde
1135 2852 1452 2925 imperii,et
1480 2855 1758 2909 ferentem
1790 2858 2019 2925 stegma

361 2939 729 3012 impositum.
764 2941 888 3005 Qua
935 2940 1210 3013 indagine
1242 2942 1430 3012 potuit
1475 2958 1712 2998 noscere
1745 2943 2018 2998 eumdem

363 3032 495 3084 ante
527 3028 782 3084 invisum
813 3029 923 3084 sibi
948 3029 1110 3085 nullo
1141 3031 1332 3086 indice
1353 3048 1487 3086 cum
1519 3033 1870 3102 quandoque
1890 3049 2021 3086 con-

362 3117 614 3189 spiceret
641 3119 768 3187 ejus
800 3118 1047 3174 vultum.
1082 3119 1189 3184 Qui
1222 3137 1355 3174 mox
1393 3125 1694 3191 promotus
1726 3122 1796 3175 ab
1831 3121 2019 3191 Impe-

2125 1880 2882 1952 Chinthio,etcomplicibus
2902 1896 3104 1934 eorum
3131 1879 3277 1933 cubo
3299 1878 3790 1934 tenus.Przeterea

2121 1975 2378 2026 erexerat
2398 1974 2537 2024 tunc
2564 1986 2686 2023 rom
2696 1969 2921 2040 phzeam
2944 1971 3145 2023 contra
3163 1967 3483 2038 Principem
3497 1967 3784 2022 Constau-

2121 2060 2331 2124 tinum,
2367 2076 2401 2113 a
2430 2076 2544 2130 quo
2593 2063 2682 2113 est
2725 2056 3039 2128 stipulatus
3086 2057 3144 2110 iu
3191 2071 3391 2126 regno,
3421 2062 3481 2110 et
3529 2056 3787 2110 adtiuxit

2123 2148 2298 2203 etiam
2353 2146 2714 2217 conglorium
2768 2145 2894 2216 ejus
2934 2144 3319 2216 cognationis.
3351 2144 3459 2198 Sed
3511 2143 3671 2199 illico
3721 2148 3788 2198 ut

2125 2236 2245 2290 haec
2275 2239 2414 2290 sunt
2437 2234 2487 2289 ei
2518 2234 2788 2289 traducta
2827 2233 3128 2304 refragans
3171 2233 3298 2304 ipsa
3334 2231 3552 2286 exemit
3585 2248 3724 2287 eum
3754 2249 3790 2287 ι

2125 2325 2366 2380 numine
2381 2323 2521 2394 quin
2545 2327 2601 2377 et
2615 2321 3388 2391 firmavittersajura.Digua
3399 2319 3642 2391 quidem
3662 2336 3791 2390 spe-

2123 2414 2233 2468 ties
2263 2413 2356 2466 vix
2386 2411 2657 2483 pullulat,
2691 2410 2779 2465 vel
2813 2410 3122 2479 nequando
3152 2407 3598 2480 genere.Neque
3631 2414 3792 2463 extat

2125 2501 2300 2557 etiam
2332 2501 2406 2556 ab
2437 2498 2778 2572 expectabili
2809 2499 3211 2554 indifferenter
3241 2497 3503 2569 provenit
3548 2498 3619 2552 ad
3655 2513 3790 2568 per-

2126 2591 2343 2645 fectum
2374 2588 2549 2653 venit,
2583 2588 2683 2643 sed
2716 2586 2966 2642 subinde
2996 2585 3200 2641 defluit
3228 2602 3481 2656 nequam
3517 2603 3552 2639 a
3585 2586 3788 2656 praeci-

2127 2696 2241 2751 puo
2271 2693 2497 2747 genere.
2520 2679 2589 2732 Et
2620 2677 2755 2732 inde
2785 2680 2872 2732 est
2901 2677 3120 2731 crimen
3157 2690 3323 2730 ruere
3353 2675 3424 2729 ad
3458 2679 3696 2746 seeptra
3725 2681 3790 2732 ut

2126 2772 2334 2823 tonant
2363 2771 2698 2838 praetexata.

2197 2857 2305 2911 Sed
2339 2871 2443 2910 nec
2477 2854 2601 2910 sola
2649 2871 2814 2926 aequa
2845 2855 3057 2909 dicatio
3106 2853 3369 2924 perﬁciet
3420 2868 3790 2924 quemquam

2130 2944 2500 3017 magnum,ni
2525 2944 2804 2999 honestus
2829 2942 3150 3014 praetendat
3180 2957 3411 3013 quoque
3434 2941 3790 3013 dignitatem

2128 3034 2374 3089 imbutis
2408 3032 2670 3088 moribus
2703 3031 2896 3104 quoad
2925 3029 3111 3086 valeat
3132 3029 3519 3086 conscendere
3544 3031 3794 3085 inaeter-

2130 3139 2273 3178 num
2308 3137 2575 3194 regnum.
2613 3121 2680 3176 Et
2704 3121 2791 3175 has
2821 3119 3110 3175 ﬁlacterize
3143 3120 3430 3174 debentur
3459 3135 3672 3174 omnes
3709 3136 3795 3174 re-

361 3210 552 3262 ratore
582 3206 856 3263 Gratiano
878 3207 1127 3263 efﬁcitur
1151 3209 1572 3280 consors,quod
1597 3210 1871 3265 manebat
1891 3209 2022 3280 ipsa
2051 3191 2094 3258 Π
2132 3210 2331 3266 dimiis
2377 3191 2614 3264 Christi.
2647 3209 2866 3280 Cuique
2915 3224 3143 3264 servare
3191 3209 3522 3264 modestum
3565 3208 3703 3262 vita:
3735 3209 3794 3263 in

362 3294 507 3351 visio
561 3296 908 3367 urgentibus
939 3297 1129 3366 bellis,
1162 3314 1288 3368 quae
1338 3299 1389 3353 is
1421 3299 1643 3353 sedavit
1680 3299 1919 3354 interea.
1954 3299 2023 3353 Et

364 3385 500 3440 inde
532 3385 727 3439 decuit
757 3403 930 3441 suum
961 3387 1321 3457 equivocum
1355 3392 1623 3458 nepotem
1655 3387 2024 3458 aequipedau-

365 3476 482 3528 tem
516 3473 740 3527 meritis
769 3474 1084 3544 tranquille
1114 3475 1428 3530 subsedere
1452 3476 1727 3530 thronum
1765 3477 1946 3546 patris
1968 3480 2025 3529 et

367 3561 541 3615 avi.Si
574 3561 633 3614 in
665 3561 774 3615 hac
804 3578 1010 3616 norma
1039 3562 1213 3616 alicui
1244 3563 1435 3634 regale
1465 3563 1677 3617 solium
1709 3564 1864 3618 hunc
1895 3565 2022 3633 jam

368 3665 484 3703 non
515 3648 735 3703 tenebit
757 3651 927 3720 culpa
950 3655 1005 3704 et
1026 3650 1074 3704 si
1097 3650 1296 3705 sedent
1330 3651 1378 3705 si
1405 3655 1640 3706 censeat
1661 3657 1844 3706 semet
1867 3652 2026 3706 sufﬁ-

369 3753 497 3791 cere
518 3736 590 3790 ad
615 3752 827 3792 nomen
854 3741 1026 3791 tantae
1050 3740 1372 3809 majestatis
1395 3757 1496 3811 pro
1519 3757 1632 3810 quo
1656 3741 1756 3795 sed
1784 3739 2026 3795 minime

361 3825 578 3896 jubilet
599 3824 789 3880 adhuc
821 3842 884 3880 se
904 3843 1138 3882 manere
1161 3829 1592 3884 securum.Solo
1615 3828 2025 3900 auspicialicet

370 3913 622 3969 existant
642 3914 1040 3986 digua,tamen
1064 3933 1175 3971 non
1197 3918 1474 3989 supplent
1498 3918 1751 3990 prebere
1771 3917 2019 3984 felicem,

372 4003 472 4058 sed
507 4010 849 4074 quaeruntur
897 4004 1278 4060 incrementa.
1314 4005 1478 4062 Unde
1509 4006 1649 4063 libet
1695 4007 1839 4062 mihi
1871 4023 2026 4062 nunc

369 4107 582 4162 ponere
614 4097 782 4162 pasta
811 4093 1086 4164 dogmata
1116 4092 1263 4167 λογω
1295 4100 1512 4147 ΚυνΝου
1540 4094 1676 4150 Saul
1698 4095 1919 4150 levatus
1940 4099 2029 4150 est

373 4181 444 4235 de
475 4197 651 4251 parva
679 4182 921 4236 traduce
942 4187 1006 4236 ut
1025 4189 1289 4238 tueretur
1308 4183 1502 4239 Israel.
1526 4185 1670 4239 Hinc
1694 4184 2027 4240 Palaestinos

374 4268 558 4323 trudit
576 4269 633 4323 in
656 4269 942 4340 principio
961 4270 1050 4324 sui
1065 4272 1225 4342 regni
1242 4276 1299 4326 et
1319 4277 1564 4342 caeperat
1577 4289 1896 4344 pergyrum
1911 4272 2028 4326 exi-

375 4357 580 4413 nanire
603 4363 838 4413 caeteras
850 4357 1174 4429 perduelles
1187 4360 1447 4415 nationes
1462 4359 1687 4416 levibus
1700 4360 2025 4433 triumphis.

377 4449 558 4513 Quem
582 4452 647 4502 ut
669 4447 1047 4519 Pleouexagia
1076 4449 1261 4519 coegit
1281 4448 1507 4504 inhiare
1528 4449 1718 4504 vetitis
1750 4467 1882 4505 mox
1902 4452 2030 4519 ejus

2131 3300 2364 3372 propria
2398 3315 2696 3354 mensura.
2728 3297 2968 3352 Ambire
3001 3301 3162 3352 extra
3191 3302 3370 3368 ponat
3401 3298 3721 3364 accidiam,
3741 3301 3799 3352 et

2133 3389 2207 3445 sit
2229 3390 2517 3460 abrogaus
2557 3403 2742 3458 neque
2778 3387 2854 3441 sit
2874 3402 3152 3458 congerro
3188 3386 3281 3440 cui
3304 3391 3394 3440 sat
3422 3387 3544 3440 sint
3572 3387 3796 3442 beneﬁ-

2132 3477 2373 3548 cia,quae
2399 3478 2561 3548 juste
2593 3475 2886 3546 liquerant
2915 3473 2967 3530 ei
2999 3474 3368 3546 antigenae,et
3397 3490 3526 3544 qua:
3563 3475 3796 3545 impen-

2133 3567 2219 3620 dit
2249 3564 2448 3620 herilis
2479 3563 2818 3631 liberalitas,
2853 3567 3092 3633 cogente
3122 3561 3346 3617 illibato
3389 3561 3708 3630 famulatu,
3741 3566 3796 3617 et

2133 3671 2261 3726 quae
2292 3653 2488 3708 fundit
2508 3656 2707 3708 exacta
2727 3651 3030 3707 rusticatio
3060 3651 3132 3705 de
3155 3651 3634 3721 propriojure,et
3665 3667 3792 3721 qua

2134 3744 2242 3797 rite
2274 3741 2562 3813 depromit
2592 3741 2856 3810 injuncta
2885 3756 2999 3794 ars.

2206 3835 2273 3886 Et
2294 3831 2343 3886 si
2361 3833 2504 3885 forte
2525 3831 2776 3897 majores
2791 3827 2992 3884 sedule
3013 3827 3284 3899 delegaut
3299 3826 3797 3899 ofﬁcia,suppleat

2136 3937 2251 3975 non
2282 3920 2583 3992 gestiendo
2615 3917 2710 3972 hic
2743 3933 3038 3989 pompam,
3067 3917 3166 3972 sed
3201 3932 3537 3988 perennem.
3571 3917 3714 3979 Quae
3747 3915 3795 3970 si

2137 4009 2386 4064 referant
2417 4007 2906 4072 emolumentum,
2938 4004 3218 4076 rependat
3256 4004 3473 4076 pariter
3503 4004 3716 4059 laudes
3742 4007 3797 4058 et

2137 4096 2417 4168 obsequia
2430 4093 3016 4165 aeterno.thuamvis
3031 4092 3286 4164 patiatur
3313 4091 3647 4162 deliquium
3681 4108 3794 4147 non

2137 4202 2340 4257 expers
2367 4186 2595 4239 deserat
2620 4182 2881 4255 flagitare
2903 4182 3177 4236 eumdem
3200 4197 3306 4237 nec
3332 4179 3712 4252 blasphemat
3739 4181 3794 4234 in

2138 4278 2394 4347 egestate
2420 4273 2661 4344 ignarus
2691 4288 2807 4342 qua
2837 4271 3129 4327 sententia
3157 4269 3235 4325 sit
3264 4273 3480 4325 tactus.
3502 4269 3660 4325 Num
3693 4284 3796 4324 ue-

2138 4367 2361 4434 queunt
2383 4362 2693 4417 succedere
2727 4359 3040 4431 inopinatae
3085 4359 3236 4415 vices
3260 4359 3287 4414 ?
3317 4359 3465 4414 Nam
3495 4358 3545 4414 si
3598 4363 3800 4414 Caeno-

2090 4444 2115 4451 -
2141 4453 2324 4506 doxus
2355 4451 2540 4504 inhiet
2568 4465 2598 4504 e
2628 4452 2832 4521 gratus
2864 4447 3181 4503 auctionari
3214 4464 3328 4519 prae
3359 4462 3421 4502 se
3454 4447 3675 4519 poterit
3702 4447 3800 4502 hic

376 4540 588 4590 teretes
641 4536 834 4592 lacerti
866 4538 1147 4602 torpendo
1198 4541 1499 4592 cessarent
1527 4554 1560 4591 a
1604 4554 1820 4610 pugna.
1853 4538 2032 4609 Cujus
2061 4558 2109 4623 D
2141 4539 2322 4594 elisus
2352 4538 2613 4604 crinis,et
2644 4538 2864 4593 retrudi
2893 4536 3328 4592 crebo.EnlSed
3362 4535 3504 4607 quid
3535 4551 3647 4608 ego
3668 4553 3805 4607 pro-

376 4624 548 4679 etiom
577 4625 1032 4681 terribolamens
1055 4643 1163 4681 non
1193 4643 1553 4697 praesumens
1567 4632 1830 4698 spectare
1847 4626 2029 4682 aciem

377 4713 563 4768 hostis
595 4716 827 4785 proprio
855 4714 970 4769 telo
1003 4714 1247 4786 impegit
1279 4720 1464 4770 semet
1491 4716 1549 4769 in
1580 4720 1777 4770 etneas
1809 4732 2029 4787 poenas.

376 4802 446 4856 Et
473 4801 768 4856 Eudoxius
822 4802 1090 4874 princeps
1121 4803 1336 4858 tulerat
1380 4819 1575 4876 regem
1609 4803 1918 4859 Manassen
1963 4805 2032 4858 de

377 4891 630 4946 redivivo
657 4891 1303 4963 sanguine;postquam
1335 4894 1491 4947 enim
1525 4897 1672 4948 Deus
1699 4893 2030 4964 quindecim

377 4997 561 5036 annos
583 4979 881 5035 Ezechiam
909 4981 1069 5034 auxit
1093 4983 1161 5034 ad
1185 4981 1361 5036 vitam
1388 4987 1588 5053 postea
1609 4981 1719 5036 iste
1751 4986 1923 5036 natus
1946 4987 2034 5037 est

376 5071 695 5126 Manasses.
727 5071 826 5124 Cui
859 5071 1176 5125 succedens
1208 5070 1266 5124 in
1297 5071 1506 5126 throno
1538 5071 1768 5126 censuit
1798 5070 2031 5126 interim

375 5160 631 5232 extingui
652 5176 778 5231 quae
799 5159 1026 5232 genitor
1048 5159 1290 5232 flagrare
1313 5166 1368 5214 et
1391 5177 1516 5231 quae
1539 5161 1664 5231 ipse
1687 5160 1879 5229 prodit
1899 5160 2035 5214 sub-

377 5248 616 5303 cisivais
631 5247 2032 5319 sancivitsupplicandaimpugnansTheusebiam

379 5341 432 5390 et
464 5337 749 5392 reducens
781 5338 944 5408 orgia
970 5337 1258 5392 Daemouis
1289 5342 1346 5391 et
1376 5336 1590 5407 phana.

451 5424 704 5480 Licinius
757 5426 972 5496 quippe
1003 5426 1183 5481 donec
1227 5425 1414 5481 tendit
1446 5424 1660 5496 collega
1694 5425 1752 5480 in
1805 5427 2037 5499 agmine

381 5512 631 5567 militum
683 5515 902 5569 scilalis
943 5521 1206 5586 adusque
1253 5513 1507 5570 obtinuit
1554 5513 1766 5570 illicere
1813 5521 2036 5571 mentes

379 5615 582 5658 eorum
611 5607 677 5658 ut
707 5609 983 5676 urgerent
1011 5620 1146 5660 cum
1180 5603 1475 5661 favoribus
1498 5602 1690 5675 inepte
1721 5603 1895 5675 potiri
1925 5603 2038 5661 cal-

2142 4630 2308 4684 fusus
2341 4627 2822 4699 patagine,instar
2839 4625 3153 4697 emphatici
3176 4625 3459 4696 precouis
3489 4627 3687 4680 enitor
3707 4643 3803 4680 ex-

2141 4717 2354 4790 plicare
2385 4716 2671 4787 digestam
2686 4713 3004 4786 linquentis
3017 4713 3408 4785 saeculi,cujus
3430 4713 3673 4769 morbos
3692 4730 3800 4769 nec

2141 4804 2359 4859 diserta
2373 4801 2568 4873 glossa
2585 4801 2789 4857 suffert
2801 4801 3086 4872 conjicere
3105 4801 3133 4854 ?
3153 4801 3258 4855 Sed
3282 4800 3538 4856 deterius
3563 4803 3802 4873 languit

2141 4893 2437 4964 quondam
2463 4892 2603 4946 dum
2620 4889 2961 4955 Clinicus,et
2982 4891 3295 4960 depressus
3313 4905 3476 4944 cmuo
3504 4892 3803 4962 congemi-

2141 4999 2290 5037 nans
2319 4987 2514 5036 trenos
2546 4981 2783 5036 tabebat
2819 4981 2946 5052 jam
2979 4979 3197 5035 defreta
3225 4979 3414 5035 salute
3440 4995 3454 5045 ;
3489 4979 3587 5032 cui
3619 4980 3800 5035 etiam

2142 5069 2520 5142 protoclectes
2534 5069 2942 5141 superastabat
2959 5067 3225 5124 demoliri
3238 5068 3448 5123 virosis
3469 5069 3796 5125 morsibus.

2143 5159 2254 5216 Sed
2285 5158 2604 5230 respiciens
2649 5157 2887 5213 interim
2918 5156 3020 5227 qui
3049 5155 3393 5213 conlinierat
3434 5155 3638 5228 ipsum
3668 5157 3800 5213 vola

2143 5248 2413 5304 subvenit
2441 5247 2675 5317 adtrito,
2707 5251 2764 5302 et
2814 5245 3070 5302 excussit
3099 5261 3233 5301 eum
3265 5246 3336 5301 ab
3367 5262 3464 5301 ore
3501 5247 3794 5317 ejusdem.

2145 5353 2318 5410 quem
2365 5335 2590 5391 evitans
2620 5336 2793 5390 etiam
2828 5334 3123 5390 adentavit
3149 5359 3163 5402 ;
3193 5339 3252 5390 et
3299 5333 3629 5391 resolidaus
3659 5341 3796 5390 tunc

2146 5427 2488 5493 solutum,et
2518 5423 2810 5479 clumbem
2833 5425 3121 5479 mundum
3153 5423 3407 5479 firmavit
3426 5424 3794 5494 stare.Cujus

2147 5513 2319 5570 saluti
2351 5513 2568 5584 pariter
2594 5512 2850 5568 innotuit
2874 5513 3111 5568 vitanda
3139 5516 3196 5568 et
3224 5512 3637 5577 utenda.Quod
3667 5513 3796 5583 quia

2144 5608 2549 5675 transgressus
2577 5600 2974 5660 communicat
2993 5601 3205 5670 noxiis,
3227 5605 3284 5658 et
3312 5606 3548 5660 recusat
3573 5601 3796 5660 saluta-
