4064 6188
295 304 410 369 897

1687 292 2315 370 TESTAMEMTUM.

3580 312 3700 375 898

296 456 429 495 cum
462 440 573 495 hac
603 442 801 495 tamen
827 437 1178 505 conditione,
1205 442 1269 493 ut
1297 438 1423 510 ipse
1452 440 1631 494 abbas
1662 458 1793 495 cum
1822 457 1945 495 mo-
1975 440 2030 507 Α
2059 440 2352 495 minorum
2412 457 2610 513 regum
2653 446 2709 496 et
2755 442 2975 498 domini
3026 458 3185 515 papm
3244 445 3699 517 interponentes,

295 529 500 585 nachis
532 530 677 595 suis,
711 529 850 583 dum
885 528 1209 584 cardinales
1254 532 1311 583 at
1360 530 1667 583 decumani
1718 528 1941 600 praefati

296 623 471 674 erunt
502 619 560 674 in
590 617 835 674 ecclesia
864 620 1051 673 sancti
1074 617 1389 683 Ambrosii,
1415 618 1627 672 vadant
1657 635 1786 672 cum
1819 617 1946 672 lita-

297 708 411 763 niis
444 708 568 763 suis
597 710 665 763 ad
700 706 1005 763 ecclesiam
1034 712 1250 761 sanctae
1283 706 1469 762 Mariae
1504 708 1737 777 Majoris
1770 706 1942 761 sitam

294 796 454 852 intra
484 797 773 852 civitatem
800 796 1130 863 Mediolani,
1156 795 1255 851 ubi
1280 794 1493 850 dicitur
1514 795 1674 850 intus
1694 795 1944 867 vineam,

296 889 353 940 et
382 886 460 940 ibi
485 902 651 941 sacra
676 885 891 940 faciant
913 901 1014 956 pro
1047 884 1245 939 anima
1273 902 1422 950 mea,
1450 890 1506 939 et
1537 884 1701 939 bonze
1726 902 1946 939 memo-

296 974 394 1029 riae
417 976 643 1029 domnae
667 973 859 1028 Marias
883 973 1109 1041 matris,
1129 990 1193 1028 ac
1218 973 1443 1029 domnae
1466 973 1684 1029 Imildaz
1708 975 1946 1041 sororis,

296 1078 560 1119 mearum
593 1062 672 1117 ibi
722 1063 1100 1117 humatarum
1135 1078 1147 1117 :
1184 1062 1368 1117 altera
1400 1064 1491 1117 die
1541 1064 1697 1117 idem
1730 1064 1953 1117 faciant

295 1170 398 1225 pro
431 1152 741 1207 animabus
788 1152 952 1207 bonae
994 1151 1287 1207 memoria;
1338 1151 1652 1206 comitissae
1704 1150 1949 1207 Felindze

296 1242 432 1297 aviae
466 1257 632 1309 meae,
654 1247 711 1296 et
752 1240 1006 1295 filiarum
1044 1242 1203 1311 ejus;
1236 1247 1291 1296 et
1321 1241 1414 1295 dic
1444 1242 1613 1297 tertio
1663 1240 1836 1295 etiam
1869 1242 1951 1296 ita

296 1331 397 1386 ﬁat
427 1348 529 1402 pro
562 1330 874 1385 animabus
906 1330 1238 1385 Rodelindae
1272 1329 1519 1401 proavize
1554 1345 1713 1395 meae,
1737 1334 1793 1385 et
1822 1346 1948 1384 om-

296 1420 462 1475 nium
480 1419 886 1475 defunctorum
917 1435 1180 1475 meorum
1206 1436 1218 1473 :
1243 1420 1393 1488 quod
1418 1420 1465 1475 si
1491 1435 1601 1474 non
1628 1419 1949 1483 ﬁet,omnia

297 1508 571 1579 praedicta
596 1508 679 1563 eis
709 1507 897 1579 legata
924 1507 1042 1562 sint
1071 1508 1296 1562 domnae
1321 1507 1605 1562 Bertradae
1636 1508 1945 1562 abbatissae

297 1597 436 1651 dicti
468 1596 805 1652 monasterii
832 1601 1043 1651 sanctae
1066 1596 1260 1651 Mariae
1292 1596 1547 1666 Majoris.
1578 1599 1719 1651 Item
1752 1596 1945 1664 judico

298 1690 354 1741 et
382 1684 510 1757 lego
541 1684 707 1739 dictae
733 1684 1048 1740 venerabili
1077 1685 1303 1739 domnae
1327 1685 1633 1740 abbatissae
1658 1685 1944 1740 Bertradee

300 1775 529 1829 fratruze
554 1791 693 1829 meae
716 1790 846 1829 cum
866 1775 993 1844 ejus
1017 1773 1368 1828 monialibus
1387 1780 1442 1828 et
1466 1774 1817 1828 monasterio
1840 1792 1945 1829 suo
1976 1809 2022 1871 Β

297 1881 507 1918 mansa
538 1863 797 1934 quinque
828 1867 993 1917 terrae
1031 1854 1183 1931 juris
1216 1863 1349 1927 mei,
1376 1864 1474 1929 qui
1507 1880 1685 1934 supra
1716 1864 1947 1918 Attonis

296 1952 572 2024 episcopi,
598 1953 657 2006 in
689 1957 850 2007 curte
878 1951 1131 2016 Cerdati,
1155 1968 1286 2005 cum
1322 1952 1602 2017 mdificiis,
1638 1953 1839 2011 servis,
1865 1952 1946 2006 al-

297 2041 408 2097 diis
432 2046 487 2096 et
507 2057 710 2097 eorum
734 2040 972 2095 familiis
996 2041 1305 2111 utriusque
1328 2057 1500 2095 sexus
1523 2042 1945 2112 spectantibus,

295 2131 354 2185 in
385 2130 702 2203 integrum,
728 2134 792 2184 ut
821 2129 1189 2184 commodius
1224 2129 1449 2201 possint
1482 2132 1593 2185 Deo
1628 2129 1863 2196 servire,
1893 2135 1949 2185 et

294 2219 477 2276 semel
507 2219 567 2274 in
598 2234 799 2274 mense
828 2218 1207 2273 recordentur
1237 2235 1400 2273 orare
1431 2223 1496 2273 ut
1527 2218 1722 2273 anima
1758 2236 1886 2274 mea
1917 2236 1951 2274 a

294 2308 548 2379 peccatis
579 2306 859 2362 solvatur.

366 2397 436 2451 Et
466 2396 586 2451 haec
617 2394 814 2450 omnia
835 2411 939 2466 ego
967 2396 1063 2465 qui
1096 2411 1273 2466 supra
1303 2398 1439 2449 Atto
1465 2396 1947 2467 episcopusjudi-

297 2502 363 2541 co
386 2490 442 2540 et
460 2484 604 2539 facio
627 2500 761 2538 cum
784 2484 1135 2551 conditione,
1154 2485 1309 2555 quod
1342 2484 1597 2554 praedicti
1621 2502 1823 2540 omnes
1847 2495 1945 2557 qui

296 2590 476 2646 supra
507 2572 854 2642 cardinales,
879 2573 1211 2641 decumani,
1237 2573 1439 2642 abbas,
1463 2574 1751 2641 monachi,
1777 2576 1948 2630 abba-

296 2662 465 2730 tissa,
497 2666 553 2717 et
585 2660 891 2730 moniales,
924 2678 990 2717 ac
1035 2678 1237 2717 eorum
1283 2678 1669 2728 successores,
1695 2663 1781 2718 vel
1815 2681 1944 2718 suc-

298 2751 560 2818 cetrices,
612 2751 842 2806 unitum
894 2750 980 2806 vel
1034 2749 1374 2822 separatim,
1405 2751 1466 2805 in
1510 2756 1695 2805 totum
1747 2752 1835 2806 vel
1885 2752 1944 2806 in

296 2845 544 2913 partem,
567 2840 750 2895 dictas
770 2839 973 2903 valles,
990 2844 1208 2906 curtes,
1227 2839 1469 2907 casales,
1494 2843 1700 2910 terras,
1724 2856 1942 2909 servos,

298 2929 571 3000 famulos,
590 2929 775 2984 aldios
798 2929 1107 3000 utriusque
1131 2946 1324 2994 sexus,
1347 2945 1461 2983 non
1486 2930 1716 2999 possint
1738 2930 1944 3000 quovis

298 3020 470 3075 modo
504 3018 757 3072 alienare
788 3022 889 3071 aut
918 3018 1201 3083 invasere,
1222 3016 1360 3087 quia
1382 3032 1512 3070 mea
1542 3017 1712 3072 ﬁrma
1740 3018 1941 3073 volun-

296 3114 386 3163 tas
409 3112 519 3173 est,
545 3106 699 3177 quod
729 3105 926 3160 omnia
950 3105 1224 3176 praedicta
1254 3104 1551 3177 perpetuis
1582 3109 1944 3178 temporibus

2055 529 2174 583 haec
2232 531 2430 584 omnia
2485 531 2996 586 convalidaverunt
3028 537 3084 587 et
3114 533 3460 589 conﬁrmare
3516 537 3702 592 facere

2055 619 2469 688 promiserunt.
2496 620 2597 674 His
2628 621 2894 691 peractis,
2927 621 3079 675 idem
3111 622 3385 677 dominus
3419 628 3550 679 Atto
3581 626 3699 695 epi-

2059 723 2268 777 scopus
2313 724 2429 761 una
2475 724 2607 762 cum
2644 708 2881 782 Hugone
2923 709 3255 765 marchione
3306 714 3361 765 et
3413 712 3703 768 Brucardo

2058 796 2267 850 comite
2298 796 2593 851 advocatis
2625 797 2748 853 suis
2780 799 2926 853 dixit
2952 817 2962 853 :
2992 799 3121 853 Hec
3153 804 3242 854 est
3269 816 3398 855 mea
3426 800 3575 856 libra
3607 818 3704 857 vo-

2058 883 2253 938 luntas
2283 890 2341 939 et
2372 884 2643 939 ultimum
2679 903 2873 941 meum
2907 888 3261 957 judicatum.
3294 890 3385 943 Sic
3418 907 3509 944 me
3554 896 3705 945 Deus

2061 973 2313 1041 adjuvet,
2346 989 2538 1027 amen.
2574 979 2781 1028 Actum
2814 976 2871 1029 in
2912 976 3153 1031 basilica
3199 978 3383 1031 sancti
3413 978 3705 1034 Ambrosii

2060 1060 2351 1131 pontiﬁcis
2383 1067 2438 1116 et
2483 1063 2853 1132 confessoris,
2886 1065 2985 1119 ubi
3016 1065 3143 1135 ejus
3175 1072 3442 1121 sanctum
3476 1068 3706 1138 requie-

2061 1149 2171 1204 scit
2201 1166 2432 1221 corpus.

2132 1242 2160 1301 1
2200 1238 2312 1311 Ego
2347 1239 2628 1311 Rogerius
2678 1240 2922 1295 humilis
2951 1242 3259 1314 episcOpus
3308 1242 3533 1316 legatus
3566 1246 3706 1301 mis-

2062 1344 2164 1381 sus
2195 1329 2551 1383 sanctissimi
2584 1330 2766 1399 patris
2795 1331 3139 1386 venerabilis
3169 1332 3375 1386 Marini
3410 1352 3563 1405 papm
3598 1335 3707 1391 hoc

2053 1416 2384 1487 judicatum
2420 1416 2670 1483 laudavi,
2704 1419 3062 1489 confirmavi,
3096 1425 3152 1474 et
3181 1423 3524 1493 subscripsi.

2133 1509 2310 1576 1Ego
2345 1507 2505 1577 [iugo
2551 1522 2743 1561 comes
2790 1506 3017 1578 legatus
3067 1508 3287 1563 missus
3334 1511 3706 1566 dominorum

2062 1595 2319 1662 Hugonis
2349 1599 2406 1648 et
2440 1594 2689 1649 Lotharii
2735 1611 2937 1666 regum
2984 1596 3384 1667 piissimorum
3417 1598 3707 1669 hocjudi-

2058 1687 2250 1737 catum
2276 1682 2528 1751 laudavi,
2553 1684 2912 1753 confirmavi,
2930 1688 2985 1739 et
3008 1702 3180 1739 manu
3211 1702 3341 1741 mea
3361 1688 3704 1759 subscripsi.

2131 1778 2156 1836 1
2194 1774 2309 1843 Ego
2343 1772 2571 1827 Olricus
2594 1773 2776 1843 (1601)
2799 1778 3015 1827 sanctae
3040 1773 3491 1830 Mediolanensis
3516 1777 3706 1831 Eccle-

2058 1862 2153 1915 siae
2194 1862 2667 1932 archiepiscopus
2714 1862 3008 1925 omnibus,
3045 1879 3173 1932 quae
3222 1880 3401 1933 supra
3447 1866 3705 1934 interfui,

2057 1950 2312 2019 laudavi,
2345 1951 2704 2017 conﬁrmavi,
2739 1955 2793 2004 et
2826 1951 3058 2021 propria
3088 1968 3266 2005 manu
3302 1954 3644 2024 subscripsi.

2132 2045 2157 2103 1
2194 2040 2310 2111 Ego
2340 2044 2470 2094 Atto
2502 2056 2677 2093 sacrae
2710 2039 3091 2094 Vercellensis
3130 2040 3398 2095 Ecclesia:
3430 2042 3707 2113 indignus

2058 2128 2366 2199 episcopus
2398 2129 2467 2182 ad
2502 2129 2970 2183 confirmandum
3014 2129 3123 2184 hoc
3156 2146 3348 2185 mcum
3375 2131 3706 2201 judicatum

2060 2234 2235 2271 manu
2270 2234 2398 2271 mea
2428 2217 2769 2288 subscripsi.

2132 2311 2158 2371 1
2195 2307 2311 2376 Ego
2345 2306 2686 2361 Lincfredus
2718 2305 3020 2377 Papiensis
3043 2308 3352 2381 cpiscopus
3388 2309 3619 2366 laudavi
3653 2315 3709 2367 et

2059 2396 2413 2450 confirmavi.

2130 2490 2157 2549 1
2196 2483 2522 2556 Notinghus
2558 2484 2869 2540 Brixiensis
2902 2485 3213 2557 episcopus
3243 2487 3565 2560 subscripsi
3603 2507 3615 2544 :

2132 2578 2157 2637 1
2195 2573 2373 2628 Gezzo
2414 2579 2624 2628 sanctae
2676 2575 3046 2629 Dertonensis
3098 2576 3361 2631 Ecclesiae
3394 2578 3705 2650 episcopus

2059 2679 2235 2716 manu
2273 2662 2503 2732 propria
2536 2661 2881 2732 subscripsi.
3306 2668 3309 2675 '

2130 2756 2155 2815 1
2194 2752 2309 2821 Ego
2341 2749 2675 2822 Bruningus
2711 2750 2970 2804 Astensis
3014 2750 3324 2821 episcopus
3356 2751 3701 2824 subscripsi.

2131 2844 2156 2904 1
2191 2840 2308 2909 Ego
2341 2839 2601 2893 Riculqu
2633 2838 2941 2909 episcopus
2974 2838 3355 2895 Taurinensis
3387 2840 3618 2896 laudavi
3649 2846 3707 2897 et

2057 2927 2401 2997 subscripsi.

2128 3021 2155 3080 1
2192 3015 2367 3069 Grill‘o
2398 3021 2781 3087 Augustanus
2811 3015 3121 3087 episcopus
3154 3016 3521 3087 subscripsit.

2128 3111 2155 3170 1
2190 3105 2306 3174 Ego
2336 3103 2647 3175 Adalgisus
2692 3110 2904 3159 sanctae
2962 3103 3252 3174 Aquensis
3285 3103 3549 3160 Ecclesize
3579 3105 3708 3177 epi-

298 3198 680 3268 permaneant
698 3193 768 3248 ad
787 3193 1010 3248 cultum
1030 3193 1291 3247 divinum
1311 3194 1368 3248 in
1393 3194 1653 3265 requiem
1678 3196 1941 3250 omnium
1974 3170 2016 3235 C
2054 3210 2266 3264 scopus
2298 3210 2391 3247 me
2422 3193 2764 3263 subscripsi.

299 3285 709 3340 defunctorum
743 3298 1027 3338 meorum.
1054 3282 1182 3337 Ideo
1210 3286 1534 3337 reverenter
1554 3299 1692 3354 rogo
1713 3301 1835 3351 vos,
1852 3301 1943 3339 ve-

300 3372 612 3443 nerabiles,
640 3376 805 3444 pater
829 3371 1063 3425 domine
1085 3370 1537 3442 archiepiscope,
1558 3376 1615 3427 et
1635 3388 1837 3427 omnes
1858 3390 1945 3428 re-

304 3463 563 3517 sidentes
586 3460 644 3515 in
666 3460 775 3515 hac
799 3463 1001 3514 sancta
1017 3459 1257 3529 synodo,
1279 3463 1345 3513 ut
1368 3460 1598 3531 ponatis
1620 3476 1949 3515 excommu-

302 3550 656 3606 nicationem
675 3553 731 3604 et
752 3548 1064 3603 anathema
1081 3564 1257 3619 super
1271 3564 1475 3603 omnes
1496 3550 1595 3619 qui
1620 3548 1727 3604 hoc
1750 3566 1946 3605 meum

286 3639 623 3712 judicatum
653 3638 713 3692 in
744 3642 865 3692 toto
896 3636 986 3692 vel
1022 3637 1081 3691 in
1113 3640 1274 3708 parte
1301 3635 1659 3692 violaverint.

369 3728 487 3783 Hoc
508 3726 734 3795 audito,
757 3726 1033 3782 dominus
1055 3724 1529 3797 archiepiscopus
1550 3730 1607 3781 et
1637 3727 1828 3783 omnis
1859 3745 1948 3800 sy-

295 3817 487 3872 nodus
511 3833 579 3871 ex
599 3819 760 3886 parte
780 3814 881 3869 Dei
898 3818 954 3869 et
975 3813 1239 3869 omnium
1257 3818 1589 3869 sanctorum
1613 3816 1948 3873 anathema-

292 3905 491 3960 tizavit
521 3905 857 3976 quicunque
905 3920 1006 3974 per
1052 3901 1456 3973 qualecunque
1506 3904 1804 3976 ingenium
1840 3906 1947 3961 hoc

284 3994 620 4066 judicatum
647 3990 998 4047 venerabilis
1026 3990 1207 4061 patris
1238 3990 1461 4044 domini
1483 3993 1713 4048 Attonis
1736 3998 1947 4048 sanctae

291 4082 683 4138 Vercellensis
710 4078 980 4135 Ecclesiae
1012 4078 1267 4149 episcopi
1294 4077 1624 4147 violaverit;
1658 4085 1715 4135 et
1746 4082 1845 4152 qui
1879 4083 1953 4138 fe-

294 4172 457 4239 cerit,
484 4174 712 4243 partem
740 4168 951 4223 habeat
972 4182 1106 4221 cum
1126 4167 1279 4222 Juda
1307 4167 1583 4223 traditore
1615 4185 1679 4223 ac
1711 4170 1951 4228 Simone

294 4276 467 4332 mago
498 4260 559 4314 in
608 4257 937 4330 gehennam
969 4259 1269 4321 aaternam,
1301 4272 1418 4309 una
1470 4273 1603 4311 cum
1653 4260 1868 4314 Satana
1896 4264 1952 4315 et

290 4347 544 4404 diabolis
575 4348 724 4417 ejus.
751 4345 819 4399 Et
865 4344 1138 4399 dixerunt
1186 4360 1388 4399 omnes
1433 4360 1445 4398 :
1491 4344 1637 4413 Fiat,
1671 4346 1793 4416 fiat,
1827 4348 1947 4403 fiat.

290 4437 416 4500 Quo
448 4436 621 4504 facto,
644 4434 770 4506 ipse
790 4436 925 4488 Atto
948 4432 1257 4504 episcopus
1280 4431 1426 4486 dixit
1450 4447 1462 4486 :
1486 4433 1722 4503 Audite,
1747 4450 1950 4490 omnes

287 4524 651 4582 venerabiles
682 4527 915 4589 Patres;
950 4520 1045 4576 hic
1094 4520 1382 4592 disposui,
1426 4537 1553 4591 quae
1597 4522 1864 4592 judicare
1894 4528 1950 4579 et
1977 4534 2024 4597 D

294 4614 604 4686 disponere
632 4612 791 4683 potui
825 4626 927 4681 pro
949 4608 1304 4664 conscientia
1338 4625 1495 4678 mea;
1532 4608 1784 4681 reliquas
1814 4629 1945 4667 vero

294 4718 459 4758 meas
480 4700 868 4764 substantias,
893 4715 1019 4769 qua
1052 4696 1195 4751 mihi
1229 4698 1400 4753 modo
1432 4698 1716 4769 pertinere
1745 4701 1943 4756 viden-

290 4796 411 4860 tur,
437 4789 637 4861 judico
669 4792 725 4843 et
753 4788 881 4859 lego
915 4786 1432 4857 propinquioribus
1463 4790 1631 4855 meis,
1658 4793 1723 4843 ut
1763 4790 1832 4844 de
1862 4789 1945 4845 eis

288 4881 511 4936 faciant
531 4877 815 4950 quidquid
838 4874 1145 4941 voluerint,
1163 4875 1331 4943 juxta
1353 4874 1796 4947 dispositionem
1823 4895 1945 4934 ma-

275 4970 481 5041 jorum
500 4983 723 5033 eorum,
743 4970 802 5021 et
822 4965 913 5019 lex
935 4964 1320 5034 Longobarda
1341 4964 1617 5034 disponit.
1642 4966 1781 5021 Item
1807 4984 1943 5040 rogo

292 5061 565 5114 sanctum
598 5061 821 5128 patrem
847 5051 1237 5108 venerabilem
1273 5068 1509 5122 papam,
1532 5058 1589 5107 et
1620 5053 1946 5111 clementis-

292 5145 477 5202 simos
505 5144 775 5200 dominos
806 5158 970 5214 reges
1010 5139 1133 5194 suis
1174 5137 1388 5194 litteris
1420 5139 1527 5195 hoc
1560 5157 1755 5197 meum
1781 5144 1946 5213 judi-

293 5238 492 5290 catum
524 5233 870 5288 confirmare
905 5230 1241 5301 dignentur.

365 5322 589 5387 Quibus
614 5318 851 5389 auditis,
876 5318 1151 5373 dominus
1177 5317 1337 5388 Hugo
1372 5332 1567 5371 comes
1589 5320 1645 5371 et
1670 5317 1944 5375 dominus

292 5408 580 5482 Rogerius
603 5407 912 5479 episcopus
936 5405 1100 5460 missi
1122 5404 1405 5475 praedicti,
1421 5406 1823 5463 auctoritatem
1850 5409 1946 5463 do-

2130 3287 2156 3347 1
2194 3281 2370 3335 Mildo
2403 3280 2959 3353 Vingintimiliensis
2980 3280 3249 3337 Ecclesia
3274 3282 3583 3354 episcopus
3615 3283 3711 3337 ﬁr-

2057 3369 2258 3426 mavit.

2132 3466 2158 3525 1
2188 3461 2305 3531 Ego
2328 3459 2653 3530 Sigifredus
2674 3459 3007 3514 Parmensis
3028 3458 3336 3530 episcopus
3359 3460 3704 3532 subscripsi.

2130 3553 2157 3613 1
2191 3552 2441 3604 Joannes
2474 3548 2871 3602 Massanensis
2904 3547 3215 3619 episcopus
3246 3548 3517 3603 firmavit.

2130 3641 2159 3703 1
2192 3638 2308 3708 Ego
2338 3636 2702 3691 Aldemanus
2724 3640 2936 3691 sanctae
2961 3635 3415 3692 Mediolanensis
3436 3637 3705 3693 Ecclesiae

2057 3726 2524 3797 archipresbyter
2566 3724 2818 3793 laudavi,
2862 3729 2919 3779 et
2965 3725 3036 3778 ad
3088 3725 3443 3779 ﬁrmandum
3495 3742 3707 3782 manus

2099 3831 2249 3870 08111.

2099 3834 2249 3870 osux.

2058 3834 2093 3888 Ρ
2129 3908 2157 3967 1
2196 3901 2503 3972 Daipertus
2523 3901 2833 3971 episcopus
2860 3904 3073 3954 sanctis
3096 3900 3503 3956 Cremonensis
3527 3901 3711 3957 Eccle-

2058 3992 2156 4047 siae
2188 4007 2365 4045 manu
2399 4007 2507 4044 sua
2538 3990 2807 4043 lirmavit.

2133 4084 2160 4147 1
2195 4084 2310 4150 Ego
2345 4078 2520 4133 Baldo
2560 4078 2855 4133 Curiensis
2897 4077 3206 4149 episcopus
3238 4078 3582 4148 subscripsi.

2133 4174 2161 4234 1
2196 4168 2537 4223 Asmundus
2568 4166 2975 4239 Eporediensis
3015 4167 3326 4238 episcopus
3370 4183 3547 4221 manu
3580 4181 3711 4221 mea

2061 4258 2309 4313 ﬁrmavi.

2136 4347 2316 4419 1Ego
2376 4345 2685 4401 Daibertus
2740 4344 3051 4417 episcopus
3115 4344 3388 4399 Albensis
3453 4345 3711 4401 subscri-

2062 4453 2173 4509 ρει.

2130 4531 2157 4590 1
2197 4524 2463 4595 Ingulfus
2492 4524 2997 4595 Albengaunensis
3028 4523 3339 4594 episcopus
3365 4521 3637 4576 ﬁrmavit.

2130 4618 2157 4679 1
2195 4615 2308 4684 Ego
2342 4614 2486 4668 Boso
2519 4613 2826 4684 episcOpus
2858 4611 3232 4666 Placentinus
3263 4609 3609 4682 subscripsi.

2130 4703 2308 4775 1Ego
2339 4701 2526 4756 Vuido
2587 4701 2938 4756 Mutinensis
2995 4700 3306 4773 episcopus
3363 4698 3597 4754 laudavi
3657 4700 3711 4753 et

2057 4790 2402 4861 subscripsi.

2129 4884 2157 4945 1
2196 4879 2500 4933 Lotherius
2534 4878 2920 4934 Marianensis
2944 4878 3211 4934 Ecclesia:
3235 4877 3544 4949 episcopus
3576 4876 3709 4929 sub-

2057 4967 2287 5037 scripsi.

2130 5060 2157 5119 1
2191 5055 2308 5125 Ego
2354 5053 2659 5125 Hupaldus
2709 5054 2954 5110 humilis
2988 5056 3168 5111 abbas
3217 5050 3446 5109 laudavi
3478 5055 3535 5105 et
3564 5049 3707 5105 sub-

2056 5142 2282 5212 scripsi.

2126 5231 2304 5301 Signa
2328 5232 2375 5251 "’
2408 5231 2587 5303 (1692)
2622 5249 2904 5288 manuum
2938 5232 3199 5304 Hugonis
3237 5226 3615 5295 marcbiunis,
3649 5230 3707 5281 et

2054 5319 2333 5376 Brucardi
2356 5319 2586 5375 comitis
2610 5322 2868 5377 advocati
2904 5322 3125 5393 praefati
3148 5315 3491 5374 venerabilis
3522 5314 3706 5387 patris

2055 5408 2277 5464 domini
2309 5407 2540 5463 Attonis
2572 5410 2850 5482 episcopi,
2874 5411 2973 5481 qui
3004 5410 3113 5463 hoc
3137 5407 3467 5479 judicatum
3500 5403 3703 5460 lauda-

359 5515 789 5591 (ltSQliSupra,
822 5512 1132 5570 Oldericus.
1165 5512 1348 5588 (1692)
1388 5512 1679 5570 Astericos
1726 5516 1937 5591 posui;
1988 5520 2049 5575 at
2098 5517 2157 5573 in
2208 5516 2405 5572 codice
2459 5520 2596 5572 sunt
2652 5516 2875 5573 lineolae
2935 5516 3166 5572 directae
3224 5520 3279 5571 et
3334 5517 3704 5577 transversis,

294 5586 474 5653 cratis
512 5586 648 5645 ritu.
