4074 6190
385 288 503 348 899

1590 279 1984 342 APPENDIX
2027 281 2128 340 AD
2173 281 2576 342 ATTONEM.

3670 280 3798 342 900

383 421 612 487 verunt,
642 420 696 472 et
743 415 810 470 ad
853 411 1321 469 conﬁrmandum
1375 428 1584 468 manus
1634 430 1771 470 suas
1820 430 2034 486 posue-
2058 417 2112 482 Α
2141 419 2313 487 gatus
2343 432 2377 470 a
2406 413 2720 470 venerabili
2753 412 2988 468 domino
3017 410 3325 466 Ambrosio
3348 411 3498 466 dicto
3522 411 3597 467 de
3624 411 3796 467 Vico.

384 512 543 564 runt.

458 595 636 665 Signa
665 593 812 617 “m'
847 607 1129 647 manuum
1162 589 1434 661 Ariperti,
1468 589 1732 661 Olderici,
1763 591 2029 660 Joannis,

382 681 694 754 Asprandi,
723 679 904 748 Burli,
937 684 992 736 et
1017 679 1267 734 Canonis
1296 679 1555 745 testium,
1580 685 1636 734 et
1665 680 2028 751 quampluri-

384 788 492 826 mas
551 769 675 825 alias
734 785 990 841 persona
1041 784 1170 837 quae
1229 767 1300 821 ad
1359 767 1466 822 hoc
1524 768 1708 822 vocati
1751 768 1860 838 (ita
1890 769 2028 836 cod.)

384 863 544 916 sunt.

457 950 572 1021 Ego
603 946 744 1002 Vual
756 951 957 1019 pertus
983 944 1704 1001 humilisarchidiaconus
1727 951 1783 1000 et
1812 945 2032 1000 cancel-

383 1038 567 1094 larius
598 1041 809 1092 sancta:
855 1033 1305 1090 Mediolanensis
1343 1033 1610 1090 Ecclesiae
1641 1039 1697 1089 et
1727 1034 2030 1106 praesentis

385 1127 535 1183 sacri
557 1127 658 1198 (ita
684 1124 822 1196 cod.)
850 1123 1054 1196 synodi
1087 1123 1158 1177 de
1187 1122 1463 1177 mandato
1495 1124 2028 1194 suprascriptorum

383 1219 625 1270 Patrum
669 1213 778 1270 hoc
817 1213 1150 1283 judicatum
1182 1211 1527 1266 venerabilis
1578 1211 1760 1282 patris
1808 1210 2029 1266 domini

382 1304 610 1360 Attonis
669 1301 925 1374 episcopi
983 1298 1375 1355 Vercellarum
1433 1300 1664 1372 scripsi,
1705 1301 1943 1368 tradidi,
1977 1304 2033 1356 et

386 1391 731 1462 subscripsi.

457 1486 573 1553 Ego
605 1480 952 1535 Lambertus
998 1477 1262 1532 notarius
1307 1477 1456 1532 sacri
1488 1477 1688 1548 palatii
1713 1483 1768 1533 et
1813 1478 2032 1533 missus

389 1571 762 1627 dominorum
794 1565 1055 1638 Hugonis
1103 1570 1159 1620 et
1206 1565 1456 1621 Lotbarii
1489 1566 1886 1637 piissimorum
1939 1582 2033 1620 re-

388 1676 553 1732 gum,
587 1674 704 1712 una
737 1672 870 1711 cum
916 1655 1312 1726 suprascripto
1341 1653 1576 1710 domino
1624 1655 2032 1710 archidiacono

386 1747 602 1805 tradidi
633 1752 806 1818 atque
837 1742 1179 1814 subscripsi.

458 1838 577 1908 Ego
607 1837 831 1900 Petrus,
876 1833 974 1904 qui
1007 1832 1167 1887 dicor
1207 1832 1466 1902 Rabbus,
1499 1831 1760 1887 notarius
1813 1831 2031 1887 domini

388 1925 617 1983 Henrici
665 1921 1034 1995 imperatoris
1075 1920 1541 1992 suprascriptum
1569 1921 1899 1990 judicatum
1933 1922 2032 1975 do-

388 2015 534 2071 mini
563 2013 792 2068 Attonis
840 2009 1094 2082 episc0pi
1125 2007 1520 2063 Vercellarum
1553 2010 1623 2063 ab
1656 2026 1721 2064 eo
1775 2025 2030 2080 pronun-

385 2104 595 2160 tiatum
627 2102 688 2156 in
719 2100 938 2173 synodo
984 2097 1398 2153 Mediolanensi
1431 2101 1488 2152 et
1518 2096 1936 2168 subscriptum,
1971 2101 2036 2152 ut

387 2210 564 2263 supra
593 2189 842 2245 ﬁdeliter
872 2187 1259 2258 exemplatum
1310 2203 1410 2256 per
1452 2186 1889 2257 infrascriptum
1922 2187 2033 2241 Ro-

389 2282 615 2354 gerium
649 2277 985 2332 Bonaﬁdem
1017 2276 1306 2330 notarium
1340 2275 1410 2329 ab
1446 2275 1728 2346 originale
1775 2275 2032 2346 praedicti

381 2369 705 2441 judicatus,
737 2367 892 2436 quod
947 2368 1184 2436 apparet
1215 2364 1393 2418 fuisse
1424 2365 1613 2418 tribus
1662 2362 1870 2435 sigillis
1903 2380 2032 2418 mu-

389 2459 606 2525 nitum,
624 2457 881 2529 primum
904 2469 1155 2525 quorum
1178 2458 1301 2508 erat
1317 2453 1688 2508 dominorum
1716 2451 2036 2523 regum,al-

388 2552 580 2603 terum
611 2562 748 2602 cum
796 2543 1014 2600 sanctis
1045 2543 1212 2597 Petro
1245 2546 1299 2597 et
1330 2541 1528 2612 Paulo,
1552 2545 1608 2596 et
1633 2541 1867 2595 tertium
1900 2557 2034 2595 cum

392 2641 595 2690 sancto
637 2631 943 2687 Ambrosio
994 2631 1093 2685 sed
1142 2631 1489 2700 antiquitate
1540 2631 1707 2701 quasi
1757 2644 2036 2684 consum-

391 2727 580 2796 ptum,
605 2737 738 2776 cum
761 2721 888 2790 ipso
909 2718 1209 2790 originale,
1233 2723 1298 2772 ut
1325 2718 1644 2789 plurimum
1666 2718 1948 2783 marcido,
1975 2721 2036 2772 ut

389 2812 484 2866 vix
515 2808 828 2864 difﬁculter
855 2806 966 2878 legi
1000 2806 1206 2878 possit,
1229 2805 1537 2876 diligenter
1561 2805 1921 2870 concordavi,
1942 2821 2036 2859 ro-

2141 509 2394 559 mercato
2418 504 2625 558 abbate
2647 500 2981 557 monasterii
3004 500 3188 556 sancti
3207 500 3517 567 Ambrosii,
3534 501 3640 554 ubi
3662 503 3796 572 ejus

2141 599 2408 648 sanctum
2443 592 2755 663 requiescit
2798 607 3036 660 corpus;
3081 591 3336 645 instante
3364 589 3536 645 etiam
3571 591 3796 645 domna

2139 682 2421 737 Columba
2450 682 2747 737 abbatissa
2789 679 3128 734 monasterii
3160 679 3396 750 Majoris
3427 679 3748 734 Mediolani
3777 696 3791 732 :

2140 777 2196 826 et
2226 771 2333 826 hoc
2364 772 2434 825 de
2465 771 2740 825 mandato
2770 769 2970 824 domni
3013 768 3259 824 Joannis
3292 767 3431 823 dicti
3479 768 3549 823 de
3599 768 3796 823 Rusca

2139 858 2498 915 honorabilis
2530 858 2834 931 potestatis
2865 857 3118 912 civitatis
3144 861 3201 912 et
3219 858 3551 912 communis
3573 856 3794 912 Medio-

2138 950 2278 1018 lani,
2330 948 2713 1020 praesentibus
2763 947 2916 1001 dicto
2969 947 3259 1016 Bonaﬁde,
3302 947 3367 1001 T.
3402 948 3654 1018 Senago,
3702 947 3796 1002 Jo.

2140 1040 2355 1109 Coalia,
2382 1039 2434 1093 J.
2460 1038 2706 1104 Canova,
2729 1039 2794 1091 A.
2825 1036 3107 1104 Lomatio,
3142 1035 3404 1103 notariis,
3432 1040 3612 1106 atque
3641 1036 3800 1091 Tho-

2141 1147 2237 1184 ma
2268 1128 2420 1182 dicto
2451 1128 2681 1189 Crasso,
2721 1128 2775 1178 et
2802 1125 3008 1178 Ruﬁno
3049 1124 3235 1178 Corbo
3279 1125 3430 1191 juris
3475 1125 3713 1195 peritis,
3736 1142 3800 1180 ac

2141 1219 2287 1274 Ossa
2317 1218 2386 1272 de
2417 1215 2602 1282 Ossis,
2624 1215 2790 1268 Petro
2823 1213 2976 1268 dicto
3001 1212 3362 1281 Bellabucca,
3387 1214 3705 1270 Comasino
3731 1215 3802 1268 de

2140 1307 2383 1375 Cremis,
2407 1306 2629 1361 Joanne
2673 1301 3028 1371 Marcellino,
3051 1302 3278 1358 Vidone
3300 1302 3658 1370 vicecomite,
3685 1309 3804 1358 tes-

2140 1397 2344 1453 tibus:
2378 1399 2434 1451 et
2473 1394 2611 1465 quia
2654 1381 3001 1446 concordare
3048 1391 3262 1458 inveni,
3313 1395 3519 1464 printer
3565 1391 3800 1448 litteras

2141 1485 2275 1558 plus
2307 1485 2597 1547 minusve,
2629 1497 2760 1536 mea
2791 1498 2971 1537 manu
3003 1481 3347 1552 subscripsi.

2215 1580 2326 1646 Ego
2376 1571 2688 1641 Tebaldus,
2736 1572 2834 1642 qui
2883 1571 3045 1624 dicor
3095 1571 3168 1625 de
3217 1569 3473 1641 Sunago,
3524 1570 3802 1625 notarius

2143 1665 2251 1720 hoc
2307 1665 2748 1732 transumptum
2809 1658 2948 1730 quia
3003 1656 3173 1714 ﬁdele
3234 1658 3424 1714 inveni
3489 1675 3586 1713 me
3655 1661 3804 1714 sub-

2144 1753 2373 1823 scripsi.

2213 1843 2330 1913 Ego
2386 1845 2657 1904 Joannes,
2690 1837 2788 1908 qui
2839 1836 3000 1891 dicor
3050 1834 3264 1907 Coalia,
3317 1835 3584 1892 notarius
3648 1835 3803 1891 sacri

2143 1930 2342 2002 palatii
2378 1930 2647 2000 praedicto
2686 1930 3058 1997 transumpto
3103 1924 3360 1991 interfui,
3393 1930 3449 1979 et
3477 1925 3625 1995 quia
3657 1941 3803 1980 con-

2146 2021 2381 2075 cordare
2437 2016 2652 2083 inveni,
2705 2019 2769 2070 ut
2817 2031 3013 2086 supra,
3061 2014 3132 2068 de
3181 2014 3453 2068 mandato
3507 2030 3604 2068 me
3655 2014 3802 2069 sub-

2145 2107 2376 2180 scripsi.

2217 2198 2331 2268 ligo
2371 2196 2645 2261 Joannes,
2699 2193 2796 2264 qui
2847 2192 3009 2246 dicor
3063 2192 3134 2246 de
3191 2195 3436 2258 Canova,
3471 2190 3802 2262 imperialis

2145 2285 2408 2342 notarius
2441 2284 2548 2339 hoc
2593 2286 3032 2352 transumptum
3064 2279 3313 2336 ﬁdeliter
3340 2281 3717 2347 concordavi,
3748 2285 3806 2336 et

2145 2375 2331 2447 [quia]
2384 2373 2672 2428 uniforme
2731 2387 2863 2425 cum
2914 2369 3197 2442 originale
3244 2369 3458 2436 inveni,
3511 2385 3608 2424 me
3658 2371 3804 2425 sub-

2144 2462 2371 2535 scripsi.

2216 2555 2332 2625 Ego
2363 2549 2701 2613 Anselarus,
2731 2546 2831 2618 qui
2881 2547 3043 2601 dicor
3091 2547 3160 2601 de
3210 2546 3496 2616 Lamatio,
3529 2547 3805 2601 notarius

2145 2659 2277 2698 cum
2328 2637 2682 2712 supradictis
2731 2635 2974 2691 notariis
3021 2635 3127 2689 hoc
3173 2639 3619 2706 transumptum
3661 2651 3804 2690 exa-

2145 2727 2394 2799 minavi,
2464 2730 2520 2781 et
2586 2723 2723 2796 quia
2787 2722 3138 2777 concordare
3202 2720 3426 2790 inveni,
3487 2736 3581 2775 me
3653 2721 3801 2775 sub-

2146 2817 2374 2889 scripsi.

388 2940 3806 2974 ____________________________—————————

1319 3055 1955 3151 APPENDIX
2024 3052 2184 3146 AD
2255 3045 2874 3143 ATTONEM.

505 3319 1054 3384 FRAGMENTUM
1099 3317 1483 3380 VETERUM
1527 3309 2562 3456 PltECATlgNggiéElgnFOBMA
2606 3305 3120 3378 LITANIAHUM,
3169 3305 3248 3364 IN
3296 3303 3680 3364 HONOBEM

1782 3527 1882 3596 (Ex
1927 3526 2055 3581 cod.
2109 3521 2398 3592 Othonis.)

463 3783 477 3796 .
513 3777 525 3792 .
561 3779 574 3794 .
615 3781 626 3793 .
663 3779 676 3792 .
713 3779 725 3792 .
762 3779 774 3791 .
818 3737 1006 3791 factus
1065 3739 1156 3790 est
1211 3733 1522 3800 Eusebius,
1582 3736 1638 3788 et
1692 3731 2031 3787 Christianae
2063 3731 2106 3796 C
2218 3725 2413 3800 Navis,
2445 3739 2576 3795 quae
2611 3725 2734 3800 erat
2763 3723 2836 3800 ad
2867 3720 3110 3800 alteram
3163 3721 3353 3792 ripam
3383 3721 3456 3775 ad
3490 3736 3631 3776 eum
3665 3719 3798 3776 sola

389 3811 536 3884 legis
568 3809 878 3884 maximus.
914 3807 1130 3862 Exaudi
1161 3822 1286 3884 nos.

461 3871 481 3938 Ῐ
512 3925 527 3938 .
563 3924 575 3936 .
612 3923 624 3936 .
661 3923 673 3936 .
708 3879 923 3936 Omnes
952 3895 1116 3933 sacro
1149 3877 1256 3931 sibi
1285 3874 1563 3945 suscepit,
1593 3879 1648 3929 et
1679 3871 1887 3946 praesul
1922 3874 2033 3927 fae-

385 3959 482 4011 tus
510 3951 795 4008 Vercellas
825 3952 1079 4005 directus
1110 3952 1218 4003 est.
1253 3947 1493 4012 Exaudi,
1525 3952 1632 4001 etc.

457 4064 472 4082 .
523 4068 535 4081 .
580 4067 592 4079 .
641 4067 652 4079 .
695 4023 1048 4078 Haeresiarca
1078 4037 1203 4092 quae
1251 4035 1384 4073 cum
1433 4023 1588 4092 esset
1635 4016 1839 4092 civitas
1891 4016 2035 4070 dure

387 4100 680 4168 pastorem
713 4089 1111 4168 ortbodoxum'
1131 4094 1443 4168 spreverat.
1479 4089 1723 4168 Exaudi,
1752 4091 1859 4142 etc.

459 4169 524 4223 In
551 4168 608 4222 S.
641 4165 881 4289 Templo
915 4165 1103 4219 Maria:
1138 4157 1198 4216 se
1228 4162 1567 4231 obstruunt,
1601 4160 1801 4214 doctor
1832 4157 1901 4212 ad
1936 4173 2035 4212 eos

459 4239 667 4289 Lintret
696 4242 786 4289 cat
834 4236 1037 4289 olicus.
1073 4233 1312 4289 Exaudi.
1345 4238 1451 4286 etc.

390 4256 462 4294 ne
489 4239 667 4292 intret
696 4233 1037 4291 catholicus.
1073 4233 1312 4297 Exaudi,
1345 4238 1451 4286 etc.

461 4309 684 4363 Charus
715 4308 813 4362 sed
870 4308 978 4361 Deo
1030 4304 1196 4376 signo
1227 4303 1439 4376 crucis
1464 4303 1712 4373 fregerat
1757 4305 1946 4356 vectes
1979 4301 2037 4352 et

389 4397 570 4447 seras,
607 4385 664 4433 et
694 4378 928 4432 intravit
951 4372 1186 4447 janu'as.
1223 4372 1464 4447 Exaudi,
1497 4372 1607 4427 etc.

463 4491 477 4508 .
522 4493 535 4505 .
557 4439 592 4504 ’.
639 4492 650 4504 .
676 4450 746 4504 de
776 4449 902 4503 luce
933 4439 1506 4502 c'onsubstantialiter
1527 4442 1847 4514 praedicans
1880 4439 2031 4495 mul-

386 4526 480 4578 tos
504 4521 783 4577 instruxit
811 4518 1078 4574 ﬁdeliter.
1115 4516 1354 4580 Exaudi,
1390 4520 1498 4570 etc.

462 4595 592 4649 Mox
622 4592 721 4648 sed
752 4597 1037 4664 tyrannus
1086 4588 1294 4664 callide
1323 4583 1696 4664 Constantius
1745 4583 2033 4655 synodum

390 4663 570 4720 dictat
598 4665 656 4718 in
693 4658 832 4718 urbe
859 4660 1188 4732 metropoli.
1225 4658 1608 4732 Exaudiletc.

525 4776 536 4789 .
582 4777 594 4789 .
640 4776 652 4788 .
696 4734 977 4789 Minorem
1007 4723 1070 4786 in
1088 4749 1203 4802 qua
1223 4728 1410 4802 Patris
1436 4726 1644 4782 Filium
1667 4730 1883 4781 temere
1912 4723 2037 4795 pul-

391 4812 483 4862 sat
512 4805 764 4861 scribere
794 4801 1128 4860 catholicos’.
1163 4801 1400 4866 Exaudi,
1430 4804 1537 4854 etc.

466 4920 477 4932 .
515 4920 528 4932 .
567 4918 579 4930 .
617 4917 629 4930 .
668 4918 680 4930 .
718 4916 730 4929 .
764 4875 1072 4931 Occurrere
1116 4871 1329 4932 praesul
1361 4877 1418 4927 et
1447 4871 1518 4926 ad
1553 4866 1814 4923 ﬂuminis
1844 4882 2035 4921 mora-

387 4951 484 5004 tur
509 4964 611 5004 ora
639 4962 772 5002 cum
804 4947 980 5001 unda.
1018 4987 1030 5000 .
1067 4985 1078 4996 .
1113 4942 1339 5000 Sicida.
1373 4942 1611 5011 Exaudi,
1640 4945 1749 4994 etc.

2144 3799 2282 3870 quia
2301 3793 2589 3870 jusse'rat._
2614 3793 2852 3870 Exaudi,
2885 3797 2994 3870 etc.

2216 3862 2464 3923 Ut't'acto
2509 3865 2693 3920 celere
2722 3865 2767 3918 it
2799 3863 3192 3919 Mediolanum
3241 3863 3313 3917 ad
3358 3862 3800 3934 confligendum

2145 3957 2278 3996 cum
2309 3945 2573 4012 tyranno.
2599 3935 2838 4012 Exaudi,
2873 3940 2984 4012 etc.

2219 4053 2231 4066 .
2269 4055 2282 4068 .
2321 4004 2381 4064 ,⁷.
2422 4053 2434 4066 .
2482 4009 2597 4063 Nec
2649 4007 3023 4062 suasionibus
3094 4005 3298 4074 cessit,
3357 4009 3496 4058 tunc
3561 4004 3801 4060 vinctus

2144 4083 2418 4138 conditur
2447 4079 2637 4135 exilio.
2671 4079 2912 4141 Exaudi,
2949 4082 3056 4131 etc.

2221 4196 2232 4207 .
2279 4196 2290 4207 .
2338 4195 2349 4207 .
2393 4153 2700 4223 Tyrannus
2740 4150 2838 4204 sed
2887 4155 3203 4223 postquam
3228 4148 3642 4223 est_mortuus,
3660 4163 3795 4216 pas-

2143 4229 2235 4280 tor
2259 4225 2330 4279 ad
2366 4217 2564 4277 caulas
2596 4237 2861 4276 reversus
2887 4217 2981 4274 est
3013 4217 3301 4290 proprius.
3322 4217 3564 4290 Exaudi,
3593 4221 3706 4272 etc.

2219 4338 2230 4348 .
2277 4339 2288 4350 .
2335 4337 2347 4348 .
2390 4294 2602 4348 Avidos
2625 4293 2844 4347 invenit
2867 4287 3062 4346 Ariani
3090 4287 3402 4361 dogmatis,
3425 4287 3634 4358 utjam
3658 4304 3794 4342 cum

2143 4367 2345 4438 paucis
2378 4367 2612 4438 degeret
2642 4363 2983 4438 catholicus.
3016 4361 3256 4438 Exaudi,
3288 4366 3397 4415 etc.

2215 4437 2430 4492 Verum
2453 4429 2672 4490 cohors
2705 4434 2821 4488 ruit
2852 4434 2910 4487 in
2943 4429 3308 4498 pontiﬁcem;
3343 4434 3589 4486 mortem
3623 4429 3803 4484 dede-

2145 4514 2282 4564 runt
2313 4507 2666 4579 praedicandi
2698 4505 2906 4560 vivere.
2939 4504 3188 4579 Exaudi,
3203 4508 3326 4579 etc.

2221 4622 2232 4635 .
2391 4579 2484 4633 Sic
2515 4581 2779 4633 sanctam
2811 4581 2950 4630 tunc
2989 4570 3244 4630 reddidit
3273 4573 3550 4635 animam,
3583 4570 3683 4625 hic
3715 4586 3804 4626 se-

2144 4651 2392 4723 pulturae
2423 4649 2584 4723 locus
2617 4653 2817 4702 manet
2846 4646 3090 4723 celeber.
3120 4644 3366 4723 Exaudi,
3395 4649 3502 4723 etc.

2220 4765 2231 4777 .
2277 4763 2290 4776 .
2331 4753 2353 4762 -
2393 4719 2649 4776 Sesultat
2676 4724 2732 4773 et
2774 4717 2948 4790 pollet
2997 4716 3317 4790 miraculis,
3350 4715 3547 4770 tristes
3594 4711 3802 4768 levan-

2117 4858 2119 4861 ι
2147 4797 2238 4848 tur
2270 4797 2326 4848 et
2356 4790 2698 4862 languentes
2729 4789 2893 4844 inibi.
2929 4789 3308 4862 Exaudi,getc.

2221 4907 2234 4918 .
2281 4907 2292 4918 .
2341 4906 2351 4917 .
2395 4857 2559 4917 Hunc
2591 4876 2793 4931 rogare
2833 4860 3048 4930 pariter
3077 4863 3143 4914 ut
3172 4857 3490 4915 intercedat
3536 4871 3641 4926 pro
3695 4871 3808 4910 no-

2145 4933 2238 4991 bis
2272 4934 2342 4990 ad
2377 4933 2712 4989 Dominum.
2743 4931 2986 4997 Exaudi,
3019 4935 3129 4986 etc.

384 5058 3254 5092 ΜΗ..-

1202 5151 1510 5211 ΝΟΜΙΝΑ
1553 5147 1895 5208 PLEBIUM
1944 5143 2478 5204 EPISCOPATUS
2526 5144 2590 5203 S.
2638 5140 2976 5202 EUSEBII.

1100 5282 1260 5356 (Cod.
1291 5282 1476 5337 Vatic.
1511 5281 1674 5348 4322,
1712 5279 1784 5334 ad
1816 5275 2036 5333 calcem
2067 5273 2322 5347 epistolae
2353 5273 2582 5328 Attonis
2614 5272 2685 5326 ad
2717 5271 3082 5328 Waldonem.

1890 5403 2282 5425 —

464 5495 494 5560 ’τ
526 5491 832 5560 Prodobio,
865 5494 1060 5558 Cozzo,
1107 5486 1364 5560 Martyri,
1408 5484 1757 5560 Mediolano,
1808 5484 1867 5560 ξ.
1902 5485 2040 5560 Eva-

391 5553 485 5638 sii,
544 5553 920 5635 Rusciniaho,
991 5553 1093 5620 seu
1161 5553 1444 5630 Cassiani,
1503 5553 1751 5614 Castello
1808 5553 2033 5623 Turris,

2145 5477 2420 5549 Montigio
2453 5476 2600 5549 Pini,
2626 5475 2906 5549 ,Duperia,
2940 5479 3140 5532 monte
3170 5473 3403 5549 Gaiano.

2217 5540 2474 5618 Baliola,
2541 5540 2801 5622 Tridino,
2868 5540 3153 5618 Cornetm,
3211 5546 3423 5615 Medae,
3481 5540 3801 5616 Palaciolo,
