4064 6188
317 313 436 377 915

1633 302 2034 368 ADALGERI
2077 301 2428 364 EPISCOPI

3622 295 3756 356 916

318 463 472 505 anno
501 446 656 515 1078,
675 444 735 499 in
758 459 894 514 quo,
919 442 1074 514 quod
1094 441 1243 515 alias
1260 439 1974 515 feceratjecitquepostea
1999 439 2056 506 Α
2083 433 2457 515 l?rzenestinis
2478 429 3208 515 inseritu.r,pr{steritur‘ab
3231 427 3748 515 Ilghello,nullam

319 510 661 575 renovatum
684 532 717 571 a
737 510 799 570 se
821 510 1076 570 errorem
1100 513 1371 584 ejuravit,
1395 515 1452 568 et
1473 512 1638 584 Papae
1655 510 1968 566 satisfecit.

321 591 371 646 si
403 588 556 661 quod
586 586 682 661 hic
711 585 925 661 dicitur
945 583 1220 661 audimus
1245 603 1257 640 :
1290 600 1469 655 quare
1491 583 1724 661 additur
1751 600 1817 661 :_«
1852 597 1971 636 me-

321 653 452 716 cum
474 657 866 720 sentientibus
887 657 945 712 in
969 657 1054 712 eis
1074 658 1174 728 qui
1197 653 1330 728 cum
1352 672 1502 728 papa
1517 659 1683 710 erant
1702 653 1971 728 episcopo

319 728 960 808 Portuensi,_epi_scopo
983 723 1370 808 ‘Sutrinensi;
1398 723 1675 808 episcopo
1707 723 1972 808 Terraci-

318 801 507 868 nensi,
540 795 937 856 cardinalibus
965 800 1174 854 Attone
1205 795 1647 862 Mediolanensi,
1684 795 1970 850 monacho

326 873 586 929 Tudensi
611 872 884 927 Romanae
905 871 1171 926 Ecclesiae
1201 869 1506 940 cardinali,
1535 868 1771 924 nomine
1800 868 1978 922 Deus-

325 945 504 1015 dedit,
539 948 706 1015 Petro
756 941 1088 1015 ancellario,
1144 947 1254 997 etc.
1291 964 1318 991 »
1353 942 1500 998 Nam
1560 940 1970 1015 s_i_temporum

319 1012 606 1072 rationem
639 1014 983 1079 habeamus,
1031 1013 1151 1068 haec
1194 1028 1514 1084 congruere
1545 1012 1834 1080 videntur,
1870 1025 1972 1064 nec

318 1086 598 1143 credibile
627 1091 718 1142 est
757 1086 905 1140 duos
963 1085 1146 1141 fuisse
1193 1087 1395 1140 eodem
1441 1088 1702 1154 tempore
1732 1085 1970 1137 Attones

326 1156 674 1213 cardinales.

326 1174 674 1215 οεναιῐιωθε.

391 1230 491 1285 XI.
523 1228 864 1284 Dubitatum
898 1231 988 1282 est
1019 1245 1092 1282 an
1125 1230 1258 1281 Atto
1280 1225 1372 1280 hic
1403 1223 1716 1280 cardinalis
1747 1224 1972 1285 episco—

322 1317 433 1373 pus
447 1300 621 1356 fuerit
637 1297 1332 1373 Praenestinus._Asseruit
1346 1295 1972 1373 Pan\'inius_,Ughe_llus

329 1367 464 1429 eum
502 1370 828 1429 nraeterivit.
887 1371 998 1425 Sed
1045 1368 1238 1425 Julius
1291 1367 1629 1423 Ambrosius
1660 1367 1973 1420 Lucentius

397 1437 582 1516 (1904)
602 1442 867 1516 scripsit:
885 1464 912 1490 «
933 1444 1085 1516 Atto,
1094 1437 1722 1516 presbytercardinalis
1741 1442 1971 1516 creatus

327 1509 758 1571 ab'Aleiandro
781 1509 1350 1582 secundofGrego'rii
1383 1512 1484 1565 VII
1506 1510 1565 1582 in
1599 1509 1814 1582 tuendo
1842 1509 1973 1582 jure

324 1590 602 1644 constans
632 1588 835 1640 contra
857 1580 1288 1650 schismaticris,
1320 1599 1354 1637 a
1374 1581 1652 1636 Panvinio
1683 1580 1972 1652 episcopis

393 1761 676 1844 (19041.19
706 1763 978 1844 Prenet-
1013 1777 1173 1844 ςρριε
1216 1777 1384 1844 ξιιΨιο
1416 1762 1507 1844 βλ
1549 1759 1659 1844 οριο
1694 1756 1973 1844 168229“

322 1811 685 1903 Βὸιῖἶὶέγὸιῖ,
706 1811 1383 1905 ἒὶἷιῖΞΪθᾶἷιτῧεΗὲιῖῖζ
1413 1811 1573 1888 ἰδεῖιῖ
1590 1811 1777 1902 icui.
1806 1811 1934 1884 me;
1960 1811 1969 1813 ⁷
2004 1811 2054 1876 Β

2083 509 2154 564 de
2183 524 2249 562 eo
2282 505 2547 562 fortassis
2568 500 2834 561 notitiam
2857 503 3100 570 habuit;
3128 500 3407 556 haesit—aus
3438 517 3554 556 non
3589 500 3749 555 deli-

2082 581 2245 634 berat
2274 578 2578 634 Oldoinus.
2632 577 2768 644 Nos,
2825 591 2957 630 cum
2991 575 3057 630 ad
3095 589 3317 629 annum
3351 588 3537 644 usque
3581 573 3746 643 l09‘2,

2083 650 2314 706 nullum
2340 650 2662 704 habeamus
2688 643 2821 720 post
2838 647 3146 720 Ubertum,
3165 643 3408 700 alterius
3432 643 3749 720 Przsnesti-

2083 739 2292 777 norum
2314 720 2568 792 episcopi
2592 716 2969 792 mentionem,
2992 716 3186 772 nescio
3205 733 3310 771 cur
3333 732 3449 792 non
3472 716 3742 770 deferen-

2081 793 2332 870 dumnsit
2351 787 2695 870 tantoyiro,
2729 790 2829 870 qui
2855 795 3129 844 Attonem
3151 804 3218 842 ex
3242 787 3595 870 presbytero
3621 804 3748 841 car-

2082 864 2261 920 dinali
2281 863 2699 918 Praenestinum
2717 862 3057 932 episcopum
3077 862 3361 932 enuntiat,
3388 862 3591 932 nostro
3619 875 3744 932 non

2082 936 2515 992 contradicente
2538 929 2797 1004 Ugbello.
2829 955 2855 981 »
2883 929 3155 1004 L'ucentio
3179 930 3548 1004 subscribere
3571 929 3747 1004 vide-

2081 1012 2179 1062 tur
2211 1007 2545 1063 Leonardus
2589 1002 2911 1060 Cecconius
2970 1005 3028 1058 in
3077 1002 3332 1056 Historia
3375 1002 3750 1056 Praenestina

2082 1080 2267 1149 (1905)
2297 1078 2511 1133 Uberto
2543 1078 2813 1148 episcopo
2845 1074 3203 1149 Praenestino
3229 1072 3547 1149 subjiciens
3579 1073 3750 1149 hunc

2081 1144 2352 1204 Atton'em
2381 1167 2393 1216 ;
2429 1149 2522 1204 cui
2555 1144 2705 1203 anno
2741 1144 2877 1202 1092
2900 1147 3022 1216 jam
3052 1151 3414 1200 successerat
3442 1144 3749 1216 Berardus

2082 1238 2183 1296 seu
2207 1215 2527 1296 Benardus.
2552 1221 2834 1296 Tempore
2857 1215 2992 1289 ergo
3020 1217 3411 1296 episcopatus,
3435 1215 3754 1296 Praenesti-

2083 1293 2175 1348 nis
2206 1292 2606 1347 sacerdotibus
2637 1287 2762 1345 su'is
2790 1290 2900 1345 hoc
2926 1287 3250 1360 capitulare
3274 1287 3506 1360 dedisse
3537 1288 3746 1360 credo,

2082 1380 2430 1435 nuncupans
2448 1380 2508 1418 se
2526 1361 2884 1435 cardinalem
2908 1359 3094 1435 sancti
3115 1360 3292 1435 Marci
3313 1359 3398 1414 vel
3419 1359 3577 1430 quod
3591 1359 3748 1435 titu-

2082 1437 2176 1491 lus
2201 1429 2418 1490 dimitti
2444 1438 2582 1488 tunc
2603 1450 2719 1488 non
2739 1433 2968 1498 soleret,
2985 1430 3072 1486 vel
3097 1432 3251 1502 quod
3277 1429 3751 1502 nuncupationis

2081 1506 2205 1562 loco
2236 1505 2336 1562 illa
2364 1505 2760 1561 denominatio
2793 1504 2951 1576 prior
2981 1502 3346 1558 retineretur.

2153 1756 2338 1828 (1905)
2370 1755 2495 1813 Lib.
2533 1772 2609 1826 ιν,
2639 1771 2767 1826 cap.
2797 1756 2876 1822 2.,
2910 1769 3075 1810 num.
3107 1753 3194 1821 15,
3226 1769 3358 1825 pag.
3390 1753 3522 1806 239.

333 2000 3747 2052 Μ

1639 2195 1794 2238 ANNO
1837 2194 2045 2236 DOMINI
2093 2192 2412 2234 DCCCCLXIV.

1413 2374 2601 2506 ADALGERUS

1101 2632 1433 2690 INGERTE
1471 2629 1688 2698 SEDIS,
1731 2629 2014 2686 FORSAN
2061 2628 2509 2685 AUGUSTAN/E
2547 2627 2947 2685 EPISCOPUS.

1680 2823 1914 2864 OBDINIS
1953 2822 2004 2862 Β.
2042 2823 2360 2864 BENEDICTI.

671 3147 1422 3298 ADMONITIO
1480 3147 1656 3273 AD
1717 3143 2623 3273 NONSUINDAM
2673 3122 3450 3298 BECLUSAME

1958 3402 2092 3460 SEU

1143 3583 1482 3672 LIBER
1537 3583 1683 3666 DE
1741 3579 2174 3670 STUDIO
2242 3581 2918 3669 VIHTUTUM.

1041 3775 1232 3849 (Apud
1263 3775 1391 3846 Pez,
1422 3775 1761 3833 Thesaurus
1788 3776 2070 3832 Anecdot.
2097 3773 2477 3846 novissimus,
2509 3775 2657 3832 tomi
2687 3775 2733 3831 Il
2765 3778 2927 3847 parte
2958 3776 3024 3848 Ι.)

397 4094 534 4149 Tuae
565 4107 683 4148 non
713 4090 1026 4148 immemor
1055 4090 1162 4163 pias
1211 4089 1532 4164 petitionis,
1566 4107 1598 4146 ο
1627 4089 1980 4146 charissima
2010 4089 2052 4157 C
2089 4088 2219 4145 lerti
2250 4092 2556 4162 pertracta,
2586 4105 2658 4145 ne
2678 4088 2787 4168 hoc
2811 4091 3134 4162 agas,unde
3156 4095 3256 4146 tuo
3280 4090 3496 4148 ccelesti
3529 4109 3758 4163 sponso

327 4185 536 4247 mater,
568 4179 697 4251 tibi,
731 4183 798 4236 ut
822 4180 1062 4252 rogasti,
1097 4179 1350 4236 scribere
1393 4179 1615 4236 studui.
1652 4178 1790 4236 Novi
1823 4178 1977 4235 enim

320 4271 593 4327 ardorem
648 4268 830 4324 animi
863 4267 948 4324 tui
997 4283 1137 4340 erga
1183 4268 1515 4340 Scripturas
1564 4267 1809 4330 divinas,
1844 4267 1974 4321 novi

319 4357 429 4414 tibi
461 4357 662 4414 inesse
691 4357 957 4413 studium
1017 4356 1269 4429 legendi,
1320 4362 1377 4412 et
1433 4355 1713 4428 implendi
1756 4371 1824 4411 ea
1853 4371 1979 4426 qua:

324 4445 495 4519 legis.
529 4446 752 4502 Memor
803 4445 985 4519 igitur
1028 4462 1160 4502 sum
1213 4445 1604 4517 lacrymarum
1635 4449 1891 4510 tuarum,
1927 4447 1984 4498 et

330 4536 526 4592 omnis
557 4534 737 4592 studii
766 4535 878 4602 tui,
926 4535 1080 4607 quod
1124 4535 1184 4588 in
1234 4539 1291 4590 te
1336 4550 1488 4606 saepe
1519 4533 1808 4605 perspexi,
1841 4533 1980 4587 dum

327 4628 526 4680 tecum
559 4624 630 4680 de
662 4623 870 4680 animae
902 4627 1014 4678 tua;
1039 4622 1461 4678 sermocinarer
1491 4622 1778 4692 profectu,
1812 4625 1868 4675 et
1901 4620 1984 4675 id-

331 4711 486 4768 circo
519 4727 612 4767 me
644 4729 760 4767 non
791 4711 999 4785 piguit,
1033 4711 1163 4780 hoc,
1190 4712 1342 4784 quod
1373 4711 1518 4766 mihi
1542 4715 1640 4765 tua
1673 4710 1985 4782 subgerere

329 4799 560 4858 studuit
593 4800 871 4866 charitas,
905 4800 1246 4873 adimplere,
1278 4805 1566 4871 quatenus
1597 4803 1654 4855 et
1684 4804 1741 4854 tu
1779 4814 1847 4854 ex
1876 4799 1984 4853 hac

330 4891 461 4963 ipsa
483 4888 881 4945 admonitione
898 4889 957 4945 in
977 4890 1160 4946 Deum
1175 4889 1465 4962 gradatim
1483 4905 1679 4944 amore
1693 4888 1986 4960 proﬁcias,

330 4983 389 5035 et
418 4995 524 5052 ego
556 4985 666 5034 tua:
697 4977 983 5033 mercedis
1040 4976 1191 5033 efﬁci
1239 4995 1464 5034 merear
1510 4977 1820 5049 particeps.
1857 4977 1986 5033 Scio

330 5084 466 5125 vero
497 5084 614 5123 non
647 5065 1020 5123 mediocriter
1047 5081 1176 5122 esse
1232 5066 1493 5137 beatum,
1545 5066 1644 5138 qui
1676 5082 1738 5122 se
1767 5064 1987 5121 solum-

335 5157 510 5213 modo
536 5156 780 5213 Domino
806 5156 1117 5226 adjuvante
1148 5155 1464 5224 salvat,sed
1489 5155 1617 5210 novi
1643 5154 1826 5210 multo
1852 5155 1986 5210 bea-

334 5244 546 5301 tiorem
577 5262 726 5316 esse,
785 5244 888 5317 qui
919 5261 1119 5301 secum
1169 5243 1314 5301 alios
1358 5245 1430 5300 ad
1478 5243 1710 5300 caeleste
1740 5259 1987 5315 regnum

329 5333 562 5389 trahere
593 5335 846 5391 festinat.
880 5335 1242 5406 QuaprOpter
1287 5333 1488 5389 hortor
1516 5336 1680 5388 tuam
1715 5331 1986 5389 eximiam

2088 4177 2425 4248 displiceas,
2459 4176 2598 4249 quia
2616 4177 2744 4249 ipse
2764 4177 2890 4248 tibi,
2916 4177 2965 4234 si
2992 4178 3158 4245 bene,
3183 4183 3251 4235 ut
3280 4179 3528 4251 ccepisti,
3549 4197 3756 4251 perse-

2089 4266 2394 4333 veraveris,
2413 4266 2743 4322 inauditam
2758 4265 3023 4322 laetitiam
3039 4267 3294 4324 invisum
3309 4269 3594 4340 gaudium
3615 4287 3757 4326 cum

2091 4355 2314 4410 caeteris
2337 4355 2692 4411 condonabit
2713 4356 3141 4425 sanctis,Paulo
3161 4357 3421 4428 apostolo
3443 4357 3758 4428 afﬁrmem

2092 4449 2170 4514 te,
2202 4445 2302 4516 qui
2362 4444 2540 4500 dicit:
2602 4444 2754 4512 Quod
2809 4422 2999 4500 oculus
3053 4461 3164 4501 non
3197 4422 3379 4513 sidit,
3440 4462 3539 4502 nec
3591 4422 3759 4504 aleris

2091 4533 2324 4601 audivit,
2356 4550 2453 4588 nec
2473 4535 2534 4589 in
2560 4549 2652 4589 cor
2676 4535 2916 4589 hominis
2937 4535 3225 4600 ascendit;
3253 4552 3374 4606 quae
3401 4539 3764 4608 praeparavit

2092 4622 2450 4693 diligentibus
2479 4638 2535 4678 se
2567 4624 2702 4678 Dea:
2733 4624 2781 4692 (1
2811 4623 2929 4678 Cor.
2985 4641 3044 4689 ιι,
3077 4623 3151 4692 9).
3205 4623 3439 4679 Festina
3464 4624 3650 4695 igitur
3680 4627 3757 4681 ad

2095 4711 2237 4767 illud
2269 4711 2575 4783 gaudium,
2599 4713 2668 4766 ad
2695 4711 2853 4767 illam
2874 4712 3161 4778 laetitiam,
3189 4713 3248 4767 in
3272 4729 3388 4784 qua
3409 4713 3576 4768 multi
3608 4731 3758 4770 san-

2093 4804 2321 4857 ctorum
2357 4800 2750 4870 requiescunt.
2772 4802 3106 4867 Considera,
3132 4801 3246 4856 Deo
3272 4802 3502 4868 dilecta,
3526 4809 3760 4873 quanta

2095 4889 2171 4945 sit
2201 4888 2445 4944 felicitas
2469 4889 2568 4943 Dei
2594 4889 2821 4944 vultum
2844 4892 2972 4945 sine
3001 4889 3228 4946 defectu
3252 4898 3758 4957 cernere,sancto-

2096 4994 2225 5034 rum
2259 4977 2596 5048 angelorum
2633 4977 2824 5033 choris
2872 4979 3176 5045 interesse,
3209 4996 3345 5034 cum
3407 4984 3760 5037 sanctorum

2096 5065 2401 5122 hominum
2434 5066 2811 5122 multitudine
2833 5067 2958 5123 sine
2988 5067 3104 5122 fine
3125 5068 3396 5140 gaudere,
3423 5073 3479 5122 et
3501 5070 3572 5124 ad
3597 5069 3762 5126 hanc

2095 5155 2396 5226 gressibus
2420 5155 2703 5210 virtutum
2723 5155 2982 5226 quotidie
3003 5156 3475 5228 appropinquare
3492 5157 3764 5225 stude,et

2098 5249 2162 5299 ut
2191 5245 2261 5299 ad
2296 5260 2382 5313 ea,
2415 5259 2544 5314 qua:
2567 5246 3016 5301 commemoravi
3062 5251 3216 5300 recto
3248 5245 3483 5301 tramite
3516 5262 3764 5318 pergas.

2096 5333 2388 5405 citiusque
2435 5334 2733 5404 pervenire
2791 5349 2993 5405 queas,
3055 5333 3207 5390 banc
3250 5339 3364 5389 tum
3395 5334 3759 5392 beatitudini

336 5419 731 5494 dilectionem,
767 5428 833 5479 ut
862 5423 1013 5478 hanc
1035 5422 1493 5505 admonitionem
1525 5421 1775 5476 subinde
1805 5421 1984 5493 legas,
2021 5458 2067 5522 Β
2100 5421 2558 5477 admonitionem
2616 5421 2959 5494 conscripsi,
3011 5439 3114 5494 per
3161 5440 3339 5494 quam
3381 5440 3497 5478 non
3529 5424 3601 5479 de
3636 5441 3759 5480 una

337 5512 396 5565 et
427 5511 718 5566 memoriae
735 5509 1144 5577 commendes,
1176 5516 1350 5582 atque
1381 5526 1555 5581 opere
1579 5509 1894 5581 compleas,
1929 5514 1992 5566 ut
2021 5509 2064 5522 ⁵’
2101 5509 2470 5566 solummodo
2493 5509 2828 5580 virtute,sed
2848 5511 2917 5566 de
2937 5511 3140 5567 multis
3162 5516 3220 5567 te
3239 5511 3410 5582 cupio
3434 5512 3754 5570 admonere

332 5597 469 5656 aliis
492 5597 710 5654 bonum
735 5601 1214 5667 demonstrando,
1237 5604 1294 5656 et
1324 5603 1400 5666 te,
1424 5603 1479 5654 et
1503 5597 1648 5654 alios
1679 5598 1894 5666 salves;
1929 5602 1992 5654 ut
2100 5599 2432 5655 virtutibus.
2468 5601 2647 5665 Quem
2671 5616 3003 5656 sermonem
3027 5600 3156 5656 ideo
3187 5599 3473 5672 singulari
3501 5618 3747 5660 numero

333 5689 408 5746 de
431 5692 554 5758 tuo,
582 5691 638 5743 et
659 5687 909 5745 aliorum
931 5690 1190 5761 profectu
1211 5689 1435 5746 felicem
1459 5688 1988 5744 remunerationem

325 5793 360 5838 ι
387 5792 605 5852 sponso
625 5780 725 5836 tuo
751 5778 1073 5838 immortali
1100 5780 1358 5853 recipere
1378 5777 1876 5839 merearis.Mente
1897 5794 1987 5837 so-

2101 5688 2534 5746 admonition-em
2553 5706 2713 5757 voco,
2736 5689 2875 5762 quia
2903 5690 3171 5763 quamvis
3193 5689 3390 5747 multa
3413 5691 3534 5748 sint
3564 5691 3747 5749 virtu-

2098 5783 2207 5850 tes,
2241 5782 2299 5836 et
2327 5777 2780 5838 innumerabilia
2806 5778 3195 5854 hortamenta,
3229 5781 3301 5840 ad
3323 5796 3512 5842 unam
3543 5784 3747 5844 tamen
