4064 6188
225 296 340 363 917

1106 304 1549 373 ADMONITIO
1595 307 1697 370 AD
1742 309 2262 376 NONSUINDAM
2308 314 2754 380 RECLUSAM.

3522 317 3640 377 918

224 435 516 507 pertinent
542 434 720 505 viam,
753 438 827 497 ad
856 456 1041 496 unum
1071 440 1200 510 iter,
1225 442 1296 498 ad
1329 460 1506 499 unam
1540 443 1871 501 felicitatem
1901 446 1957 513 Α
1986 454 2149 506 tuam
2183 449 2295 505 nisi
2328 466 2475 522 quos
2506 451 2626 507 scio
2658 448 2971 506 solitarios.
3005 450 3075 504 Et
3104 446 3152 505 si
3187 450 3517 520 perveneris
3560 451 3632 507 ad

226 524 523 581 hominem
554 527 793 583 ducunt.

685 621 816 674 CAP.
854 619 894 673 Ι.
927 651 995 660 -
1016 622 1091 676 De
1118 621 1409 678 charitaw.

299 703 445 759 Cum
473 704 654 777 igitur
681 706 750 761 de
782 707 1053 778 plurimis
1083 711 1402 767 virtutibus
1462 716 1517 768 te
1562 714 1875 771 admonere

224 791 572 861 desiderem,
598 795 853 865 primum
885 813 1019 852 cum
1049 801 1227 856 Paulo
1259 802 1519 873 apostolo
1556 802 1774 870 hortor,
1811 809 1875 858 ut

224 880 525 937 charitatis
558 882 829 939 virtutem
882 890 1015 942 ante
1071 891 1268 945 omnia
1324 892 1536 947 habere
1596 893 1871 948 studeas:

224 969 365 1056 quia
397 970 552 1025 aicut
580 972 747 1042 panis
781 975 1057 1031 omnibus
1089 977 1234 1033 cibis
1266 979 1472 1035 melior
1502 985 1608 1048 est,
1637 982 1716 1036 ita
1736 982 1871 1037 cha-

223 1058 368 1111 ritas
390 1074 594 1113 omnes
626 1061 917 1117 antecellit
946 1064 1209 1133 virtutes,
1244 1072 1299 1121 et
1348 1068 1499 1123 sicut
1557 1069 1684 1125 sine
1728 1088 1873 1142 pane

224 1162 431 1201 mensa
452 1147 707 1203 efﬁcitur
728 1150 917 1223 inops,
944 1153 1023 1209 ita
1056 1154 1179 1209 sine
1204 1156 1485 1213 charitate
1508 1158 1670 1213 nulla
1699 1160 1870 1227 proli-

221 1234 301 1289 cit
328 1236 532 1291 virtus.
567 1237 702 1293 Sine
752 1239 1034 1297 charitate
1091 1261 1225 1301 vera
1275 1263 1379 1301 nec
1435 1248 1723 1319 lacrymze,
1769 1266 1872 1304 nec

217 1323 452 1396 vigiliae,
474 1342 579 1380 nec
611 1328 866 1395 nuditas,
897 1348 1001 1386 nec
1049 1333 1309 1400 castitas,
1342 1351 1446 1389 nec
1469 1336 1868 1407 eleemosynaa,

218 1429 326 1468 nec
383 1415 726 1486 martyrium
776 1418 1073 1476 hominem
1124 1429 1371 1494 possunt
1419 1424 1660 1480 salvare.
1717 1427 1871 1481 Hanc

219 1502 467 1557 Dominu
531 1521 595 1559 ac
652 1506 1005 1579 Redemptor
1063 1516 1258 1567 noster
1315 1513 1646 1585 specialiter
1704 1516 1871 1571 nobis

219 1593 632 1647 commendat:
660 1596 784 1663 Hoc,
820 1596 1031 1668 inquit,
1063 1602 1258 1656 mando
1312 1604 1479 1671 vobis,
1514 1612 1573 1658 ut
1617 1604 1871 1676 diligatis

215 1682 455 1743 envicem
502 1683 722 1758 (Joann.
754 1704 843 1755 xv,
878 1688 989 1757 47).
1024 1691 1091 1744 Et
1120 1690 1370 1747 iterum:
1404 1697 1473 1747 In
1503 1693 1599 1748 hoc
1651 1709 1872 1765 cognos-

216 1780 359 1843 cent,
392 1777 523 1847 quia
549 1793 657 1832 mei
686 1779 813 1832 estis
843 1777 1124 1850 discipuli,
1157 1782 1207 1835 si
1235 1781 1581 1837 dilectionem
1613 1783 1868 1839 habueri-

218 1866 291 1919 tis
322 1864 391 1919 ad
416 1867 642 1921 invicem
674 1867 851 1937 (Joan.
883 1869 1133 1939 xm,35).
1168 1869 1327 1926 Hanc
1360 1871 1658 1941 apostolus
1688 1869 1865 1927 Joan4

219 1970 323 2009 nes
349 1954 600 2010 laudans
630 1955 805 2011 dicit:
860 1958 965 2025 Qui
991 1968 1175 2013 manet
1224 1962 1283 2013 in
1332 1961 1624 2029 charitate,
1670 1964 1728 2016 in
1760 1964 1866 2017 Deo

219 2051 424 2112 manet,
456 2052 506 2100 et
536 2045 674 2100 Deus
701 2047 761 2099 in
792 2062 851 2101 eo
877 2047 926 2118 (l
961 2051 1126 2104 Joan.
1160 2065 1237 2119 Iv,
1288 2050 1396 2117 15).
1459 2051 1617 2106 Hanc
1647 2052 1867 2124 praedi-

220 2138 380 2188 cator
428 2134 697 2207 egregius
750 2137 975 2191 cunctis
1005 2137 1318 2193 virtutibus
1352 2141 1663 2211 praeferens
1690 2142 1861 2196 dicit:

213 2224 281 2279 Si
326 2223 659 2279 distribuere
710 2228 769 2279 in
817 2226 963 2281 cibos
1007 2243 1324 2298 pauperum
1368 2246 1551 2285 omnes
1580 2232 1867 2302 facultates

212 2328 382 2379 meas,
433 2315 483 2367 et
529 2315 584 2367 si
629 2314 902 2369 tradidero
950 2331 1143 2386 corpus
1189 2333 1389 2384 meum,
1424 2321 1501 2374 ita
1530 2327 1589 2375 ut
1618 2320 1863 2388 urdeam,

212 2403 541 2456 charitatem
585 2407 773 2457 autem
820 2421 927 2459 non
978 2404 1236 2472 habuero,
1282 2408 1428 2463 mhil
1484 2409 1626 2463 mihi
1651 2410 1867 2481 prodest

213 2492 263 2561 (Ι
284 2490 402 2545 Cor.
428 2509 550 2557 x111,
582 2492 659 2562 3).
700 2492 911 2548 Deinde
960 2495 1304 2567 subjungit:
1359 2498 1608 2553 Charitas
1653 2504 1867 2570 patiens

210 2584 315 2645 est,
344 2580 580 2650 benigna
601 2585 676 2636 est
695 2581 882 2652 (Ibid.,
908 2584 961 2654 4)
984 2602 1006 2646 ;
1025 2587 1266 2654 patiens,
1284 2584 1585 2642 tolerando
1600 2589 1863 2655 adversa,

217 2670 477 2739 benigna,
512 2670 662 2724 bona
694 2672 1043 2740 praestando.
1079 2675 1240 2738 Quod
1271 2675 1317 2728 si
1353 2673 1608 2731 Charitas
1639 2678 1865 2748 patiens

219 2761 309 2812 est
339 2762 513 2829 atque
543 2758 813 2831 benigna,
865 2762 1036 2816 stude
1085 2762 1430 2819 ﬁdelissima
1480 2765 1629 2821 inter
1671 2768 1869 2823 omnia

220 2847 509 2918 patienter
556 2848 801 2905 tolerare
859 2852 1122 2919 adversa,
1167 2852 1412 2926 ipsaque
1469 2872 1595 2926 quae
1656 2856 1866 2912 toleras

218 2952 360 2992 cura
387 2936 647 3009 diligere.

637 3027 771 3082 CAP'
810 3028 876 3082 II.
910 3058 978 3069 —
1008 3030 1083 3085 De
1114 3030 1450 3087 humilitate.

291 3114 628 3170 Certissime
656 3132 787 3170 vero
820 3117 1087 3172 convenit
1138 3120 1370 3175 credere
1420 3122 1571 3191 quod
1617 3120 1868 3177 charitas

220 3220 524 3276 nunquam
559 3204 685 3260 sine
716 3205 1045 3261 humilitate
1077 3211 1133 3262 et
1162 3208 1489 3264 obedientia
1538 3211 1597 3264 in
1631 3210 1865 3265 homine
1896 3191 1938 3258 Ο

218 3296 441 3366 regnat.
467 3293 525 3349 Si
550 3310 746 3349 veram
770 3293 1046 3349 habueris
1069 3295 1432 3365 charitatem,
1459 3314 1588 3353 mox
1620 3299 1733 3354 eris
1766 3299 1866 3353 hu-

218 3381 377 3437 milis
400 3386 572 3454 atque
589 3382 887 3439 obediens.
912 3383 1226 3441 Humilitas
1251 3402 1504 3458 namque
1527 3387 1739 3442 eximia
1762 3387 1868 3441 vir-

216 3476 315 3527 tus
341 3474 464 3526 est:
492 3471 613 3526 haec
645 3472 713 3526 de
743 3474 990 3529 terrenis
1021 3473 1357 3530 hominibus
1397 3476 1535 3530 facit
1566 3476 1825 3532 ccelestes
1853 3502 1866 3542 ;

216 3577 323 3633 per
352 3559 501 3615 hanc
528 3559 797 3616 diabolus
838 3566 1171 3635 superatur,
1202 3580 1305 3635 per
1335 3564 1484 3619 hanc
1514 3566 1642 3635 ejus
1672 3566 1866 3637 laquei

213 3649 491 3705 vitantur.
523 3649 616 3704 Sic
646 3650 852 3707 beatus
881 3652 1168 3708 Antonius
1200 3652 1342 3707 dixit
1371 3654 1567 3709 abbati
1602 3655 1823 3709 Pastori
1852 3672 1865 3709 :

219 3739 351 3793 Vidi
384 3755 586 3795 omnes
616 3740 855 3812 laqueos
888 3741 1109 3796 inimici
1142 3746 1340 3797 tensos
1372 3743 1429 3797 in
1461 3742 1573 3813 via,
1608 3748 1665 3798 et
1708 3743 1866 3815 inge-

222 3827 478 3883 miscens
509 3829 662 3883 dixi:
696 3830 858 3897 Quis,
892 3836 1082 3902 putas,
1116 3832 1356 3887 transiet
1382 3832 1524 3887 istos
1583 3831 1871 3903 laqueos?

222 3917 290 3972 Et
319 3917 513 3972 audivi
564 3934 763 3973 vocem
813 3918 1145 3975 dicentem:
1204 3919 1537 3974 Humilitas.
1590 3920 1706 3975 Hoc
1736 3936 1869 3975 vero

222 4006 428 4062 beatus
461 4008 766 4075 Antonius,
801 4012 865 4063 ut
896 4013 1057 4079 puto,
1092 4024 1206 4062 non
1240 4025 1342 4079 pro
1374 4025 1435 4063 se
1465 4012 1697 4063 tantum
1727 4008 1872 4063 vidit

222 4098 279 4150 et
311 4096 553 4167 audivit,
586 4097 684 4152 sed
720 4101 777 4152 et
806 4114 909 4169 pro
941 4097 1131 4164 nobis,
1166 4098 1264 4168 qui
1296 4101 1624 4168 peccatores
1647 4102 1704 4153 et
1728 4097 1871 4153 insi-

221 4185 450 4257 pientes
478 4202 705 4254 sumus,
730 4190 787 4242 et
809 4186 978 4259 longe
1001 4187 1074 4242 ab
1106 4184 1267 4242 illius
1290 4186 1514 4242 meritis
1538 4187 1829 4242 distamus
1856 4205 1868 4242 :

221 4280 288 4329 ut
320 4291 426 4330 nos
450 4275 568 4331 hac
594 4276 870 4348 legentes,
895 4281 951 4331 et
971 4291 1143 4348 opere
1157 4276 1764 4347 complentes,diaboli
1789 4277 1870 4332 1a-

223 4381 405 4437 queos
436 4364 734 4437 possimus
784 4366 986 4437 vitare,
1031 4365 1130 4437 qui
1175 4369 1411 4437 propter
1456 4365 1565 4420 hoc
1606 4365 1872 4437 inquirit,

223 4453 518 4525 quomodo
542 4470 647 4509 nos
670 4453 938 4526 decipiat.
967 4454 1151 4527 Igitur
1170 4472 1348 4526 quam
1366 4471 1581 4527 magna
1600 4455 1782 4511 virtus
1796 4456 1874 4511 sit

1986 556 2104 611 eos,
2131 558 2246 595 non
2278 541 2651 611 acquiescant
2680 540 2799 596 haec
2831 540 3017 595 facere
3047 547 3284 612 propter
3328 539 3631 596 humilita-

1985 634 2123 685 tem.
2157 630 2269 685 Sed
2301 630 2407 685 hoc
2440 631 2757 686 faciemus:
2792 630 3026 701 quando
3058 629 3298 685 veniunt
3329 628 3633 686 afferentes

1983 718 2209 775 venalia
2237 736 2363 791 quae
2387 725 2723 792 cperantur,
2756 719 2929 774 dicite
2958 736 3061 774 vos
3090 734 3280 774 emere
3301 718 3447 773 velle
3478 720 3631 789 quod

1983 810 2279 877 vendunt;
2313 814 2370 865 et
2401 826 2533 863 cum
2564 810 2829 863 venerint
2858 812 2915 862 in
2947 809 3211 875 domum,
3253 808 3502 880 pretium
3537 825 3635 863 ac—

1985 898 2231 970 cepturi,
2258 900 2519 954 dicemus
2550 898 2633 952 eis
2665 902 2729 951 ut
2762 897 2976 952 faciant
3001 897 3321 952 orationem
3347 915 3447 969 pro
3470 914 3557 968 ea,
3580 902 3635 953 et

1985 988 2155 1042 credo
2189 989 2341 1059 quod
2377 988 2682 1043 sanabitur
2714 986 2832 1041 filia
2888 992 3008 1041 tua.
3070 988 3357 1041 Exeuntes
3411 1003 3543 1041 vero
3575 987 3635 1041 in

1985 1077 2237 1148 plateam
2270 1079 2615 1132 invenerunt
2646 1093 2829 1131 unum
2862 1076 3216 1132 monachum
3240 1076 3537 1131 sedentem
3570 1081 3637 1131 ut

1982 1167 2258 1222 venderet
2287 1166 2596 1237 sportellas
2629 1183 2786 1231 suas,
2821 1171 2878 1219 et
2908 1165 3168 1221 tulerunt
3190 1182 3323 1220 eum
3349 1183 3546 1221 secum
3574 1166 3629 1220 in

1982 1256 2224 1310 domum
2258 1273 2451 1320 suam,
2478 1256 2578 1326 qui
2604 1256 2853 1326 pretium
2878 1260 3209 1326 sportarum
3242 1255 3546 1327 acciperet.
3569 1259 3636 1309 Et

1983 1361 2115 1399 cum
2136 1344 2415 1400 intrasset
2439 1343 2764 1399 monachus
2786 1342 2882 1398 ille
2904 1344 2961 1398 in
2987 1344 3412 1411 domum,venit
3437 1344 3631 1415 puella

1982 1449 2110 1504 quas
2142 1451 2175 1488 a
2207 1433 2491 1488 daemonio
2521 1434 2855 1504 vexabatur,
2889 1437 2945 1487 et
2977 1434 3135 1488 dedit
3166 1433 3394 1504 alapam
3428 1450 3630 1489 mona-

1982 1521 2088 1576 cho
2112 1522 2215 1576 illi.
2239 1522 2339 1577 Ille
2371 1526 2564 1577 autem
2598 1522 2879 1577 convertit
2908 1522 2955 1575 ei
3008 1521 3180 1576 aliam
3214 1521 3508 1577 maxillam
3535 1539 3625 1577 se—

1982 1613 2241 1667 cundum
2266 1612 2525 1666 divinum
2561 1616 2935 1683 prmceptum.
2969 1612 3203 1665 Dwmon
3238 1615 3452 1681 autem,
3486 1628 3620 1665 cum

1981 1705 2351 1773 torqueretur
2380 1700 2631 1756 clamare
2662 1700 2871 1771 coepit:
2907 1700 2949 1755 Ο
3004 1700 3276 1755 violentia
3316 1702 3624 1755 mandato-

1982 1808 2112 1846 rum
2144 1791 2280 1847 Jesu
2304 1790 2517 1847 Christi
2542 1788 2774 1861 expellit
2805 1805 2897 1843 me
2928 1788 3101 1843 hinc!
3138 1793 3202 1843 Et
3233 1790 3433 1843 statim
3458 1806 3624 1844 mun-

1978 1881 2114 1935 data
2135 1886 2225 1935 est
2246 1879 2459 1952 puella.
2489 1879 2632 1934 Cum
2663 1883 2855 1934 autem
2878 1878 3175 1933 venissent
3196 1895 3385 1944 senes,
3410 1878 3625 1934 indica-

1975 1974 2185 2024 verunt
2214 1970 2297 2025 eis
2329 1970 2480 2042 quod
2533 1969 2752 2023 factum
2802 1968 3005 2035 fuerat,
3064 1972 3120 2021 et
3148 1967 3621 2037 gloriﬁcaverunt

1977 2056 2161 2112 Deum
2194 2060 2250 2110 et
2279 2057 2567 2120 dixerunt,
2608 2056 2968 2111 consuetudo
3014 2055 3307 2109 diabolica:
3341 2055 3623 2124 superbire

1977 2145 2049 2199 ad
2082 2144 2471 2200 humilitatem
2508 2145 2916 2199 mandatorum
2944 2143 3081 2198 Jesu
3106 2143 3313 2199 Christi
3334 2159 3622 2198 corruere.

1976 2233 2424 2289 Consideremus
2457 2237 2513 2288 et
2538 2249 2665 2300 nos,
2700 2250 2731 2287 o
2764 2232 3138 2287 sanctissima
3170 2232 3625 2299 mater,humili-

1976 2327 2156 2378 tatem
2181 2323 2359 2393 hujus
2380 2321 2699 2377 felicissimi
2721 2321 3078 2387 monachi,et
3103 2322 3157 2374 in
3188 2326 3473 2392 quantum
3498 2338 3627 2393 pos—

1978 2428 2205 2479 sumus,
2236 2412 2447 2466 imitari
2467 2427 2761 2465 curemus.
2790 2410 2841 2464 Si
2864 2410 3045 2479 igitur
3061 2409 3366 2464 humilitas
3383 2409 3624 2465 alterius

1976 2500 2332 2556 daemonium
2363 2499 2605 2571 expulit,
2640 2499 2764 2554 sine
2795 2498 2972 2552 dubio
3004 2498 3248 2553 ﬁrmiter
3277 2500 3509 2553 credere
3537 2500 3629 2553 de-

1978 2590 2185 2645 bemus
2216 2590 2370 2661 quod
2399 2594 2598 2644 nostra
2617 2587 2922 2643 humilitas
2945 2587 3243 2642 diabolum
3269 2588 3326 2641 in
3350 2588 3626 2643 cordibus

1976 2679 2193 2734 nostris
2216 2695 2456 2751 regnare
2487 2695 2601 2733 non
2633 2678 2802 2733 sinet.
2825 2678 2987 2732 Tunc
3010 2695 3139 2731 vero
3166 2694 3357 2731 veram
3392 2677 3627 2731 humili-

1976 2772 2153 2823 tatem
2175 2768 2461 2822 habemus
2481 2768 2529 2822 si
2551 2766 2825 2821 omnibus
2843 2782 2946 2820 nos
2960 2769 3376 2836 putamusessc
3392 2765 3629 2820 inferio-

1978 2873 2091 2924 res,
2124 2861 2178 2911 et
2209 2858 2481 2911 omnibus
2512 2855 2944 2911 venerationem
2977 2854 3314 2919 deferimus,
3348 2857 3403 2908 ct
3432 2855 3629 2910 omnia

1979 2963 2104 3017 quae
2129 2945 2297 2999 nobis
2320 2944 2417 2999 alii
2444 2944 2667 2999 faciunt
2689 2944 2949 3011 adversa,
2986 2941 3284 2996 humiliter
3304 2941 3625 2997 toleramus

1979 3038 2214 3105 propter
2244 3049 2504 3089 amorem
2538 3031 2657 3087 Dei.
2693 3032 2771 3085 De
2824 3032 2930 3085 hac
2982 3031 3193 3085 virtute
3256 3030 3535 3085 Dominus
3566 3031 3625 3084 in

1981 3122 2287 3194 Evangelio
2321 3122 2460 3176 dicit
2487 3138 2499 3175 :
2551 3122 2738 3176 Omnis
2768 3122 2865 3189 qui
2890 3135 2946 3173 se
2976 3120 3181 3173 cxaltat
3212 3119 3623 3187 humiliabitur,

1977 3220 2028 3267 et
2077 3214 2173 3282 qui
2224 3227 2279 3266 se
2328 3211 2593 3265 humiliat
2640 3210 2979 3265 exaltabitur
3036 3209 3187 3278 (Luc.
3238 3226 3349 3263 xxv.
3406 3210 3511 3275 11).
3546 3209 3625 3262 Ex

1975 3301 2087 3355 isto
2118 3299 2400 3355 versiculo
2426 3299 2599 3353 etiam
2634 3298 2856 3352 discere
2888 3297 3167 3352 debemus
3226 3298 3379 3367 quod
3420 3314 3624 3367 supcr-

1978 3390 2073 3445 bia
2102 3389 2391 3443 contraria
2419 3389 2496 3443 sit
2523 3386 2866 3442 humilitati.
2902 3387 3070 3457 Ergo,
3106 3387 3153 3441 si
3186 3402 3314 3441 vere
3371 3386 3625 3442 humiles

1976 3495 2105 3535 esse
2136 3477 2430 3544 volumus,
2462 3476 2797 3548 superbiam
2831 3476 3146 3547 fugiamus,
3181 3476 3319 3546 quia
3350 3475 3625 3545 superbia

1978 3567 2272 3638 dejicitur,
2332 3566 2636 3621 humilitas
2689 3564 2963 3619 elevatur.
3023 3565 3105 3618 Ad
3166 3565 3311 3618 hanc
3352 3565 3627 3619 virtutem

1978 3657 2248 3728 princeps
2271 3655 2667 3728 apostolorum
2701 3670 2807 3708 nos
2837 3654 3043 3708 invitat
3101 3653 3345 3708 dicendo
3372 3671 3383 3708 :
3424 3656 3628 3709 [Iumi-

1983 3745 2210 3802 tiamini
2238 3746 2339 3801 sub
2366 3745 2573 3815 potenti
2602 3759 2781 3799 manu
2812 3744 2930 3809 Dei,
2964 3747 3019 3797 ut
3052 3759 3143 3797 vos
3172 3743 3374 3797 exultet
3408 3745 3463 3797 in
3495 3747 3629 3797 tem-

1975 3851 2111 3907 pore
2142 3835 2520 3891 tribulationis
2554 3834 2600 3903 (Ι
2630 3834 2773 3887 Petr.
2807 3850 2859 3901 v,
2895 3832 2971 3901 6).
3018 3832 3147 3886 Haec
3178 3832 3470 3887 sententia
3508 3849 3631 3885 ma-

1980 3924 2362 3980 nifestissime
2388 3921 2555 3976 nobis
2578 3920 2839 3975 insinuat
2859 3920 3013 3990 quod
3042 3921 3089 3972 si
3115 3919 3207 3973 hic
3225 3920 3363 3973 dum
3382 3918 3633 3973 vivimus

1983 4032 2088 4070 nos
2114 4011 2423 4067 humiliare
2446 4008 2931 4075 curaverimuaﬁn
2957 4013 3214 4078 tempore
3237 4006 3631 4061 tribulationis

1980 4103 2064 4158 vel
2101 4098 2523 4166 retributionis,
2559 4098 2614 4152 id
2647 4102 2753 4161 est,
2787 4097 2845 4151 in
2878 4096 2969 4151 die
2992 4094 3199 4165 judicii
3243 4093 3491 4161 Domini,
3526 4112 3633 4150 nos

1982 4192 2167 4263 pietas
2189 4187 2465 4244 exaltabit
2487 4188 2544 4242 in
2568 4186 2786 4241 caelesti
2811 4201 3009 4257 regno.
3033 4188 3063 4238 J
3071 4200 3163 4239 am
3194 4200 3327 4238 vero
3359 4183 3631 4254 superius

1982 4279 2100 4334 dixi
2131 4279 2283 4350 quod
2318 4276 2593 4347 charitas,
2628 4274 2931 4330 humilitas
2960 4278 3134 4345 atque
3182 4271 3514 4327 obedientia
3558 4272 3627 4326 ab

1982 4368 2231 4423 invicem
2264 4365 2523 4438 separari
2556 4381 2671 4419 non
2703 4362 2949 4434 possint.

2391 4457 2522 4508 CAP.
2554 4453 2651 4507 III.
2684 4484 2751 4491 —
2784 4454 2856 4506 De
2886 4452 3219 4506 obedientia.

223 4542 550 4609 humilitas,
570 4543 745 4598 Marci
770 4544 945 4600 etiam
968 4543 1239 4600 monachi
1262 4545 1377 4599 vita
1398 4543 1675 4610 insinuat,
1697 4560 1869 4615 quem
1906 4564 1951 4627 θ
2054 4546 2122 4600 Et
2151 4544 2289 4616 quia
2307 4542 2589 4599 hactenus
2612 4542 2682 4596 de
2702 4540 2985 4595 charitate
2999 4540 3399 4594 ethumilitate
3412 4539 3633 4593 dictum

226 4631 431 4687 dicunt
461 4632 633 4687 etiam
670 4632 726 4686 in
756 4635 1056 4702 juventute
1085 4633 1253 4689 valde
1276 4633 1453 4688 luisse
1476 4638 1873 4701 mansuetum,

227 4720 516 4777 humilem
550 4738 614 4776 ac
646 4722 995 4793 sapientem,
1028 4727 1085 4778 et
1114 4740 1218 4794 pro
1250 4723 1541 4794 ejusmodi
1566 4723 1882 4777 virtutibus

230 4815 355 4867 tam
390 4810 595 4867 dicunt
618 4811 733 4866 Deo
764 4812 945 4867 fuisse
974 4811 1309 4880 amabilem,
1341 4816 1405 4867 ut
1426 4813 1564 4867 dum
1598 4813 1669 4865 ad
1694 4810 1886 4866 Domi-

232 4899 432 4956 nicum
465 4917 676 4972 corpus
699 4900 1264 4971 accederet,angelus
1282 4900 1333 4955 ei
1354 4906 1719 4956 sacramenta
1741 4919 1883 4973 prae-

227 4990 412 5046 beret.
448 4990 697 5046 Pensare
726 5006 856 5045 vero
878 4989 1160 5045 debemus
1182 5006 1249 5045 ex
1270 4989 1377 5045 hoc
1400 4990 1682 5045 miraculo
1707 5008 1881 5061 quam

228 5093 514 5151 magnum
539 5080 759 5135 donum
782 5078 859 5134 sit
880 5077 1316 5150 humilitas,per
1335 5078 1493 5149 quod
1520 5082 1637 5133 tam
1663 5079 1885 5135 amabi-

225 5167 304 5223 lis
334 5172 575 5240 tamque
607 5168 985 5241 acceptabilis
1018 5168 1133 5223 Deo
1170 5167 1361 5223 adhuc
1412 5166 1586 5222 homo
1622 5167 1886 5223 mortalis

229 5257 761 5314 efﬁciatur.Abbas
813 5257 988 5314 etiam
1038 5257 1236 5313 Daniel
1299 5256 1649 5311 miraculum
1690 5262 1889 5312 narrat

228 5363 335 5420 per
357 5349 509 5418 quod
532 5345 717 5403 virtus
740 5346 1090 5402 humilitatis
1120 5346 1469 5401 declaratur.
1502 5347 1638 5400 Erat
1672 5350 1888 5411 autem,

233 5436 405 5501 ait,in
427 5436 744 5507 Babylonia
766 5435 884 5490 ﬁlia
909 5436 1215 5505 cujusdam
1240 5434 1359 5489 illic
1384 5434 1646 5506 primarii
1670 5436 1883 5490 daemo-

236 5527 405 5584 nium
436 5524 677 5579 habens.
704 5525 870 5579 Pater
900 5528 1093 5579 autem
1128 5526 1253 5595 ejus
1272 5524 1552 5597 diligebat
1573 5526 1886 5596 quemdam

239 5613 598 5675 monachum
630 5614 730 5687 qui
761 5614 909 5671 dixit
936 5612 1025 5670 ei:
1058 5613 1239 5671 Nemo
1270 5618 1456 5687 potest
1487 5631 1688 5672 curare
1708 5614 1888 5671 ﬁliam

1986 4639 2093 4702 est,
2129 4637 2307 4689 restat
2342 4637 2407 4687 ut
2428 4630 2670 4687 solerter
2700 4629 2966 4684 attendas
2989 4627 3179 4698 qualis
3201 4628 3635 4683 sitobedientize

1992 4722 2196 4778 virtus.
2232 4722 2470 4793 PrOpter
2498 4717 2950 4774 inobedientiam
2975 4716 3199 4788 primus
3222 4715 3397 4771 homo
3418 4717 3639 4787 ejectus

1995 4816 2083 4867 est
2108 4813 2177 4867 de
2208 4810 2495 4883 paradiso.
2534 4810 2895 4878 Quapropter
2948 4806 2996 4861 si
3028 4805 3163 4861 illuc
3197 4805 3284 4860 vis
3307 4806 3638 4873 ascendere,

1996 4902 2274 4957 obediens
2294 4917 2421 4955 esse
2447 4900 2635 4954 stude.
2673 4897 2741 4951 Ut
2763 4900 2959 4950 autem
2987 4912 3162 4967 quam
3192 4912 3405 4967 magna
3428 4896 3501 4950 sit
3522 4895 3642 4948 haec

1995 4992 2180 5045 virtus
2212 5005 2516 5061 agnoscas,
2552 4985 2899 5041 miraculum
2932 4984 3037 5039 tibi
3060 4986 3131 5041 ad
3181 4985 3522 5040 memoriam
3556 5000 3643 5036 re-

1995 5079 2228 5136 vocabo.
2254 5078 2502 5141 Quidam
2536 5074 2831 5130 saecularis
2861 5074 2989 5129 vitae
3040 5074 3263 5129 habens
3312 5078 3428 5127 tres
3467 5071 3641 5137 ﬁlios,

1998 5167 2351 5223 renuntiavit
2372 5164 2583 5220 saeculo
2615 5168 2671 5219 et
2699 5163 2858 5217 venit
2890 5164 2961 5217 ad
2989 5161 3433 5225 monasterium,
3468 5158 3645 5213 relin-

1999 5274 2185 5329 quens
2210 5255 2359 5310 ﬁlios
2382 5254 2438 5307 in
2462 5253 2710 5318 civitate,
2735 5256 2791 5305 et
2816 5268 2949 5305 cum
2974 5250 3180 5303 fuisset
3198 5264 3300 5319 per
3320 5252 3436 5302 tres
3460 5264 3646 5302 annos

2000 5347 2056 5401 in
2083 5343 2763 5413 monasterio,cmperunt
2785 5340 3166 5411 cogitationes
3191 5354 3306 5391 suae
3334 5336 3483 5391 ﬁlios
3505 5336 3553 5390 ei
3574 5337 3645 5391 ad

2000 5434 2340 5491 memoriam
2377 5434 2706 5503 frequenter
2733 5431 3039 5495 adducere,
3073 5430 3129 5479 et
3184 5426 3647 5480 contristabatur

2000 5542 2101 5597 pro
2134 5525 2216 5578 eis
2247 5522 2431 5592 valde,
2466 5538 2651 5591 neque
2682 5523 2873 5572 tamen
2908 5516 3130 5569 dixerat
3160 5515 3353 5569 abbati
3402 5514 3554 5570 filios
3586 5532 3648 5571 se

2003 5614 2234 5671 habere.
2273 5612 2483 5670 Videns
2506 5614 2701 5668 autem
2724 5622 2859 5663 eum
2892 5604 3072 5661 abbas
3095 5602 3344 5675 tristem,
3378 5603 3603 5677 dixitﬁei
3630 5621 3645 5661 :
