4064 6188
352 301 472 364 919

361 433 510 501 Quid
541 431 741 498 habes,
765 427 918 502 quod
953 427 1141 485 tristis
1166 445 1228 485 es
1244 427 1273 484 ?
1302 427 1373 483 Et
1394 427 1651 484 narravit
1667 427 1718 482 ei
1741 427 2013 498 quiatres
2043 427 2095 491 Α

363 524 519 581 ﬁlios
546 521 786 576 haberet
818 519 879 574 in
910 519 1161 582 civitate,
1195 523 1251 573 et
1281 517 1451 573 vellet
1481 533 1580 572 eos
1625 517 1910 572 adducere
1941 516 2012 571 ad

365 615 490 684 ejus
522 609 964 666 monasterium.
999 609 1283 680 Praecepit
1312 611 1508 663 autem
1543 608 1724 662 abbas
1747 611 1810 661 ut
1837 607 2018 661 addu-

365 703 519 758 ceret
550 716 669 756 eos.
694 699 800 764 Qui
833 715 966 753 eum
999 697 1356 770 pervenisset
1378 697 1448 752 ad
1474 695 2018 764 civitatem,invenit

363 806 432 846 ex
461 789 535 844 iis
567 789 714 844 duos
738 790 865 860 jam
901 788 1081 843 fuisse
1098 787 1614 854 defunctos,unum
1635 803 1768 841 vero
1789 784 2014 840 solum-

363 879 538 935 modo
568 878 944 933 remansisse.
978 877 1159 940 Quem
1192 892 1501 932 assumens
1532 876 1697 930 duxit
1719 875 1789 930 ad
1814 891 2016 928 mona-

368 968 614 1025 sterium
643 985 655 1034 ;
691 969 748 1022 et
777 966 1081 1038 requirens
1113 966 1402 1036 abbatem,
1456 981 1574 1019 non
1633 981 1765 1019 eum
1798 963 2018 1019 invenit

365 1055 504 1112 illic.
528 1054 915 1128 Interrogavit
943 1059 1140 1110 autem
1164 1054 1372 1109 fratres
1397 1053 1495 1108 ubi
1517 1057 1671 1108 esset
1699 1052 1879 1107 abbas
1899 1052 1926 1106 ?
1947 1053 2016 1106 Et

365 1145 449 1202 illi
481 1145 752 1200 dixerunt
772 1147 923 1217 quod
951 1145 1020 1199 ad
1048 1144 1362 1216 pistrinum
1386 1141 1863 1215 perrexisset.llle
1883 1158 2015 1197 vero

366 1233 578 1291 tollens
609 1233 798 1289 ﬁlium
829 1250 1027 1303 suum,
1062 1249 1236 1304 quem
1273 1232 1617 1300 adduxerat,
1650 1231 1793 1286 abiit
1825 1231 1893 1285 ad
1928 1230 2014 1302 pi-

368 1323 619 1380 strinum
650 1339 663 1378 :
697 1326 754 1378 et
781 1322 985 1378 videns
1008 1339 1143 1377 eum
1166 1321 1348 1376 abbas
1375 1320 1697 1376 venientem
1720 1319 2013 1386 salutavit,

368 1415 426 1469 et
455 1417 659 1468 tenens
688 1411 973 1466 infantem
999 1425 1172 1480 quem
1197 1409 1908 1480 adduxerat,amplexatus
1929 1411 2017 1463 est

368 1518 504 1558 eum
534 1504 592 1556 et
620 1499 998 1555 osculabatur
1022 1515 1034 1553 :
1066 1502 1122 1553 et
1151 1497 1296 1553 dixit
1327 1497 1478 1569 patri
1492 1499 1810 1569 ejus,amas
1832 1514 1964 1553 eum
1989 1496 2018 1550 ‘I

367 1593 439 1645 Et
467 1589 566 1645 ille
595 1587 897 1659 respondit
921 1604 932 1641 :
966 1586 1178 1642 Etiam.
1212 1587 1280 1642 Et
1302 1604 1508 1642 rursus
1531 1587 1674 1641 dixit
1698 1586 1746 1641 ei
1773 1604 1785 1641 :
1811 1585 1877 1640 Ai
1900 1603 2019 1642 mo-

369 1679 444 1735 do
469 1697 482 1746 ;
517 1677 714 1749 diligis
743 1693 877 1732 eum
897 1675 926 1730 ?
955 1680 1011 1732 et
1041 1676 1376 1746 respondit:
1412 1675 1619 1731 Etiam.
1649 1676 1855 1730 Postea
1881 1692 2016 1731 vero

1661 293 1764 355 AD
1776 289 2066 355 ALGERI
2110 289 2462 356 EPISCOPI

3666 288 3794 349 sse

2233 429 2364 481 Cxp.
2400 426 2492 481 IV.
2525 457 2593 466 -—
2621 427 2692 482 De
2721 423 3058 482 continentia
3086 431 3142 479 et
3171 421 3292 495 ejus
3326 420 3673 478 diversitate.

2199 517 2309 572 Sed
2335 517 2461 586 jam
2495 520 2730 588 tempus
2760 519 2848 571 est
2878 521 2944 569 ut
2975 516 3106 585 post
3133 512 3312 567 trium
3363 512 3655 566 virtutum
3695 511 3797 566 do-

2125 605 2374 660 ctrinam
2408 603 2718 677 vigilanter
2747 603 3036 670 attendas,
3060 605 3282 674 quanta
3299 600 3374 657 sit
3390 601 3584 656 virtus
3605 601 3797 656 conti-

2125 695 2374 765 mentiae,
2408 698 2464 749 et
2493 695 2646 764 quod
2681 692 3035 748 continentia
3065 708 3178 746 non
3213 690 3404 746 solum
3452 690 3513 745 in
3569 690 3705 744 cibo
3736 694 3795 744 et

2126 788 2288 856 potu,
2313 784 2412 839 sed
2445 783 2617 838 etiam
2653 782 2709 836 in
2743 781 3034 838 locutione
3056 786 3114 835 et
3135 780 3191 834 in
3216 796 3421 834 somno
3453 796 3520 834 ac
3546 780 3790 834 vestitu.

2126 878 2182 928 et
2210 871 2742 928 innumerabilibus
2766 871 2841 927 sit
2863 870 3078 926 causis.
3106 870 3408 924 Admoneo
3441 884 3587 941 ergo
3607 868 3791 922 dilec-

2124 963 2341 1017 tionem
2361 966 2523 1017 tuam
2547 964 2612 1016 ut
2636 978 2751 1015 non
2776 959 3054 1016 delicatos
3075 959 3237 1014 cibos
3259 974 3629 1029 quzeras,nec
3653 963 3793 1012 ante
3817 975 3829 985 ’

2124 1053 2328 1108 horam
2353 1067 2672 1123 congruam
2695 1049 2999 1104 comedere
3021 1047 3182 1115 velis,
3208 1063 3311 1102 nec
3333 1048 3496 1102 dicas
3524 1046 3589 1100 in
3614 1047 3791 1102 corde

2124 1144 2260 1196 tuo:
2293 1145 2432 1196 Ecce
2463 1139 2609 1204 aliae,
2645 1139 2725 1194 ita
2754 1138 2840 1194 vel
2872 1137 2953 1192 ita
2984 1136 3226 1192 faciunt.
3275 1136 3427 1192 Scito
3488 1152 3597 1206 pro
3632 1140 3793 1190 certo

2125 1231 2279 1302 quod
2311 1229 2746 1300 unusquisque,
2775 1244 2889 1299 quo
2921 1226 2981 1281 in
3014 1227 3121 1282 hac
3147 1226 3265 1281 vita
3295 1225 3427 1298 plus
3457 1226 3517 1280 in
3543 1225 3654 1281 Dei
3679 1241 3797 1280 ser-

2123 1319 2260 1374 vitio
2279 1317 2719 1384 laboraverit,eo
2748 1317 3029 1387 majorem
3055 1320 3188 1387 post
3211 1320 3457 1370 mortem
3477 1332 3511 1369 a
3532 1315 3797 1370 Domino

2128 1408 2452 1464 mercedem
2486 1406 2748 1478 recipiet.
2783 1405 2864 1461 Ne
2895 1405 3074 1477 igitur
3122 1409 3241 1460 tam
3294 1404 3490 1477 gravis
3519 1404 3798 1459 videatur

2126 1496 2495 1552 continentiae
2525 1495 2734 1561 virtus,
2786 1492 3136 1548 miraculum
3176 1493 3270 1548 hic
3301 1493 3585 1560 inseram,
3637 1493 3797 1564 quod

2127 1587 2185 1642 in
2218 1585 2532 1657 Tripartita
2557 1583 2798 1638 historia
2824 1582 2957 1655 legi.

2198 1674 2522 1730 Dorotbeus
2552 1689 2762 1745 genere
2793 1672 3078 1727 Thebteus
3108 1670 3284 1726 talem
3339 1670 3525 1726 vitam
3574 1672 3793 1729 ducere

372 1767 519 1824 dixit
547 1766 761 1823 abbas:
796 1764 957 1821 Tolle
986 1781 1144 1837 ergo,
1179 1765 1226 1820 si
1259 1782 1422 1820 amas
1456 1769 1675 1836 eum,et
1695 1764 1858 1820 mitte
1881 1781 2014 1820 eum
2049 1800 2097 1865 Β
2127 1765 2371 1834 curavit,
2405 1767 2469 1818 ut
2498 1761 2758 1834 quotidie
2788 1761 3012 1833 lapides
3068 1778 3101 1816 a
3158 1760 3304 1815 mari
3365 1759 3698 1832 colligeret,
3739 1768 3798 1817 et

368 1856 430 1912 in
462 1855 759 1911 fornacem
791 1855 983 1922 modo,
1007 1855 1148 1909 dum
1171 1855 1353 1909 ardet.
1377 1854 1446 1909 Et
1473 1857 1678 1909 tenens
1701 1870 1835 1908 eum
1858 1859 2023 1925 pater

373 1962 518 2002 suus
539 1943 784 2016 jactavit
815 1960 950 1999 eum
981 1943 1040 1998 in
1099 1943 1394 1999 fornacem
1449 1944 1771 1998 ardentem.
1813 1942 2021 1998 Statim

373 2038 568 2092 autem
593 2033 780 2090 factus
811 2036 900 2089 est
928 2033 1130 2088 fornax
1157 2031 1315 2088 velut
1345 2048 1460 2087 ros.
1497 2033 1575 2087 Ex
1606 2048 1720 2104 qua
1750 2032 2022 2087 obedien-

372 2125 454 2180 tia
472 2121 780 2195 acquisivit
799 2121 1066 2193 gloriam,
1088 2121 1587 2194 quemadmodum
1606 2121 1900 2176 Abraham
1923 2137 2024 2192 pa-

371 2212 649 2270 triarcha.
683 2211 802 2267 Hoc
833 2227 968 2283 ergo
1001 2211 1352 2266 miraculum
1384 2210 1584 2266 hortor
1628 2214 1693 2264 ut
1731 2209 2025 2265 memoriae

374 2301 577 2357 tradas
607 2304 664 2356 et
683 2304 750 2355 ut
765 2315 997 2370 semper
1017 2299 1356 2354 obedientiie
1372 2299 1644 2354 virtutem
1671 2302 1804 2354 ante
1825 2297 2026 2354 oculos

375 2389 617 2458 habeas,
651 2388 789 2462 quia
813 2388 966 2445 sicut
994 2387 1093 2443 illo
1124 2392 1386 2460 tempore
1411 2387 1569 2443 illius
1602 2387 1871 2443 monachi
1893 2387 2026 2443 obe-

379 2478 604 2536 dientia
633 2477 909 2534 exstinxit
937 2477 1134 2550 ignem
1166 2477 1438 2546 fornacis,
1473 2476 1555 2533 sic
1572 2480 1629 2532 et
1646 2477 1817 2532 modo
1841 2475 1889 2532 si
1911 2477 2030 2531 fue-

380 2568 464 2624 ris
495 2567 794 2635 obediens,
828 2566 958 2636 ipsa
985 2566 1174 2621 virtus
1205 2565 1262 2620 in
1297 2566 1467 2621 corde
1495 2569 1598 2620 tuo
1630 2565 1825 2638 ignem
1856 2565 2028 2620 vitio-

385 2673 515 2712 rum
547 2654 880 2726 exstinguet
905 2671 920 2721 ;
953 2657 1008 2708 et
1038 2653 1088 2708 si
1118 2653 1212 2708 hic
1235 2654 1389 2724 ignis
1412 2653 1682 2707 vitiorum
1706 2654 2028 2708 exstinctus

383 2743 561 2800 fuerit
591 2742 653 2797 in
692 2745 766 2810 te,
822 2757 1194 2813 nequaquam
1253 2746 1385 2812 post
1442 2745 1684 2796 mortem
1745 2741 1802 2794 in
1834 2741 2028 2814 ignem

381 2831 702 2888 descendes
732 2835 1038 2897 aeternum,
1069 2831 1169 2885 sed
1201 2831 1272 2885 ad
1303 2829 1594 2885 caelestem
1625 2829 1871 2902 gloriam
1903 2832 2028 2887 sine

377 2922 494 2976 fine
515 2922 870 2976 manentem.
905 2920 1054 2991 Ergo
1086 2936 1220 2974 ama
1249 2919 1664 2985 obedientiam,
1690 2918 1867 2991 dilige
1899 2919 2029 2975 obe-

376 3009 684 3077 dientiam,
715 3007 854 3080 quia
886 3024 1101 3080 magna
1129 3009 1314 3063 virtus
1363 3012 1472 3063 est.
1532 3007 1606 3063 Ut
1637 3013 1832 3064 autem
1867 3008 2025 3064 illius

375 3097 845 3171 magnitudinem
879 3096 1070 3153 adhuc
1113 3097 1366 3153 lucidius
1421 3096 1737 3170 intelligas,
1773 3114 2021 3167 sequens

373 3167 727 3244 miraculum
746 3187 1076 3259 frequenter
1097 3185 1241 3257 lege.
1266 3185 1545 3242 Dicebant
1567 3167 1759 3242 autem
1788 3188 2019 3258 fratres,
2052 3167 2096 3234 (ἶ

374 3277 515 3350 quia
547 3274 803 3332 narravit
835 3275 1073 3348 quidam
1106 3279 1362 3346 patrum,
1395 3290 1458 3329 se
1487 3275 1704 3330 vidisse
1735 3280 1853 3331 tres
1876 3276 2026 3331 ordi-

375 3382 480 3422 nes
509 3365 570 3420 in
599 3363 761 3435 cmlo,
797 3380 1047 3436 quorum
1081 3364 1310 3435 primus
1342 3366 1465 3418 erat
1512 3363 1818 3419 hominum
1859 3364 2029 3419 inﬁr-

375 3470 608 3510 morum
624 3458 681 3510 et
700 3453 921 3525 gratias
939 3452 1236 3524 agentium
1257 3452 1372 3507 Deo
1395 3470 1407 3520 ;
1433 3453 1725 3507 secundus
1749 3453 1888 3508 ordo
1906 3458 2030 3509 erat

374 3541 837 3614 hospitalitatem
873 3540 1541 3610 sectantium,instanter
1567 3539 2027 3596 ministrantium

377 3631 463 3686 eis
491 3655 506 3696 ;
536 3629 744 3684 tertius
776 3629 916 3683 ordo
946 3633 1071 3682 erat
1123 3643 1323 3682 eorum
1385 3629 1487 3698 qui
1536 3629 1606 3683 ad
1637 3628 2028 3685 obcdiendum

379 3716 788 3790 spiritualibus
820 3715 1084 3788 patribus
1115 3731 1178 3771 se
1208 3714 1531 3786 subjiciunt
1561 3720 1796 3788 propter
1821 3722 2026 3775 Deum.

378 3806 700 3862 Videbatur
715 3808 909 3860 autem
934 3805 1073 3860 ordo
1090 3804 1485 3860 obedientium
1503 3809 1770 3877 torquem
1791 3823 2029 3864 auream

378 3895 614 3962 habere,
647 3897 706 3950 et
734 3892 922 3950 multo
954 3891 1211 3965 amplius
1242 3910 1420 3965 quam
1453 3893 1551 3950 alii
1583 3893 1824 3967 gloriam
1859 3896 2031 3953 habe-

377 3985 493 4040 bat.
532 3983 647 4055 Ego
675 3985 868 4038 autem
901 3981 1019 4036 dixi
1049 3981 1100 4036 ei
1159 3983 1260 4052 qui
1319 3981 1464 4037 mihi
1523 3984 1870 4040 ostendebat
1911 3985 2031 4041 haec

377 4072 616 4129 omnia:
649 4071 952 4136 Quomodo
982 4070 1092 4126 iste
1123 4071 1285 4137 ordo,
1312 4071 1411 4143 qui
1444 4071 1670 4142 primus
1720 4076 1809 4128 est
1842 4075 2033 4146 majo-

375 4177 498 4218 rem
531 4177 710 4233 quam
744 4159 842 4216 alii
872 4159 1121 4232 gloriam
1158 4159 1377 4215 habet?
1420 4161 1490 4215 Et
1535 4160 1632 4217 ille
1671 4164 2032 4234 respondens

376 4249 525 4306 dixit
555 4249 720 4316 mihi,
755 4250 910 4320 quod
942 4248 1001 4302 hi
1062 4249 1161 4320 qui
1215 4248 1674 4321 hospitalitatem
1709 4255 2030 4323 sectantur,

381 4337 708 4394 secundum
740 4337 1034 4410 propriam
1064 4336 1425 4392 voluntatem
1458 4338 1716 4410 idipsum
1768 4341 1989 4396 faciunt
2017 4359 2029 4396 :

381 4427 652 4484 similiter
681 4426 780 4498 qui
811 4425 870 4480 in
902 4441 1097 4481 eremo
1129 4442 1190 4480 se
1221 4425 1489 4497 religant,
1522 4427 1760 4482 arbitrio
1815 4446 1920 4483 suo
1962 4430 2035 4484 de

2134 1853 2303 1910 annis
2335 1851 2585 1925 singulis
2615 1850 2935 1923 hospitium
2959 1850 3352 1917 aaditicaret,et
3374 1850 3508 1922 ipsa
3530 1849 3794 1922 hospitia

2134 1943 2312 1999 dabat
2339 1941 2458 1997 illis
2489 1940 2587 2011 qui
2649 1957 2762 1995 non
2817 1939 3113 1994 habebant
3172 1937 3465 2010 hospitia;
3519 1940 3798 1994 noctibus

2136 2035 2329 2087 autem
2364 2034 2599 2102 propter
2653 2044 2855 2083 eorum
2914 2027 3110 2083 cibum
3169 2027 3416 2082 faciebat
3454 2028 3796 2099 sportellas.

2135 2119 2237 2175 Cui
2269 2119 2437 2176 cibus
2468 2123 2591 2174 erat
2623 2118 2792 2189 panis
2823 2116 3005 2172 uncize
3041 2133 3161 2188 sex,
3194 2121 3252 2171 et
3281 2115 3512 2172 olerum
3547 2117 3798 2172 minuto-

2135 2227 2268 2265 rum
2298 2205 2613 2264 fasciculus
2645 2223 2821 2273 unus,
2873 2210 2930 2261 et
2959 2207 3028 2261 ad
3092 2205 3413 2261 bibendum
3476 2223 3659 2278 aqua.
3707 2207 3804 2262 Sic

2138 2301 2501 2370 ajuventute
2532 2313 2641 2352 sua
2671 2296 2894 2362 vivens,
2946 2311 3048 2351 nec
3097 2295 3157 2349 in
3216 2299 3518 2350 senectute
3563 2296 3802 2351 defecit.

2136 2388 2452 2458 Nunquam
2481 2386 2646 2441 visus
2677 2389 2767 2440 est
2796 2385 2854 2438 in
2887 2382 3098 2439 lectulo
3133 2388 3467 2455 soporatus,
3500 2383 3590 2439 vel
3627 2385 3806 2456 pedes

2138 2493 2238 2547 pro
2271 2475 2472 2547 requie
2501 2473 2838 2539 tetendisse,
2872 2477 2973 2527 aut
3029 2472 3283 2528 dormire
3343 2489 3447 2544 pro
3478 2473 3807 2538 voluntate,

2139 2582 2243 2621 nec
2259 2565 2493 2637 quando
2507 2563 2800 2636 operando
2818 2566 3025 2617 natura
3037 2578 3406 2633 compressos
3421 2562 3632 2617 oculos
3651 2562 3808 2617 clau-

2139 2657 2274 2710 dere
2334 2653 2640 2725 potuisset,
2699 2652 2781 2706 ita
2841 2667 2992 2722 saepe
3068 2651 3428 2706 comedendo
3489 2653 3800 2724 dormiret,

2139 2744 2306 2800 cibus
2337 2759 2405 2798 ex
2433 2758 2529 2797 ore
2559 2742 2688 2811 ejus
2719 2740 3030 2795 laberetur.
3067 2739 3398 2810 Aliquando
3431 2757 3568 2796 vero
3593 2759 3799 2796 somno

2137 2836 2407 2903 gravatus
2431 2830 2616 2898 valde,
2647 2847 2779 2884 cum
2811 2828 2870 2883 in
2915 2833 3168 2885 stercore
3220 2830 3551 2900 cecidisset,
3585 2832 3800 2886 obdor-

2138 2921 2322 2976 mivit.
2357 2919 2805 2991 Expergefactus
2836 2923 3031 2972 autem
3082 2922 3140 2973 et
3169 2919 3560 2980 contristatus
3589 2921 3701 2975 sub
3728 2922 3801 2975 si-

2135 3010 2314 3066 lentio
2365 3009 2547 3063 dixit:
2615 3007 2674 3063 Si
2733 3005 2976 3078 angelus
3051 3007 3303 3062 suaserit
3379 3007 3667 3072 dormire,
3748 3014 3806 3064 et

2138 3099 2282 3156 mihi
2313 3097 2560 3152 ulterius
2590 3113 2705 3151 non
2737 3094 3048 3151 suadebit:
3081 3096 3238 3167 quod
3281 3096 3425 3150 forte
3458 3097 3702 3152 dicebat
3733 3098 3804 3152 ad

2137 3204 2412 3244 somnum
2437 3190 2538 3242 aut
2559 3187 2628 3242 ad
2653 3187 2998 3252 daemonem,
3020 3185 3117 3256 qui
3142 3186 3438 3241 nitebatur
3460 3187 3654 3242 bonos
3678 3189 3808 3258 ejus

2138 3281 2301 3333 actus
2333 3275 2637 3348 impedire.
2673 3274 2820 3330 lluie
2842 3273 3146 3329 laborandi
3179 3274 3425 3345 quidam
3466 3275 3660 3331 dixit:
3694 3277 3811 3332 Cur

2137 3367 2220 3423 ita
2249 3364 2489 3438 perimis
2520 3381 2733 3436 corpus
2765 3367 2931 3418 tuum
2951 3363 2980 3417 ?
3007 3362 3111 3418 Cui
3136 3362 3233 3418 ille
3259 3381 3272 3418 :
3295 3364 3440 3430 Quia
3459 3365 3808 3438 me,inquit,

2137 3455 2281 3511 illud
2315 3453 2544 3510 occidit.
2581 3453 2767 3523 Hujus
2799 3468 2934 3507 vero
2958 3450 3316 3507 sanctissimi
3347 3453 3628 3508 monachi
3664 3471 3803 3509 con-

2139 3543 2449 3599 tinentiam
2471 3542 2577 3597 tibi
2611 3541 2841 3612 scripsi,
2875 3557 2947 3596 ne
2977 3541 3106 3613 ipsa
3136 3539 3242 3596 tibi
3271 3540 3459 3595 virtus
3489 3542 3692 3613 gravis
3723 3544 3805 3596 vi-

2139 3633 2390 3696 deretur,
2425 3636 2490 3686 ut
2521 3647 2901 3703 cognosceres
2931 3634 3216 3701 quantum
3277 3630 3347 3684 ab
3408 3631 3678 3702 antiquis
3715 3632 3803 3686 vel

2140 3720 2436 3775 modernis
2479 3719 2830 3791 quibusdam
2883 3718 3153 3774 Patribus
3211 3719 3522 3774 distemus.
3559 3721 3804 3775 Audivit

2139 3809 2294 3865 enim
2329 3825 2484 3863 nunc
2516 3809 2815 3864 beatitudo
2867 3811 2988 3876 tua,
3040 3808 3196 3879 quod
3259 3808 3588 3864 Dorotbeus
3639 3809 3800 3864 omni

2139 3915 2292 3953 anno
2323 3898 2647 3953 aediﬁcabat
2677 3897 2914 3965 cellum,
2945 3901 3001 3953 et
3050 3896 3180 3952 aliis
3233 3897 3489 3952 donabat
3517 3916 3530 3965 ;
3576 3899 3800 3953 audisti

2139 3987 2337 4054 etiam,
2371 3987 2523 4058 quod
2556 3987 2614 4040 in
2646 3985 2793 4042 lecto
2852 4001 2967 4040 non
3020 3986 3281 4055 jacebat,
3338 3990 3394 4040 et
3446 3986 3521 4040 de
3563 4003 3720 4058 pane
3750 3992 3805 4042 et

2141 4093 2293 4147 aqua
2325 4079 2382 4130 et
2413 4075 2610 4131 herbis
2639 4075 2868 4130 vivebat
2899 4091 2912 4140 ;
2954 4090 3068 4128 non
3103 4073 3232 4128 ideo
3285 4073 3393 4128 hoc
3437 4074 3592 4143 dico,
3647 4079 3713 4130 ut
3743 4083 3805 4130 tu

2140 4168 2369 4220 tantum
2403 4164 2605 4229 facias,
2639 4163 2738 4219 sed
2774 4167 2838 4219 ut
2867 4167 2923 4218 te
2953 4161 3251 4229 humilies,
3303 4162 3607 4235 simulque
3649 4163 3806 4218 scias

2142 4270 2318 4325 quam
2352 4269 2626 4325 magnam
2687 4251 3037 4308 abstinentia
3091 4251 3288 4308 Patres
3347 4253 3532 4307 nostri
3578 4253 3806 4308 habue-

2143 4342 2283 4408 rint,
2318 4345 2374 4397 et
2406 4357 2778 4413 nequaquam
2813 4340 2974 4396 cibos
2997 4340 3278 4395 delicatos
3296 4357 3809 4413 quaeras,prazser-

2140 4431 2246 4485 tim
2275 4447 2408 4484 cum
2441 4431 2500 4485 in
2533 4431 2768 4502 praefato
2800 4430 2948 4484 libro
2976 4430 3047 4484 de
3077 4429 3273 4502 Moyse
3322 4430 3609 4485 monacho
3653 4431 3806 4486 scri-

385 4515 594 4573 saeculo
627 4519 1031 4581 recesserunt;
1066 4513 1160 4569 hic
1193 4517 1388 4569 autem
1421 4515 1522 4585 qui
1555 4531 1616 4593 se
1659 4517 1730 4571 ad
1762 4518 2032 4574 obedien-
2068 4539 2110 4603 θ
2142 4525 2309 4592 ptum
2341 4519 2434 4584 sit,
2469 4520 2623 4589 quod
2657 4536 2758 4591 per
2787 4518 3002 4573 multos
3035 4535 3221 4574 annos
3278 4535 3489 4591 panem
3529 4524 3806 4575 tantum-

385 4605 529 4661 tiam
561 4605 742 4676 dedit,
764 4620 969 4661 omnes
990 4603 1320 4659 voluntates
1343 4620 1480 4660 suas
1503 4605 1801 4676 abjiciens,
1823 4609 2037 4678 pendet
2147 4608 2318 4663 modo
2349 4607 2686 4678 comederit,
2719 4613 2775 4661 et
2800 4607 3050 4662 multum
3075 4624 3223 4678 opus
3246 4607 3568 4676 fecerit,sex
3598 4613 3808 4665 autem

385 4693 456 4748 ad
481 4698 661 4749 Deum
680 4698 736 4749 et
752 4693 1166 4765 adjussionem
1186 4692 1513 4764 spiritualis
1533 4695 1716 4765 patris
1741 4712 1754 4764 ;
1780 4700 2034 4767 propter-

382 4799 451 4839 ea
478 4783 757 4852 majorem
785 4781 1031 4854 gloriam
1078 4781 1271 4838 habet.
1324 4784 1704 4854 Quapropter,
1761 4801 1793 4838 ο
1828 4790 2032 4853 mater,

381 4873 536 4928 bona
566 4875 656 4926 est
683 4871 1011 4926 obedientia
1041 4887 1167 4942 quea
1198 4875 1433 4942 propter
1463 4871 1646 4927 Deum
1678 4873 1762 4927 ﬁt.
1797 4873 2034 4930 Intende

382 4977 542 5035 ergo,
578 4962 783 5024 mater,
814 4958 1046 5015 virtutis
1072 4960 1254 5030 hujus
1286 4959 1520 5032 aliquod
1553 4978 1618 5016 ex
1664 4967 1826 5032 parte
1855 4965 2033 5020 vesti-

380 5052 565 5124 gium.
600 5048 944 5106 Obedientia
976 5047 1138 5104 salus
1168 5053 1258 5103 est
1287 5050 1553 5104 omnium
1590 5051 1874 5115 fidelium,
1898 5054 2031 5108 obe-

381 5140 598 5196 dientia
628 5138 881 5213 genitrix
911 5141 1001 5193 est
1049 5138 1315 5192 omnium
1361 5139 1665 5203 virtutum,
1707 5142 2035 5196 obedientia

382 5229 543 5302 regni
567 5229 846 5285 ccelorum
870 5227 1159 5283 inventrix
1185 5232 1292 5294 est,
1319 5227 1666 5299 obedientia,
1704 5229 1878 5286 coelos
1899 5246 2033 5301 ape-

382 5316 562 5381 riens,
593 5318 890 5372 hominem
922 5317 1108 5372 elevat
1139 5316 1209 5370 de
1241 5320 1412 5382 terra,
1445 5317 1776 5394 obedientia
1799 5318 2032 5374 cohabi-

384 5405 554 5459 tatrix
574 5417 659 5458 cst
685 5405 1386 5475 angelorum,obcdientia
1407 5411 1744 5461 sanctorum
1768 5407 2030 5463 omnium

386 5491 554 5547 cibus
573 5499 695 5560 est;
729 5513 796 5548 ex
828 5495 936 5549 hac
965 5495 1122 5549 enim
1155 5494 1340 5549 abluti
1370 5498 1529 5562 sunt,
1564 5501 1620 5548 et
1652 5513 1752 5565 per
1780 5497 1930 5552 hanc
1960 5498 2032 5552 ad

389 5581 800 5656 perfectionem
830 5588 1133 5640 venerunt.

2144 4696 2312 4751 annis
2336 4712 2438 4768 per
2466 4700 2648 4751 totam
2685 4701 2912 4750 noctem
2938 4701 3102 4752 stans
3125 4697 3525 4769 oravit,neque
3546 4698 3808 4770 genibus

2143 4784 2463 4852 inclinatis,
2499 4800 2685 4856 neque
2715 4785 2901 4840 oculis
2933 4786 2989 4839 in
3023 4802 3293 4840 somnum
3328 4790 3532 4858 sponte
3553 4786 3808 4843 clausis.

2143 4875 2388 4946 Insuper
2418 4873 2592 4928 etiam
2629 4878 3034 4945 pernoctanter
3066 4873 3355 4930 invisebat
3386 4874 3631 4942 cellulas
3676 4894 3810 4932 mo-

2144 4963 2488 5027 nachorum,
2521 4968 2579 5017 et
2612 4962 2848 5034 lagenas
2879 4961 3247 5033 singulorum
3271 4979 3423 5035 aqua
3443 4965 3809 5036 complebat,

2143 5067 2277 5107 cum
2310 5049 2480 5122 longe
2511 5055 2612 5106 aut
2644 5052 2868 5115 decem,
2902 5057 3002 5106 aut
3032 5050 3234 5123 viginti
3267 5058 3368 5106 aut
3411 5053 3653 5125 triginta
3685 5059 3807 5110 sta-

2145 5140 2256 5195 diis
2287 5156 2440 5210 aqua
2469 5145 2732 5218 manaret
2766 5158 2779 5208 ;
2814 5140 2912 5210 qui
2946 5139 3081 5196 licet
3138 5141 3218 5196 ita
3269 5141 3534 5197 domaret
3561 5159 3806 5216 corpus,

2143 5229 2395 5302 priorem
2429 5234 2624 5284 tamen
2658 5227 3051 5284 valetudinem
3082 5245 3197 5283 non
3225 5230 3446 5285 amisit.
3472 5235 3603 5285 Haec
3628 5236 3808 5288 mira-

2143 5319 2275 5374 cula
2303 5317 2538 5374 assidue
2570 5318 2714 5390 lege,
2747 5317 3123 5373 sanctissima
3151 5323 3356 5387 mater,
3413 5324 3472 5374 et
3530 5336 3636 5391 per
3681 5321 3804 5376 haec

2143 5424 2276 5462 cum
2311 5407 2404 5462 Dei
2440 5408 2728 5478 adjutorio
2760 5407 2816 5460 in
2865 5406 3216 5462 abstinentia
3275 5408 3552 5480 prolicere
3597 5411 3790 5465 stude.

2143 5497 2266 5552 Non
2299 5496 2485 5551 simus
2508 5497 2692 5568 parati
2720 5497 2791 5551 ad
2811 5495 3008 5551 omnia
3028 5496 3264 5568 quidem
3283 5497 3789 5569 concupiscenda:

2143 5584 2468 5643 recolamus
2489 5585 2913 5643 continentiam
2936 5574 3088 5642 beati
3109 5586 3357 5642 Zenonis
3390 5586 3646 5645 abbatis.
3678 5589 3788 5644 Ab-
