4064 6188
288 365 397 427 921

1163 368 1603 431 ADMONITIO
1648 367 1751 428 AD
1797 363 2314 428 NONSUINDAM
2359 366 2799 430 RECLUSAM.

3573 367 3691 429 922

287 499 391 556 bas
410 500 601 555 Zenon
632 496 943 556 ambulans
964 500 1278 573 aliquando
1310 502 1367 557 in
1396 502 1780 568 Palaestinam,
1805 517 1939 556 cum
1968 501 2023 567 Α
2054 500 2255 572 quisti,
2290 506 2345 555 et
2377 519 2478 573 per
2508 502 2741 557 illorum
2776 518 2976 557 curam
3006 504 3108 555 tua
3128 498 3330 566 oratio,
3353 499 3687 571 tuasquela-

288 588 630 659 laborasset,
656 590 891 661 resedit,
921 595 984 646 ut
1014 593 1392 647 manducaret
1407 594 1577 662 juxta
1597 607 1935 649 cucumera-

287 678 462 733 rium.
499 678 791 733 Suadebat
839 684 1032 734 autem
1075 681 1125 735 ei
1174 680 1408 735 animus
1458 698 1601 735 suus
1655 679 1934 735 dicendo:

290 767 453 822 Tolle
484 768 586 822 tibi
619 785 800 822 unum
837 784 1228 835 cucumercm,
1262 775 1317 824 et
1362 770 1669 824 manduca.
1706 769 1809 833 Qui
1843 769 1937 822 in-

291 873 538 927 crepans
567 856 971 927 cogitationem
1006 875 1175 913 suam
1227 859 1370 913 dixit
1420 859 1531 914 sibi
1573 858 1722 929 ipsi:
1759 859 1938 913 Fures

292 946 363 1000 ad
398 950 684 999 tormenta
716 946 966 1012 vadunt;
1001 947 1181 1017 proba
1229 964 1366 1019 ergo
1414 948 1668 1019 teipsum
1719 947 1776 1001 in
1808 946 1937 1010 hoc,

292 1034 342 1089 si
374 1038 538 1105 potes
568 1033 717 1088 ferre
744 1036 1141 1090 tormenta.Et
1171 1052 1534 1104 consurgens
1564 1037 1714 1091 sedit
1744 1038 1813 1091 ad
1850 1053 1937 1089 ar-

293 1124 491 1178 dorem
524 1123 664 1178 solis
695 1122 899 1178 diebus
948 1126 1204 1196 quinque
1252 1130 1307 1180 et
1356 1126 1539 1180 dixit:
1575 1126 1633 1180 Si
1673 1126 1938 1180 ardorem

292 1212 432 1269 solis
465 1228 579 1266 non
604 1228 844 1283 possum
878 1213 1139 1279 sutl‘erre,
1172 1219 1369 1285 potero
1391 1214 1585 1285 ignem
1612 1219 1890 1268 aeternum
1914 1213 1941 1267 ‘?

290 1303 359 1357 Et
390 1300 537 1355 dixit
570 1301 638 1354 ad
672 1301 933 1355 animum
969 1318 1176 1355 suum:
1229 1303 1286 1357 Si
1342 1320 1453 1357 non
1503 1307 1664 1375 potes
1713 1308 1943 1372 portare

289 1393 604 1458 tormenta,
660 1406 773 1443 non
826 1390 1017 1461 rapias
1065 1408 1456 1460 cucumerem,
1507 1396 1563 1445 et
1604 1393 1941 1447 manduces.

288 1480 480 1534 Verba
509 1478 689 1550 igitur
716 1480 865 1533 tanti
895 1479 998 1533 viri
1053 1480 1421 1535 considerare
1469 1497 1574 1535 nos
1606 1481 1943 1547 admonent,

290 1572 577 1641 quantum
611 1568 683 1623 ab
714 1568 903 1639 ipsius
949 1570 1385 1624 conversatione
1434 1569 1602 1641 longe
1632 1571 1941 1625 distamus.

292 1661 653 1728 Quapropter
675 1659 1123 1729 perpendamus,
1146 1676 1251 1713 nos
1270 1663 1599 1729 peccatores
1615 1659 1947 1713 etinﬁrmos

295 1763 423 1803 esse
455 1746 513 1800 in
545 1746 979 1817 comparatione
1027 1756 1361 1802 sanctorum
1418 1749 1698 1817 virorum,
1750 1752 1812 1801 ut
1843 1764 1949 1803 nos

297 1837 455 1907 ipsos
487 1851 555 1889 ex
587 1834 819 1889 illorum
852 1835 1076 1890 meritis
1127 1836 1537 1905 despicientes,
1591 1853 1692 1907 per
1720 1836 1949 1891 Domini

296 1924 452 1996 piam
487 1923 944 1979 misericordiam
968 1940 1170 1979 eorum
1194 1925 1553 1980 consortium
1578 1925 1788 1980 habere
1816 1943 1947 1997 pos-

304 2013 511 2069 simus.

554 2103 689 2157 CAP.
721 2102 788 2156 V.
821 2134 889 2142 —
920 2107 1002 2158 De
1030 2105 1371 2157 continentia
1400 2104 1701 2159 oculorum.

372 2192 536 2258 Quod
568 2195 761 2247 autem
796 2207 911 2245 non
962 2195 1191 2245 tantum
1240 2191 1299 2245 in
1350 2192 1497 2258 cibo,
1554 2192 1651 2246 sed
1687 2192 1861 2247 etiam
1892 2192 1952 2247 in

300 2280 429 2335 visu
475 2280 551 2335 sit
577 2279 956 2345 continentia,
979 2296 1230 2350 sequens
1276 2279 1625 2334 miraculum
1649 2285 1843 2352 aperte
1865 2282 1952 2335 in-

298 2369 513 2424 sinuat.
547 2369 679 2423 Pior
708 2372 927 2435 autem,
960 2384 1093 2422 cum
1126 2369 1197 2422 de
1239 2369 1411 2422 domo
1444 2370 1628 2441 patris
1659 2370 1728 2424 ad
1764 2368 1951 2441 philo-

298 2457 567 2529 sophiam
631 2457 1088 2512 conversationis
1146 2456 1350 2523 exiret,
1430 2457 1699 2528 promisit
1759 2458 1951 2512 denuo

296 2546 524 2601 nullum
556 2546 1021 2617 propinquorum
1050 2546 1119 2599 de
1146 2549 1349 2600 caetero
1372 2546 1491 2600 fore
1508 2546 1793 2601 visurum.
1818 2547 1952 2602 Post

295 2635 726 2707 quinquaginta
752 2651 885 2689 vero
919 2652 1125 2703 annos,
1162 2636 1305 2689 dum
1338 2636 1466 2706 ejus
1503 2652 1668 2690 soror
1706 2652 1839 2689 eum
1867 2636 1949 2689 vi-

296 2740 425 2779 vere
450 2729 505 2779 et
527 2724 789 2778 habitare
810 2740 943 2777 eum
972 2723 1030 2777 in
1057 2739 1251 2778 eremo
1279 2724 1665 2795 cognovisset,
1697 2742 1808 2779 non
1835 2741 1951 2779 ces-

297 2815 486 2878 sabat,
546 2814 728 2867 donec
788 2813 1118 2883 inspiceret.
1189 2813 1372 2875 Quam
1440 2814 1579 2867 dum
1640 2814 1949 2884 episcopus

298 2903 423 2971 ejus
454 2901 585 2967 loci,
609 2902 734 2971 jam
768 2902 1137 2972 grandaevam
1171 2907 1481 2973 propterea
1498 2901 1721 2956 videret
1744 2902 1944 2974 afﬂigi,

299 2990 537 3061 scripsit
570 2989 917 3061 praesulibus
966 2990 1168 3056 eremi,
1221 2994 1287 3043 ut
1336 2990 1562 3044 Piorem
1608 2990 1944 3061 dirigerent.

294 3083 369 3134 At
400 3079 517 3145 ille,
553 3078 831 3149 quoniam
865 3081 1235 3132 contemnere
1268 3078 1431 3133 nefas
1452 3079 1947 3148 est,jussionibus

296 3168 594 3223 seniorum
626 3165 902 3221 obediens
934 3170 989 3220 et
1022 3182 1333 3221 assumens
1357 3167 1673 3238 quemdam
1698 3167 1854 3222 venit
1874 3170 1945 3223 ad

2050 607 2255 661 crymze
2291 608 2404 645 non
2439 593 2801 660 minuantur,
2854 608 2924 646 ne
2974 607 3105 645 cum
3151 605 3327 644 uxore
3359 588 3504 644 Loth
3537 594 3691 646 retro

2050 679 2408 751 respiciendo
2466 682 2525 735 in
2576 681 2715 737 salis
2766 681 3116 735 converteris
3167 682 3443 734 statuam.
3487 678 3693 733 Recole

2050 785 2185 839 ergo
2210 768 2376 824 illum
2400 770 2694 842 Evangelii
2720 770 3093 836 versiculum,
3119 770 3271 839 quod
3296 784 3451 823 nemo
3471 771 3694 823 mittens

2050 876 2275 913 manum
2306 858 2378 913 ad
2409 865 2660 914 aratrum
2690 865 2741 915 et
2771 862 3062 932 respiczens
3084 868 3227 914 retro
3250 866 3406 929 aptus
3426 860 3497 913 sit
3520 876 3692 927 regno

2051 949 2151 1002 Dei
2181 949 2329 1019 (Luc.
2365 966 2442 1015 1x,
2473 949 2583 1019 6‘3).

2302 1038 2429 1093 CAP.
2462 1038 2553 1092 Vl.
2590 1070 2655 1079 —
2685 1040 2758 1093 De
2781 1040 3117 1093 continentia
3139 1038 3444 1093 locutionis.

2128 1127 2331 1181 llortor
2359 1127 2555 1191 etiam,
2607 1132 2671 1181 ut
2702 1127 2759 1181 in
2811 1126 3099 1181 locutione
3146 1126 3227 1181 sis
3276 1126 3598 1192 continens,
3631 1129 3697 1180 ut

2056 1216 2289 1271 assidue
2339 1234 2470 1271 cum
2526 1216 2835 1271 Psalmista
2870 1218 3186 1271 decantes:
3240 1218 3370 1271 Dixi
3398 1215 3699 1271 custodiam

2056 1306 2169 1358 vias
2199 1322 2370 1374 meas,
2398 1310 2455 1359 ut
2486 1322 2591 1359 non
2625 1306 2939 1376 dclinquam
2974 1308 3025 1359 in
3061 1307 3256 1374 lingua
3286 1323 3401 1361 mea
3433 1306 3591 1375 posui
3610 1306 3698 1359 ori

2054 1409 2170 1447 meo
2197 1392 2500 1447 custodiam
2541 1393 2714 1463 (Psal.
2766 1409 2999 1458 xxxvm,
3052 1394 3127 1460 2).
3180 1392 3305 1447 Noli
3358 1391 3536 1463 igitur
3566 1389 3697 1445 aliis

2057 1481 2361 1535 detrahere
2389 1499 2400 1546 ;
2434 1486 2726 1535 memento
2758 1484 2979 1551 quanta
3011 1481 3195 1535 Maria
3225 1481 3299 1536 sit
3330 1496 3605 1551 perpessa
3638 1480 3695 1533 in

2060 1586 2271 1639 eremo,
2307 1571 2539 1640 quando
2586 1570 2834 1624 detraxit
2880 1569 3061 1642 Moysi
3114 1586 3276 1624 servo
3328 1569 3425 1622 Dei
3479 1585 3701 1638 suoque

2060 1659 2242 1713 fratri.
2297 1659 2505 1714 Narrat
2552 1659 2707 1714 enim
2760 1658 3025 1724 historia,
3077 1658 3213 1729 quia
3260 1674 3363 1730 pro
3394 1656 3502 1711 hac
3532 1656 3704 1727 culpa

2059 1765 2092 1802 a
2121 1748 2280 1820 lepra
2322 1749 2509 1803 fuerat
2561 1749 2875 1814 maculata,
2926 1752 3265 1819 septemque
3315 1751 3477 1801 extra
3516 1750 3705 1799 castra

2060 1837 2343 1892 manserit
2371 1837 2617 1892 diebus:
2682 1854 2807 1908 quae
2865 1840 3175 1907 postquam
3233 1852 3334 1905 per
3381 1833 3702 1889 orationem

2064 1926 2279 1997 Moysis
2310 1926 2506 1981 fratris
2532 1926 2620 1981 sui
2684 1927 2794 1979 fuit
2821 1942 2851 1979 e
2881 1924 3043 1996 lepra
3077 1924 3378 1977 mundata.
3414 1920 3580 1976 Absit
3607 1938 3705 1975 au-

2064 2020 2276 2081 tem,ut
2299 2032 2365 2070 ex
2387 2014 2719 2087 lingua,per
2740 2031 2916 2085 quam
2941 2011 3343 2067 benedicimus
3364 2010 3702 2075 Dominum,

2062 2104 2197 2159 inde
2228 2103 2651 2158 maledicamus
2678 2108 2779 2157 aut
2811 2102 3193 2157 detrahamus
3225 2098 3505 2171 proximo.
3542 2098 3707 2151 Unde

2063 2192 2456 2249 eradicabitur
2485 2192 2677 2247 omnis
2708 2192 3016 2260 detractor,
3069 2190 3195 2245 sine
3246 2187 3422 2242 dubio
3453 2187 3525 2241 de
3554 2190 3705 2241 coetu

2063 2287 2422 2338 sanctorum.
2448 2282 2593 2353 Ergo
2622 2298 2691 2335 ne
2714 2297 2820 2335 nos
2843 2282 2913 2335 de
2930 2282 3079 2334 coetu
3099 2281 3435 2333 sanctorum
3452 2275 3705 2331 eradice-

2064 2389 2215 2440 mur,
2251 2371 2655 2426 custodiamus
2679 2388 2711 2423 a
2732 2364 3090 2423 detractione
3115 2367 3378 2438 linguam
3403 2368 3663 2420 nostram
3692 2381 3705 2429 ;

2062 2477 2177 2515 non
2207 2459 2580 2514 detrahemus
2611 2458 2895 2529 proximo,
2938 2471 3113 2528 quem
3154 2454 3437 2525 jubemur
3466 2452 3709 2523 diligere

2062 2548 2214 2602 sicut
2246 2548 2657 2618 nosmetipsos.
2712 2548 2779 2601 Et
2828 2563 2941 2601 non
2990 2550 3223 2599 tantum
3272 2560 3305 2597 a
3352 2540 3708 2597 detractione

2061 2653 2287 2693 cessare
2316 2653 2431 2691 non
2465 2640 2710 2707 oportet,
2764 2636 2864 2689 sed
2913 2635 3087 2689 etiam
3139 2634 3210 2687 ab
3261 2631 3462 2687 otiosis
3494 2629 3705 2695 verbis,

2062 2727 2199 2795 quia
2220 2724 2595 2797 Evangelium
2622 2724 2871 2779 clamat:
2901 2725 2975 2778 De
2996 2724 3147 2777 omni
3168 2723 3323 2777 verbo
3346 2721 3543 2787 olioso,
3570 2719 3710 2790 quod

2062 2817 2229 2869 locuti
2257 2815 2470 2884 fuerint
2511 2814 2773 2878 homines,
2820 2813 3047 2869 reddent
3096 2812 3367 2867 rationem
3411 2811 3470 2864 in
3501 2807 3591 2863 die
3612 2810 3709 2880 ju-

2059 2904 2193 2958 dicii
2223 2903 2443 2971 (Matth.
2484 2922 2585 2967 x11,
2619 2904 2731 2972 36).
2764 2902 3000 2956 Otiosus
3047 2918 3181 2955 vero
3234 2916 3423 2955 sermo
3469 2902 3575 2963 est,
3612 2898 3713 2968 qui

2059 3009 2173 3046 non
2198 2992 2267 3045 ad
2296 2990 2474 3059 illius,
2503 2990 2601 3061 qui
2630 2989 2796 3043 illum
2825 2989 2988 3057 dicit,
3012 3004 3114 3043 nec
3141 2988 3211 3041 ad
3249 2986 3432 3052 illius,
3459 2985 3555 3056 qui
3579 3000 3713 3039 eum

2060 3078 2241 3143 audit,
2271 3079 2521 3151 pertinet
2542 3078 2888 3149 profectum.
2913 3075 3045 3131 Noli
3087 3066 3225 3147 ergo
3248 3074 3503 3145 proferre
3522 3074 3716 3145 verba,

2062 3186 2189 3240 qum
2222 3168 2405 3223 risum
2440 3167 2525 3221 vel
2560 3166 2915 3221 cachinnum
2948 3168 3242 3231 moveant,
3291 3162 3389 3217 sed
3425 3161 3613 3232 magis
3644 3162 3716 3215 ad

295 3256 567 3329 patriam.
602 3258 863 3326 Cumque
894 3260 1027 3309 ante
1081 3256 1295 3309 domus
1348 3272 1468 3309 suae
1505 3254 1724 3325 januas
1756 3272 1945 3311 acces-
1978 3238 2020 3303 (ἶ
2062 3238 2575 3328 compunctionem
2601 3254 3133 3327 ellacrymas,etad
3160 3252 3488 3324 profectum
3508 3250 3716 3305 animas

296 3345 493 3411 sisset,
516 3348 574 3401 et
596 3360 771 3401 suum
801 3344 1137 3399 nuntiasset
1160 3344 1500 3410 adventum,
1539 3343 1804 3399 veniente
1826 3361 1951 3416 ger-

297 3452 472 3490 mana
503 3432 720 3489 clausis
773 3431 957 3487 oculis
1016 3431 1198 3487 dixit:
1254 3433 1399 3486 Ecce
1458 3448 1561 3503 ego
1622 3449 1754 3487 sum
1799 3434 1952 3501 Pior,

296 3522 677 3596 quantumvis
710 3527 947 3594 aspectu
1002 3522 1236 3578 satiare.
1290 3523 1455 3577 Tunc
1500 3521 1599 3575 illa
1629 3522 1957 3594 gratiﬁcata

296 3613 556 3669 laudavit
588 3615 790 3667 Deum.
824 3617 896 3665 At
937 3610 1033 3666 ille
1082 3611 1343 3665 oratione
1393 3611 1544 3665 facta
1572 3612 1845 3666 remeavit
1879 3614 1951 3666 ad

298 3718 581 3772 eremum,
606 3701 705 3757 ubi
726 3700 949 3756 fodiens
972 3717 1188 3772 aquam
1220 3700 1437 3755 invenit
1461 3717 1743 3770 amaram,
1769 3717 1953 3771 eaque

300 3809 445 3847 usus
465 3796 555 3845 est
572 3807 756 3862 usque
774 3790 845 3845 ad
864 3789 1137 3844 ultimum
1153 3789 1283 3843 vita:
1300 3789 1472 3843 diem.
1495 3794 1633 3844 Post
1651 3790 1821 3859 cujus
1836 3790 1952 3844 obi-

298 3884 425 3935 tum
453 3879 652 3934 nullus
676 3879 791 3933 illic
816 3879 1079 3933 habitare
1103 3878 1426 3948 praevaluit.
1448 3878 1562 3948 Ego
1582 3882 1775 3932 autem
1800 3894 1948 3947 reor,

299 3968 439 4040 quia
453 3985 554 4039 per
567 3967 891 4022 orationem
906 3968 1033 4036 ejus
1051 3967 1120 4020 ad
1139 3982 1276 4020 suos
1290 3983 1433 4021 usus
1451 3966 1681 4020 fecisset
1695 3966 1949 4033 dulcem,

299 4058 440 4112 dum
474 4056 648 4111 etiam
684 4056 823 4111 alibi
857 4072 971 4109 non
1004 4057 1331 4109 exstantem
1382 4054 1641 4109 oratione
1672 4055 1953 4109 meruerit

298 4162 591 4201 emanare.
616 4145 763 4200 Nam
788 4161 922 4199 cum
947 4142 1176 4215 Moyses
1195 4146 1250 4197 et
1267 4144 1392 4213 ejus
1414 4143 1685 4197 monachi
1707 4150 1951 4215 puteum

308 4234 623 4306 aliquando
646 4234 929 4298 foderent,
956 4249 1060 4287 nec
1095 4248 1301 4286 venam
1326 4230 1583 4302 aliquam
1610 4233 1950 4303 reperirent,

299 4326 355 4377 et
384 4340 499 4377 non
548 4321 805 4393 amplius
847 4322 972 4391 jam
1027 4320 1222 4375 fodere
1272 4318 1519 4374 altitudo
1571 4320 1952 4391 permitteret,

300 4412 491 4467 medio
513 4410 605 4465 die
628 4412 967 4481 supervenit
987 4409 1142 4473 Pior,
1173 4414 1227 4463 et
1251 4409 1512 4463 oratione
1542 4409 1691 4462 facta
1712 4410 1951 4464 descen-

298 4501 385 4557 dit
416 4501 475 4555 in
507 4502 754 4567 foveam,
788 4516 1044 4571 cumque
1076 4499 1247 4553 tertio
1298 4498 1687 4568 percussisset
1716 4502 1951 4565 terram,

2064 3346 2412 3417 pertineant.
2444 3346 2605 3400 Tuus
2639 3360 2830 3399 sermo
2864 3359 3095 3413 semper
3144 3342 3221 3397 sit
3267 3339 3389 3395 sale
3420 3340 3713 3393 conditus.

2062 3436 2271 3491 Narrat
2299 3434 2547 3489 historia
2575 3433 2892 3504 Tripartita
2922 3447 3176 3502 namque
3215 3434 3499 3483 Amonem
3530 3428 3712 3482 Tabe-

2064 3525 2399 3580 nensiorum
2422 3523 2729 3595 praesulem
2747 3526 2923 3593 atque
2942 3521 3239 3575 Theonem
3255 3517 3578 3573 multorum
3595 3533 3715 3571 mo-

2064 3614 2382 3669 nachorum
2409 3613 2719 3683 prazsidem
2746 3611 2926 3665 fuisse
2952 3626 2963 3664 :
2990 3609 3162 3664 ambo
3195 3623 3449 3678 namque
3482 3607 3713 3661 fuerant

2061 3708 2393 3774 operatores
2424 3700 2857 3773 inopilabilium
2900 3715 3117 3763 rerum,
3150 3702 3206 3753 et
3237 3696 3434 3751 divina
3464 3694 3714 3767 pruden-

2060 3792 2143 3847 tia
2164 3791 2582 3863 prophetiaque
2605 3789 2897 3861 completi.
2925 3788 3149 3843 Dicitur
3181 3787 3478 3841 Theonem
3512 3784 3708 3839 erudi-

2060 3885 2185 3935 tum
2218 3879 2711 3951 riigyptiacorum,
2745 3878 3077 3931 Griecorum
3099 3876 3558 3944 Latinorumque
3582 3877 3705 3926 stu-

2062 3970 2194 4034 diis,
2220 3968 2463 4039 triginta
2486 3983 2671 4021 annos
2703 3965 2979 4020 habuisse
3023 3963 3501 4018 taciturnitatem.
3536 3965 3711 4015 Porro

2062 4076 2095 4113 a
2120 4057 2277 4112 nullo
2300 4056 2605 4111 hominum
2628 4054 2816 4109 visum
2856 4054 3230 4119 irascentem,
3254 4057 3356 4106 aut
3386 4052 3707 4120 jurantem,

2064 4151 2162 4201 aut
2194 4145 2599 4209 mentientem,
2630 4148 2731 4197 aut
2762 4158 2979 4197 vanum
3014 4140 3275 4211 aliquod,
3298 4139 3386 4194 vel
3411 4154 3706 4209 asperum,

2062 4234 2150 4290 vel
2175 4235 2473 4289 inﬁrmum
2496 4230 2810 4304 protulisse
2831 4246 3185 4285 sermonem.
3202 4225 3709 4296 Horumtempori-

2060 4325 2173 4379 bus
2204 4324 2313 4377 fuit
2342 4323 2515 4376 etiam
2560 4319 2751 4375 Ilelias
2804 4319 3129 4375 monachus
3179 4335 3359 4390 agens
3410 4316 3467 4371 in
3516 4330 3709 4369 eremo

2063 4413 2247 4468 aetatis
2280 4430 2499 4468 annum
2532 4411 2687 4465 circa
2733 4410 3099 4465 centesinum
3154 4414 3327 4479 atque
3374 4405 3706 4470 decimum;

2065 4507 2233 4557 antea
2264 4506 2458 4556 tamen
2492 4516 2635 4571 pene
2668 4498 3041 4570 septuaginta
3073 4498 3241 4552 annis
3289 4493 3448 4550 solus
3477 4492 3619 4547 vixit
3651 4491 3708 4545 in

301 4606 436 4645 mox
465 4589 758 4645 emanavit
787 4606 959 4660 aqua,
994 4603 1247 4659 cumque
1295 4587 1556 4641 oratione
1585 4586 1734 4641 facta
1765 4588 1955 4643 disce-
1985 4606 2032 4670 Β
2064 4591 2397 4658 solitudine,
2431 4594 2489 4664 et
2536 4605 2723 4659 usque
2774 4588 2847 4641 ad
2895 4587 3046 4641 hanc
3096 4591 3322 4640 aetatem
3362 4582 3708 4655 jejunando,

299 4679 481 4746 deret,
504 4678 622 4734 illis
644 4694 777 4733 eum
803 4677 1135 4748 petentibus
1161 4681 1224 4731 ut
1249 4674 1335 4731 vel
1363 4693 1430 4731 ex
1470 4692 1622 4747 aqua
1652 4680 1916 4748 gustaret
1941 4695 1952 4732 :

300 4769 385 4822 Ad
408 4769 585 4840 quod,
608 4768 822 4839 inquit,
849 4766 1105 4821 directus
1124 4783 1277 4833 sum,
1306 4768 1361 4821 et
1383 4770 1618 4837 propter
1636 4766 1789 4836 quod
1805 4766 1954 4832 veni,

302 4861 602 4929 peractum
625 4861 734 4913 est.
760 4857 1071 4927 Propterea
1092 4872 1247 4918 vero,
1272 4872 1304 4909 ο
1346 4853 1721 4909 sanctissima
1742 4860 1947 4925 mater,

301 4946 422 5001 hac
442 4946 547 5001 tibi
571 4946 642 5001 de
683 4944 849 5000 Piore
892 4943 1177 4999 monacho
1221 4944 1452 5014 scripsi,
1479 4948 1544 4997 ut
1570 4944 1817 5014 perfecte
1841 4944 1951 4997 sci-

301 5052 393 5090 res
417 5036 571 5106 quod
626 5032 986 5090 continentia
1037 5032 1295 5087 etiamin
1348 5032 1477 5087 visu
1502 5032 1579 5086 sit
1600 5033 1948 5088 necessaria.

297 5123 527 5179 Audisti
562 5139 693 5179 vero
716 5140 894 5191 nunc,
922 5138 1096 5194 quam
1120 5124 1330 5176 cautus
1352 5120 1461 5175 iste
1484 5126 1725 5175 sanctus
1750 5138 1951 5176 mona-

300 5214 447 5269 chus
469 5213 597 5283 fuit,
622 5213 721 5285 qui
748 5229 851 5268 nec
888 5210 1233 5267 inobediens
1276 5209 1383 5264 fuit
1425 5209 1725 5281 praeceptis
1757 5211 1949 5265 senio-

300 5320 454 5370 rum,
482 5304 581 5374 qui
603 5302 773 5356 illum
798 5303 868 5357 ad
896 5318 1153 5356 sororem
1177 5317 1346 5354 suam
1372 5299 1452 5354 ire
1487 5300 1814 5369 jusserunt,
1850 5316 1950 5354 nec

301 5392 447 5448 vidit
468 5392 655 5461 ipsam
680 5391 838 5445 visus
863 5392 933 5445 ab
958 5390 1078 5457 illa,
1114 5407 1183 5445 ne
1216 5393 1416 5444 contra
1444 5394 1641 5443 votum
1676 5406 1845 5443 suum
1875 5390 1950 5443 fa-

304 5497 433 5537 cere
452 5481 762 5534 videretur.
779 5478 1353 5549 Quapropterhortor
1370 5476 1738 5532 sanctitatem
1764 5482 1947 5542 tuam,

306 5575 369 5624 ut
404 5568 569 5623 illum
602 5569 843 5623 studeas
870 5566 1113 5621 imitari.
1147 5567 1269 5621 Non
1306 5565 1382 5620 sit
1414 5566 1515 5621 tibi
1551 5583 1690 5620 cura
1715 5566 1949 5621 videndi

302 5663 437 5716 tuos
468 5658 827 5731 propinquos
857 5656 942 5713 vel
974 5655 1215 5723 amicos,
1270 5673 1416 5727 quos
1468 5656 1524 5710 in
1574 5655 1785 5711 saeculo
1817 5657 1947 5713 reli-

2068 4679 2435 4749 multumque
2458 4677 2679 4733 silendo
2698 4680 2754 4731 et
2767 4674 3011 4729 viriliter
3023 4672 3418 4729 conversando
3432 4671 3709 4742 pervenit.

2066 4769 2195 4824 Haec
2220 4766 2503 4823 miracula
2528 4767 2728 4821 hortor
2752 4769 2815 4819 ut
2843 4764 3176 4834 frequenter
3216 4762 3395 4834 legas,
3437 4763 3500 4814 ut
3538 4760 3713 4826 scias,

2067 4875 2244 4930 quam
2268 4861 2496 4911 cautam
2525 4856 2583 4909 in
2606 4855 2894 4925 loquendo
2930 4857 2985 4908 te
3008 4868 3135 4908 esse
3175 4854 3455 4923 oporteat.
3485 4848 3712 4903 Audisti

2058 4963 2195 5002 vero
2246 4962 2423 5011 nunc,
2475 4947 2531 4999 et
2583 4947 2647 4997 ut
2700 4948 2861 5014 puto,
2914 4942 3208 4996 memoriae
3262 4936 3707 5001 commendasti,

2063 5036 2218 5108 quod
2267 5033 2646 5089 doctissimus
2697 5031 3020 5086 monachus
3064 5030 3265 5086 Theon
3315 5045 3417 5100 per
3467 5024 3708 5095 triginta

2062 5141 2247 5181 annos
2268 5122 2454 5179 tenuit
2475 5119 2928 5176 taciturnitatem
2960 5139 2971 5188 ;
2996 5121 3200 5175 hortor
3218 5118 3415 5190 igitur,
3442 5113 3581 5184 quia
3599 5128 3707 5166 no-

2062 5214 2153 5269 bis
2179 5213 2413 5268 assidue
2436 5215 2625 5266 tacere
2660 5226 2775 5264 non
2808 5208 2962 5277 licet,
2991 5210 3076 5265 vel
3104 5209 3279 5263 etiam
3320 5204 3479 5269 libet,
3504 5201 3559 5254 id
3584 5199 3708 5271 pla-

2062 5306 2205 5368 ceat,
2243 5307 2306 5355 ut
2336 5300 2421 5356 vel
2454 5316 2682 5371 semper
2711 5316 2743 5353 a
2775 5299 2929 5353 malo
2977 5294 3351 5353 detractionis
3405 5290 3706 5346 sileamus.

2060 5391 2132 5445 Ut
2162 5407 2296 5463 ergo
2328 5389 2431 5445 tibi
2466 5390 2649 5445 virtus
2680 5387 3105 5442 taciturnitatis
3155 5384 3399 5456 placeat,
3436 5378 3574 5435 audi
3607 5379 3708 5434 ad-

2061 5481 2195 5547 huc,
2232 5480 2369 5551 quid
2404 5478 2710 5534 Zacharias
2739 5478 2807 5531 de
2847 5477 2975 5546 ipsa
3026 5475 3417 5544 interrogatus
3462 5485 3709 5540 respon—

2061 5570 2229 5626 deat:
2266 5569 2409 5624 dixit
2441 5568 2620 5624 abbas
2654 5569 2875 5627 Pastor,
2905 5563 3043 5633 quia
3076 5560 3453 5632 interrogavit
3476 5558 3703 5631 Moyses

2061 5661 2329 5733 fratrem}
2358 5658 2696 5717 Zachariam
2755 5655 2976 5722 dicens,
3046 5653 3187 5728 quid
3243 5649 3451 5708 vides?
3498 5644 3706 5719 etLille
