4064 6188
322 315 438 382 923

1627 321 2028 386 ADALGERI
2071 323 2423 388 EPISCOPI

3614 318 3746 381 924

324 449 505 508 dixit:
559 449 714 508 Nihil
764 449 976 508 melius
1031 452 1122 509 est
1178 469 1354 526 quam
1413 457 1623 522 tacere,
1681 460 1864 527 pater.
1900 457 1966 512 Et
1995 458 2049 526 Α
2079 474 2214 514 mus
2248 475 2426 531 quam
2457 457 2740 531 corporis.
2776 457 3031 514 Ornatus
3069 455 3159 512 est
3205 452 3420 511 mentis
3449 451 3745 525 charitas,

326 541 727 597 dixi:Verum
788 545 897 610 est,
961 541 1086 612 lilii,
1144 547 1287 599 tace.
1352 548 1504 600 Hora
1536 549 1728 600 autem
1765 546 1967 602 mortis

325 631 453 700 ejus
483 631 695 686 sedens
745 630 925 687 abbas
976 631 1233 689 Isidorus
1281 633 1532 706 respexit
1579 635 1639 690 in
1671 635 1880 691 coelum
1913 639 1970 689 et

323 717 497 774 dixit:
539 717 774 788 Laetare,
821 719 924 773 ﬁlii
964 720 1259 787 Zacharia,
1285 721 1426 793 quia
1447 728 1658 794 apertae
1705 728 1842 778 sunt
1865 721 1968 778 tibi

314 807 515 877 januze
547 808 709 877 regni
741 807 1040 864 caelorum.
1075 809 1271 877 Vides,
1303 828 1334 866 0
1367 813 1738 867 sanctissima
1761 817 1963 879 mater,

323 896 476 967 quod
509 897 800 952 Zachariae
850 915 951 969 pro
1001 899 1420 956 taciturnitatis
1472 903 1726 956 maxima
1755 900 1967 956 virtute

318 989 532 1056 apertae
557 987 757 1057 januaa
788 986 936 1041 coeli.
966 987 1035 1043 Ut
1065 1005 1200 1059 ergo
1233 994 1288 1044 et
1316 990 1422 1051 tibi
1453 991 1808 1060 aperiantur,
1836 1007 1967 1044 ama

318 1079 530 1140 tacere,
567 1075 742 1147 dilige
774 1076 964 1131 silere.
1005 1078 1140 1149 Legi
1193 1079 1348 1132 enim
1399 1080 1469 1133 de
1517 1080 1771 1150 quodam
1802 1095 1964 1134 servo

319 1163 440 1228 Dei,
471 1165 646 1235 quod,
695 1170 758 1220 ut
809 1166 1268 1221 taciturnitatem
1319 1169 1585 1232 disceret,
1639 1186 1738 1240 per
1768 1169 1965 1239 plures

316 1269 500 1308 annos
530 1253 783 1326 lapidem
818 1254 876 1308 in
913 1272 1009 1310 ore
1042 1273 1148 1310 suo
1179 1258 1508 1328 portaverit.
1531 1259 1827 1312 Admoneo
1851 1258 1963 1311 ita-

318 1358 452 1412 que,
489 1343 773 1399 admoneo
807 1345 1042 1411 iterum,
1077 1349 1141 1400 ut
1170 1345 1432 1417 linguam
1457 1351 1616 1401 tuam
1645 1347 1961 1414 custodias,

320 1428 465 1486 nulli
499 1432 791 1502 detrahas,
825 1434 1043 1488 nemini
1078 1433 1413 1504 maledicas,
1449 1435 1606 1490 nulla
1629 1436 1812 1491 risum
1837 1453 1961 1492 mo-

317 1521 510 1576 ventia
529 1522 703 1576 verba
742 1523 1003 1594 proferas
1031 1542 1043 1591 ;
1070 1523 1258 1595 cogita
1302 1541 1476 1596 quam
1517 1526 1706 1580 brevis
1747 1525 1823 1580 sit
1853 1525 1965 1581 ista

316 1609 454 1676 vita,
479 1613 536 1664 et
561 1627 740 1681 quam
765 1610 980 1668 misera
1022 1613 1081 1667 in
1114 1615 1543 1685 comparatione
1565 1619 1788 1670 aeterna:
1814 1614 1960 1670 vitae.

316 1702 447 1753 Haec
469 1698 778 1771 cogitando
797 1705 853 1756 et
874 1700 1135 1773 linguam
1157 1706 1316 1757 tuam
1339 1705 1701 1769 refrenando,
1726 1703 1960 1758 imitan-

2078 548 2241 616 ﬁdes,
2267 548 2590 617 humilitas,
2616 547 2867 615 bonitas,
2895 563 2961 602 ac
2982 545 3334 617 benignitas.
3359 545 3434 599 De
3451 543 3543 598 his
3557 560 3745 599 nam-

2078 653 2191 708 que
2215 636 2528 693 virtutibus
2568 654 2735 692 mens
2758 640 2999 692 ornatur
3029 634 3154 690 eine
3177 633 3292 688 ﬁne
3335 649 3470 688 cum
3499 637 3618 688 Deo
3650 632 3743 688 vi-

2078 731 2241 781 ctura
2265 745 2278 782 :
2312 743 2442 782 caro
2465 727 2642 794 enim,
2668 724 2937 797 quamvis
2953 722 3225 795 pretiosis
3240 721 3502 776 vestibus
3521 737 3741 793 coope-

2078 813 2282 882 riatur,
2305 815 2570 886 quamvis
2589 831 2729 869 auro
2747 817 3102 885 argentoque
3119 815 3377 875 ornetur,
3400 809 3548 864 nihil
3565 810 3734 865 aliud

2077 909 2164 958 est
2186 921 2362 974 quam
2387 921 2540 972 caro,
2564 909 2621 959 et
2641 903 2853 975 pulvis,
2877 906 2934 957 et
2958 901 3175 967 lutum,
3200 904 3259 979 et
3292 902 3541 955 stercus.
3574 899 3740 962 Qua-

2076 999 2309 1065 propter
2339 1010 2451 1048 non
2484 1008 2835 1065 magnopere
2869 991 2940 1046 de
2985 990 3254 1045 vestibus
3283 1004 3556 1060 procura.
3590 987 3738 1042 Cor-

2075 1099 2184 1154 pus
2208 1083 2445 1137 domare
2467 1083 2783 1148 debemus,
2817 1096 2930 1135 non
2958 1077 3236 1134 balneum
3259 1076 3506 1132 subinde
3528 1079 3741 1148 requi-

2074 1186 2218 1236 rere,
2247 1187 2361 1225 non
2386 1174 2593 1225 ornata
2615 1169 2981 1235 vestimenta,
3004 1166 3143 1238 quia
3159 1167 3208 1221 si
3228 1182 3436 1237 corpus
3454 1170 3740 1220 nostrum

2076 1260 2318 1315 delicate
2343 1261 2661 1324 foveamus,
2687 1258 2913 1313 hostem
2940 1261 3206 1312 nostrum
3232 1255 3740 1310 nutrimus.l\'un-

2074 1365 2248 1420 quam
2275 1348 2430 1404 enim
2456 1349 2736 1419 majorem
2763 1345 3068 1401 inimicum
3098 1349 3293 1417 potest
3315 1344 3489 1399 homo
3513 1343 3740 1398 habere

2072 1455 2250 1509 quam
2283 1455 2530 1510 corpus;
2565 1453 2776 1508 corpus
2810 1435 2965 1491 enim
2998 1434 3178 1489 trahit
3205 1439 3465 1489 mentem
3497 1433 3569 1487 ad
3606 1448 3740 1504 pec-

2073 1528 2345 1593 candum,
2371 1529 2428 1581 et
2450 1526 2577 1580 ideo
2601 1529 2835 1596 propter
2856 1522 3002 1578 illud
3027 1522 3198 1578 debet
3230 1538 3433 1578 servus
3456 1521 3561 1577 Dei
3584 1521 3734 1576 sub-

2063 1617 2336 1689 jugatum
2371 1615 2607 1670 habere.

2442 1708 2574 1760 CAP.
2606 1704 2758 1757 VIII.
2791 1733 2860 1743 ——-
2892 1704 2966 1758 De
2990 1702 3342 1766 abstinentia.

316 1787 388 1842 do
412 1804 612 1842 eorum
639 1793 854 1857 actum,
880 1808 1129 1862 quorum
1153 1791 1422 1862 superius
1445 1794 1595 1849 facta
1615 1797 1703 1849 est
1722 1793 1959 1859 mentio,
1993 1829 2042 1894 B
2142 1795 2322 1850 Debet
2352 1809 2605 1864 namque
2647 1809 2860 1863 corpus
2911 1791 3092 1863 afﬂigi
3143 1806 3246 1863 per
3276 1789 3727 1856 abstinentiam,

319 1877 446 1932 sine
476 1877 656 1934 dubio
688 1879 757 1934 ad
791 1896 991 1936 eorum
1023 1885 1408 1950 consortium,
1441 1889 1497 1939 et
1518 1885 1587 1938 ad
1617 1901 1816 1940 eorum
1842 1886 1964 1957 glo-

321 1965 467 2020 riam
490 1967 808 2038 pervenies.
838 1971 1122 2035 Quoniam
1148 1977 1339 2029 autem
1374 1974 1432 2028 in
1459 1974 1654 2028 animo
1701 1978 1800 2028 tuo
1820 1975 1969 2029 mul-

320 2058 446 2110 tum
497 2056 957 2113 taciturnitatem
1007 2059 1267 2117 inculare
1313 2062 1462 2129 volo,
1514 2068 1571 2118 et
1614 2063 1751 2134 quia
1783 2064 1967 2120 multa

319 2143 473 2198 bona
515 2161 691 2216 opera
741 2149 979 2218 propter
1019 2148 1226 2204 vitium
1274 2150 1486 2223 linguas
1536 2156 1800 2223 pereunt,
1833 2151 1963 2208 ideo

319 2233 510 2288 adhuc
544 2250 724 2289 unam
758 2237 1164 2294 sententiolam
1198 2240 1268 2294 de
1299 2240 1696 2296 taciturnitate
1722 2241 1962 2311 subjan-

315 2338 472 2392 gam.
504 2323 681 2378 Venit
709 2324 768 2378 in
802 2324 1008 2382 itinere
1048 2329 1502 2386 conversationis
1536 2347 1653 2385 suas
1684 2330 1964 2402 Evagrius

314 2411 385 2465 ad
419 2413 733 2483 quemdam
768 2429 988 2485 senem,
1023 2422 1080 2472 et
1116 2417 1261 2472 dixit
1291 2419 1379 2474 ei:
1435 2418 1537 2474 Dic
1587 2419 1754 2488 mihi,
1790 2419 1960 2487 abba,

311 2517 666 2568 sermonem,
692 2520 806 2574 quo
833 2503 1032 2562 salvus
1052 2507 1211 2563 fiam.
1236 2507 1338 2564 Ille
1382 2512 1574 2564 autem
1616 2508 1758 2563 dixit
1781 2508 1832 2564 ei
1858 2525 1870 2562 :
1903 2508 1962 2562 Si

309 2588 398 2643 vis
418 2589 612 2645 salvus
637 2592 781 2659 fieri,
805 2595 1040 2664 quando
1062 2597 1133 2650 ad
1159 2596 1412 2667 aliquem
1449 2597 1632 2664 vadis,
1658 2614 1771 2652 non
1797 2597 1962 2667 prius

313 2677 576 2748 loquaris
599 2695 776 2748 quam
798 2681 895 2736 ille
918 2686 974 2738 te
997 2683 1272 2754 inquirat.
1305 2686 1585 2757 Evagrius
1627 2685 1686 2740 in
1708 2686 1817 2741 hoc
1838 2701 1956 2740 ser-

317 2782 490 2821 mone
508 2773 895 2838 compunctus
915 2771 1315 2842 paenitentiam
1334 2774 1452 2845 egit
1468 2774 1523 2829 in
1545 2779 1858 2845 conspectu
1875 2791 1960 2830 se-

316 2855 430 2922 nis,
455 2859 511 2910 et
533 2855 818 2913 satisfecit
837 2857 889 2912 ei
929 2859 1128 2916 dicens
1155 2879 1166 2916 :
1209 2859 1388 2917 Crede
1427 2862 1593 2932 mihi,
1619 2862 1834 2918 multos
1857 2879 1956 2918 co-

313 2943 472 3000 dices
494 2943 630 3016 legi,
658 2950 714 3001 et
735 2947 908 3003 talem
927 2949 1316 3006 eruditionem
1335 2968 1638 3022 nunquam
1655 2951 1868 3008 inveni.
1891 2952 1956 3006 Et

311 3033 562 3088 multum
599 3035 908 3106 proﬁciens
958 3038 1150 3094 exivit.
1203 3041 1284 3096 Ex
1331 3040 1424 3096 his
1472 3041 1628 3096 enim
1675 3040 1887 3111 verbis,
1920 3057 1952 3096 o

309 3121 686 3178 sanctissima
707 3129 914 3196 mater,
941 3125 1135 3183 lucide
1171 3129 1610 3185 demonstratur
1633 3146 1646 3197 ;
1673 3129 1842 3185 beata
1865 3133 1953 3184 est

2072 1899 2175 1955 per
2202 1883 2460 1956 vigiliam
2491 1888 2547 1938 et
2577 1899 2679 1954 per
2708 1881 2967 1936 diversos
3013 1880 3241 1946 modos,
3290 1878 3372 1934 ita
3403 1884 3628 1944 tamen,
3664 1883 3731 1933 ut

2072 1990 2304 2044 semper
2326 1989 2501 2029 suum
2524 1971 2783 2028 ofﬁcium
2806 1985 3096 2041 suamque
3117 1967 3511 2024 obedientiam
3538 1967 3729 2039 possit

2072 2063 2366 2135 perlicere.
2400 2061 2819 2133 Castigandum
2850 2073 3083 2130 semper
3131 2062 3189 2114 et
3217 2056 3606 2128 affligendum
3638 2061 3730 2112 est

2072 2168 2304 2224 corpus,
2342 2155 2406 2206 ut
2435 2151 2506 2206 ad
2540 2144 2762 2206 malum
2796 2165 2942 2220 opus
2974 2146 3234 2202 animam
3265 2161 3379 2201 non
3412 2145 3636 2209 trahat,
3669 2148 3725 2200 et

2071 2242 2142 2298 ad
2167 2240 2561 2313 peragendum
2584 2239 2808 2294 bonum
2842 2237 2919 2293 sit
2960 2252 3192 2308 semper
3228 2235 3530 2290 idoneum.
3551 2234 3726 2304 Nam,

2071 2329 2172 2402 qui
2201 2330 2288 2396 ita
2317 2344 2531 2401 corpus
2564 2331 2840 2397 macerat,
2876 2330 2941 2381 ut
2964 2342 3037 2380 ne
3058 2324 3296 2396 quidem
3322 2323 3548 2379 bonum
3574 2339 3731 2394 opus

2069 2420 2256 2474 facere
2287 2417 2494 2488 valeat,
2525 2415 2898 2472 discretionis
2930 2413 3120 2470 adhuc
3160 2413 3392 2485 ignorat
3419 2411 3729 2467 virtutem.

2069 2507 2142 2562 Ut
2170 2507 2351 2579 igitur
2381 2509 2438 2561 et
2482 2522 2693 2577 corpus
2734 2503 2886 2559 scias
2927 2502 3208 2574 afﬂigere,
3260 2505 3318 2555 et
3368 2503 3727 2572 temperare,

2067 2613 2252 2650 unum
2286 2597 2356 2651 de
2376 2595 2494 2650 vita
2518 2597 2857 2650 sanctorum
2881 2592 3121 2647 Patrum
3145 2590 3336 2646 dicam
3361 2604 3728 2644 sermonem.

2067 2684 2381 2740 Dicebatur
2409 2684 2480 2739 de
2513 2683 2766 2755 quodam
2815 2685 3000 2752 patre,
3046 2679 3202 2750 quod
3253 2677 3394 2732 dum
3422 2675 3729 2732 saecularis

2071 2777 2242 2840 esset,
2268 2777 2326 2828 et
2345 2774 2654 2844 coniugem
2675 2769 3001 2836 habuisset,
3026 2772 3229 2840 postea
3251 2781 3567 2822 conversus
3591 2769 3726 2820 ten-

2070 2862 2305 2917 tabatur
2325 2863 2396 2917 de
2417 2879 2485 2918 ea
2506 2879 2541 2917 a
2581 2861 2814 2916 Satana.
2839 2860 2968 2930 Ipse
3007 2873 3140 2912 vero
3178 2854 3435 2912 narravit
3473 2854 3585 2910 hoc
3611 2871 3721 2926 pa-

2068 2950 2279 3005 tribus.
2308 2951 2414 3015 Qui
2445 2967 2580 3006 cum
2612 2948 2934 3018 audissent,
2967 2946 3106 3018 quia
3133 2944 3434 3017 operarius
3459 2948 3634 3012 esset,
3658 2948 3722 2999 et

2070 3040 2294 3109 majora
2323 3040 2509 3096 facere
2541 3038 2849 3111 potuisset,
2883 3051 3060 3107 quam
3087 3034 3140 3090 ei
3171 3033 3492 3100 dicebatur,
3523 3033 3720 3105 impo-

2069 3131 2314 3183 suerunt
2337 3128 2390 3183 ei
2421 3129 2665 3198 majora,
2690 3130 2755 3182 ut
2785 3123 3192 3181 debilitaretur
3215 3138 3426 3193 corpus
3457 3122 3612 3193 ejus,
3636 3122 3727 3177 ita

310 3210 411 3267 illa
433 3211 648 3280 anima,
676 3229 802 3285 quae
827 3214 1240 3273 taciturnitatis
1281 3219 1543 3289 perfectae
1580 3196 1756 3274 habet
1776 3218 1958 3274 virtu-
1988 3196 2031 3266 (ἶ
2069 3220 2135 3272 ut
2155 3233 2391 3289 surgere
2419 3196 2534 3272 non
2557 3220 2774 3287 posset.
2800 3218 2910 3270 Deo
2942 3216 3137 3268 autem
3161 3210 3560 3283 dispensante,
3589 3210 3727 3281 qui-

316 3303 460 3356 tem.
485 3301 672 3368 Dilige
692 3302 842 3358 hanc
861 3304 1154 3375 virtutem,
1181 3306 1412 3377 posside
1434 3306 1541 3362 hoc
1563 3307 1804 3375 donum,
1834 3322 1966 3362 con-

322 3405 489 3446 serva
507 3390 660 3446 hanc
683 3394 1079 3465 margaritam.
1129 3396 1462 3451 Amandum
1494 3400 1582 3451 est
1621 3412 1755 3468 ergo
1787 3395 1963 3451 silen-

321 3479 492 3547 tium,
517 3481 656 3551 quia
672 3497 774 3552 per
793 3481 851 3536 id
873 3482 1176 3539 humilitas
1194 3484 1473 3552 nutritur,
1498 3484 1764 3555 lacrymas
1786 3485 1965 3557 glori-

322 3570 594 3635 antur,ad
609 3573 934 3625 extremum
949 3571 1136 3627 multa
1148 3571 1304 3627 mala
1316 3572 1962 3643 perilluddeclinantur.

563 3656 696 3711 CAP.
730 3658 852 3713 VII.
885 3689 954 3698 —
984 3660 1058 3714 De
1097 3661 1434 3715 continentia
1471 3662 1715 3716 vestitus.

386 3744 543 3799 Sciat
565 3745 816 3818 denique
836 3747 1136 3802 beatitudo
1159 3752 1282 3818 tua,
1308 3765 1339 3804 ο
1363 3749 1737 3805 sanctissima
1758 3753 1963 3819 mater,

319 3834 475 3905 quod
500 3833 557 3888 in
579 3835 944 3892 vestimentis
965 3837 1041 3891 sit
1057 3837 1416 3893 continentia
1431 3837 1597 3894 valde
1615 3839 1962 3895 necessaria.

322 3923 472 3978 Sunt
499 3924 676 3979 etiam
709 3924 900 3993 multi,
936 3925 1038 3997 qui
1070 3931 1298 3997 putant,
1331 3927 1482 3998 quod
1508 3928 1802 4000 appetitus
1834 3945 1964 4000 pre-

322 4012 609 4068 tiosarum
641 4013 890 4070 vestium
922 4020 1224 4087 peccatum
1249 4033 1362 4071 non
1385 4016 1480 4072 sit.
1506 4019 1668 4083 Quod
1693 4017 1741 4072 si
1765 4034 1965 4089 pecca-

323 4106 448 4157 tum
490 4119 605 4158 non
645 4103 876 4174 fuisset,
926 4121 1298 4176 nequaquam
1351 4107 1633 4162 Dominus
1679 4107 1964 4162 Joannem

321 4193 392 4247 de
413 4191 724 4264 asperitate
745 4193 1076 4249 vestimenti
1101 4194 1190 4250 sui
1212 4193 1513 4250 laudasset
1535 4221 1548 4262 ;
1568 4195 1649 4250 ait
1664 4197 1817 4250 enim
1841 4201 1965 4251 tur-

320 4280 410 4337 bis
438 4299 450 4336 :
479 4282 618 4350 Quid
639 4284 830 4338 existis
852 4285 912 4338 in
935 4284 1216 4339 desertum
1253 4284 1443 4340 videre
1464 4289 1489 4338 ?
1529 4284 1803 4341 hominem
1822 4287 1963 4342 mol-

319 4372 464 4426 libus
487 4373 744 4426 vestitum
762 4375 787 4424 .9
805 4388 920 4428 ecce
941 4375 1038 4443 qui
1075 4371 1339 4428 mollibus
1358 4375 1685 4441 vestiuntur,
1710 4377 1769 4430 in
1790 4375 1964 4431 domi-

321 4461 418 4515 bus
447 4477 640 4532 regum
671 4468 802 4515 sunt
825 4463 976 4530 (Luc.
1011 4478 1114 4530 vn,
1161 4462 1273 4533 25).
1321 4465 1578 4518 Joannes
1609 4479 1744 4535 ergo
1775 4463 1966 4519 molli-

2073 3305 2209 3361 dam
2231 3305 2574 3378 peregrinus
2596 3303 2852 3372 advenit,
2877 3306 2934 3358 et
2948 3299 3328 3375 pertransivit
3345 3299 3554 3356 cellam
3569 3300 3730 3370 ejus,

2073 3395 2376 3450 admirans
2404 3394 2696 3467 quomodo
2728 3408 2900 3448 nemo
2940 3406 3214 3464 egressus
3243 3393 3398 3445 esset
3425 3389 3485 3444 in
3517 3404 3733 3445 occur-

2075 3501 2207 3539 sum
2239 3486 2388 3556 ejus.
2421 3485 2491 3539 Et
2533 3498 2799 3538 reversus
2849 3479 3123 3553 pulsabat
3173 3478 3411 3535 dicens:
3462 3477 3546 3533 Ne
3577 3479 3736 3534 forte

2075 3574 2277 3643 fruter,
2303 3573 2402 3644 qui
2425 3573 2484 3626 in
2509 3588 2577 3627 ea
2615 3570 2861 3636 habitat,
2902 3567 3254 3624 infirmatur.
3297 3567 3563 3630 Quicum
3595 3567 3733 3638 pul-

2074 3666 2264 3718 sasset
2285 3665 2393 3731 ter,
2419 3660 2677 3728 intravit,
2701 3663 2758 3715 et
2779 3658 3002 3715 invenit
3022 3672 3157 3712 eum
3193 3655 3370 3711 nimis
3393 3655 3730 3723 inﬁrmum,

2075 3755 2131 3806 et
2152 3749 2267 3806 dixi
2294 3749 2382 3806 ei:
2429 3749 2576 3816 Quid
2627 3749 2828 3818 habes,
2871 3745 3082 3820 pater?
3132 3748 3201 3800 Et
3238 3746 3528 3800 enarravit
3549 3745 3603 3800 ei
3635 3745 3730 3800 di-

2075 3855 2251 3895 cens:
2287 3840 2402 3911 Ego
2435 3839 2506 3894 de
2553 3837 2818 3893 saeculari
2861 3835 2982 3890 vita
3025 3850 3179 3901 sum,
3233 3838 3290 3889 et
3319 3832 3604 3889 sollicitat
3633 3850 3730 3889 me

2075 3929 2250 3984 modo
2271 3927 2548 3984 inimicus
2570 3943 2736 3982 meus
2768 3925 2839 3981 de
2867 3940 3046 3980 uxore
3076 3939 3226 3992 mea,
3257 3927 3316 3978 et
3359 3922 3590 3979 narravi
3622 3940 3732 3994 pa-

2075 4017 2288 4077 tribus.
2323 4021 2380 4072 et
2423 4017 2831 4088 imposuerunt
2854 4013 3000 4068 mihi
3023 4028 3202 4068 onera
3220 4011 3448 4068 diversa
3473 4029 3486 4079 ;
3509 4016 3567 4067 et
3588 4029 3730 4067 cum

2076 4106 2320 4179 implere
2341 4105 2546 4161 vellem
2564 4106 2757 4176 jussa,
2781 4102 2984 4167 defeci,
3008 4105 3066 4156 et
3086 4105 3281 4157 tamen
3305 4100 3586 4156 stimulus
3610 4118 3735 4157 cre-

2077 4195 2206 4251 scit.
2246 4194 2506 4250 Audiens
2531 4197 2725 4248 autem
2750 4192 2870 4247 hac
2911 4206 3110 4261 senex,
3151 4189 3527 4246 contristatus
3549 4195 3643 4246 est
3671 4197 3734 4246 et

2076 4284 2260 4340 dixit:
2298 4284 2599 4355 Siquidem
2631 4286 2825 4355 patres
2856 4285 2912 4336 et
2941 4279 3139 4352 magni
3168 4279 3275 4334 viri
3307 4279 3452 4335 bene
3484 4279 3592 4334 tibi
3618 4281 3731 4335 im—

2077 4378 2399 4445 posuerunt
2420 4388 2615 4441 onera,
2641 4371 2857 4443 quibus
2878 4368 3140 4442 gravaris
3166 4394 3180 4436 ;
3205 4369 3305 4424 sed
3327 4369 3374 4425 si
3401 4385 3495 4424 me
3516 4385 3734 4440 parvu-

2078 4462 2201 4517 lum
2233 4463 2438 4518 audire
2466 4459 2742 4532 volueris,
2775 4459 2889 4514 cito
2919 4457 3222 4514 inveniens
3244 4457 3526 4530 requiem.
3550 4458 3736 4514 Sume

320 4551 433 4606 bus
455 4550 700 4606 vestitus
723 4554 969 4622 negatur
994 4567 1006 4604 :
1038 4550 1174 4622 quia
1197 4551 1298 4622 qui
1322 4550 1600 4607 mollibus
1627 4553 1967 4621 vestiuntar,
1999 4566 2045 4631 D
2078 4567 2319 4622 parvum
2350 4551 2545 4605 cibum
2578 4549 2638 4604 in
2669 4553 2930 4620 tempore
2954 4564 3082 4615 suo,
3114 4551 3172 4602 et
3201 4545 3544 4618 recolligens
3573 4546 3737 4603 vines

321 4640 510 4711 magis
543 4645 772 4695 terreno
803 4640 920 4712 regi
954 4639 1213 4696 serviunt
1245 4657 1420 4712 quam
1453 4640 1692 4696 caelesti.
1715 4641 1969 4699 Joannes

320 4727 475 4784 enim
499 4729 725 4799 primus
745 4730 881 4784 Novi
901 4729 1260 4784 Testamenti
1281 4730 1603 4786 monachus
1621 4730 1756 4802 pilis
1773 4747 1964 4788 came-

323 4817 515 4872 lorum
567 4817 808 4872 indutus
839 4817 1021 4873 fuisse
1052 4817 1283 4890 legitur.
1336 4819 1390 4873 Si
1424 4819 1538 4888 ille,
1570 4819 1670 4890 qui
1709 4819 1767 4874 in
1802 4825 1966 4876 utero

319 4906 527 4962 matris
560 4905 963 4961 sanctificatus
997 4907 1124 4976 fuit,
1159 4911 1215 4962 et
1245 4907 1370 4962 ideo
1414 4908 1666 4963 multum
1695 4909 1966 4965 amabilis

316 5003 493 5068 atque
516 4995 768 5051 dilectus
790 4995 1031 5060 exstitit,
1057 4997 1154 5067 qui
1176 4996 1286 5052 fuit
1305 5014 1477 5052 verus
1497 4997 1964 5069 prophetaetiam

316 5084 450 5158 plus
474 5101 650 5157 quam
677 5083 980 5156 propheta,
1008 5083 1144 5155 pilis
1169 5085 1524 5140 camelorum
1546 5086 1829 5151 induitur.
1857 5105 1964 5143 nos

318 5174 412 5246 qui
437 5177 767 5247 peccatores
784 5177 842 5228 et
857 5173 1074 5228 infirmi
1096 5189 1325 5241 sumus,
1347 5179 1565 5246 quanto
1585 5176 1773 5248 magis
1791 5176 1964 5231 debe-

321 5281 454 5319 mus
479 5263 693 5318 vilibus
714 5263 974 5318 vestibus
1000 5279 1127 5319 eese
1148 5264 1404 5319 contenti
1427 5265 1454 5319 ‘?
1475 5265 1655 5321 Nemo
1687 5282 1960 5338 namque,

319 5359 386 5407 ut
415 5354 497 5408 ait
527 5354 733 5408 beatus
763 5370 913 5424 papa
942 5352 1279 5424 Gregorius,
1328 5353 1581 5425 pretiosa
1618 5354 1965 5410 vestimenta

317 5459 434 5496 non
458 5442 529 5496 ad
551 5442 787 5497 inanem
811 5441 1055 5512 gloriam
1079 5441 1306 5512 quaerit.
1329 5445 1662 5498 Peccatores
1685 5443 1840 5498 enim
1864 5460 1962 5498 su-

321 5548 473 5596 mus,
499 5535 554 5584 et
574 5531 702 5585 ideo
727 5530 978 5601 pretiosa
1002 5531 1348 5586 vestimenta
1371 5547 1624 5601 quaerere
1650 5549 1763 5588 non
1788 5533 1960 5588 debe-

317 5638 472 5680 mus.
498 5619 685 5691 Magis
716 5637 844 5676 vero
877 5623 1218 5677 ornamenta
1256 5619 1475 5677 mentis
1509 5637 1766 5693 quaerere
1789 5622 1959 5680 debe-

2077 4644 2210 4695 tuas
2245 4640 2334 4694 fac
2364 4636 2800 4709 aliquantulum
2841 4653 2988 4708 opus
3017 4634 3141 4702 Dei,
3173 4639 3232 4690 et
3255 4635 3418 4706 jacta
3454 4635 3514 4690 in
3535 4635 3729 4692 Deum

2076 4728 2393 4801 cogitatum
2411 4733 2602 4795 tuum,
2621 4727 2777 4798 quod
2793 4727 2912 4781 tuis
2929 4724 3230 4782 laboribus
3247 4725 3397 4781 hanc
3414 4725 3736 4799 impugna-

2074 4817 2294 4873 tionem
2316 4833 2432 4871 non
2454 4815 2671 4887 poteris
2697 4831 2992 4887 superare.
3033 4817 3254 4885 Corpus
3274 4815 3432 4870 enim
3454 4820 3732 4872 nostrum

2074 4907 2234 4961 velut
2253 4904 2665 4961 vestimentum
2686 4908 2776 4961 est
2798 4923 2811 4973 ;
2838 4904 2884 4960 si
2909 4921 3044 4960 cum
3067 4903 3418 4961 discretione
3441 4903 3586 4960 illud
3607 4911 3730 4962 tra-

2075 4994 2339 5060 ctaveris,
2363 4994 2558 5060 stabit,
2585 4994 2634 5049 si
2659 4998 2853 5050 autem
2876 5010 3012 5050 cum
3029 4992 3379 5049 discretione
3394 4994 3594 5050 omnia
3610 5012 3733 5052 non

2075 5083 2284 5156 egeris,
2309 5101 2421 5139 non
2447 5083 2645 5139 stabit.
2671 5082 2777 5148 Qui
2801 5099 2937 5139 eum
2983 5081 3248 5139 audisset
3278 5099 3435 5152 cum,
3457 5083 3595 5139 fecit
3623 5085 3732 5152 ita,

2075 5178 2132 5228 et
2153 5173 2304 5229 infra
2326 5190 2544 5246 paucos
2565 5174 2689 5229 dies
2712 5172 2955 5228 recessit
2971 5171 3251 5228 stimulus
3267 5173 3417 5244 ejus.
3435 5173 3604 5231 Hunc
3624 5191 3733 5231 au-

2073 5266 2190 5317 tem
2223 5279 2518 5318 summam
2549 5262 2678 5318 ideo
2721 5262 2972 5318 scribere
3019 5260 3174 5317 volui
3225 5262 3285 5316 in
3333 5263 3446 5318 isto
3494 5265 3729 5332 ordine,

2074 5353 2250 5422 quod,
2276 5369 2402 5423 quae
2427 5352 2697 5424 superius
2720 5351 3024 5418 admonui,
3049 5350 3106 5406 id
3129 5355 3238 5416 est,
3262 5351 3586 5424 silentium,
3610 5372 3729 5410 nu-

2073 5441 2245 5506 ditas,
2259 5440 3019 5512 abstinentia,corporisque
3032 5440 3336 5512 castigatio
3350 5457 3485 5496 cum
3501 5442 3726 5500 discre-

2072 5529 2230 5586 tione
2250 5534 2389 5586 sunt
2408 5532 2653 5604 agenda.
2697 5529 2977 5586 Discretio
2997 5546 3130 5586 vero
3162 5546 3376 5603 magna
3394 5530 3586 5589 virtus
3610 5540 3719 5601 est,

2073 5619 2211 5693 quia
2231 5637 2333 5693 per
2353 5620 2543 5693 ipsam
2567 5620 2722 5681 mala
2741 5618 3131 5692 declinantur,
3147 5621 3372 5680 etbona
3383 5627 3717 5682 servantur.
