4064 6188
308 348 424 407 929

1185 346 1621 410 ADMONl'l‘lO
1668 351 1769 411 AD
1816 350 2331 413 NONSUINDAM
2382 349 2826 411 RECLUSAM.

3588 353 3710 414 930

307 476 1352 536 musadabbatemJoannem.Deinde
1380 482 1645 538 sedentes
1674 484 1955 554 coepimus
1984 486 2040 552 Α
2070 484 2301 550 benda;
2355 488 2557 538 contra
2605 482 2967 537 iracundiam
3020 497 3154 536 vero
3205 483 3515 553 patientia;
3566 505 3704 543 coa-

302 566 463 638 loqui
517 567 589 622 de
635 566 857 621 visione
908 584 1080 638 quam
1148 568 1388 624 viderat.
1441 571 1721 627 Dicebant
1775 573 1952 627 etiam

302 657 371 712 de
403 656 613 711 abbate
660 656 879 727 Sysoio,
913 657 1050 727 quia
1082 674 1193 711 non
1245 658 1355 713 cito
1387 660 1699 730 deponeret
1744 678 1953 717 manus

300 762 438 800 suas
465 766 478 815 ς
504 745 736 815 quando
767 745 959 799 stabat
980 746 1050 799 ad
1085 745 1767 819 orationem,rapiebatur
1788 766 1953 804 mens

300 836 429 905 ejus
460 834 518 888 in
552 832 1046 905 superioribus.Si
1080 840 1274 890 autem
1304 837 1695 909 contingebat,
1724 839 1952 909 aliquos

299 924 546 977 fratrum
617 938 751 977 cum
800 937 865 977 eo
918 940 1100 992 orare,
1148 925 1460 980 festinabat
1504 927 1620 982 cito
1670 929 1955 998 deponere

302 1028 512 1065 manus
546 1027 704 1075 suas,
727 1028 797 1065 ne
830 1016 1129 1081 raperetur
1159 1030 1325 1068 mens
1357 1017 1506 1085 ejus,
1526 1021 1583 1070 et
1614 1023 1952 1075 moreretur.

299 1099 538 1153 Dicebat
567 1099 740 1153 etiam
776 1098 927 1153 alius
955 1117 1147 1170 senex,
1182 1102 1319 1171 quia
1348 1103 1586 1158 assidua
1630 1106 1811 1159 oratio
1843 1106 1955 1159 cito

302 1188 538 1260 corrigit
588 1192 861 1243 mentem.
914 1188 1150 1244 Dicebat
1198 1190 1433 1261 quidam
1492 1198 1765 1263 patrum:
1819 1194 1957 1263 quia

303 1278 456 1335 sicut
484 1277 849 1349 impossibile
879 1283 1053 1346 est,ut
1074 1280 1263 1333 videat
1292 1281 1425 1350 quis
1458 1281 1514 1334 in
1547 1298 1698 1352 aqua
1722 1282 1959 1336 turbida

303 1367 505 1421 faciem
541 1383 709 1422 suam
737 1384 749 1432 ;
784 1367 867 1421 sic
899 1374 955 1421 et
1002 1368 1217 1431 anima,
1249 1385 1374 1439 quae
1407 1386 1524 1423 non
1576 1375 1819 1441 purgata
1850 1370 1959 1424 fuit

305 1473 337 1511 a
384 1455 837 1527 cogitationibus
893 1454 1118 1521 alienis,
1171 1458 1552 1529 contemplari
1603 1476 1717 1513 non
1766 1464 1958 1531 potest

302 1544 748 1600 Deum.Audisti
772 1561 1023 1614 quoque,
1048 1546 1223 1616 quod,
1251 1547 1483 1616 quando
1515 1547 1695 1602 abbas
1717 1547 1957 1619 Sysolus

302 1652 418 1689 non
450 1637 562 1689 cito
593 1634 907 1688 dimitteret
939 1651 1149 1688 manus
1181 1652 1338 1699 suas,
1365 1635 1698 1706 rapiebatur
1730 1638 1786 1691 in
1820 1653 1955 1692 con-

302 1722 958 1795 templationem.Quare
989 1740 1124 1795 ergo
1157 1739 1390 1795 repente
1420 1725 1479 1779 in
1513 1725 1954 1798 contemplatio-

2062 577 2150 626 tra
2202 572 2472 626 timorem
2522 572 2811 625 mittenda
2859 576 2947 626 est
2992 571 3240 634 ﬁducia;
3292 579 3493 629 contra
3540 582 3705 649 tepo-

2063 678 2183 715 rem
2215 677 2345 715 vero
2395 659 2549 713 zelus
2582 665 2671 714 est
2709 660 3111 731 opponendus.
3145 661 3356 715 Contra
3406 664 3706 722 tristitiam

2062 765 2291 820 quoque
2317 748 2527 802 malam
2559 748 2952 803 adhibendum
2986 754 3077 803 est
3104 751 3383 820 gaudium
3415 753 3705 823 spiritale;

2064 844 2266 893 eontra
2294 837 2554 891 acediam
2586 854 2717 891 vero
2752 838 3026 891 fortitudo
3052 844 3140 892 est
3162 842 3517 895 assumenda
3542 858 3552 895 :
3579 859 3708 897 con-

2063 930 2151 981 tra
2183 926 2485 981 avaritiam
2537 926 2892 980 assumenda
2923 931 3011 981 est
3058 926 3333 997 largitas;
3366 935 3569 984 contra
3607 948 3709 985 su-

2063 1016 2323 1084 perbiam
2372 1020 2565 1068 autem
2602 1014 2904 1069 humilitas
2936 1020 3022 1069 est
3072 1018 3466 1086 proponenda.
3500 1021 3712 1074 Contra

2065 1104 2262 1158 odium
2296 1120 2427 1158 vero
2460 1103 2716 1157 Charitas
2750 1103 2935 1157 virtus
2968 1107 3321 1160 assumenda
3351 1111 3456 1162 est.
3494 1109 3569 1162 De
3602 1109 3710 1163 hoc

2066 1194 2241 1247 etiam
2273 1192 2589 1246 certamine
2623 1192 2836 1245 Paulus
2863 1192 3002 1245 dicit
3033 1193 3331 1262 apostolus
3360 1212 3373 1249 :
3411 1195 3550 1249 Caro
3580 1213 3706 1251 con-

2064 1284 2297 1348 cupiscit
2327 1280 2582 1335 adversus
2629 1281 2921 1351 spiritum,
2955 1283 3187 1347 spiritus
3212 1292 3394 1338 autem
3447 1285 3710 1340 adversus

2064 1387 2320 1437 carnem;
2357 1370 2471 1426 ha’c
2515 1372 2665 1423 enim
2694 1370 2803 1423 sibi
2834 1371 3063 1423 invicem
3103 1371 3476 1442 adversantur,
3510 1380 3569 1427 at
3598 1391 3709 1429 non

2065 1476 2403 1531 quaecunque
2451 1460 2635 1523 vultis,
2669 1459 2771 1512 illa
2814 1461 3037 1529 faciatis
3077 1460 3217 1529 (Gal.
3249 1479 3301 1526 ν,
3364 1464 3465 1533 17).
3508 1463 3570 1517 Et
3622 1468 3710 1532 tu,

2067 1550 2181 1604 Deo
2213 1548 2551 1617 dicata,hzec
2580 1548 2820 1618 legendo
2843 1554 2899 1602 et
2928 1550 3221 1603 memoria:
3247 1554 3710 1608 commendando

2068 1638 2238 1692 stude
2260 1642 2461 1692 contra
2484 1635 2867 1706 hostisiniqui
2891 1638 3136 1693 insidias
3150 1638 3390 1693 viriliter
3411 1640 3709 1697 dimicare.

2067 1727 2125 1782 Si
2148 1731 2201 1781 te
2224 1724 2612 1780 somnolentia
2631 1725 3199 1795 gravat,studeillam
3222 1727 3449 1783 vincere
3461 1730 3711 1784 amando

304 1828 437 1867 nem
485 1812 821 1883 rapiebatur
844 1810 871 1864 ‘?
901 1812 1026 1867 sine
1072 1812 1271 1880 dubio,
1326 1814 1465 1883 quia
1514 1815 1955 1871 mortiﬁcandus
1988 1852 2034 1916 Β
2064 1814 2498 1887 vigiliam,quia
2526 1814 2912 1868 somnolentia
2945 1830 3046 1885 per
3074 1814 3332 1885 vigiliam
3366 1818 3707 1873 destruitur.

304 1901 665 1959 erat.Audiat
691 1901 867 1956 etiam
900 1900 1129 1955 dilectio
1162 1904 1280 1967 tua,
1306 1917 1466 1973 rogo,
1490 1902 1661 1973 quale
1694 1904 1957 1959 studium

302 1993 509 2047 beatus
557 1989 773 2045 Paulus
816 1988 1139 2044 monachus
1183 1989 1389 2045 habuit
1435 1992 1661 2061 orandi,
1696 1994 1848 2064 quod
1897 1993 1957 2047 in

304 2079 697 2136 ecclesiastica
722 2077 967 2133 historia
988 2078 1273 2150 scriptum
1300 2079 1565 2135 habetur.
1592 2082 1722 2136 Fuit
1744 2082 1959 2137 Paulus

305 2169 375 2223 de
408 2169 587 2240 Libya
634 2169 693 2222 in
744 2167 941 2239 Scythi
973 2184 1088 2222 non
1139 2168 1333 2224 minus
1383 2186 1559 2240 quam
1608 2171 1960 2243 quingentos

306 2257 624 2313 monachos
674 2257 913 2312 habens.
946 2256 1098 2311 Nihil
1147 2263 1344 2313 autem
1377 2260 1726 2329 operabatur
1775 2277 1961 2331 neque

302 2346 693 2419 percipiebat;
729 2362 841 2401 non
894 2346 1048 2418 quod
1098 2348 1427 2402 comederet
1476 2352 1729 2418 tantum,
1763 2350 1963 2405 orabat

305 2441 499 2492 autem
550 2435 941 2505 solummodo,
993 2438 1049 2490 et
1096 2434 1275 2490 veluti
1324 2438 1617 2507 quoddam
1676 2438 1961 2494 tributum

304 2525 528 2581 habens
545 2524 910 2595 impositum,
942 2528 1230 2580 trecentas
1247 2526 1537 2582 orationes
1563 2532 1674 2583 Deo
1700 2545 1961 2598 unaqua-

304 2631 418 2686 que
448 2614 540 2669 die
572 2614 870 2677 reddebat,
904 2617 960 2667 et
990 2630 1062 2667 ne
1096 2630 1270 2668 unam
1305 2615 1543 2685 quidem
1584 2616 1959 2688 relinqueret,

303 2707 594 2758 trecentos
652 2700 876 2773 lapides
934 2702 1229 2772 ponebat:
1292 2703 1541 2774 singulis
1600 2706 1962 2761 orationibus

301 2793 556 2863 lapidem
605 2791 878 2862 ponebat,
911 2795 969 2845 et
999 2790 1249 2862 singulis
1300 2793 1661 2848 orationibus
1708 2794 1961 2865 lapidem

305 2882 574 2936 mittebat
596 2880 652 2934 in
668 2879 1175 2950 sinum.Expensis
1195 2897 1328 2935 vero
1351 2880 1648 2952 lapidibus
1672 2884 1964 2939 orationes

306 2970 528 3025 sciebat
558 2985 685 3025 esse
716 2967 1315 3038 completas.Multum
1346 2969 1526 3040 igitur
1546 2973 1829 3027 debemus
1861 2972 1965 3027 hu-

310 3058 545 3123 miliari,
578 3057 679 3128 qui
710 3056 881 3128 longe
930 3056 1002 3110 ab
1031 3056 1268 3111 illorum
1302 3057 1546 3125 meritis,
1581 3076 1832 3130 quorum
1865 3078 1963 3116 su-

307 3148 503 3220 perius
538 3145 754 3201 mentio
786 3144 937 3199 facta
966 3146 1457 3214 est,distamus,et
1488 3148 1572 3203 sic
1606 3150 1860 3221 prompti
1892 3151 1963 3205 ad

2068 1906 2127 1960 Si
2160 1912 2215 1958 te
2246 1902 2495 1959 delectat
2526 1901 2867 1957 balneorum
2908 1919 3071 1969 usus,
3105 1903 3297 1958 veniat
3326 1905 3429 1958 tibi
3464 1906 3533 1959 ad
3590 1923 3709 1961 me-

2071 1993 2316 2048 moriam
2348 1993 2553 2047 beatus
2582 1992 2833 2046 Jacobus
2864 1992 3042 2046 frater
3076 1992 3321 2057 Domini,
3356 1994 3451 2064 qui
3485 1994 3710 2065 primus

2070 2086 2201 2154 post
2231 2080 2524 2151 apostolos
2575 2078 3065 2149 Jerosolymorum
3096 2080 3241 2134 rexit
3271 2080 3605 2147 Ecclesiam,
3640 2084 3710 2137 de

2069 2169 2481 2242 qquosephus
2497 2169 2872 2238 narrat.quod
2889 2185 3194 2239 nunquam
3208 2186 3441 2225 carnem
3456 2173 3718 2227 comede-

2070 2260 2275 2325 rit,nec
2296 2258 2505 2312 balneo
2539 2273 2680 2310 usus
2712 2255 2884 2310 fuerit
2918 2272 3311 2327 unquam,nec
3340 2258 3507 2313 lineis
3538 2258 3715 2314 vesti-

2073 2350 2181 2403 bus
2207 2348 2378 2403 t'uerit
2398 2346 2661 2414 indutus,
2696 2362 2809 2400 non
2834 2350 3009 2415 caput
3031 2362 3200 2400 suum
3234 2348 3556 2402 secundum
3579 2364 3714 2402 con-

2071 2435 2438 2491 suetudinem
2463 2435 2654 2506 gentis
2681 2451 2797 2489 sum
2819 2434 2942 2488 oleo
2971 2434 3279 2489 unxerit.Si
3309 2436 3364 2489 in
3390 2436 3719 2491 delectatio-

2072 2542 2203 2580 nem
2228 2526 2334 2579 tibi
2378 2524 2595 2577 deliciaa
2615 2522 2875 2587 veniunt,
2908 2539 3166 2601 propone
3187 2528 3320 2578 ante
3358 2524 3558 2579 oculos
3585 2531 3717 2579 tuos

2070 2615 2353 2669 Joannem
2387 2613 2726 2683 Baptistam,
2762 2612 2859 2682 qui
2905 2613 3011 2665 fuit
3056 2614 3111 2665 in
3150 2619 3316 2668 utero
3354 2614 3557 2669 matris
3600 2631 3715 2669 suae

2072 2703 2553 2765 sanetiticatus,et
2567 2702 2636 2754 de
2650 2717 2764 2770 quo
2780 2700 3062 2754 Dominus
3073 2701 3584 2773 Jesusdixit,quod
3604 2720 3719 2757 ma-

2064 2794 2161 2863 jor
2190 2792 2290 2846 illo
2330 2792 2477 2845 inter
2517 2793 2682 2843 natos
2712 2788 3024 2843 mulierum
3067 2806 3179 2844 non
3204 2794 3477 2845 surrexit.
3512 2792 3721 2847 Narrat

2073 2882 2245 2936 etiam
2272 2881 2340 2933 de
2362 2896 2427 2934 eo
2451 2883 2718 2933 sanctum
2744 2877 3302 2948 Evangelium,quod
3322 2879 3433 2933 mel
3456 2880 3719 2935 silvestre

2073 2975 2125 3024 et
2149 2970 2404 3023 locustas
2448 2967 2674 3021 edebat.
2710 2965 2767 3019 Si
2807 2966 2878 3029 ei,
2914 2966 3014 3035 qui
3049 2965 3108 3019 in
3142 2970 3194 3019 te
3226 2967 3446 3033 deccat,
3482 2968 3582 3038 qui
3612 2968 3719 3022 tibi

2074 3056 2348 3121 detrahit,
2397 3060 2497 3110 aut
2544 3053 2857 3123 maledicit,
2910 3059 3011 3109 aut
3041 3056 3098 3109 in
3150 3053 3346 3124 aliquo
3394 3054 3565 3125 laedit,
3601 3073 3717 3111 non

2076 3153 2238 3219 potes
2289 3147 2607 3217 ignoscere,
2640 3144 2791 3197 sicut
2838 3144 2944 3207 vis,
2979 3144 3212 3198 veniant
3258 3144 3329 3198 ad
3376 3146 3717 3200 memoriam

308 3217 629 3292 orationem
665 3234 987 3289 faciendam
1010 3250 1126 3289 non
1159 3251 1367 3289 sumus
1401 3240 1463 3289 ut
1492 3217 1798 3294 illi.Dratic
1831 3255 1964 3295 vero
1996 3217 2037 3282 (ἶ
2077 3217 2295 3307 quanta
2324 3239 2381 3288 et
2410 3233 2607 3303 qualia
2628 3249 2836 3302 passus
2868 3232 3041 3287 fuerit
3063 3249 3165 3303 pro
3195 3236 3251 3287 te
3275 3233 3544 3289 Christus
3576 3250 3590 3290 :
3615 3251 3717 3305 pro

305 3328 513 3397 juncta
562 3322 997 3394 compunctioni
1028 3339 1243 3395 magna
1272 3328 1362 3379 est
1408 3325 1611 3381 virtus.
1646 3326 1787 3381 Volo
1820 3345 1961 3399 quo-

312 3430 446 3485 que,
485 3416 549 3468 ut
576 3412 685 3467 hoc
715 3410 957 3466 solerter
987 3412 1280 3481 attendas,
1314 3414 1468 3483 quod
1500 3416 1669 3470 Jesus
1698 3414 1963 3471 Christus

310 3520 375 3559 ac
406 3502 670 3558 Salvator
684 3506 883 3555 noster
908 3498 1106 3555 volens
1134 3517 1297 3556 orare
1324 3504 1655 3559 ascenditin
1681 3510 1962 3560 montem.

311 3592 443 3646 Ideo
471 3591 645 3646 Jesus
693 3593 965 3645 oraturus
996 3589 1053 3643 in
1086 3595 1346 3645 montem
1396 3594 1677 3659 ascendit,
1712 3598 1773 3648 ut
1817 3599 1872 3650 et
1900 3599 1963 3649 tu

310 3680 527 3737 orando
559 3681 617 3734 in
669 3682 929 3733 montem
970 3680 1347 3735 conscendas.
1379 3681 1761 3753 Nequaquam
1807 3684 1963 3739 enim

310 3770 523 3835 omnis,
558 3768 655 3840 qui
688 3772 833 3836 orat,
868 3767 926 3821 in
962 3773 1219 3823 montem
1252 3770 1535 3824 ascendit.
1557 3770 1656 3827 Ille
1685 3788 1839 3839 vero,
1863 3772 1965 3843 qui

308 3858 367 3913 in
419 3858 680 3913 oratione
722 3860 967 3911 mortem
1035 3856 1256 3911 inimici
1310 3858 1401 3912 sui
1451 3860 1676 3928 quaerit,
1728 3866 1828 3915 aut
1875 3878 1965 3916 res

305 3946 512 4002 mundi
562 3945 762 4015 hujus,
796 3950 860 3998 ut
891 3945 1289 4000 honorabilior
1336 3947 1395 4000 in
1427 3947 1535 4001 hoc
1569 3950 1787 4003 mundo
1839 3966 1967 4004 esse

305 4036 512 4109 possit,
548 4050 919 4105 nequaquam
955 4034 1012 4087 in
1047 4040 1303 4089 montem
1337 4036 1599 4090 ascendit
1630 4038 1871 4091 orando.
1894 4043 1968 4091 At

306 4130 529 4190 contra,
563 4124 661 4195 qui
713 4124 769 4177 in
816 4123 1075 4178 oratione
1109 4139 1211 4194 pro
1262 4124 1518 4179 remedio
1567 4125 1774 4180 animae
1825 4144 1967 4194 suae,

308 4215 427 4270 sive
478 4230 581 4285 pro
633 4211 883 4267 aliorum
932 4212 1203 4283 peccatis,
1239 4211 1549 4268 Dominum
1600 4214 1967 4286 deprecatur,

307 4303 419 4358 iste
448 4302 575 4357 sine
604 4301 782 4357 dubio
814 4300 873 4355 in
906 4306 1165 4356 montem
1207 4305 1481 4357 oraturus
1513 4304 1792 4358 ascendit.
1826 4304 1971 4359 Vide

310 4395 377 4446 ut
415 4391 534 4446 haec
578 4389 737 4462 legas
770 4393 1008 4455 attente,
1060 4390 1175 4445 Deo
1223 4390 1433 4459 dicata,
1485 4396 1551 4446 ut
1597 4392 1856 4448 ordinate
1901 4393 1972 4456 de

313 4480 761 4535 mortiﬁcatione
790 4480 989 4536 venias
1022 4480 1095 4534 ad
1129 4480 1664 4550 compunctionem,
1689 4499 1971 4553 compun-

2072 3331 2127 3380 te
2160 3325 2345 3379 factus
2392 3328 2481 3377 est
2512 3322 2705 3389 homo,
2741 3321 3025 3390 mortalis,
3074 3322 3490 3393 corruptibilis,
3532 3324 3721 3394 passi-

2075 3413 2227 3479 bilis,
2262 3413 2361 3483 qui
2392 3417 2517 3466 erat
2546 3410 2920 3477 immortalis,
2948 3410 3353 3482 impassibilis.
3387 3412 3722 3484 Assumpsit

2074 3520 2177 3574 pro
2209 3506 2264 3557 te
2296 3516 2528 3555 carnem
2560 3516 2627 3554 ex
2658 3499 2911 3571 Virgine,
2944 3499 3002 3553 in
3036 3516 3153 3571 qua
3183 3502 3479 3571 pateretur
3509 3506 3566 3556 et
3595 3518 3719 3557 mo-

2074 3598 2297 3646 reretur
2320 3609 2332 3658 ;
2354 3606 2452 3661 pro
2484 3593 2540 3644 te
2570 3605 2802 3660 quoque
2820 3588 2927 3642 fuit
2949 3588 3486 3661 flagellatus,alapis
3508 3606 3714 3659 cassus,
3818 3618 3829 3621 -

2074 3682 2264 3752 sputis
2295 3678 2711 3749 linitus,spinis
2742 3679 3152 3745 coronatus,ad
3184 3684 3508 3733 extremum
3539 3680 3714 3735 etiam

2074 3770 2386 3825 crucifixus
2414 3787 2426 3835 ;
2456 3786 2558 3839 pro
2590 3773 2644 3821 te
2674 3767 2793 3822 hac
2825 3768 3021 3822 omnia
3050 3767 3330 3822 sustinuit
3358 3769 3717 3836 Christus,ut

2074 3864 2130 3913 te
2162 3877 2195 3913 a
2225 3857 2443 3912 diaboli
2498 3860 2779 3927 potestate
2819 3856 3106 3911 liberaret.
3140 3857 3403 3911 Pendens
3451 3874 3581 3911 vero
3613 3874 3715 3928 pro

2076 3954 2133 4002 te
2166 3948 2223 4000 in
2256 3962 2445 4009 cruce,
2481 3945 2619 4015 quid
2654 3944 2882 3999 dicebat
2916 3961 2927 3998 :
2960 3946 3140 4010 Pater,
3168 3946 3382 4011 ignosce
3424 3946 3557 4009 illis,
3588 3948 3721 4015 quia

2076 4038 2326 4092 nesciunt
2354 4034 2483 4106 quid
2511 4034 2765 4104 faciunt?
2794 4035 2942 4103 (Luc.
2977 4050 3134 4099 XXIII,
3164 4034 3277 4103 34.)
3313 4033 3409 4087 Ille
3440 4050 3595 4105 ergo,
3623 4034 3724 4105 qui

2081 4126 2205 4181 sine
2240 4128 2469 4195 peccato
2500 4124 2893 4193 occidebatur,
2927 4139 3029 4193 pro
3062 4122 3186 4177 suis
3216 4121 3470 4177 inimicis
3502 4124 3726 4191 orabat,

2080 4219 2135 4269 et
2164 4219 2227 4269 tu
2260 4213 2307 4269 si
2341 4212 2599 4284 aliquam
2634 4210 2963 4267 molestiam
3002 4211 3242 4282 patiaris
3274 4212 3344 4266 ab
3378 4211 3727 4283 aliquo,n0n

2082 4308 2247 4375 potes
2278 4318 2347 4357 ex
2376 4307 2494 4357 toto
2526 4302 2697 4357 corde
2726 4300 3038 4356 dimittere.
3072 4300 3253 4356 Credo
3285 4317 3538 4371 quoque,
3573 4300 3729 4371 quod

2082 4394 2129 4447 si
2163 4393 2294 4460 ista,
2326 4408 2452 4462 quas
2484 4390 2633 4457 dico,
2668 4390 2960 4445 subtiliter
2989 4390 3246 4460 cogitare
3277 4389 3570 4458 volumus,
3604 4406 3730 4444 om-

2083 4482 2257 4536 nibus
2294 4481 2352 4535 in
2382 4486 2438 4535 te
2464 4480 2839 4551 peccantibus
2868 4496 2934 4533 ex
2964 4483 3082 4533 toto
3130 4480 3303 4534 corde
3349 4479 3511 4533 facile
3540 4477 3732 4532 dimit-

313 4570 687 4640 ctionemque
716 4568 984 4625 habendo
1016 4586 1187 4625 nosse
1218 4585 1400 4641 queas
1432 4571 1676 4625 modum
1709 4572 1935 4626 orandi.
2006 4588 2051 4652 ι)
2086 4576 2206 4626 tere
2241 4569 2616 4640 poteris.Haec
2641 4568 3125 4634 meditando,hzec
3156 4573 3349 4622 mente
3366 4566 3732 4622 discutiendo

624 4661 754 4712 CAP.
787 4656 909 4711 XII.
941 4688 1009 4697 —-
1042 4659 1113 4712 De
1136 4674 1335 4730 pugna
1366 4660 1650 4715 vitiorum.

387 4747 457 4803 Et
487 4747 627 4818 quia
674 4744 864 4801 lucide
896 4746 966 4801 de
996 4747 1295 4802 nonnullis
1336 4748 1622 4803 instructa
1650 4765 1711 4804 es
1742 4747 1969 4802 virtuti-

314 4837 448 4906 bus,
483 4840 663 4891 restat
711 4839 775 4889 ut
815 4840 1008 4891 mente
1055 4838 1401 4907 perpendes,
1434 4844 1653 4909 quanta
1697 4838 1856 4892 lucta
1898 4838 1976 4893 sit

314 4927 589 4982 vitiorum
613 4926 895 4980 adversus
923 4924 1188 4979 virtutes.
1221 4929 1496 4997 Magnum
1531 4944 1759 4998 quoque
1792 4932 1975 4982 certa-

320 5033 454 5071 men
504 5019 595 5069 est
642 5014 917 5069 vitiorum
963 5014 1242 5069 adversus
1290 5014 1553 5070 virtutes.
1608 5017 1771 5071 Tune
1819 5017 1975 5071 enim

319 5104 537 5178 poteris
586 5103 783 5159 omnia
820 5104 958 5159 vitia
1002 5102 1229 5158 vincere
1280 5105 1658 5174 repugnando
1708 5122 1838 5159 cum
1888 5106 1975 5160 di-

320 5194 455 5251 vino
505 5193 816 5264 adjutorio,
848 5193 897 5248 si
938 5197 1140 5247 contra
1187 5192 1326 5247 vitia
1356 5192 1589 5264 singula
1636 5195 1977 5264 opposueris

318 5280 752 5339 virtutes.Solet
764 5281 921 5337 enim
940 5298 1137 5353 pugna
1148 5280 1426 5336 vitiorum
1442 5282 1721 5337 adversus
1735 5283 1978 5340 virtutes

321 5373 394 5429 ad
426 5371 749 5443 profectum
783 5370 1042 5425 hominis
1068 5370 1263 5426 venire
1292 5370 1463 5441 ;quia
1493 5388 1595 5441 per
1625 5370 1768 5426 illud
1796 5376 1976 5427 certa-

322 5476 458 5516 men
491 5475 657 5514 mens
680 5458 985 5527 excitatur,
1011 5464 1067 5514 et
1098 5459 1171 5514 ab
1200 5459 1471 5515 elationis
1502 5459 1637 5516 vitio
1670 5465 1975 5532 purgatur.

322 5552 535 5606 Contra
581 5546 817 5620 singula
861 5564 1096 5618 quoque
1142 5547 1283 5603 vitia
1327 5549 1571 5605 virtutes
1619 5555 1759 5605 sunt
1806 5550 1977 5605 adhi-

318 5637 523 5700 benda:
558 5652 570 5693 :
605 5640 808 5694 contra
834 5635 1126 5694 luxuriam
1157 5638 1449 5695 munditia
1477 5638 1669 5697 cordis
1700 5643 1791 5698 est
1820 5639 1980 5698 adhi~

2086 4659 2301 4732 poteris
2333 4659 2479 4713 iram
2511 4658 2984 4728 vincere,poteris
3016 4674 3219 4712 omnes
3246 4655 3733 4728 diligere,poteris

2084 4749 2328 4819 implere
2360 4748 2457 4802 Dei
2508 4752 2859 4817 praeceptum
2903 4762 2916 4801 :
2950 4748 3178 4818 Diligite
3223 4748 3474 4801 inimicos
3507 4748 3730 4815 vestros,

2088 4839 2389 4908 bene/"acim
2437 4836 2546 4902 liis,
2578 4837 2675 4907 qui
2724 4852 2810 4890 vos
2841 4838 3097 4903 oderunt,
3131 4840 3181 4890 ct
3229 4840 3377 4890 orate
3400 4852 3503 4907 pro
3546 4850 3731 4907 perse-

2085 4928 2374 4997 quentibus
2424 4932 2473 4978 et
2519 4924 2986 4979 calumniantibus
3036 4940 3122 4979 vos
3171 4924 3379 4994 (Matth.
3414 4942 3466 4989 v,
3522 4924 3628 4989 44).
3672 4920 3735 4975 Si

2088 5016 2191 5069 tibi
2243 5015 2465 5068 venerit
2510 5012 2783 5069 voluntas
2850 5014 3121 5085 vagandi,
3177 5012 3362 5069 recole
3410 5012 3564 5082 quod
3604 5012 3732 5079 jam

2088 5108 2317 5158 mortua
2365 5120 2447 5171 es,
2480 5103 2633 5173 quod
2686 5103 2961 5158 crucifixa
2990 5120 3071 5158 es.
3104 5104 3415 5173 Nunquam
3461 5098 3733 5153 cruciﬁxo

2089 5193 2310 5248 homini
2360 5194 2519 5247 venit
2564 5192 2833 5248 voluntas
2881 5193 3174 5265 vagandi:
3212 5208 3349 5252 non,
3404 5188 3542 5259 quia
3590 5185 3735 5241 nihil

2088 5282 2302 5353 cogitat
2332 5280 2443 5335 nisi
2476 5282 2545 5335 de
2572 5286 2756 5337 morte
2786 5282 2987 5337 sua.Et
3016 5288 3075 5335 tu
3103 5283 3223 5350 jrm
3257 5282 3485 5333 mortua
3516 5293 3576 5330 es
3600 5275 3734 5330 huic

2090 5370 2482 5424 mundo.Vide
2509 5374 2701 5425 autem
2731 5387 2801 5425 ne
2829 5376 2891 5425 tu
2916 5369 3127 5439 illi,aut
3148 5368 3244 5422 ille
3270 5366 3376 5421 tibi
3402 5364 3731 5421 reviviscat:

2090 5460 2182 5514 dic
2231 5459 2425 5531 potius
2482 5476 2614 5514 cum
2674 5458 2933 5530 apostolo
2993 5457 3170 5511 Paulo
3233 5473 3245 5510 :
3310 5456 3453 5510 Mihi
3496 5454 3733 5509 mundus

2088 5548 2381 5619 cruciﬁxus
2430 5557 2507 5604 est
2543 5551 2593 5602 et
2622 5564 2717 5616 ego
2746 5546 2945 5601 mundo
2993 5546 3135 5614 (Gal.
3170 5562 3252 5613 v1,
3298 5544 3407 5616 14).
3442 5544 3571 5599 Hec
3600 5559 3731 5599 vero

2089 5638 2395 5714 cogitando
2444 5638 2663 5715 poteris
2705 5636 2933 5695 vincere
2974 5635 3363 5715 vagationem.
3392 5635 3542 5693 Audi
3591 5632 3731 5712 quid
