4060 6190
206 277 326 338 941

1830 287 2014 348 VITA
2031 332 2043 345 .

3542 318 3658 380 942

1615 427 3653 469 mw

358 548 648 608 INCIPIT
699 551 1118 611 PIUEFA'I‘IO
1163 551 1525 633 VITAZC'“)
1570 558 1815 616 DOMNI
1864 558 2268 621 BltUNUNlS
2316 566 2833 627 CULONIENSIS
2878 570 3511 639 ARCHIEPISCOPI.

286 843 533 943 Domino
580 844 638 943 in
692 843 915 943 Christi
960 845 1159 943 gratia
1215 844 1557 943 beatissimo
1607 853 1787 921 atque
1818 850 1876 904 in
1907 852 1959 917 Α
1992 850 2120 908 Non
2150 856 2219 891 297
2246 858 2464 913 desunt
2494 858 2732 930 plurimi
2763 862 2866 933 qui
2898 863 3008 919 hoc
3056 865 3219 925 laute
3249 875 3307 925 et
3340 875 3662 943 prudenter

212 933 377 989 omni
393 932 703 1004 splendore
718 933 1023 1004 sapientiae
1037 934 1103 1012 "f3
1116 952 1149 987 a
1163 934 1589 1003 perfectissimo
1610 939 1873 994 Formm.-

211 1040 289 1077 ΒΟ
310 1020 757 1093 archiepiscopo
784 1027 1128 1078 Buo'rceaus
1148 1023 1219 1057 22³
1235 1024 1283 1089 b,
1311 1040 1611 1081 servorum
1628 1044 1875 1083 suorum

211 1110 482 1181 ultimus,
514 1126 661 1164 verae
694 1109 985 1166 claritatis
1016 1111 1263 1183 gloriam
1298 1115 1741 1184 sempiternam.

292 1199 573 1272 Imposuit
588 1200 931 1255 sanctitatis
948 1204 1150 1255 vestrae
1164 1201 1485 1257 reverentia
1498 1220 1674 1274 super
1697 1207 1882 1273 caput

216 1305 417 1344 meum
440 1304 673 1361 gravem
702 1289 949 1359 quidem
978 1290 1396 1359 sarcinam,sed
1418 1308 1521 1362 pro
1540 1297 1715 1363 captu
1743 1307 1879 1362 par-

213 1377 415 1432 vitatis
435 1394 572 1432 meas
586 1375 829 1432 dulcem
849 1379 1169 1433 admodum
1193 1380 1608 1448 etjocundam,
1630 1377 1885 1435 videlice

216 1470 287 1521 ut
327 1465 611 1520 mirabilis
665 1470 726 1520 et
814 1466 1108 1537 magnifici
1171 1467 1589 1541 archiepiscopi
1647 1473 1887 1522 Bruno-

216 1556 335 1621 nis,
365 1571 478 1626 qua
501 1554 801 1625 potuerim
825 1555 1115 1610 sermonis
1140 1555 1431 1621 facultate,
1461 1558 1884 1613 describerem.

218 1644 325 1699 Cui
355 1642 539 1697 virtus
570 1642 815 1698 laudem
849 1643 1118 1711 contulit,
1155 1660 1353 1715 quam,
1387 1649 1449 1699 ut
1481 1646 1605 1717 ipse
1637 1645 1882 1715 meruit,

219 1732 353 1800 styli
386 1732 499 1786 mei
530 1732 799 1786 ofﬁcium
832 1731 1075 1804 implere
1108 1749 1222 1788 non
1278 1736 1483 1804 potuit.
1522 1736 1596 1789 De
1627 1735 1758 1806 ipso
1793 1738 1882 1790 ta-

224 1838 357 1876 men
390 1823 460 1855 m
489 1821 1026 1892 quomodocumque
1055 1821 1237 1892 loqui,
1297 1824 1434 1892 quia
1462 1841 1563 1878 vos
1584 1824 1878 1893 jussistie,

224 1910 567 1966 delectabile
593 1911 724 1964 fuit.
764 1909 873 1975 Qui
906 1911 976 1965 ab
1008 1911 1172 1965 initio
1204 1910 1289 1964 sic
1335 1911 1439 1965 fuit
1466 1911 1783 1979 animatus,
1821 1920 1882 1968 ut

227 2014 345 2053 non
370 1999 555 2071 magis
581 2015 691 2054 sua
722 2015 904 2053 causa
922 2015 983 2053 se
998 2003 1229 2070 putaret
1254 2003 1451 2055 natum
1480 2018 1655 2072 quam
1679 2006 1881 2059 nostra

226 2087 427 2159 reique
459 2086 703 2160 publicae
740 2094 1137 2159 procreatum.
1174 2088 1332 2143 Fecit
1357 2089 1594 2145 omnino
1626 2090 1881 2161 plurima

221 2181 281 2231 et
312 2194 487 2248 prope
518 2176 773 2246 infinita,
808 2194 934 2247 quae
959 2177 1139 2248 digna
1161 2178 1396 2232 fuerunt
1425 2195 1733 2251 semperna
1755 2198 1877 2235 me-

225 2266 414 2320 moria
440 2284 451 2333 ;
486 2267 585 2321 sed
616 2282 735 2320 non
788 2270 1080 2337 exspectet
1120 2266 1353 2321 auditor
1399 2272 1502 2322 aut
1531 2285 1564 2322 a
1590 2285 1683 2324 me
1714 2274 1814 2323 aut
1844 2287 1879 2324 a
1910 2234 1956 2298 B

225 2354 489 2425 quolibet
518 2354 637 2409 hinc
671 2354 873 2409 omnia
893 2353 1255 2426 explicanda.
1278 2357 1438 2422 Quod
1462 2356 1511 2411 si
1533 2358 1666 2427 quis
1699 2358 1880 2412 ﬁdeli-

222 2448 317 2499 ter
342 2449 400 2498 et
429 2460 560 2499 vere
592 2444 885 2515 agendum
923 2444 1289 2516 promitteret
1316 2446 1405 2515 235,
1438 2446 1699 2518 singulos
1731 2465 1879 2517 quos

222 2532 537 2603 pueritiam
573 2538 1023 2605 praetergressus
1054 2534 1123 2568 226
1154 2533 1295 2587 vixit
1325 2552 1511 2590 annos
1544 2535 1793 2607 propriis
1825 2542 1882 2592 et

222 2621 322 2675 his
358 2621 562 2694 utique
604 2622 882 2693 spatiosis
931 2622 1233 2677 codicibus
1278 2624 1604 2696 insigniret.
1637 2624 1880 2682 zEstimo

224 2710 412 2780 igitur
429 2711 647 2765 multos
672 2710 840 2782 longe
862 2710 1093 2781 lateque
1116 2711 1223 2765 hac
1243 2718 1555 2784 occupatos
1569 2713 1878 2784 industria,

225 2804 297 2853 ut
323 2803 488 2870 gesta
518 2801 648 2869 eius
669 2799 762 2854 his
794 2800 968 2853 etiam
997 2800 1095 2871 qui
1121 2805 1251 2870 post
1275 2802 1449 2856 futuri
1486 2806 1642 2869 sunt,
1666 2801 1879 2872 partim

226 2887 784 2959 seribendo,partim
801 2889 1315 2944 commemorando
1331 2890 1879 2945 transmittant.Non

227 2976 387 3031 enim
401 2977 461 3030 in
476 2994 595 3031 una
609 2976 903 3047 provincia
918 2982 1021 3032 aut
1037 2977 1095 3031 in
1110 2994 1226 3032 uno
1248 2978 1652 3049 negotiabatur
1666 2995 1878 3050 regno;

229 3065 505 3119 omnium
537 3081 684 3136 quos
714 3066 873 3121 adire
922 3070 1146 3137 poterat
1194 3065 1442 3122 salutem
1473 3066 1881 3123 benevolentiae

229 3156 411 3224 atque
440 3152 661 3209 laboris
699 3154 997 3226 studiique
1043 3154 1136 3211 sui
1187 3157 1483 3226 querebat
1511 3158 1879 3213 commercio.

1988 946 2232 1015 exsequi
2264 945 2517 1015 possint,
2567 964 2699 1002 cum
2730 951 2841 1005 etsi
2901 952 3048 1007 nulli
3105 956 3204 1010 alii
3249 959 3395 1016 tales
3426 963 3659 1022 valeant

1989 1033 2254 1101 reperiri,
2288 1034 2347 1089 in
2373 1034 2519 1090 solis
2543 1036 2614 1069 “3
2637 1038 2762 1105 ejus
2792 1040 3100 1112 discipulis
3126 1062 3301 1103 omne
3322 1052 3653 1111 studiorum

1990 1122 2048 1171 et
2069 1118 2417 1191 eloquentiae
2441 1140 2633 1194 genus
2656 1127 2847 1183 adhuc
2878 1133 3094 1186 recenti
3118 1135 3249 1205 ejus
3272 1142 3555 1198 memoria
3576 1144 3655 1201 ita

1991 1222 2095 1275 per
2127 1209 2313 1266 multa
2343 1216 2638 1268 terrarum
2672 1214 2799 1270 loca
2827 1218 3047 1290 ﬂoreat,
3073 1227 3139 1277 ut
3169 1227 3430 1284 maxima
3461 1247 3654 1289 rerum

1994 1301 2294 1365 gestarum
2340 1301 2603 1374 insignia
2660 1321 2773 1359 non
2823 1322 3094 1365 enarrare
3153 1316 3329 1371 modo
3366 1334 3569 1377 verum
3600 1328 3657 1378 et

1995 1400 2276 1442 exornare
2297 1390 2736 1455 sufﬁciat.0uot
2756 1401 3126 1470 quantosque
3145 1404 3215 1457 de
3232 1403 3490 1465 alumnis
3513 1413 3658 1469 tanti

1996 1473 2106 1526 viri
2139 1476 2477 1549 episcopos,
2500 1486 2752 1549 quantos
2779 1483 2836 1537 in
2863 1502 3219 1561 quacunque
3250 1495 3658 1556 ecclesiasticas

1998 1563 2385 1631 professionis
2419 1566 2732 1639 disciplina
2758 1575 3202 1642 probatissimos
3232 1584 3523 1656 novimus,
3555 1593 3660 1662 qui

1995 1666 2133 1706 eum
2160 1656 2218 1706 et
2247 1654 2601 1712 familiarius
2634 1668 2941 1730 noverunt,
2967 1670 3025 1722 et
3054 1670 3373 1737 perfectius
3414 1654 3659 1735 illustri-

1996 1740 2108 1796 bus
2141 1746 2549 1801 monumentis
2582 1748 2757 1804 vitam
2808 1753 2936 1821 ejus
2967 1756 3265 1816 declarare
3300 1770 3655 1834 potuerunt!

1991 1830 2102 1885 Sed
2135 1831 2278 1901 quid
2312 1850 2448 1888 sum
2475 1852 2602 1906 ego,
2629 1839 2727 1908 qui
2752 1842 2898 1896 votis
2924 1830 3533 1914 vestris,dominorum
3558 1876 3656 1914 ex-

1992 1917 2439 1986 cellentissime,
2496 1942 2679 1981 ausus
2725 1930 2933 1985 fuerim
2983 1937 3320 1993 contraire?
3360 1942 3490 1998 Feci
3518 1962 3657 2018 ergo

1993 2008 2148 2076 quod
2183 2010 2369 2079 potui,
2397 2017 2695 2082 quomodo
2729 2020 2887 2088 potui
2923 2022 3012 2090 ’29,
3046 2040 3161 2080 non
3193 2044 3554 2096 praesumens
3583 2008 3658 2092 de

1992 2096 2259 2161 scientia,
2296 2100 2397 2153 sed
2454 2102 2733 2160 fiduciam
2784 2110 3256 2186 qualemcunque
3305 2119 3563 2178 retinens
3593 2124 3653 2180 in

1990 2185 2347 2241 obedientia.
2384 2190 2448 2243 In
2472 2206 2613 2262 quo,
2637 2196 2745 2250 etsi
2765 2198 2962 2254 minus
2986 2185 3271 2271 possibile
3296 2208 3439 2262 mihi
3461 2211 3652 2268 visum

1986 2277 2076 2327 est
2096 2274 2414 2368 explere
2445 2282 2603 2349 quod
2637 2299 2949 2356 aggressus
2977 2307 3134 2361 sum,
3154 2297 3423 2368 praecepti
3456 2304 3655 2357 tamen

1988 2363 2166 2459 vestri
2201 2364 2553 2459 dignitatem
2608 2372 2687 2428 ita
2716 2378 2978 2432 venerari
3033 2397 3266 2454 semper
3294 2363 3359 2439 et
3381 2388 3653 2459 amplecti

1991 2451 2255 2543 animum
2290 2452 2520 2525 induxi,
2559 2466 2623 2516 ut
2651 2462 3149 2535 impossibilitatis
3164 2451 3310 2528 meae
3333 2451 3653 2543 oblitus,in

1992 2540 2267 2595 manibus
2291 2545 2503 2601 vestris
2528 2549 2639 2604 sim
2667 2552 2851 2609 oculis
2882 2560 2939 2611 et
2970 2559 3167 2614 animo
3191 2564 3524 2620 totus.Hinc
3546 2540 3653 2639 ego

1988 2629 2270 2722 largillum
2295 2632 2363 2722 ²³ξ³
2386 2633 2591 2703 pietati
2619 2646 2820 2696 vestraa
2863 2646 3132 2717 supplico
3155 2650 3219 2684 ²³¹
3248 2655 3309 2705 ut
3331 2655 3488 2722 quod
3514 2629 3654 2713 huic

1992 2717 2150 2816 operi
2179 2734 2304 2815 meo
2329 2720 2496 2816 deest
2518 2725 2578 2780 in
2603 2745 2816 2801 pompa
2840 2738 3168 2806 ornatuque
3192 2717 3651 2816 sermonis,sup-

1991 2806 2148 2875 pleat
2178 2806 2231 2859 in
2258 2808 2505 2867 auribus
2528 2819 2741 2873 vestris
2762 2821 2892 2888 eius
2918 2823 2986 2855 93’
3007 2806 3650 2901 commendatio,quem

1992 2908 2096 2962 pro
2128 2896 2334 2949 merito
2364 2898 2603 2956 virtutis
2636 2910 2758 2959 tam
2793 2909 3049 2965 suaviter
3087 2916 3351 2970 amastis.
3388 2896 3650 2975 Ben—titu-

1992 2980 2188 3034 dinem
2203 2988 2453 3040 vestram
2477 2993 2626 3045 Dcus
2641 2995 3013 3065 omnipotens
3032 3000 3102 3053 ad
3119 3000 3368 3057 salutem
3387 3010 3647 3064 nostram

1993 3068 2320 3125 diutissime
2352 3072 2710 3135 incolumem
2746 3082 2814 3115 2³³
2844 3090 2901 3139 et
2941 3085 3377 3146 benevolentem
3411 3110 3649 3151 conser-

1991 3174 2126 3213 vare
2156 3158 2431 3231 dignetur
2462 3165 2551 3220 23‘.

233 3344 3121 3373 *ψ’-Ἥ

644 3516 1010 3607 INCIPIT
1058 3516 1295 3605 VITA
1340 3515 1688 3607 DOMINI
1743 3516 2234 3607 BBUNONIS
2284 3518 3038 3621 ARCHIEPISCOPI
3066 3516 3233 3623 (235).

308 3844 358 3897 1.
394 3838 710 3910 Sapientiae
740 3839 1016 3893 nimirum
1047 3842 1154 3903 est,
1182 3839 1327 3894 scire
1353 3840 1504 3894 unde
1536 3840 1611 3893 sit
1665 3840 1879 3894 donum
1915 3842 1958 3906 C
1999 3856 2153 3895 unus
2185 3846 2357 3911 atque
2388 3842 2541 3897 idem
2583 3848 2847 3921 spiritus,
2902 3853 3160 3912 divicens
3193 3860 3442 3932 singulis
3474 3874 3649 3935 prout

232 3929 391 4003 quod
431 3927 565 3981 finis
588 3926 809 3995 accepit
832 3926 899 3959 935
926 3944 937 3993 ;
969 3943 1039 3981 ne
1082 3927 1147 3959 ⁵³⁷
1170 3944 1202 3978 a
1234 3943 1295 3981 se
1326 3926 1435 3980 sibi
1468 3926 1575 3980 hoc
1606 3942 1751 3993 esse,
1786 3931 1884 3980 aut

235 4038 273 4075 a
300 4020 417 4074 Deo
451 4016 689 4086 quidem
725 4015 823 4069 sed
859 4014 969 4069 sibi
993 4015 1525 4085 debitum,putet.Si
1551 4014 1705 4069 enim
1730 4032 1881 4084 quis-

236 4108 426 4164 rimus
456 4104 595 4176 quid
630 4103 799 4158 nobis
859 4104 1159 4169 debeatur,
1218 4103 1364 4158 nihil
1412 4103 1737 4158 invenimus
1772 4104 1883 4158 nisi

238 4194 620 4267 supplicium.
648 4191 1046 4247 Misericordia
1069 4200 1261 4247 autem
1290 4192 1385 4247 Dei
1418 4193 1762 4263 praerogavit
1784 4210 1885 4247 no-

240 4284 332 4339 bis
363 4282 637 4355 gratiam,
672 4286 736 4335 ut
780 4281 1039 4346 haberet,
1095 4281 1309 4352 quibus
1340 4283 1606 4336 redderet
1637 4282 1884 4352 gratiam

244 4389 348 4443 pro
376 4372 599 4443 gratia;
634 4375 690 4425 et
718 4370 825 4425 hoc
849 4370 973 4440 jam
1007 4370 1072 4405 ’33
1098 4376 1251 4425 esset
1280 4369 1707 4441 debilum,quia
1735 4370 1888 4425 Deus

237 4460 423 4515 voluit
455 4477 569 4514 non
603 4458 740 4531 quia
770 4459 943 4514 homo
976 4460 1207 4514 meruit.
1236 4460 1383 4527 Quid
1414 4462 1555 4513 enim
1591 4460 1774 4527 habes,
1810 4460 1891 4513 ait

237 4548 575 4621 Apostolus,
608 4548 747 4617 quod
796 4565 905 4603 non
934 4548 1238 4619 accepisti?
1267 4550 1328 4603 Si
1384 4552 1563 4604 autem
1613 4550 1888 4619 accepisti,

241 4638 371 4708 quid
390 4639 671 4708 gloriaris,
699 4640 860 4707 quasi
878 4654 988 4692 non
1011 4640 1315 4709 acceperis?
1336 4639 1379 4709 (Ι
1400 4642 1525 4693 Cor.
1558 4654 1631 4702 1v,
1654 4637 1732 4707 7.)
1754 4638 1891 4693 [nef-

244 4726 407 4781 fabili
439 4726 619 4798 igitur
649 4726 1013 4796 providentia
1043 4727 1325 4781 bonitatis
1358 4728 1451 4782 Dei
1487 4726 1762 4782 collatum
1806 4732 1894 4781 est

248 4814 450 4870 electis
482 4816 629 4885 ejus,
663 4819 803 4869 utet
830 4816 1012 4887 gratis
1041 4815 1289 4885 c0piosis
1320 4817 1518 4887 gratiae
1553 4816 1895 4870 muneribus

252 4904 534 4971 ditentur,
570 4909 627 4958 et
655 4908 849 4958 tamen
902 4903 1010 4957 hoc
1058 4904 1276 4974 ipsum,
1330 4920 1443 4974 quo
1490 4909 1893 4973 munerantur,

243 4993 676 5063 quodammodo
692 4992 1052 5064 pergratiam
1074 4998 1437 5060 mereantur;
1459 4992 1610 5049 alius
1628 4995 1731 5065 sic,
1750 4996 1900 5049 alius

250 5098 382 5137 vero
401 5082 924 5153 sic,unusquisque
948 5082 1272 5136 secundum
1292 5083 1446 5151 quod
1472 5082 1529 5136 in
1546 5100 1612 5137 eo
1631 5090 1903 5154 operatur

1994 3927 2116 3981 vult
2148 3929 2192 3997 (I
2221 3930 2338 3983 Cor.
2373 3948 2473 3999 x11,
2509 3934 2617 4003 41).
2653 3936 2771 3990 Soli
2812 3939 3120 4011 Unigenito
3154 3963 3267 4001 non
3293 3927 3370 4002 ad
3405 3927 3652 4008 mensu-

1998 4031 2120 4112 ram
2155 4016 2261 4112 dat.
2281 4022 2429 4112 Deus
2453 4020 2757 4091 Spiritum.
2784 4027 2844 4080 In
2880 4029 3003 4099 ipso
3028 4043 3377 4105 namque,ut
3399 4040 3480 4092 ait
3499 4044 3653 4112 Apo-

1996 4104 2201 4173 stolus,
2238 4104 2451 4162 habitat
2481 4114 2657 4166 omnis
2690 4115 2977 4183 plenitudo
3004 4104 3312 4178 divinitatis
3343 4104 3650 4198 corporali-

1999 4196 2080 4246 ter
2109 4195 2246 4264 (Col.
2285 4213 2347 4263 ιι,
2368 4198 2446 4267 9),
2480 4202 2761 4258 membris
2785 4206 2912 4273 ejus
2942 4224 3043 4277 pro
3069 4227 3175 4265 sua
3198 4212 3409 4284 cuique
3428 4195 3650 4273 volun-

1998 4285 2117 4337 tate
2149 4284 2437 4354 partitur;
2499 4289 2714 4358 quibus
2774 4294 3141 4353 abundanter
3198 4303 3394 4358 omnia
3445 4305 3545 4361 dat
3577 4308 3648 4362 ad

2000 4371 2606 4439 iruendum,videlicet
2637 4396 2698 4433 se
2730 4380 2949 4452 ipsum,
2977 4390 3039 4439 ut
3069 4388 3145 4442 sit
3177 4394 3325 4445 Deus
3358 4394 3555 4450 omnia
3588 4396 3648 4450 in

2003 4460 2277 4516 omnibus
2310 4463 2355 4533 (Ι
2386 4468 2506 4520 Cor.
2541 4484 2629 4533 xv,
2661 4469 2772 4540 28).
2810 4470 3021 4544 Dispar
3051 4474 3170 4531 haec
3205 4479 3442 4536 claritas
3477 4488 3531 4537 et
3563 4484 3648 4538 di-

2002 4565 2170 4604 versa
2183 4551 2402 4605 donoru
2415 4568 2467 4607 m
2485 4553 2725 4626 largitas
2741 4576 2895 4614 nunc
2909 4568 2996 4617 est
3009 4565 3372 4624 admirabilis
3388 4572 3628 4640 qumstio
3641 4617 3655 4641 ,

2007 4640 2358 4710 quandoque
2389 4643 2498 4696 erit
2529 4643 2886 4702 honorabilis
2910 4650 2977 4684 ’39
2999 4653 3375 4722 pulchritudo
3398 4664 3454 4713 et
3484 4640 3654 4717 ornaé

2006 4731 2103 4783 tus
2129 4728 2341 4784 domus
2374 4732 2623 4796 Domini,
2678 4736 2747 4789 de
2792 4753 2907 4806 qua
2956 4739 3170 4797 dicitur
3200 4744 3353 4799 Deo:
3389 4748 3657 4805 Sanctum

2009 4821 2087 4869 est
2116 4819 2377 4887 templum
2408 4824 2584 4889 tuum,
2618 4824 2879 4879 mirabile
2909 4828 2967 4880 in
3000 4833 3266 4900 aequitate
3295 4834 3467 4904 (Psal.
3506 4856 3651 4904 LXIV,

2007 4906 2061 4976 5,
2094 4907 2169 4975 6).

2080 4997 2133 5047 2.
2164 4998 2533 5067 Compertum
2568 5004 2655 5054 est
2678 5018 2864 5073 nuper
2893 5024 2923 5060 a
2946 5006 3216 5077 plurimis
3250 5012 3307 5065 in
3341 5013 3653 5068 venerabili

2013 5082 2372 5139 Coloniens'is
2429 5087 2693 5144 Ecclesiae
2743 5093 3176 5169 archiepiscopo
3227 5100 3496 5155 Brunone
3548 5101 3653 5172 piae

1602 5234 1849 5290 VARI/EE
1898 5236 2306 5291 LECTIONES.

315 5360 397 5441 ῗ²³ο
417 5359 757 5450 inﬁcipituvita
780 5362 828 5450 1'.
854 5361 907 5414 2.
985 5360 1099 5413 223a
1128 5357 1313 5450 gratia
1334 5374 1494 5450 ce‘rr;
1509 5359 1877 5450 sapientiai.
1910 5360 2420 5450 nmgwftotgherus
2440 5364 2492 5417 2.
2536 5364 2861 5439 RogerusB.
2926 5373 3063 5450 .gz‘t.
3100 5390 3193 5428 me
3217 5390 3273 5446 q.
3309 5372 3361 5427 3.
3439 5375 3508 5410 ’35
3528 5394 3656 5450 pro.

245 5431 429 5486 mittit
458 5433 509 5486 3.
538 5430 554 5433 ⁷
588 5433 654 5467 ³³⁸
683 5434 763 5487 ita
790 5434 851 5487 L.
887 5446 1246 5513 praegressus
1278 5430 1350 5510 1.,
1373 5433 1425 5484 2.
1462 5432 1514 5484 3.
1591 5435 1656 5468 327
1690 5448 1794 5487 nec
1822 5436 1875 5489 2.
1901 5433 1962 5515 .3.
2041 5434 2109 5466 22⁸
2140 5430 2280 5487 solis
2309 5450 2431 5489 corr
2464 5478 2476 5490 .
2510 5430 2685 5494 scolis
2713 5441 2876 5565 Sdeest
2909 5430 3251 5517 discipulis)‘
3278 5447 3329 5501 3.
3408 5446 3476 5482 “9

245 5502 440 5557 desunt
468 5506 521 5557 2.
552 5504 645 5559 sed
673 5509 857 5565 postea
888 5519 1031 5558 corr.
1109 5502 1178 5536 ²³⁰
1209 5500 1502 5565 largietuae
1536 5503 1584 5557 1.
1664 5502 1730 5539 ⁵⁸³³
1764 5503 1983 5565 suplico
2019 5506 2068 5561 1.
2147 5506 2216 5539 Μ
2244 5504 2391 5563 deest
2420 5508 2470 5563 3.
2550 5510 2625 5545 9'"
2652 5527 2716 5565 co
2748 5530 2845 5565 um
2886 5516 2933 5565 1.
3013 5517 3081 5553 “235
3112 5518 3169 5565 d.
3202 5517 3435 5565 exnlicit
3467 5520 3653 5565 nrnln.

243 5502 440 5557 desunt
468 5506 521 5557 2.
552 5504 645 5559 sed
672 5509 857 5574 postea
887 5500 1034 5558 corr:
1109 5502 1178 5536 ²³⁰
1209 5500 1502 5627 largistuze
1536 5503 1584 5557 1.
1637 5502 1730 5579 .931
1764 5503 1983 5577 suplico
2019 5506 2068 5561 1.
2147 5506 2163 5538 ‘3

248 5590 384 5631 Rus.
416 5576 470 5631 2.
504 5576 555 5630 3.
637 5577 704 5611 ²³δ
732 5574 1090 5631 Coloniensis
1121 5572 1271 5628 addit
1299 5576 1309 5589 ‘
1341 5615 1350 5627 .
1432 5574 1498 5608 2³⁵
1529 5575 1739 5631 accmit
1897 5576 1965 5612 937
1997 5593 2101 5631 nec
2131 5577 2163 5631 3

1432 5583 1498 5608 1"“
1529 5583 1739 5648 acelpit
1765 5583 1817 5631 2.
1897 5583 1964 5612 “7
1997 5593 2101 5634 nec
2131 5583 2184 5634 3.

248 5590 384 5649 gus,
416 5576 470 5631 2.
504 5576 555 5630 3.
637 5572 704 5611 935
732 5574 1090 5633 Coloniensis
1121 5572 1271 5628 addit
1298 5572 1350 5627 3.

2147 5506 2216 5600 ξω
2244 5504 2391 5600 ιέεςιςι
2420 5508 2470 5563 3.
2529 5510 2627 5600 ,ως
2652 5504 2845 5600 agiagi
2886 5516 2933 5569 1.
3013 5504 3081 5553 θεῖ
3112 5518 3169 5572 d.
3202 5504 3435 5591 explicit
3464 5504 3657 5600 ρὲοιδτ

2265 5578 2331 5612 ³³⁸
2364 5580 2749 5638 ammirabilis
2778 5585 2831 5643 2.
