4064 6188
266 392 385 455 945

1872 389 2078 451 VITA.

3561 391 3680 453 946

263 527 378 583 suis
399 524 747 595 intelligitur
774 539 931 596 puer,
962 525 1011 579 si
1037 521 1246 579 munda
1274 526 1327 578 et
1354 524 1403 579 si
1440 529 1584 578 recta
1612 522 1722 577 sint
1752 537 1923 594 opera
1952 528 2005 590 Α
2107 524 2160 578 6.
2194 524 2355 596 Saepe
2384 524 2534 581 inter
2562 528 2891 582 Graecorum
2940 529 2998 581 et
3029 523 3370 581 Latinorum
3411 523 3677 583 doctissi-

264 619 382 689 ejus
414 616 596 687 (Prov.
619 632 708 680 xx,
726 614 747 669 l
764 614 835 681 l).
854 613 975 668 Huc
1000 613 1433 683 acccedit,quod
1459 610 1612 667 sicut
1634 612 1918 667 fervorem

266 706 449 762 animi
482 705 572 760 sui
596 722 707 759 non
734 720 945 775 passus
964 708 1052 758 est
1083 703 1330 757 aliorum
1352 702 1579 756 desidia
1608 706 1664 755 et
1691 700 1921 756 levitate

265 794 580 866 existingui
620 798 726 847 aut
756 792 1073 863 superﬂuis
1104 792 1386 861 vanisque
1418 790 1711 860 corrumpi
1743 788 1917 843 collo-

266 886 441 957 quiis,
477 882 830 937 italibrosin
850 881 1068 952 quibus
1116 880 1359 944 studuit,
1394 887 1489 933 aut
1532 894 1919 949 quoscunque

262 971 567 1045 praeoculis
607 970 832 1032 habuit,
860 970 1089 1023 incaute
1124 968 1361 1039 refringi
1393 972 1490 1021 aut
1508 967 1805 1038 corrugari
1831 965 1916 1020 vel

263 1060 700 1134 quomodolibet
758 1059 959 1112 minus
1039 1057 1347 1129 diligenter
1402 1056 1641 1109 tractari
1675 1055 1914 1109 omnino

262 1150 561 1222 aegerrime
595 1148 724 1202 tulit
749 1173 761 1211 ;
784 1146 928 1201 nihil
962 1164 1101 1201 sane
1132 1147 1189 1200 in
1210 1145 1321 1213 his,
1351 1162 1477 1216 quae
1501 1144 1570 1197 ad
1596 1160 1655 1197 se
1693 1143 1917 1213 pertine

259 1241 423 1303 bant,
457 1236 869 1309 negligendum
906 1236 1162 1302 ducens;
1213 1234 1490 1305 quoniam
1541 1231 1801 1303 quidem,
1856 1235 1917 1285 ut

258 1327 533 1383 Salomon
563 1326 642 1381 ait
668 1342 681 1379 :
732 1328 846 1396 Qui
881 1328 1103 1379 minora
1132 1325 1387 1397 negligit,
1412 1322 1685 1393 paulatim
1716 1318 1917 1374 decidit

263 1418 332 1451 ²⁸⁰
362 1417 552 1487 (Eccli.
586 1433 702 1480 χιχ,
736 1415 809 1484 4).

332 1508 385 1560 5.
420 1506 604 1577 Igitur
634 1508 942 1575 postquam
976 1506 1140 1574 pater
1169 1504 1317 1572 ejus,
1351 1501 1589 1555 fundato
1623 1502 1679 1552 et
1706 1497 1778 1551 ad
1806 1512 1915 1549 un-

261 1611 437 1666 guem
470 1593 952 1666 pacatoimperio,
973 1593 1148 1647 rebus
1167 1589 1445 1645 humanis
1463 1583 1912 1653 concessit,0tto

262 1684 419 1739 filius
451 1684 577 1754 ejus
617 1684 804 1753 major
834 1685 996 1751 natu,
1022 1680 1421 1736 benedictione
1448 1675 1674 1733 Domini
1706 1678 1914 1728 auctus

262 1779 320 1828 et
349 1772 472 1827 oleo
522 1772 729 1827 laetitiae
780 1773 993 1825 unctus
1045 1771 1213 1841 (936),
1275 1784 1489 1839 magna
1528 1764 1828 1819 voluntate
1860 1763 1916 1813 et

257 1876 549 1916 consensu
574 1859 901 1931 principum
946 1874 1188 1930 regnare
1204 1857 1397 1928 coepit,
1414 1852 1732 1910 centesimo
1755 1852 1911 1905 octo—
1943 1894 1989 1958 Β

258 1949 483 2021 gesimo
515 1952 713 2004 octavo
764 1948 968 2008 lustro,
1006 1946 1367 2018 sexagesimo
1401 1944 1570 1998 tertio
1603 1940 1784 2013 (l927)
1820 1937 1914 1991 in-

259 2037 581 2092 dictionum
596 2035 810 2091 circulo
850 2037 921 2090 ab
946 2035 1344 2090 incarnatione
1366 2032 1595 2088 Domini
1613 2028 1795 2085 nostri
1815 2027 1909 2082 Je-

257 2144 325 2181 su
352 2126 592 2193 Christi;
630 2126 713 2180 vir
736 2126 795 2180 in
820 2142 993 2196 quem
1018 2124 1274 2196 Spiritus
1301 2123 1395 2178 Dei
1418 2122 1638 2177 donum
1665 2116 1911 2173 contulit

260 2214 555 2285 singulare
577 2214 835 2269 veritatis
868 2218 924 2268 et
956 2212 1108 2266 fidei.
1135 2213 1313 2281 Cujus
1336 2211 1575 2264 virtutes
1593 2207 1638 2263 si
1661 2221 1753 2259 me
1777 2219 1907 2257 nar-

260 2308 529 2358 raturum
563 2303 955 2374 promiserim,
986 2301 1235 2355 nimium
1269 2299 1411 2353 mihi
1439 2294 1793 2368 sumpserim
1818 2292 1908 2358 ’3',

260 2397 318 2446 et
350 2392 623 2448 ferendus
655 2391 897 2446 minime
932 2390 1161 2445 fuerim.
1195 2388 1430 2444 Excedit
1449 2388 1606 2442 enim
1631 2386 1757 2439 laus
1780 2382 1910 2451 ejus

260 2486 318 2535 et
346 2481 549 2553 gloria,
586 2480 874 2552 quidquid
907 2479 994 2535 vel
1026 2480 1150 2550 ipse
1174 2478 1367 2533 Cicero
1400 2476 1511 2532 sibi
1545 2472 1909 2548 promitteret

262 2570 321 2624 in
345 2571 639 2626 facundia.
658 2571 758 2624 Hic
772 2585 1114 2642 germanum
1131 2585 1302 2623 suum
1320 2568 1655 2622 Rrunomen
1672 2571 1783 2620 Deo
1806 2564 1901 2618 Di-

252 2663 470 2727 catum,
506 2659 695 2714 adhuc
727 2655 1777 2725 adolescentulum,honorabiliter,ut
1799 2670 1904 2725 par

251 2748 384 2813 fuit,
406 2765 435 2803 e
457 2747 673 2803 scholis
714 2748 771 2801 in
796 2746 1074 2818 palatium
1107 2747 1383 2815 evocavit,
1414 2746 1607 2800 locum
1633 2743 1901 2799 videlicet

250 2841 370 2892 tam
403 2836 766 2892 lucidissima
798 2840 1002 2907 aptum
1035 2835 1291 2905 speculo,
1325 2835 1445 2903 ubi,
1479 2832 1765 2905 quidquid
1798 2833 1896 2887 de-

244 2927 426 2981 forme
446 2941 547 2997 per
565 2930 751 2981 totum
779 2941 925 2995 pene
939 2925 1226 2978 mundum
1242 2923 1482 2987 esset,in
1502 2922 1713 2976 studiis
1729 2921 1897 2991 liqui-

245 3015 379 3070 dius
410 3018 729 3085 appareret.
766 3018 890 3067 Huc
921 3012 1077 3067 enim
1110 3029 1178 3065 ex
1217 3010 1489 3065 omnibus
1523 3009 1738 3064 finibus
1770 3010 1893 3077 ejus

244 3103 574 3158 conﬂuebat
603 3104 790 3156 totum
823 3101 977 3172 quod
1010 3100 1120 3155 sibi
1154 3098 1374 3169 aliquid
1408 3114 1535 3153 esse
1564 3098 1890 3153 videbatur.

241 3190 637 3248 Nihilominus
651 3191 721 3245 ab
736 3189 1011 3245 omnibus
1024 3189 1149 3244 calu
1160 3188 1319 3243 mnia
1330 3186 1588 3258 qualibet
1600 3187 1893 3258 oppressis

248 3280 357 3335 hoc
379 3279 593 3335 asilum
640 3279 879 3333 unicum
904 3278 1227 3349 petebatur.
1248 3275 1892 3347 Exemplaribisapien-
1923 3260 1965 3325 C

244 3370 361 3435 tiae,
397 3369 629 3440 pietatis
649 3367 963 3438 etjustitia:
986 3384 1168 3438 supra
1212 3365 1520 3422 hominum
1549 3364 1892 3420 memoriam

247 3458 557 3513 eminebat.
586 3458 724 3512 Inde
742 3455 974 3522 reversi,
1002 3456 1099 3526 qui
1120 3455 1231 3511 sibi
1255 3453 1426 3526 paulo
1459 3458 1591 3509 ante
1622 3453 1781 3508 domi
1812 3454 1892 3507 vi-

246 3547 538 3602 debantur
586 3544 931 3616 doctissimi,
964 3545 1175 3600 rubore
1214 3545 1281 3578 ²⁸²
1309 3543 1511 3610 notati,
1565 3543 1897 3597 rudimenta

244 3635 481 3705 artium,
533 3635 701 3706 quasi
749 3636 905 3689 Nunc
935 3635 1071 3705 ccepi
1099 3635 1378 3700 dicentes,
1440 3632 1699 3704 aggressi
1734 3635 1891 3686 sunt.

242 3724 346 3780 Cui
378 3724 436 3778 in
466 3723 609 3779 laeva
647 3728 809 3796 parte
855 3722 1129 3778 mamilla:
1182 3721 1262 3777 nil
1294 3721 1490 3789 saluit,
1526 3737 1653 3777 sese
1684 3720 1755 3775 ab
1787 3719 1896 3775 hoc

243 3812 412 3884 quasi
434 3811 587 3867 celso
618 3812 899 3867 tribunali
947 3812 1152 3866 exinde
1194 3810 1557 3866 verecundus
1589 3809 1893 3865 abstinuit.

242 3901 357 3955 Vas
389 3899 533 3953 illud
568 3916 741 3953 suum
767 3900 1027 3969 implevit
1052 3899 1337 3953 Dominus
1359 3897 1566 3968 spiritu
1600 3898 1895 3967 sapientia:

243 3994 299 4045 et
330 3986 683 4043 intellectus.
713 3986 825 4040 Nec
855 3986 1086 4040 suffecit
1133 3985 1202 4019 “3
1234 3985 1283 4039 ei
1333 3986 1392 4039 in
1434 3984 1895 4056 gazophilacium

244 4077 441 4134 cordis
464 4075 555 4131 sui
578 4074 868 4145 colligere,
902 4074 1056 4145 quod
1080 4072 1139 4128 in
1172 4078 1445 4145 promptu
1477 4072 1763 4139 habebat;
1798 4089 1892 4144 pe-

247 4165 476 4237 regrina
498 4166 740 4234 insuper
761 4160 1737 4234 conduxitzenigmata,et;quidquid
1764 4160 1897 4233 phi-

246 4253 614 4325 losophicum
628 4251 991 4322 terrenisque
1005 4250 1277 4306 sensibus
1290 4250 1751 4306 remotissimum
1774 4267 1899 4306 sen-

246 4344 322 4398 sit
360 4343 467 4397 hoc
490 4341 903 4411 undecumque
931 4338 1239 4395 contraxit.
1285 4339 1658 4395 Oblitteratas
1686 4340 1785 4395 diu
1810 4356 1898 4395 se-

246 4436 403 4503 ptem
431 4430 702 4486 liberales
717 4434 869 4485 artes
901 4429 1025 4500 ipse
1056 4428 1590 4498 retexit.Quidquid
1614 4428 1898 4494 historici,

246 4522 528 4584 oratores,
560 4522 740 4588 poetae
770 4521 827 4573 et
860 4516 1419 4589 philosophinovum
1453 4520 1508 4570 et
1524 4517 1743 4588 grande
1774 4532 1899 4586 per-

2028 629 2156 669 mos
2185 615 2255 668 de
2286 614 2623 687 philosopiaa
2647 614 3013 671 sublimitate
3047 620 3147 671 aut
3174 614 3246 670 de
3276 612 3590 685 cujuslibet
3612 614 3675 671 in

2026 702 2127 758 illa
2158 704 2417 759 ﬂorentis
2449 704 2767 776 disciplinae
2797 704 3121 761 subtilitate
3150 704 3517 776 disputantes
3539 704 3673 760 doc-

2026 797 2123 847 tus
2154 793 2441 865 interpres
2458 794 2685 849 medius
2710 796 2835 866 ipse
2857 795 3137 863 consedit,
3153 798 3210 849 et
3229 792 3672 865 disputantibus

2028 882 2098 959 ad
2132 881 2404 953 plausum
2437 883 2851 954 omnium,quo
2876 884 2945 917 ²⁸⁴
2975 882 3331 937 nihilminus
3354 886 3669 950 amaverat,

2028 960 2328 1026 satisfecit.
2364 972 2487 1025 Non
2508 972 2663 1026 enim
2686 989 2924 1027 examen
2949 972 3281 1043 improbum
3301 971 3357 1025 in
3382 969 3485 1026 illa
3503 970 3674 1026 casti-

2026 1059 2183 1129 gavit
2238 1061 2480 1126 trutina,
2514 1077 2617 1116 nec
2649 1076 2710 1116 se
2756 1062 3021 1133 quasivit
3048 1066 3246 1129 extra;
3279 1059 3525 1131 gloriam
3556 1058 3670 1115 sibi

2026 1149 2357 1204 aestimabat
2372 1150 2773 1205 testimonium
2793 1150 3161 1206 conscientiae
3185 1167 3301 1205 suae
3322 1150 3408 1203 2”.
3429 1150 3671 1221 Specta-

2024 1238 2105 1291 vit
2124 1237 2235 1292 hoc
2258 1239 2819 1310 frequentiusjudex
2842 1241 2899 1295 in
2916 1238 3136 1295 talibus
3158 1238 3279 1293 falli
3304 1238 3673 1305 nescius,rex

2025 1325 2181 1380 orbis
2212 1332 2498 1381 terrarum
2524 1327 2835 1396 maximus,
2855 1331 2911 1382 et
2930 1327 3029 1398 qui
3053 1343 3298 1400 regnum
3320 1343 3495 1383 suum
3517 1331 3671 1383 exte-

2025 1415 2148 1470 rius
2178 1415 2540 1470 fortitudinis
2571 1425 2627 1470 et
2656 1415 2885 1471 consilii
2916 1416 3115 1486 vigore
3142 1415 3674 1486 ﬁrmavit,interius

2022 1503 2168 1557 illud
2200 1504 2297 1559 tali
2328 1504 2890 1576 splendorevestivit.
2916 1508 3137 1559 Horum
3164 1507 3455 1576 spectator
3474 1508 3532 1560 et
3552 1504 3675 1576 ipse

2023 1592 2176 1647 Deus
2194 1593 2449 1647 creditur
2469 1594 2558 1661 93°,
2581 1593 2750 1663 cujus
2782 1592 3183 1648 misericordia
3211 1594 3453 1663 donum,
3486 1594 3673 1664 quod-

2022 1697 2253 1752 cunque
2279 1681 2861 1747 tribuit,custoditur.
2887 1681 3028 1745 Quis
3057 1682 3211 1737 enim
3236 1698 3271 1737 a
3290 1684 3453 1737 tanta
3468 1685 3526 1736 et
3549 1685 3671 1737 tam

2022 1769 2464 1842 incomparabili
2482 1769 2788 1825 altitudine
2807 1770 3142 1842 prohiberet
3152 1768 3565 1840 arrogantiam,
3580 1770 3669 1825 ni-

2021 1858 2070 1914 si
2102 1860 2236 1931 pius
2265 1859 2390 1931 ipse
2419 1876 2588 1915 suam
2621 1859 2929 1915 adhiberet
2958 1858 3284 1914 custodiam
3303 1858 3331 1911 Τ

2091 1946 2144 1998 7.
2179 1944 2357 2000 Israel
2391 1946 2700 2017 episcopus
2740 1945 3049 2017 Scotigena
3104 1944 3308 2017 (4948),
3338 1946 3448 2001 sub
3495 1947 3669 2017 cujus

2021 2033 2356 2106 magisterio
2379 2033 2819 2089 illustrissimus
2841 2034 2936 2088 hic
2950 2035 3019 2089 de
3032 2050 3146 2106 quo
3167 2033 3468 2105 loquimur
3487 2033 3667 2105 pluri-

2022 2139 2183 2178 mum
2216 2139 2278 2177 se
2308 2122 2620 2194 profecisse
2670 2127 2918 2179 testatus
2966 2127 3075 2190 est,
3126 2123 3197 2177 de
3246 2122 3507 2178 moribus
3536 2123 3667 2194 ejus

2020 2211 2339 2283 resiquitus
2367 2229 2401 2266 a
2422 2211 2802 2283 quibusdam,
2856 2228 3005 2282 quos
3054 2211 3166 2282 ipsi
3196 2210 3530 2267 audivimus
3560 2211 3668 2268 hoc

2021 2300 2174 2356 idem
2224 2299 2531 2355 sollicitius
2571 2299 2936 2355 ruminantes
2966 2304 3025 2355 et
3080 2299 3249 2369 quasi
3297 2315 3401 2371 pro
3430 2299 3666 2356 oraculo

2018 2390 2320 2453 habentes,
2398 2392 2666 2445 sanctum
2720 2405 2853 2444 eum
2912 2388 3175 2460 apprime
3222 2388 3403 2443 virem
3442 2405 3571 2446 esse
3599 2389 3666 2423 ³³⁷

2017 2478 2335 2549 respondit.
2369 2478 2526 2533 Satis
2574 2476 2866 2532 laudabile
2913 2475 3243 2548 scitumque
3291 2477 3547 2533 doctoris
3592 2478 3665 2533 de

2015 2566 2303 2639 discipulo
2357 2566 2784 2622 testimonium.
2837 2565 3038 2633 Graeci,
3072 2566 3290 2636 quibus
3333 2582 3497 2637 aeque
3536 2583 3660 2622 ma-

2014 2657 2215 2728 gistris
2248 2672 2391 2711 usus
2421 2660 2529 2722 est,
2564 2655 2635 2710 ad
2671 2658 2894 2710 tantam
2920 2654 3169 2725 gratiam
3201 2656 3554 2727 stupebant;
3578 2655 3663 2711 di-

2007 2762 2125 2817 gna
2144 2746 2424 2800 nimirum
2446 2746 2515 2800 de
2533 2743 2632 2799 illo
2654 2743 3268 2815 problematadomum
3289 2743 3415 2800 suis
3436 2742 3660 2800 civibus

2008 2836 2418 2906 reportabant;
2453 2850 2701 2906 quorum
2726 2833 2989 2890 studium
3021 2834 3319 2906 quondam
3352 2831 3533 2889 fuisse
3561 2832 3655 2887 di-

2007 2924 2180 2988 citur,
2213 2928 2314 2978 aut
2346 2922 2549 2977 audire
2576 2937 2807 2991 semper
2832 2922 3053 2993 aliquid
3102 2920 3232 2976 novi
3262 2924 3365 2976 aut
3392 2920 3653 2977 invenire

2004 3013 2138 3083 (Act.
2172 3029 2309 3077 xvn,
2342 3012 2453 3080 24).

2074 3102 2126 3154 8.
2164 3099 2372 3155 Millies
2405 3100 2627 3154 interea
2656 3114 2761 3170 per
2788 3098 2914 3154 dies
2946 3098 3261 3171 cogebatur
3290 3097 3649 3156 calamitosis

2004 3189 2355 3261 patrocinari
2390 3188 2477 3256 εδδ,
2514 3186 2820 3243 consulere
2867 3186 3121 3259 afﬂictis,
3166 3204 3332 3259 opem
3364 3187 3513 3244 ferre
3538 3187 3647 3244 mi-

2006 3279 2171 3334 seris.
2208 3280 2340 3343 Quze
2371 3276 2569 3332 omnia
2617 3276 2701 3332 sic
2725 3275 3195 3347 administrabat,
3251 3280 3316 3332 ut
3359 3275 3649 3349 refugium

2004 3367 2193 3422 factus
2223 3366 2422 3438 egenis
2452 3365 2724 3421 omnibus
2772 3364 3084 3420 videretur.
3118 3365 3222 3431 Ita,
3244 3380 3380 3421 cum
3406 3369 3562 3421 esset
3592 3365 3653 3421 in

2004 3456 2141 3523 otio,
2175 3472 2344 3511 nemo
2374 3455 2491 3510 tere
2545 3454 2733 3526 magis
2788 3453 3094 3510 videbatur
3130 3453 3191 3508 in
3230 3454 3491 3526 negotio;
3522 3470 3646 3521 nec,

2006 3562 2139 3600 cum
2189 3548 2342 3600 esset
2390 3544 2447 3598 in
2482 3543 2734 3615 negotio,
2785 3559 3046 3614 unquam
3097 3543 3365 3599 cessabat
3410 3543 3482 3600 ab
3514 3543 3652 3600 otio.

2003 3633 2533 3690 Lucubrationibus
2564 3631 2998 3688 intentissimas
3030 3630 3413 3697 inveniendis,
3445 3631 3505 3688 in
3535 3632 3656 3688 dic-

2004 3728 2153 3791 tatu,
2193 3738 2556 3794 quaecunque
2606 3724 2745 3777 sunt
2788 3720 3227 3788 honestissima,
3278 3720 3657 3778 acutissimus

2004 3811 2133 3866 fuit.
2171 3810 2449 3866 Latialem
2480 3811 2548 3845 ’3’
2580 3809 2973 3882 eloquentiam
3005 3826 3121 3865 non
3153 3809 3211 3864 in
3244 3826 3308 3865 se
3335 3810 3657 3878 solum,ubi

2006 3898 2295 3963 excelluit,
2330 3900 2431 3953 sed
2459 3899 2528 3933 99°
2558 3902 2615 3951 et
2645 3897 2703 3951 in
2736 3896 2939 3951 multis
2976 3896 3105 3951 aliis
3131 3895 3372 3968 politam
3403 3897 3657 3953 reddidit

2008 3992 2064 4043 et
2095 3987 2404 4042 illustrem.
2439 3984 2609 4040 Nullo
2658 3990 2852 4039 autem
2883 3984 2993 4039 hoc
3040 3983 3157 4055 egit
3186 3983 3519 4055 supercilio,
3552 3984 3654 4040 sed

2010 4092 2143 4131 cum
2176 4073 2496 4130 domestico
2524 4073 2739 4144 lepore,
2772 4078 2901 4128 tum
2934 4073 3160 4127 urbana
3189 4071 3493 4143 gravitate.
3520 4072 3656 4129 Post

2008 4163 2212 4236 epulas
2242 4179 2375 4218 cum
2402 4161 2520 4230 alii,
2554 4167 2611 4217 et
2656 4162 2906 4232 majores
2960 4160 3137 4215 etiam
3188 4165 3253 4215 ut
3302 4160 3657 4232 accepimus,

2009 4251 2182 4325 paulo
2215 4257 2399 4324 agunt
2430 4250 2756 4317 remissius,
2791 4250 2916 4321 ipse
2946 4248 3177 4304 lectioni
3208 4253 3265 4304 et
3294 4248 3659 4306 meditationi

2009 4342 2254 4398 vacabat
2282 4342 2347 4376 ²⁹¹
2373 4339 2667 4396 attentius.
2692 4337 3041 4394 Matutinum
3066 4337 3477 4410 crepusculum
3498 4337 3659 4395 nullo

2012 4432 2197 4505 pretio
2230 4428 2509 4495 vendidit,
2542 4444 2647 4482 nec
2674 4431 2813 4482 tunc
2844 4443 2905 4481 se
2937 4442 3143 4481 somno
3174 4424 3511 4482 sollicitanti
3540 4427 3660 4483 ullo

2012 4521 2184 4577 modo
2220 4518 2489 4575 credidit.
2524 4515 2810 4572 Scurrilia
2837 4516 2906 4549 ²³¹
2935 4520 2993 4571 et
3018 4514 3278 4585 mimica,
3310 4532 3437 4588 qua
3468 4515 3527 4570 in
3559 4531 3660 4572 co-

246 4610 537 4678 strepunt,
563 4605 1017 4677 diligentissime
1058 4622 1189 4660 cum
1215 4603 1549 4660 doctoribus
1584 4605 1897 4675 cujuscun-
1934 4626 1978 4689 ι)
2012 4607 2311 4664 moediiset
2329 4606 2670 4678 tragaidiisa
2702 4603 2965 4677 personis
3022 4603 3196 4659 variis
3215 4603 3402 4659 edicta
3417 4603 3660 4676 quidam

246 4711 361 4767 que
385 4694 599 4766 linquas
631 4698 1031 4767 perscrutatus
1052 4699 1141 4750 est
1164 4713 1177 4762 ;
1202 4698 1261 4749 et
1282 4693 1381 4749 ubi
1408 4693 1686 4765 magister
1715 4692 1893 4748 excel-

245 4783 358 4839 luit
388 4783 607 4854 ingenii
656 4782 974 4851 velocitate,
1024 4782 1106 4837 ibi
1163 4799 1224 4837 se
1250 4781 1615 4853 discipulum
1646 4782 1894 4853 praebuit

246 4871 598 4928 humilitate.

2012 4700 2429 4768 concrepantes
2443 4694 2565 4749 risu
2579 4709 2640 4749 se
2661 4691 2889 4747 inﬁnito
2912 4692 3274 4759 concutiunt,
3288 4691 3413 4764 ipse
3432 4708 3663 4766 semper

2003 4785 2153 4842 serio
2176 4785 2242 4819 ²⁹³
2267 4783 2600 4839 lectitabat:
2636 4780 2939 4837 materiam
2966 4797 3070 4853 pro
3101 4779 3368 4850 minimo,
3401 4783 3659 4839 auctori-

2008 4880 2187 4933 tatem
2219 4873 2279 4928 in
2326 4872 2638 4929 verborum
2680 4868 3204 4942 compositionibus
3251 4887 3354 4944 pro
3404 4871 3659 4929 maximo

1598 5041 1858 5100 VARL/E
1908 5042 2319 5101 LECTIONES.

318 5169 389 5204 πο
417 5167 644 5225 decidet
673 5169 725 5222 3.
804 5168 870 5202 εει
909 5164 1204 5238 supserim
1238 5166 1289 5219 1.
1326 5167 1793 5238 presumpserim
1820 5169 1875 5222 3.
1952 5168 2021 5204 ²⁸²
2050 5181 2283 5238 rumore
2312 5165 2370 5231 3,
2415 5164 2514 5238 λ²⁸³
2544 5162 2763 5238 sutﬁcit
2791 5162 2957 5238 (deest
2982 5163 3064 5231 in)
3094 5164 3149 5238 3.
3226 5162 3303 5238 πί
3332 5163 3485 5238 quod
3521 5164 3599 5238 _1.
3627 5164 3664 5218 2

241 5241 312 5276 ’⁸⁵
335 5256 440 5295 nec
464 5239 716 5311 quesivit
736 5233 1191 5311 extrafgloriam,
1226 5233 1472 5311 sed'sibi
1505 5233 1774 5311 sufficere
1807 5238 2099 5295 estimavit
2130 5234 2534 5311 testimonium
2568 5251 2617 5311 ς).
2643 5252 2691 5289 s.
2711 5235 2777 5311 _3.
2800 5233 2814 5311 ’Δ
2856 5235 2925 5270 ⁸⁸⁸
2983 5234 3248 5311 conditor
3274 5233 3329 5287 3.
3357 5233 3375 5311 λ
3404 5234 3471 5311 ξ⁸⁷
3499 5233 3661 5311 deest.

240 5314 295 5367 3.
372 5312 441 5347 ³⁸⁸
472 5303 950 5383 ρδιιιοοὶοωῌξ
982 5308 1359 5383 “ﬂlaicalem
1386 5310 1437 5362 3.
1487 5310 1589 5383 _29‘{
1618 5309 1839 5366 scilicet
1870 5313 1922 5365 2.
1984 5312 2079 5383 qui
2133 5310 2335 5380 saepius
2392 5309 2476 5361 ita
2502 5307 2641 5376 falso
2703 5306 2835 5377 legit
2892 5303 3209 5377 compendio
3263 5306 3528 5376 scriptum
3555 5306 3661 5363 sol.

242 5384 311 5420 ²⁹¹
343 5379 626 5439 uaccabat
659 5382 713 5436 l.
790 5381 858 5416 ²⁹²
888 5379 1141 5465 Scurilia
1162 5381 1211 5434 1.
1293 5380 1363 5415 ²⁹³
1387 5379 1535 5435 serie
1566 5382 1621 5438 3.

1837 5513 2071 5570 NOTZE.

350 5637 586 5698 l927lld
610 5639 699 5693 est
717 5638 807 5692 est
833 5634 990 5690 intra
1010 5650 1193 5691 annos
1212 5635 1501 5693 935—940
1521 5641 1578 5693 et
1595 5638 1899 5694 930—945.

350 5641 488 5698 l927
522 5641 586 5693 Id
610 5641 699 5693 est
717 5641 807 5692 est
833 5641 990 5690 intra
1010 5650 1193 5691 annos
1212 5641 1501 5693 935—940
1521 5641 1578 5693 et
1595 5641 1899 5694 930—945.

326 5641 510 5787 £49283
543 5712 807 5769 Fortasse
854 5707 1008 5765 idem
1059 5722 1233 5778 quem
1264 5726 1314 5765 a.
1366 5710 1494 5781 947,
1524 5712 1745 5781 synodo
1775 5711 1903 5768 Vir-

2013 5636 2261 5694 dunensi
2294 5639 2637 5708 praesentem
2671 5633 2957 5689 memorat
2978 5628 3340 5692 Flodoarduo
3370 5633 3430 5693 in
3459 5637 3653 5694 Anna-

2014 5710 2169 5768 libus
2205 5731 2224 5759 ι
2258 5707 2503 5767 ιὲναὴθιθ
2531 5707 2802 5764 Brittonc.
2837 5726 2865 5754 »
