4060 6190
450 358 568 418 947

1410 357 1474 417 S.
1524 352 1921 416 BRUNONIS
1968 346 2490 410 COLONIENSIS
2537 348 2901 454 ARCEIIEP.

3759 347 3874 412 9&8

455 489 777 562 reputabat.
810 486 1203 544 Translatitiis
1234 505 1376 544 usus
1407 496 1496 544 est
1520 495 1610 543 est
1631 486 1870 552 scholis,
1895 500 2008 539 non
2029 483 2097 516 ’9‘
2128 482 2181 545 Α
2213 480 2271 534 in
2303 480 2577 535 virtutem
2611 481 2917 553 giganteis,
2943 485 3008 537 ut
3036 482 3118 538 ita
3147 480 3365 551 dicam,
3429 481 3712 552 passibus
3745 483 3872 554 iret,

456 594 690 650 corpore
720 577 958 648 quidem
991 580 1092 633 sed
1127 583 1320 634 mente
1351 579 1586 649 quietus
1609 578 1694 631 295.
1740 578 2098 645 Quocunque

454 668 609 724 enim
641 666 1190 738 circumagebantur
1238 667 1614 722 tabernacula
1657 671 1756 720 aut
1785 669 1975 719 castra
2005 679 2099 719 re-

453 755 1045 828 galia,bibliothecam
1061 772 1228 811 suam
1244 755 1416 810 sicuti
1436 773 1628 811 arcam
1649 756 1713 789 ²⁹δ
1737 754 2096 810 Dominicam

455 844 863 915 circumduxit,
896 844 1085 899 ferens
1110 846 1175 878 29⁷
1216 862 1413 900 secum
1447 851 1503 899 et
1533 861 1772 899 causam
1805 842 1980 899 studii
2005 841 2096 897 sui

455 933 1009 1002 etinstrumentum,
1035 950 1272 989 causam
1296 933 1353 988 in
1377 934 1609 1000 divinis,
1641 934 2097 989 instrumentum

454 1024 514 1079 in
539 1021 854 1095 gentilibus
881 1020 1086 1088 libris;
1121 1028 1184 1077 ut
1217 1027 1359 1094 puta
1405 1024 1615 1077 doctus
1657 1020 2098 1093 paterfamilias,

456 1113 556 1185 qui
588 1111 747 1167 novit
776 1112 846 1166 de
893 1111 1188 1168 Thesauro
1221 1129 1326 1168 suo
1367 1113 1620 1184 proferre
1654 1129 1799 1167 nova
1828 1116 1883 1166 et
1908 1115 2101 1166 vetaa

452 1201 666 1272 (Matth.
697 1218 821 1268 x111,
852 1201 963 1271 52),
996 1201 1108 1255 Nec
1140 1202 1198 1255 in
1229 1203 1354 1272 ipso
1404 1201 1609 1257 itinere
1659 1201 1895 1256 desidias
1936 1199 2100 1254 locus

453 1295 616 1356 erat;
643 1291 701 1344 in
720 1289 913 1356 turba,
939 1291 1092 1361 quod
1119 1307 1434 1362 paucorum
1458 1295 1565 1358 est,
1582 1290 1748 1361 quasi
1773 1290 1933 1345 solus
1956 1292 2098 1344 erat.

455 1378 953 1436 Confabulabatur
1002 1396 1257 1449 namque
1289 1379 1670 1438 utilissimum
1715 1378 1934 1450 aliquid
1966 1394 2099 1433 cum

455 1469 681 1539 quovis,
731 1472 834 1522 aut
877 1467 1269 1523 meditabatur
1320 1469 1374 1523 id
1433 1469 1500 1502 29⁵
1549 1471 1743 1540 ipsum
1786 1469 1844 1523 in
1875 1467 2098 1539 quovis.

524 1557 580 1611 9.
613 1560 754 1612 Cum
788 1557 859 1611 ad
891 1555 1151 1611 divinum
1204 1561 1441 1612 ventum
1473 1563 1628 1613 esset
1659 1558 1940 1626 ofﬁcium,
1977 1557 2100 1612 ani-

458 1661 621 1702 mum
654 1645 862 1716 agebat
891 1643 1201 1714 intentum,
1254 1646 1414 1700 brevi
1463 1648 1697 1718 quidem
1731 1648 1829 1702 sed
1865 1664 2010 1717 pura
2041 1663 2102 1701 se

456 1733 718 1794 oratione
755 1733 994 1788 Domino
1024 1734 1460 1790 commendans.
1495 1735 1616 1804 His,
1652 1736 1868 1806 quibus
1907 1735 2100 1790 convi-

454 1826 616 1877 xerat
655 1823 742 1887 "9,
774 1821 976 1876 habitu
1008 1827 1064 1877 et
1112 1826 1278 1894 gestu
1329 1822 1664 1894 aliquando,
1718 1830 1911 1880 mente
1942 1824 2100 1880 aliud
2134 1853 2178 1917 Β

453 1911 724 1979 actitans,
750 1911 1052 1966 satisfecit.
1086 1911 1209 1965 Non
1242 1911 1398 1966 enim
1430 1911 1598 1967 aliter
1618 1917 1736 1967 tam
1759 1930 1887 1968 vere
1918 1930 2100 1984 popu-

450 1999 592 2056 laris
613 2003 786 2069 esset,
818 2015 1008 2069 neque
1039 2004 1157 2054 tam
1183 1999 1386 2055 multis
1418 2001 1659 2056 meliora
1689 2003 2099 2073 persuasisset.

450 2087 743 2160 Quidquid
766 2079 1133 2144 sacerdotum
1159 2089 1388 2144 Domini
1409 2095 1512 2144 aut
1539 2093 1928 2162 perfectorum
1950 2093 2102 2148 viro-

452 2195 582 2234 rum
617 2177 911 2249 quispiam
942 2177 1042 2233 illo
1068 2177 1127 2234 in
1152 2182 1410 2250 tempore
1434 2195 1712 2251 magnum
1745 2181 1802 2236 in
1827 2181 2103 2254 religione

450 2267 818 2331 moliebatur,
853 2265 961 2322 hoc
991 2267 1163 2338 quasi
1197 2267 1320 2323 solo
1349 2270 1606 2338 quodam
1638 2271 1849 2326 comite
1874 2270 2101 2326 niteba-

451 2360 579 2426 tur;
614 2371 719 2412 nec
749 2356 986 2413 rebatur
1006 2356 1413 2412 auctoritatem
1445 2375 1611 2414 suam
1636 2359 1779 2414 satis
1802 2376 1904 2431 per
1926 2376 1988 2415 se
2006 2376 2100 2414 ve-

449 2445 806 2512 hementem,
862 2446 975 2500 nisi
1032 2446 1211 2512 hunc,
1264 2446 1431 2517 quasi
1479 2449 1980 2503 succenturiatum
2011 2451 2098 2516 ποθ,

451 2538 651 2591 nosset
667 2551 730 2590 se
749 2535 809 2589 in
831 2534 1029 2590 divina
1049 2535 1171 2590 acie
1194 2540 1642 2592 sustentantem.
1667 2542 1880 2592 Servus
1903 2544 2098 2594 autem

450 2622 552 2679 Dei
582 2640 696 2677 non
729 2623 1098 2678 mediocriter
1141 2623 1202 2677 in
1252 2624 1484 2695 incepto
1516 2627 1796 2696 profecit;
1834 2643 2100 2683 rumores

449 2711 609 2782 vulgi
641 2729 744 2782 pro
787 2711 968 2765 nihilo
1009 2713 1212 2777 duxit;
1246 2729 1350 2766 nec
1398 2715 1551 2783 quod
1600 2719 1731 2768 ante
1763 2716 1938 2785 pedes
1990 2716 2102 2771 fuit

453 2799 645 2855 solum
677 2800 782 2854 sed
838 2798 1025 2854 multa
1081 2816 1313 2871 quoque
1348 2801 1404 2854 in
1463 2807 1765 2873 posterum
1818 2805 2096 2876 praevidit.

451 2888 596 2944 Hinc
625 2892 732 2954 est,
766 2889 920 2959 quod
940 2889 1010 2943 de
1034 2889 1210 2944 fratre
1233 2906 1340 2944 suo
1373 2897 1755 2962 cognomento
1780 2893 1961 2964 patris
1984 2895 2097 2963 sui,

447 2981 505 3032 et
535 2977 607 3031 de
658 2976 930 3032 Cuonone
977 2979 1044 3012 ³⁰ί
1097 2977 1155 3031 in
1200 2978 1542 3034 afﬁnitatem
1594 2981 1813 3053 regiam
1866 2999 2095 3037 assum-

446 3069 543 3136 pto
574 3065 778 3137 (1929),
813 3067 954 3122 dum
987 3067 1232 3122 nimiam
1253 3066 1404 3122 inter
1425 3084 1524 3123 eos
1544 3069 1818 3141 colloquii
1851 3070 2098 3126 familia-

446 3154 762 3221 ritatem,et
781 3154 887 3210 hoc
904 3155 1155 3212 maxime
1179 3155 1498 3213 missarum
1512 3161 1790 3228 tempore,
1811 3165 2090 3222 cerneret.

445 3258 706 3315 praesago
739 3244 949 3316 spiritu
971 3245 1154 3300 fertur
1196 3245 1412 3301 dixise:
1449 3245 1488 3301 0
1519 3250 1577 3302 in
1609 3221 1882 3318 quantum
1903 3251 2094 3305 inimi-
2129 3221 2170 3288 Ο

444 3333 705 3389 vittarum
736 3333 1169 3389 amaritudinem
1199 3335 1308 3389 ista
1337 3335 1394 3389 in
1427 3335 1528 3391 hoc
1554 3345 1791 3408 tempore
1819 3339 2098 3393 tremendo

447 3423 591 3477 male
615 3429 777 3492 parta
805 3423 1165 3478 contubernia
1194 3424 1564 3480 resolventur!
1586 3426 1838 3482 Eventus
1870 3427 1950 3481 rei
1982 3444 2096 3482 non

450 3510 634 3566 multo
666 3516 797 3580 post
819 3512 993 3566 dictis
1020 3509 1194 3566 ﬁdem
1230 3511 1380 3566 fecit.

519 3597 605 3652 lO.
635 3597 832 3653 Prima
861 3598 1223 3668 dispensatio
1253 3600 1473 3655 credita
1501 3605 1592 3657 est
1618 3602 1702 3657 illi
1733 3605 1923 3660 adhuc
1954 3607 2096 3662 ado-

433 3684 682 3741 lescenti
700 3685 760 3740 in
780 3685 1135 3756 quibusdam
1170 3689 1543 3745 monasteriis
1567 3691 1747 3762 (4930)
1770 3709 1782 3759 ;
1803 3692 1861 3747 in
1881 3693 2095 3763 quibus

433 3773 711 3844 degentes
725 3774 1082 3830 cumidoneo
1107 3775 1371 3831 Ecclesia:
1395 3778 1464 3813 ⁸⁰²
1488 3780 1844 3849 testimonio,
1882 3783 2093 3853 partim

431 3861 772 3929 voluntarie,
803 3863 1014 3935 partim
1030 3863 1105 3930 vi,
1127 3865 1196 3918 ad
1213 3868 1541 3936 regularem
1557 3869 1731 3924 vitam
1750 3873 2096 3928 constrinxit

2210 577 2266 624 et
2297 587 2646 642 quocunque
2677 572 2879 643 pedem
2913 571 3183 638 intendit,
3218 587 3455 642 semper
3477 571 3537 624 in
3569 570 3872 629 voluntate

2216 661 2445 718 Domini
2477 662 2794 733 proﬁceret,
2822 667 2946 717 orta
3001 667 3090 718 est
3139 661 3338 717 subita
3395 667 3726 733 tempestas
3758 664 3870 720 dis-

2215 750 2505 807 sensionis
2538 752 2595 807 in
2623 751 2878 807 Ecclesia
2903 753 3071 821 (953),
3097 750 3430 807 dormiente
3453 752 3634 806 credo
3652 753 3788 807 Jesu
3806 755 3869 790 πε

2215 840 2272 894 in
2322 841 2653 911 pectoribus
2699 840 2937 912 vigilum
2989 846 3124 896 ante
3172 842 3327 896 fores
3381 841 3604 896 domus
3649 844 3872 899 Domini

2212 929 2624 984 excubantium
2651 947 2663 996 ;
2697 929 2778 984 ita
2811 935 2873 984 ut
2901 929 3140 1001 quidam
3170 933 3400 986 Satanae
3428 929 3598 995 socii,
3651 930 3869 986 invidie

2213 1018 2422 1089 spiritu
2448 1018 2706 1089 distenti,
2732 1019 3140 1090 imperatorem
3160 1018 3496 1091 ipsum,per
3513 1035 3699 1091 quem
3723 1019 3872 1076 salus

2212 1112 2338 1162 erat
2369 1108 2427 1162 in
2458 1108 2691 1180 populo,
2723 1108 2991 1164 videlicet
3017 1109 3216 1164 lumen
3248 1109 3410 1164 orbis
3459 1113 3660 1173 terra,
3705 1126 3874 1166 cona-

2213 1203 2416 1252 rentur
2445 1198 2801 1269 extinguere.
2826 1200 3014 1264 Quare
3047 1198 3175 1264 hoc,
3202 1197 3315 1252 nisi
3337 1203 3403 1252 ut
3427 1215 3546 1253 non
3573 1200 3649 1233 ⁸⁰⁵
3673 1215 3874 1270 argue-

2213 1293 2418 1343 rentur
2456 1304 2657 1342 eorum
2703 1287 2856 1342 mala
2895 1287 3113 1358 opera?
3159 1287 3307 1343 Nam
3357 1293 3510 1343 teste
3539 1289 3878 1360 evangeliea

2211 1377 2490 1445 Veritate,
2524 1393 2702 1432 omms
2732 1379 2825 1446 qui
2853 1379 3000 1432 male
3026 1379 3158 1448 agit,
3191 1377 3306 1432 odit
3354 1378 3539 1433 lucem
3579 1379 3768 1448 (Joan.
3802 1395 3876 1445 III,

2210 1468 2321 1536 20).
2347 1466 2585 1521 Cassato
2606 1466 2784 1537 igitur
2815 1483 2918 1537 per
2965 1466 3057 1522 Dei
3105 1467 3554 1522 miserationem
3617 1466 3735 1522 hoc
3789 1484 3880 1538 per

2213 1556 2616 1627 serpentinum
2641 1557 2708 1589 ³0⁸
2740 1554 2978 1610 sibilum
3003 1561 3283 1627 concepto
3306 1555 3581 1623 consilio,
3607 1557 3877 1628 nequitia

2214 1662 2334 1700 sure
2364 1645 2523 1700 virus
2553 1660 2657 1716 per
2686 1644 2868 1700 totius
2900 1643 3060 1715 regni
3089 1645 3218 1716 ejus
3240 1644 3468 1700 viscera
3488 1644 3874 1700 diffuderunt.

2213 1735 2374 1801 Quod
2407 1733 2541 1788 licet
2571 1734 2784 1804 ubique
2816 1738 2873 1787 et
2903 1733 3096 1804 legum
3131 1733 3461 1789 minaretur
3493 1733 3804 1789 silentium
3824 1740 3876 1789 et

2213 1822 2403 1896 plebis
2443 1839 2543 1892 per
2573 1823 2755 1878 caedes
2803 1829 2860 1878 et
2909 1821 3142 1894 rapinas
3193 1823 3532 1892 interitum,
3578 1840 3872 1894 nusquam

2213 1917 2409 1967 tamen
2435 1912 2604 1966 feroci
2617 1928 2684 1966 us
2702 1928 2876 1982 quam
2891 1910 2948 1966 in
2964 1911 3362 1967 occidentibus
3382 1912 3664 1982 partibus
3681 1917 3876 1966 scema-

2212 2002 2310 2056 bat
2330 2003 2418 2055 θοτ.
2456 2001 2538 2056 Ibi
2570 2001 2863 2072 principes
2892 2000 2943 2056 vi
2977 2004 3034 2056 et
3063 2004 3227 2072 rapto
3268 2000 3520 2068 assueti,
3554 2000 3764 2072 populi
3795 2017 3876 2055 re-

2213 2108 2343 2145 rum
2397 2107 2674 2146 novarum
2711 2089 2928 2161 cupidi,
2965 2088 3234 2145 civilibus
3265 2105 3476 2145 omnes
3510 2091 3583 2125 ³⁰⁸
3616 2089 3876 2145 cladibus

2213 2180 2443 2245 intenti,
2477 2179 2727 2234 aliorum
2759 2179 3040 2235 ditescere
3073 2178 3327 2234 miseriis
3371 2180 3803 2250 prmoptabant.

2287 2270 2371 2324 Η.
2433 2270 2597 2323 Tunc
2649 2273 2860 2324 sanctae
2918 2267 3280 2322 Coloniensis
3343 2265 3620 2323 Ecclesia
3681 2272 3875 2338 pastor

2213 2358 2526 2414 Wicfridus
2554 2359 2622 2391 δοθ
2651 2357 2750 2412 diu
2773 2356 3089 2411 admodum
3113 2354 3448 2423 imbecillis,
3469 2355 3649 2427 regiae
3682 2360 3872 2410 tamen

2213 2446 2504 2517 majestati
2523 2450 2580 2501 et
2600 2446 2800 2517 patriae
2824 2445 2970 2500 satis
2992 2445 3163 2511 tidus,
3191 2444 3362 2499 fessis
3385 2444 3633 2498 tandem
3660 2442 3871 2498 relictis

2209 2539 2373 2590 terrae
2396 2535 2662 2603 artubus,
2687 2534 2959 2606 supernis
2981 2533 3286 2604 spiritibus
3301 2532 3687 2588 sociatusest.
3711 2531 3872 2586 Plebs

2210 2629 2405 2680 autem
2437 2624 2718 2680 destituta
2747 2627 3003 2696 postore,
3035 2624 3091 2676 in
3123 2621 3252 2692 ipsa
3281 2621 3634 2676 confusione
3669 2619 3753 2674 nil
3773 2637 3868 2674 an-

2210 2730 2346 2784 ceps
2387 2713 2466 2767 nil
2497 2713 2725 2768 varium
2753 2711 2978 2778 molita,
3013 2709 3249 2765 unicum
3281 2710 3454 2765 unice
3513 2714 3784 2781 optatum
3812 2708 3868 2762 in

2209 2803 2424 2857 domno
2457 2807 2750 2867 Brunone,
2783 2799 3094 2871 magnifico
3143 2798 3264 2853 viro
3313 2802 3373 2853 et
3429 2797 3867 2870 probatissimo,

2210 2891 2321 2948 sibi
2354 2890 2571 2962 delegit
2599 2888 2896 2959 solatium,
2947 2893 3149 2943 secuta
3194 2892 3547 2958 magnatum
3599 2893 3659 2942 et
3695 2887 3867 2942 totius

2209 2980 2345 3036 cieri
2375 2977 2836 3042 consilium.Qui
2860 2976 3176 3047 injuvenili
3213 2977 3871 3047 corporemoribusma-

2209 3075 2398 3136 turus,
2431 3070 2489 3123 in
2522 3068 2778 3122 maxime
2810 3065 3129 3122 nobilitatis
3160 3064 3319 3120 fastu
3351 3065 3602 3120 humilis
3633 3071 3692 3120 et
3715 3081 3870 3120 man-

2211 3164 2412 3214 suetus
2427 3162 2574 3225 erat;
2601 3158 2660 3211 in
2677 3156 3038 3212 sublimitate
3056 3153 3574 3225 sapientiaquem
3591 3153 3871 3225 percepit,

2210 3265 2323 3303 non
2349 3247 2481 3318 plus
2503 3263 2708 3318 sapere
2739 3261 2914 3316 quam
2962 3247 3186 3315 oportet
3217 3258 3424 3314 sapere
3446 3243 3626 3312 (Rom.
3661 3260 3766 3305 xu,
3797 3243 3868 3313 3),

2209 3339 2309 3392 sed
2333 3352 2536 3408 sapere
2557 3336 2630 3390 ad
2653 3335 3026 3391 sobrietatem
3077 3331 3348 3388 animum
3383 3331 3662 3386 induxit:
3696 3332 3756 3386 in
3789 3347 3869 3386 re-

2209 3425 2324 3497 gali
2347 3424 2647 3480 afﬂuentia
2680 3439 2891 3495 parcus
2921 3422 3052 3492 sibi,
3111 3421 3274 3476 dives
3305 3419 3514 3476 amicis
3545 3421 3683 3476 fuit.
3719 3421 3782 3475 In
3809 3436 3870 3475 ea

2209 3516 2466 3587 primum
2491 3513 2772 3569 electione
2794 3516 3002 3584 praeter
3025 3514 3268 3566 ceteros
3293 3509 3659 3565 Godefridus
3681 3508 3865 3565 floruit

2206 3605 2514 3675 episcopus
2545 3603 2758 3675 (1932);
2794 3603 2894 3656 sed
2927 3600 2976 3656 si
3006 3601 3077 3636 ³¹⁰
3106 3599 3242 3668 quis
3284 3599 3466 3654 alium
3528 3603 3674 3654 voto
3705 3599 3861 3670 praei-

2205 3699 2309 3760 ret,
2343 3691 2582 3747 dit‘ﬁcile
2631 3691 2925 3762 quispiam
2984 3688 3302 3760 expediret.
3363 3691 3484 3742 Hoc
3547 3705 3671 3743 uno
3723 3689 3861 3743 inter

2203 3799 2365 3854 spem
2387 3786 2728 3853 metumque
2753 3779 2916 3834 dubii
2941 3779 3298 3844 ferebantur,
3322 3778 3480 3849 quod
3505 3777 3760 3833 honoris
3779 3777 3857 3830 di-

2203 3870 2486 3941 gnitatem
2519 3874 2578 3924 et
2602 3868 2710 3922 viri
2740 3866 2986 3940 gloriam
3021 3865 3352 3931 metientes,
3397 3864 3724 3936 indignum
3750 3865 3856 3918 fore

361 3937 375 3950 “
436 3951 628 4008 sciens
651 3953 802 4022 quod
827 3957 882 4006 ct
906 3951 1100 4006 invitis
1125 3953 1278 4008 bona
1298 3961 1669 4025 praestantur.
1690 3960 1936 4032 Ipsaque
1961 3968 2093 4032 post
2199 3937 2374 4013 tantae
2394 3937 3124 4021 sublimitati-metuebant,
3150 3954 3302 4024 quod
3325 3954 3377 4009 ei
3400 3969 3543 4010 cum
3559 3958 3730 4010 tanto
3743 3969 3856 4007 am-

434 4039 742 4111 paululum
767 4045 880 4096 Deo
923 4046 1151 4096 sacrata
1180 4040 1329 4112 loca,
1368 4051 1659 4101 annuente
1699 4050 1856 4120 regia
1886 4050 2092 4108 libera-

433 4127 617 4194 litate,
649 4128 968 4201 privilegiis
1009 4134 1065 4184 et
1097 4131 1571 4189 immunitatibus
1614 4137 1876 4208 pristinis
1907 4143 2085 4197 refor-

433 4217 634 4284 mavit,
670 4217 816 4272 nihil
849 4216 962 4272 sibi
994 4219 1190 4274 suisve
1217 4221 1287 4255 ³0³
1310 4221 1516 4277 exinde
1547 4224 1807 4280 beneficii
1833 4229 1967 4298 jure
1999 4247 2086 4285 re-

431 4320 693 4370 servans,
727 4305 841 4360 nisi
893 4311 1179 4376 quantum
1233 4309 1628 4367 cmnobiorum
1657 4319 1853 4384 patres
1883 4325 2087 4388 sponte

431 4408 614 4448 causa
641 4392 941 4449 charitatis
973 4396 1326 4451 obtulerant.
1361 4399 1425 4452 In
1448 4399 1542 4454 his
1559 4407 1747 4457 exstat
1769 4405 2084 4461 Loresbam

433 4481 597 4538 locus
609 4496 811 4554 regum
831 4483 1225 4539 muniﬁcentia
1242 4486 1452 4541 nobilis
1466 4487 1726 4544 adhucin
1744 4492 2083 4547 memoriam

2200 4048 2319 4102 bito
2352 4047 2775 4118 praeparabant.
2804 4049 2873 4100 Et
2903 4060 3102 4099 revera
3129 4042 3180 4098 si
3213 4043 3346 4114 quis
3376 4042 3439 4097 in
3470 4047 3597 4098 toto
3630 4042 3740 4098 hoc
3769 4058 3856 4098 re-

2200 4153 2314 4208 gno
2335 4135 2498 4191 locus
2530 4139 2685 4190 esset
2715 4133 3039 4205 augustior,
3073 4136 3175 4188 aut
3201 4136 3356 4188 certe
3387 4131 3568 4187 clero.
3621 4131 3851 4203 populo,

2197 4226 2480 4292 ecclesiis,
2515 4224 2794 4294 omnique
2849 4226 3131 4293 apparatu
3189 4219 3538 4292 elegantior,
3582 4219 3682 4274 hic
3711 4218 3854 4274 tanti

2200 4315 2453 4387 pastoris
2482 4311 2740 4384 receptui
2767 4313 2835 4347 3“
2870 4311 2943 4366 ab
2973 4309 3248 4366 omnibus
3275 4309 3374 4380 qui
3405 4325 3546 4365 eum
3580 4313 3855 4364 noverant

2196 4404 2428 4476 dignior
2459 4406 2779 4474 putaretur.

2269 4495 2353 4547 12.
2383 4489 2866 4562 Conspirantibus
2915 4487 3113 4559 itaque
3161 4487 3443 4543 omnibus
3493 4491 3552 4542 et
3600 4486 3756 4542 idem
3795 4485 3851 4540 in

434 4570 580 4629 tanti
612 4570 717 4624 viri
747 4571 1002 4627 retinens
1025 4575 1082 4626 et
1119 4575 1559 4644 praerogativam
1589 4577 1876 4637 libertatis
1897 4581 2082 4653 (l93l)
2115 4589 2160 4652 ι)
2193 4583 2421 4638 Christo
2452 4578 2858 4645 sentientibus,
2887 4593 3029 4632 cum.
3052 4576 3242 4630 adhuc
3281 4575 3667 4631 inbumatum
3697 4580 3755 4631 et
3784 4573 3848 4629 ad

435 4662 494 4713 et
522 4657 882 4716 monimenta
930 4659 1248 4732 religionis.
1308 4663 1524 4721 Deinde
1573 4682 1706 4721 cum
1758 4669 1829 4725 de
1875 4671 2088 4728 virtute

2200 4671 2397 4728 oculos
2411 4669 2665 4740 positum
2677 4666 3004 4722 secundum
3015 4664 3504 4721 consuetudinem
3519 4663 3628 4720 loci
3644 4678 3851 4734 corpus

1788 4847 2047 4905 VARL/E
2077 4848 2489 4907 LECTIONES.

507 4987 577 5021 ’9‘
606 4985 858 5072 deest‘3..
915 4989 1224 5072 29ii‘quit‘a‘tis
1283 4995 1334 5048 3.
1415 4995 1804 5072 “sequenti.
1881 5000 1948 5035 “7
1977 5000 2252 5072 frequens
2283 5003 2335 5054 3.
2416 5000 2482 5072 29‘?
2513 4997 2774 5072 deest_2._
2822 4993 3139 5072 seddgorr.‘
3188 4993 3258 5028 29°

434 5058 504 5093 ³⁰⁰
534 5059 964 5114 succentarium
999 5058 1050 5114 3’.
1127 5063 1192 5097 ³⁰¹
1228 5079 1448 5120 conone
1477 5068 1530 5120 3.
1563 5058 1575 5068 ’
1608 5070 1676 5102 ³⁰²
1727 5070 1779 5124 i.
1839 5072 1994 5126 modo
2049 5058 2302 5127 ecclesiae
2362 5071 2516 5125 modo
2572 5065 2848 5123 ecclesias.
2929 5065 2996 5103 ³⁰³
3053 5063 3276 5120 suisuel
3332 5058 3384 5118 l.
3465 5065 3536 5101 ⁸0³

916 5132 984 5165 ³0⁸
1033 5135 1396 5204 serpentium
1454 5139 1506 5192 3.
1584 5141 1649 5177 30"
1708 5144 2018 5198 estuabant
2073 5146 2128 5199 3.

433 5129 503 5164 ³⁰δ
557 5130 706 5187 deest
761 5132 814 5184 3.

435 5201 476 5236 3‘
489 5205 506 5238 ι
538 5201 836 5274 preceptui
865 5203 919 5258 3.

3361 4993 3680 5051 uibuscum
3712 5011 3764 5047 ν.
3796 4995 3848 5047 3-

3594 5064 3765 5119 illum
3794 5068 3842 5119 2-

2232 5144 2298 5179 ³⁰⁸
2350 5142 2498 5197 deest
2545 5141 2602 5195 3.
2678 5138 2745 5174 ⁸⁰⁹
2803 5134 3140 5192 wiikfridus
3193 5137 3247 5190 2.
3326 5135 3399 5171 ³¹⁰
3447 5136 3616 5194 deest.
3680 5137 3733 5191 2,
3792 5136 3841 5190 3.

2027 5347 2258 5404 NOTAE.

510 5459 687 5534 (ipse)
711 5461 931 5534 Qenere
962 5463 1135 5532 regis.

663 5539 691 5596 t)
725 5531 876 5586 Jam.
903 5551 954 5587 a.
988 5530 1092 5587 947
1118 5536 1300 5591 abbas
1331 5541 1496 5603 erat;
1528 5539 1828 5595 Flodoard.
1864 5543 1924 5598 h.
1959 5561 2011 5598 8.

511 5601 690 5679 (i931)
725 5605 788 5656 Α.
821 5605 1074 5679 t_)56._jus
1097 5607 1300 5679 libera:
1329 5601 1628 5666 electionis
1669 5614 1957 5669 redditum
1991 5631 2084 5671 ac-

440 5675 612 5741 cepit.
630 5677 790 5727 Cont.
827 5675 1162 5747 Reginonis.

2273 5473 2454 5544 (1632)
2477 5469 2810 5544 Spirensem
2834 5467 3014 5544 fuisse
3032 5466 3330 5544 cornelius
3354 5468 3546 5544 Byeus
3578 5466 3834 5544 coniicit;

2200 5537 2298 5600 sed
2333 5537 2469 5614 quid
2505 5537 2682 5614 officii
2709 5541 2964 5612 Spirensi
2997 5539 3265 5614 episcopo
3312 5539 3370 5614 i_n
3403 5537 3660 5614 ‘Adiocesi
3689 5537 3839 5594 Colo-

2200 5609 2408 5705 piensi,
2436 5614 2555 5705 nisi
2586 5609 2840 5705 legatum
2901 5609 3128 5683 regium
3181 5609 3449 5666 electioni
3500 5613 3836 5684 deputatum

2198 5687 2374 5743 fuisse
2404 5689 2628 5743 statuas
2651 5685 2679 5740 ‘2
