4060 6190
247 374 362 440 953

1848 369 2033 433 VITA
2050 411 2063 429 .

3544 367 3664 430 954

313 512 400 566 19.
430 509 559 565 Hac
588 510 646 563 et
675 505 769 562 his
796 502 1020 561 similia
1041 504 1298 563 domnus
1320 508 1531 577 Bruno,
1565 506 1654 562 vir
1678 506 1891 570 bonus,
1921 504 1978 569 Α
2010 522 2157 578 quos
2187 508 2336 563 ﬁdos
2369 506 2594 575 habuit,
2630 505 2960 563 consultam
2991 504 3254 578 partibus
3276 503 3413 575 illis,
3455 503 3663 561 festiue

245 599 470 656 dicendi
536 597 781 669 peritus,
832 595 903 649 de
970 593 1161 649 salute
1229 596 1605 667 pulcherrimi
1661 595 1894 666 juvenis

244 688 406 744 valde
465 685 748 742 sallicitus
794 684 1133 755 perorabat.
1190 684 1289 739 Ille
1320 701 1473 751 vero,
1527 687 1693 756 quasi
1726 686 1895 754 cujus

247 782 501 833 mentem
527 775 755 830 Erinnis
781 774 847 808 3‘7
872 773 943 828 ad
971 778 1229 844 emptum
1250 775 1315 808 3‘3
1339 774 1500 829 nefas
1534 775 1895 845 instigasset,

245 882 442 922 aurem
500 865 688 919 cordis
751 864 843 918 sui
896 862 1244 932 neutiquam
1296 880 1507 935 passus
1554 868 1642 918 est
1688 864 1896 932 hujus—

247 955 401 1009 modi
434 953 675 1008 monitis
706 951 1004 1007 admoveri
1035 970 1047 1017 ;
1102 952 1197 1006 vix
1244 953 1444 1007 auditu
1490 952 1793 1020 exteriore,
1827 966 1899 1005 ne

246 1044 535 1098 videretur
578 1042 756 1096 nimis
807 1039 1093 1106 insolens,
1148 1041 1578 1113 propinquavit.
1616 1042 1898 1095 Innocens

248 1133 399 1189 enim
415 1133 485 1187 ab
500 1132 677 1202 hujus
693 1130 1083 1187 dissensionis
1104 1130 1341 1185 miseria
1361 1130 1541 1184 videri
1556 1146 1733 1201 quam
1749 1142 1895 1192 esse,

247 1223 525 1277 honestus
583 1221 767 1275 duxit.
830 1219 1011 1274 Movit
1068 1220 1195 1288 ejus
1254 1219 1574 1289 juvenilem
1634 1218 1897 1272 animum

249 1311 504 1366 anxietas
535 1315 591 1365 et
623 1315 816 1365 motus
848 1307 1427 1380 elegantissimorum
1460 1307 1764 1371 comitum,
1798 1304 1896 1375 qui

248 1400 360 1455 nisi
390 1399 551 1454 illius
600 1399 791 1470 impiae
824 1396 1244 1469 conjurationis
1277 1398 1412 1451 tabo
1462 1398 1531 1431 3‘9
1581 1399 1777 1450 essent
1805 1394 1896 1447 in-

248 1489 649 1556 fecti,ornatus
672 1492 728 1542 et
750 1486 1093 1558 jucunditas
1120 1501 1247 1540 esse
1274 1489 1520 1556 possent
1549 1486 1617 1519 ³⁶⁰
1646 1483 1896 1554 impera-

246 1579 406 1634 toriae
445 1578 737 1651 dignitati.
787 1577 954 1631 Tunc
1002 1575 1203 1646 utique
1252 1579 1379 1629 tam
1425 1572 1898 1637 desiderabilem,

247 1672 363 1723 tam
435 1684 616 1722 manu
686 1667 914 1730 fortem,
979 1670 1099 1719 tam
1147 1663 1447 1735 egregiam
1498 1664 1626 1733 ejus
1676 1659 1897 1733 prolem

251 1755 476 1809 deceret
523 1754 632 1808 hoc
689 1752 921 1824 agmine
980 1751 1205 1821 stipari,
1238 1751 1309 1805 de
1342 1751 1455 1805 hac
1486 1750 1709 1805 delecta
1732 1750 1897 1818 juve-

248 1859 386 1897 num
438 1841 781 1897 excellentia
839 1839 1096 1912 gloriari.
1159 1840 1295 1893 Erat
1355 1856 1469 1910 prae
1531 1837 1897 1892 omnibusin
1931 1865 1978 1928 B

248 1932 373 2001 ejus
399 1931 598 1986 animo
630 1929 798 2001 quasi
829 1930 1071 2000 quidam
1104 1926 1386 1982 stimulus
1418 1928 1534 1982 dux
1564 1925 1735 1997 paulo
1767 1930 1901 1980 ante

246 2020 626 2090 fortissimus,
659 2023 800 2073 tunc
832 2022 1029 2073 autem
1062 2016 1254 2086 praedo
1288 2014 1897 2080 audacissimus,Cuo-

249 2124 320 2164 no
350 2128 362 2177 ;
397 2108 579 2164 etiam
613 2112 799 2179 parta,
832 2112 897 2161 ut
939 2105 1053 2176 ipsi
1104 2105 1427 2176 jactabant,
1462 2105 1795 2159 divitiarum
1845 2108 1901 2158 et

249 2198 423 2269 regni
467 2196 672 2269 gloria,
734 2196 836 2250 sed
894 2211 1094 2249 revera
1124 2193 1289 2247 labor
1346 2194 1560 2249 sterilis
1603 2210 1704 2265 pro
1733 2198 1899 2248 tran-

250 2286 539 2358 quilitate,
577 2285 915 2340 sollicitudo
948 2298 1183 2353 semper
1215 2282 1387 2337 auxia
1432 2300 1533 2354 pro
1565 2283 1896 2339 securitate.

248 2380 368 2431 Nan
400 2376 454 2431 is
487 2374 603 2441 cui,
638 2378 703 2429 ut
734 2374 815 2428 ita
844 2372 1057 2437 dicam,
1090 2371 1287 2425 omnia
1316 2377 1481 2425 erant
1510 2372 1568 2426 in
1602 2372 1898 2438 manibus,

250 2465 476 2537 agendo
508 2469 575 2518 ut
634 2462 766 2535 plus
801 2462 1063 2525 haberet,
1122 2464 1187 2513 ut
1237 2459 1381 2514 nihil
1438 2460 1676 2515 haberet
1710 2461 1898 2515 omni-

246 2554 434 2609 modis
496 2552 835 2607 effecerunt.
875 2551 1103 2605 Interea
1139 2551 1333 2601 tamen
1381 2549 1569 2603 modis
1600 2549 1897 2616 omnibus,

250 2659 352 2697 nec
397 2641 552 2697 dolis
601 2640 799 2695 minus
851 2655 1028 2710 quam
1081 2637 1303 2691 viribus
1335 2642 1573 2704 certare,
1599 2655 1787 2708 neque
1831 2639 1897 2673 3“

253 2732 375 2787 dies
408 2746 631 2801 neque-
658 2734 857 2783 noctes
887 2727 1272 2797 requiescere,
1333 2727 1693 2782 adversarios
1750 2727 1902 2783 inter

255 2838 315 2876 se
371 2821 441 2854 359
502 2823 806 2890 suspectos
865 2818 1072 2884 facere,
1125 2814 1271 2869 nihil
1323 2814 1675 2869 intentatum
1727 2815 1899 2871 relin-

257 2925 433 2980 quere
490 2924 679 2979 neque
731 2906 1053 2977 quidquam
1105 2903 1269 2975 pensi
1325 2903 1537 2958 habere
1580 2904 1900 2960 dummodo

249 2998 307 3053 id
340 3000 659 3065 efﬁcerent,
690 3002 755 3051 ut
810 2994 1084 3049 maximis
1135 2993 1290 3046 intra
1346 3009 1590 3063 regnum
1632 2993 1898 3062 urbibus,

251 3091 308 3141 et
341 3086 438 3141 his
470 3083 958 3156 opulentissimis,
1000 3096 1353 3153 quocunque
1383 3080 1615 3153 ingenio
1647 3081 1901 3152 potiren-

246 3180 347 3230 tur
396 3175 535 3229 inde
586 3176 811 3229 cunctis
870 3172 1028 3245 regni
1092 3170 1307 3224 ﬁnibus
1376 3170 1541 3224 facile
1596 3186 1657 3225 se
1714 3170 1898 3241 impe-

251 3269 488 3318 raturos
545 3263 613 3297 ³⁵³
670 3263 1045 3317 arbitrantes.
1097 3261 1176 3314 Ac
1217 3275 1286 3312 ne
1334 3259 1473 3329 quid
1508 3258 1740 3330 penitus
1773 3260 1900 3314 sine
1932 3231 1974 3297 Ο

248 3352 454 3406 fraude
484 3350 666 3418 ﬁeret,
694 3366 827 3404 cum
859 3348 1135 3413 Arnoldo,
1162 3350 1399 3401 strenuo
1432 3345 1725 3417 imprimis
1756 3348 1901 3413 viro,

248 3440 339 3495 cui
383 3456 620 3495 summa
668 3454 865 3494 rerum
914 3453 1019 3508 per
1067 3436 1225 3491 idem
1276 3439 1508 3505 tempus
1552 3436 1609 3489 in
1651 3436 1900 3491 Bauwa-

249 3529 471 3583 riorum
531 3532 685 3582 terra
716 3527 899 3597 (4935)
960 3523 1278 3579 commissa
1337 3522 1463 3589 fuit,
1526 3525 1805 3579 secretius
1836 3525 1904 3559 ³δ⁴

244 3616 778 3689 pollicitationibus
809 3613 1076 3681 inﬁnitis,
1111 3613 1624 3668 commemorando
1662 3612 1902 3683 insuper

246 3706 451 3761 odium
480 3708 666 3770 vetus,
701 3706 964 3776 egerunt,
1009 3707 1075 3757 ut
1133 3718 1195 3757 se
1226 3700 1505 3773 primum,
1569 3702 1779 3757 deinde
1833 3702 1900 3737 ³⁵⁵

249 3796 460 3850 urbem
511 3791 871 3862 praeclaram,
907 3796 1203 3862 postremo
1234 3795 1424 3845 totum
1476 3790 1619 3845 illud
1654 3807 1897 3862 regnum

240 3879 517 3936 Heinrico
575 3879 709 3933 duci
772 3881 1044 3949 perjurus
1094 3878 1413 3933 abdicaret.
1478 3878 1731 3932 Tantum
1788 3879 1897 3933 sibi

246 3968 479 4025 roboris
536 3968 683 4022 inter
750 3983 846 4021 eos
917 3967 1136 4021 invidia
1190 3970 1246 4020 et
1304 3966 1501 4020 odium
1564 3966 1894 4020 vindicavit.

244 4056 439 4113 Simul
473 4056 721 4128 Ungros,
756 4055 1060 4126 antiquam
1114 4058 1339 4126 pestem
1372 4053 1591 4125 patriae,
1627 4053 1898 4110 sollicita-

241 4146 406 4217 bant,
464 4148 531 4199 ut
578 4160 826 4216 regnum
874 4144 935 4197 in
997 4160 1059 4199 se
1092 4144 1286 4214 ipsum
1347 4140 1598 4196 divisum
1660 4142 1895 4197 invade-

252 4240 384 4290 rent
409 4251 423 4302 ;
452 4233 952 4302 arbitrantes,hoc
975 4232 1146 4286 modo
1179 4231 1288 4286 sibi
1314 4232 1382 4266 ³⁵⁸
1414 4229 1895 4297 sollicitudinem,

244 4341 362 4394 qua
380 4323 930 4394 premebantur,aut
952 4321 1180 4392 penitus
1202 4320 1379 4375 adimi
1402 4323 1504 4374 aut
1526 4318 1897 4391 aliquatenus

245 4412 433 4468 minui
470 4427 661 4482 posse.

310 4502 401 4555 20.
438 4504 557 4554 Hac
589 4500 661 4554 de
690 4515 771 4563 re,
806 4503 870 4553 ut
900 4503 1043 4569 puta
1071 4499 1136 4533 ³³⁷
1165 4502 1285 4552 tam
1336 4496 1533 4552 subita
1564 4500 1619 4551 et
1676 4497 1894 4568 impro-

2007 598 2294 667 proficisci
2330 597 2630 668 disposuit
2660 616 2672 664 ;
2709 598 2945 652 fratrem
2971 612 3146 651 suum
3171 600 3495 649 Brunonem
3520 594 3665 650 occi-

2008 685 2165 740 denti
2215 692 2470 741 tutorem
2517 690 2573 740 et
2622 686 3001 758 provisorem,
3053 689 3130 750 et,
3180 687 3245 738 ut
3288 682 3417 736 dica
3446 680 3662 749 dicam,

2010 774 2404 841 archiducem,
2439 773 2499 827 in
2531 778 2649 829 tam
2683 772 3008 845 periculoso
3042 777 3301 844 tempore
3333 769 3533 835 misit;
3568 768 3663 823 cui

2008 862 2151 918 talia
2183 864 2466 918 mandata
2498 863 2694 918 dedit:
2729 885 2750 913 α
2777 863 2970 919 Unum
3000 879 3105 916 nos
3140 859 3665 932 semperidemque

2010 952 2286 1022 sensisse,
2337 968 2446 1006 nec
2497 968 2757 1023 unquam
2809 956 2944 1006 vota
2993 955 3191 1006 nostra
3220 950 3278 1003 in
3312 962 3665 1020 quocunque

2010 1041 2242 1111 negotio
2301 1041 2692 1111 discrepasse,
2749 1041 2862 1095 dici
2922 1057 3036 1095 non
3086 1043 3299 1111 potest,
3362 1038 3538 1092 frater
3568 1035 3663 1089 di-

2009 1128 2348 1198 lectissime,
2410 1134 2701 1199 quantum
2760 1129 3061 1195 delector;
3105 1134 3160 1183 et
3215 1128 3325 1181 hoc
3381 1131 3469 1182 est
3501 1126 3659 1197 quod

2009 1217 2067 1270 in
2102 1218 2325 1273 acerbis
2362 1217 2509 1272 meis
2567 1218 2634 1252 35°
2692 1234 2784 1272 me
2835 1218 3087 1273 maxime
3135 1216 3489 1280 consolatur,
3522 1230 3659 1270 cum

2007 1306 2171 1361 video
2198 1324 2299 1378 per
2351 1306 2454 1361 Dei
2503 1307 2925 1378 omnipotentis
2955 1307 3204 1378 gratiam
3243 1310 3442 1361 nostro
3471 1304 3659 1375 impe-

2009 1396 2093 1450 rio
2151 1395 2343 1466 regale
2403 1396 2795 1451 sacerdotium
2843 1399 3182 1462 accessisse,
3226 1398 3287 1451 in
3318 1400 3373 1451 te
3403 1411 3660 1466 namque

2008 1488 2065 1538 et
2117 1484 2494 1539 sacerdotalis
2542 1485 2744 1557 religio
2803 1491 2859 1541 et
2910 1487 3067 1559 regia
3124 1486 3300 1557 pollet
3357 1485 3656 1553 fortitudo,

2010 1577 2075 1627 ut
2104 1578 2159 1627 et
2188 1573 2341 1629 scias
2372 1590 2482 1629 sua
2537 1574 2745 1643 cuique
2792 1575 3070 1641 tribuere,
3130 1576 3285 1645 quod
3346 1579 3434 1630 est
3484 1572 3659 1645 justi-

2007 1662 2122 1726 tiae,
2183 1667 2240 1716 et
2298 1663 2492 1733 possis
2549 1663 3010 1718 adversariorum
3088 1664 3207 1720 sive
3278 1664 3481 1719 terrori
3540 1662 3662 1717 sive

2009 1751 2201 1806 fraudi
2261 1752 2557 1819 resistere,
2618 1753 2771 1823 quod
2833 1758 2923 1806 est
2980 1752 3344 1808 fortitudinis
3399 1744 3661 1822 etjusti-

2009 1840 2103 1895 tiae
2128 1841 2215 1893 36°.
2258 1840 2374 1895 Nec
2407 1840 2613 1895 abesse
2643 1840 2749 1895 tibi
2769 1842 3125 1912 jamdudum
3158 1842 3436 1913 perpendi
3470 1842 3661 1911 ipsam

2010 1929 2399 2000 ingenuarum
2432 1931 2647 1984 artium
2669 1930 2736 1965 ⁸⁶¹
2772 1935 3018 1985 matrem
3051 1933 3107 1984 et
3134 1947 3266 1984 vere
3295 1930 3571 1984 virtutem
3594 1929 3663 1962 3"

2010 2017 2415 2089 philosophiae,
2449 2035 2577 2090 qua;
2609 2023 2666 2074 te
2695 2020 2765 2074 ad
2819 2020 2969 2075 hanc
3028 2020 3377 2075 modestiam
3434 2017 3665 2088 magni-

2010 2108 2400 2178 tudinemque
2424 2107 2608 2162 animi
2639 2108 2907 2163 erudivit.
2937 2108 3065 2164 Scio
3096 2108 3315 2179 itaque,
3348 2109 3525 2162 frater
3554 2106 3667 2160 mi-

2011 2196 2154 2261 scio,
2188 2196 2343 2266 quod
2377 2212 2548 2251 nemo
2609 2196 2930 2267 prudentiae
2986 2201 3101 2252 tua:
3158 2195 3558 2268 persuadebit,
3603 2194 3662 2249 id

2008 2289 2111 2338 tua
2169 2300 2285 2338 non
2344 2284 2651 2352 interesse,
2698 2289 2984 2356 quantum
3042 2286 3298 2356 perversi
3350 2285 3421 2339 de
3480 2285 3666 2339 bono-

2009 2389 2143 2428 rum
2202 2372 2448 2442 pernitie
2500 2373 2845 2445 glorientur,
2906 2390 3251 2445 quacunque
3294 2374 3351 2428 id
3384 2372 3540 2444 quod
3572 2372 3663 2426 in-

2009 2461 2306 2516 tenderint
2357 2462 2664 2518 honestate
2721 2464 3032 2518 verborum
3062 2462 3257 2518 velent
3312 2464 3400 2517 ³⁸⁸.
3462 2462 3666 2517 Dicent

2015 2551 2280 2615 fortasse,
2316 2550 2485 2606 bellis
2514 2551 2637 2607 haec
2668 2553 2929 2607 sedanda
2976 2567 3125 2621 esse,
3158 2568 3287 2622 quae
3342 2552 3413 2606 ad
3448 2555 3504 2606 te
3546 2566 3662 2605 non

2013 2638 2360 2710 pertineant,
2432 2656 2561 2710 quae
2620 2640 2704 2695 tui
2769 2639 3081 2695 ministerii
3141 2639 3487 2711 dignitatem
3548 2655 3663 2694 non

2011 2728 2272 2782 deceant.
2308 2729 2656 2799 Hujusmodi
2689 2728 3059 2784 fraudulenta
3097 2728 3408 2784 verborum
3432 2730 3664 2800 jactan-

2013 2816 2097 2871 tia
2125 2816 2297 2871 istius
2329 2818 2671 2889 metropolis
2702 2817 2914 2889 praesul
2967 2819 3171 2889 (1936),
3226 2819 3411 2885 vides,
3473 2833 3665 2889 quan-

2012 2909 2103 2958 tos
2152 2905 2385 2959 seduxit
2429 2907 2517 2971 35‘,
2579 2911 2832 2976 quantos
2884 2907 2956 2959 ad
2989 2905 3173 2959 civilis
3225 2905 3408 2961 cladis
3442 2905 3661 2961 rabiem

2012 2992 2229 3057 illexit;
2283 2994 2382 3063 qui
2437 2993 2487 3046 si
2544 2994 2869 3048 subducere
2901 3010 2962 3047 se
3007 2993 3178 3048 vellet
3208 3011 3242 3048 a
3270 2992 3660 3061 dissensione,

2014 3082 2509 3151 quemadmodum
2562 3082 2764 3153 ﬁngit,
2815 3086 2871 3136 et
2919 3080 3206 3136 bellorum
3260 3082 3539 3153 periculo,
3599 3086 3664 3137 ut

2013 3168 2283 3241 religioso
2349 3171 2555 3241 degere
2621 3174 2819 3242 posset
2863 3169 2921 3224 in
2989 3170 3125 3239 otio,
3186 3171 3355 3226 nobis
3406 3171 3660 3241 profecto

2013 3263 2071 3313 et
2146 3263 2343 3313 nostro
2394 3258 2725 3330 reipublicae
2775 3258 2988 3314 melius
3036 3259 3113 3326 id,
3176 3260 3327 3327 quod
3381 3258 3433 3314 ei
3483 3258 3660 3329 regali

2012 3347 2415 3402 munificentia
2445 3347 2826 3413 contulimus,
2876 3348 3232 3403 reddidisset
3263 3364 3439 3420 quam
3474 3346 3661 3403 hosti-

2013 3436 2143 3490 bus.
2195 3436 2403 3491 Hostes
2453 3437 2601 3502 dico,
2652 3442 2718 3491 ut
2766 3436 2881 3491 fere
2932 3453 3136 3492 omnes
3180 3437 3465 3504 sentiunt,
3501 3436 3661 3492 nefa-

2013 3524 2131 3579 rios
2196 3524 2411 3578 civium
2465 3525 2790 3595 przedones,
2846 3525 3043 3595 patriae
3095 3525 3441 3595 proditores,
3500 3523 3661 3594 regni

2009 3616 2350 3682 vastatores,
2413 3612 2633 3667 militiae
2667 3615 2991 3668 desertores
3048 3614 3135 3681 ³⁸⁵,
3188 3614 3286 3684 qui
3317 3629 3409 3668 me
3465 3611 3661 3683 ipsum

2011 3703 2213 3774 utique
2270 3701 2559 3774 sacrilega
2613 3702 2857 3758 audacia
2910 3702 3072 3767 suis,
3133 3702 3327 3768 credo,
3388 3700 3664 3756 manibus

2010 3795 2301 3858 necatum,
2362 3794 2463 3845 aut
2517 3792 2725 3861 quovis
2783 3807 2961 3861 quam
3022 3790 3398 3846 acerbissimo
3458 3788 3665 3844 mortis

2009 3895 2217 3949 genere
2276 3878 2496 3948 perisse
2552 3878 2809 3945 vellent;
2873 3878 2965 3931 cui
3026 3878 3211 3932 ﬁlium
3271 3876 3664 3945 sustulerunt,

2008 3969 2249 4021 fratrem
2301 3967 2369 4000 3“
2422 3982 2625 4037 regno,
2677 3965 2898 4031 liberis,
2931 3964 3176 4036 ipsaque
3206 3965 3361 4019 dulci
3395 3965 3662 4034 conjuge,

2005 4055 2125 4109 vita
2153 4054 2407 4125 denique
2428 4054 2556 4125 ipsa
2584 4054 2811 4125 privare
2831 4054 3307 4109 contendunt.Tu
3330 4052 3492 4108 solus
3514 4050 3661 4106 mihi

2006 4143 2243 4198 demum
2278 4160 2340 4197 es
2375 4143 2652 4210 solidum,
2704 4142 2890 4196 ﬁdum
2943 4144 3301 4213 ﬁrmumque
3359 4140 3658 4204 solatium,

2007 4233 2103 4303 qui
2154 4235 2388 4286 tantum
2446 4232 2518 4285 ab
2567 4232 2806 4286 ineunte
2839 4233 3003 4285 aetate
3033 4231 3093 4285 in
3126 4230 3294 4285 bonis
3324 4228 3551 4284 actibus
3598 4214 3666 4267 35"

2006 4320 2321 4392 profecisti,
2355 4324 2420 4375 ut
2454 4320 2798 4375 benefacere
2830 4336 3181 4391 summaque
3202 4318 3504 4389 diligentia
3534 4332 3660 4372 om-

2004 4409 2103 4464 nia
2133 4410 2585 4481 circumspicere
2621 4409 2725 4463 tibi
2752 4410 2879 4479 jam
2912 4425 2981 4463 ex
3009 4406 3432 4462 consuetudine
3463 4406 3523 4459 in
3554 4422 3657 4459 na-

2004 4502 2197 4554 turam
2228 4498 2450 4553 venerit
2480 4498 2569 4553 363.
2602 4498 2682 4552 Te
2715 4496 2884 4569 plane
2944 4496 3166 4568 sospite
3222 4496 3271 4550 si
3312 4494 3575 4564 jucunde
3606 4499 3662 4548 et

238 4588 387 4657 visa,
423 4592 759 4643 commotus
808 4587 1148 4659 imperator,
1204 4590 1260 4640 et
1289 4585 1478 4657 magis
1508 4584 1743 4641 illorum
1796 4586 1908 4640 mi-
1939 4592 1987 4658 D
2020 4603 2088 4642 ex
2136 4591 2359 4658 integro
2408 4586 2623 4641 fruitus
2682 4586 2864 4653 fuero,
2917 4590 2980 4639 ut
3026 4600 3192 4639 mens
3242 4599 3371 4638 mea
3429 4597 3660 4651 semper

244 4677 404 4732 seria
460 4692 638 4748 quam
700 4692 806 4731 suo
840 4676 1053 4731 damno
1103 4674 1329 4745 dolens,
1384 4673 1750 4730 obsidionem
1786 4675 1902 4730 Ma-

244 4765 478 4837 gontiee,
541 4768 778 4835 accepto
841 4765 1080 4820 tandem
1140 4764 1294 4835 quod
1356 4764 1667 4836 patebatur
1710 4769 1899 4835 pacto,

249 4854 516 4920 dimisit;
548 4869 578 4908 e
631 4854 698 4890 ³⁵⁸
752 4854 961 4909 castris
1018 4852 1302 4909 orientem
1361 4870 1565 4909 versus
1621 4870 1754 4908 cum
1786 4852 1898 4919 his,

2013 4677 2259 4749 ﬂagitat,
2316 4675 2669 4730 desiderium
2732 4672 3010 4744 postulat,
3070 4673 3305 4728 animus
3336 4670 3658 4742 implorat:

2015 4770 2137 4821 tum
2170 4765 2448 4836 dignitas,
2478 4768 2605 4818 tum
2637 4763 2843 4833 gloria,
2876 4768 3003 4817 tum
3038 4761 3215 4817 decus
3267 4761 3470 4817 aderit.
3505 4765 3656 4814 Prae-

2013 4854 2145 4909 sidii
2178 4855 2322 4910 satis
2355 4853 2704 4922 abundeque
2746 4851 2915 4908 nobis
2946 4856 3035 4907 est
3062 4869 3075 4920 ;
3118 4867 3190 4906 ne
3217 4850 3387 4906 nobis
3417 4866 3524 4907 nos
3555 4849 3658 4904 de-

1579 5012 1818 5069 VARUE
1849 5013 2153 5071 LECTION
2162 5015 2264 5070 ES.

314 5132 379 5169 1‘7
408 5130 589 5188 erinis
617 5130 671 5185 l.
705 5130 757 5185 2.
838 5128 904 5168 ³⁸⁸
937 5131 1236 5199 acceptum
1269 5127 1321 5183 4.
1352 5128 1406 5183 2.
1440 5129 1493 5181 3.
1569 5128 1637 5163 3‘9
1666 5129 1797 5183 tabe
1828 5131 1880 5183 2.
1958 5129 2027 5165 35°

2057 5147 2114 5201 p.
2148 5129 2321 5185 etiam
2380 5128 2445 5201 i._
2478 5130 2533 5182 2.
2580 5128 2637 5201 3.
2704 5127 2889 5201 735'Aut
2936 5125 3206 5201 neque_3.
3286 5123 3355 5201 3"?
3388 5138 3439 5201 a_.
3473 5120 3654 5201 inter:

239 5205 379 5259 dum
402 5206 454 5259 3.
535 5203 602 5237 ³⁵³
624 5202 1041 5272 impetraturos
1070 5191 1239 5272 l.2.3,
1318 5200 1388 5233 ³⁸⁸
1408 5203 1659 5255 secretas
1691 5202 1744 5253 2.
1825 5202 1894 5235 ³⁵⁵
1923 5202 1980 5256 d.
2015 5191 2469 5272 Regenesburgh
2501 5218 2538 5254 u
2569 5200 2621 5254 3.
2697 5198 3002 5272 ζξδεῖιίειξδιϐ.
3028 5191 3147 5272 Ἀδδτ
3169 5192 3465 5272 imputat.
3503 5191 3570 5225 ³⁸⁸
3595 5193 3653 5272 et

263 5278 413 5331 deest
444 5274 675 5342 castris)
697 5261 750 5327 3.
830 5272 898 5307 35°
926 5272 1132 5326 addunt
1161 5271 1337 5327 rebus
1366 5274 1418 5325 2.
1454 5272 1507 5326 3.
1585 5271 1652 5305 ⁸⁶⁰
1682 5276 2000 5329 constante:
2029 5261 2250 5343 prae/ert
2294 5261 2623 5327 Leibm’tz’us.
2700 5271 2762 5343 36"
2798 5271 3019 5343 arcium
3054 5270 3140 5343 1A.“
3183 5261 3651 5343 ‘Gftuirtutpmj:

286 5348 304 5382 ²
335 5345 553 5403 uellent
581 5346 633 5400 4.
655 5333 721 5401 ’2.
756 5344 824 5380 ³⁸⁸
854 5360 911 5415 q.
946 5359 992 5399 ε.
1026 5344 1222 5399 decunt
1252 5345 1305 5398 3.
1382 5342 1450 5377 ³⁸⁵
1482 5360 1529 5398 r.
1562 5360 1617 5398 ν.
1650 5359 1730 5399 m.
1763 5344 1819 5400 d.
1852 5333 2049 5401 desunt
2080 5333 2154 5399 3.’
2211 5345 2279 5380 ³⁵⁸
2315 5345 2563 5401 fratrum
2614 5344 2667 5396 2.
2725 5342 2899 5398 fratre
2946 5342 2998 5394 3.
3075 5338 3140 5371 3‘"
3172 5336 3398 5393 artibus
3455 5336 3508 5389 3.
3584 5333 3651 5370 ³⁵⁸

234 5419 459 5475 ueniret
487 5417 540 5474 4.
569 5419 624 5471 2.

1815 5513 2043 5571 ΝΟἿἼΕ.

308 5628 489 5701 (1935)
522 5628 728 5686 Comes
756 5624 1518 5701 palatinus,cui_Heinricus
1550 5626 1877 5685 Bafoariam

242 5697 776 5760 commendaverat:
795 5699 927 5757 Vita
956 5698 1231 5771 UdaIrici,
1264 5715 1314 5756 c.
1348 5697 1436 5756 48.

2060 5629 2241 5703 (1936)
2276 5629 2613 5689 Fredericus
2643 5623 3041 5699 Moguntinus.
