4064 6188
387 354 510 422 955
1345 356 1409 417 S.
1457 355 1854 419 BBUNONIS
1901 356 2408 424 COLONIENSIS
2457 356 2822 420 ABCHIEP.
3672 353 3800 418 956

389 491 610 548 simus!
647 490 762 544 Hoc
793 505 925 544 vero
983 506 1355 562 summopere
1412 492 1736 547 curandum
1781 496 1888 547 est.
1941 492 2026 546 Tu
2058 492 2110 563 Α
2142 491 2356 552 habere
2387 508 2611 564 pacem.
2647 514 2674 540 »
2712 491 2929 548 Deinde
2958 492 3275 563 postquam
3306 491 3551 545 ruerunt
3577 485 3639 542 in
3693 504 3793 545 os-

390 581 552 640 mihi.
585 585 644 634 tu
679 579 918 650 inquam
981 579 1164 646 testis,
1227 585 1446 651 quanta
1502 597 1644 636 cura
1701 586 2032 652 quantaque
2141 580 2290 646 cula,
2325 598 2436 634 non
2471 581 2597 636 sine
2652 580 2924 652 lacrymis
2980 579 3051 634 ab
3084 579 3332 634 invicem
3364 577 3791 650 digredientes,

386 668 789 724 benevolentia
850 669 1122 736 foverem,
1181 674 1391 737 tuerer,
1465 670 1843 742 amplecterer
1901 671 2027 739 hos,

386 774 533 828 quos
589 758 762 813 modo
816 762 934 813 tam
971 757 1236 814 crudeles
1292 758 1499 831 patior,
1562 760 1775 830 quibus
1837 765 2027 815 tamen

386 847 578 902 adhuc
635 864 808 918 quam
867 847 1256 904 libentissime
1316 849 1535 904 mederi
1564 848 1788 914 vellem,
1838 848 1886 903 si
1918 848 2030 904 sibi

384 935 498 1008 ipsi
533 953 767 1007 parcere
798 937 1028 993 vellent.
1064 939 1147 992 Ah
1175 939 1186 991 l
1240 943 1463 1009 quanta
1491 939 1558 973 36°
1589 938 2030 1009 importunitate

386 1026 710 1096 praecipites
743 1027 928 1098 perire
959 1027 1574 1094 festinant,secumque
1597 1026 1813 1097 prolem
1838 1043 2026 1081 meum

385 1114 724 1170 innocenter
773 1115 1076 1171 educatam
1129 1117 1184 1170 in
1236 1117 1433 1171 omnia
1486 1115 1703 1171 scelera
1748 1117 2022 1170 versant!

383 1204 467 1257 Ita
526 1204 586 1258 in
645 1204 1030 1274 potestatibus
1061 1211 1383 1275 temperare
1444 1204 1562 1259 illis
1621 1205 1763 1259 adeo
1794 1204 2029 1258 difﬁcile

380 1296 487 1356 est,
519 1292 618 1362 qui
681 1310 781 1364 per
829 1293 1204 1348 ambitionem
1267 1294 1478 1363 probos
1510 1310 1570 1348 se
1602 1311 1714 1348 non
1745 1310 1891 1362 esse,
1926 1293 2028 1348 sed

381 1381 582 1449 videri,
645 1387 983 1452 praeoptent.
1035 1383 1218 1451 Nosti,
1252 1381 1648 1448 dilectissime,
1685 1383 1835 1453 quod
1893 1381 2026 1452 qui-

382 1469 516 1525 dem
547 1487 679 1525 cum
739 1470 935 1526 dolore
967 1470 1176 1537 recolo,
1232 1487 1330 1526 eos
1373 1471 1514 1525 mihi
1546 1473 1878 1542 frequenter
1917 1471 2024 1525 du-

384 1559 566 1614 riores
587 1563 642 1614 et
675 1559 863 1630 magis
895 1560 962 1594 37°
984 1559 1195 1614 inﬁdos
1229 1559 1429 1626 fuisse,
1454 1577 1602 1631 quos
1635 1559 1887 1630 amplius
1917 1561 2024 1613 fovi

385 1663 532 1717 quos
589 1648 647 1702 in
709 1647 908 1704 multis
967 1648 1497 1704 necessitudinibus
1547 1648 2023 1704 foederatissimos

381 1734 591 1804 amavi,
623 1752 770 1806 quos
801 1737 1052 1808 denique
1111 1737 1255 1791 mihi
1325 1737 1839 1807 conjunctissimos
1870 1737 2022 1792 aesti-

381 1824 531 1881 mavi
564 1824 652 1879 3“.
687 1825 869 1879 Grave
909 1825 1017 1880 hoc
1048 1841 1328 1898 perpessu
1379 1828 1448 1860 ³⁷2
1510 1826 1638 1890 fuit,
1671 1824 1884 1896 duplex
1915 1826 2023 1879 mi-

377 1912 548 1968 seria.
607 1913 766 1976 Quod
836 1920 1032 1969 autem
1105 1931 1196 1969 me
1259 1919 1448 1986 urget,
1513 1914 1668 1970 mala
1727 1913 2027 1985 superiora

376 2002 938 2073 prapouderatpum
971 2003 1066 2058 ille
1097 2020 1272 2074 quem
1304 2002 1476 2074 genui
1511 2008 1829 2074 praereptus
1855 2003 2019 2073 mihi,

379 2095 632 2160 paternas
690 2091 884 2161 pietati
946 2091 1149 2147 didicit
1199 2092 1486 2148 insidiari.
1549 2091 1777 2147 Enitere
1825 2092 2021 2163 igitur,

380 2180 467 2234 vir
495 2179 612 2236 Deo
643 2180 858 2247 dedite,
893 2199 1006 2236 non
1054 2199 1168 2254 quo
1204 2183 1374 2238 modo
1407 2182 1680 2252 primum,
1715 2183 1812 2237 sed
1853 2182 2022 2236 modo

382 2267 776 2340 potissimum,
830 2272 1068 2337 enitere,
1105 2288 1318 2343 quaeso,
1375 2271 1618 2327 consilio
1648 2271 1746 2324 illo
1779 2275 1878 2325 tuo
1908 2286 2022 2340 quo

379 2356 557 2413 calles
633 2357 973 2430 plurimum,
1029 2364 1094 2414 ut
1163 2377 1266 2432 pro
1325 2360 1446 2415 loco
1505 2365 1562 2415 et
1608 2363 1868 2429 tempore
1924 2362 2027 2413 aut

379 2461 544 2502 arma
590 2447 934 2518 desuadeas,
995 2454 1096 2504 aut
1150 2465 1382 2520 quoquo
1440 2453 1607 2520 pacto
1666 2463 2020 2518 compescas.

377 2535 599 2591 Absens
654 2536 760 2591 tibi
817 2554 1076 2609 corpore,
1139 2538 1476 2610 ubicunque
1549 2554 1666 2607 ero,
1737 2537 2022 2608 gaudeam

375 2624 504 2690 tibi,
539 2625 795 2695 gratuler
824 2626 1200 2695 providentiae
1258 2632 1313 2682 et
1356 2626 1735 2683 moderationi
1770 2630 1899 2680 tuis.
1961 2625 2021 2678 Id

381 2711 525 2766 mihi
559 2716 825 2782 reputare
851 2713 991 2767 libet
1039 2715 1191 2782 quod
1226 2714 1454 2782 feceris,
1512 2715 1570 2768 id
1607 2714 1823 2768 ibidem
1854 2714 1921 2756 ³⁷³
1952 2711 2020 2766 li-

382 2798 516 2854 beat
565 2799 670 2854 tibi
729 2801 882 2870 quod
946 2801 1149 2856 fecero.
1201 2803 1347 2872 Opto
1407 2805 1464 2856 et
1515 2801 1808 2860 cumulate
1867 2800 2019 2857 desi-

379 2887 516 2941 dero
575 2892 639 2943 ut
684 2904 753 2943 ea
820 2889 988 2944 nobis
1046 2890 1124 2944 sit
1181 2896 1446 2946 votorum
1501 2895 1559 2950 et
1613 2890 2019 2946 oblectamenti

380 2992 632 3041 summa,
711 2994 824 3032 non
902 2982 1132 3034 tantum
1209 2996 1406 3035 coram
1483 2980 1619 3049 Deo,
1688 2981 1789 3035 sed
1842 2980 2017 3035 etiam

377 3079 571 3124 coram
630 3064 1015 3134 hominibus,
1094 3067 1378 3139 provideri
1440 3069 1594 3125 bona
1671 3067 2017 3124 alterutrum

375 3168 444 3208 ea
497 3169 628 3224 qua:
685 3159 845 3221 sunt,
905 3160 962 3210 et
1008 3155 1056 3211 si
1113 3157 1234 3212 ﬁeri
1286 3161 1492 3228 potest,
1552 3174 1686 3214 cum
1747 3158 2020 3213 omnibus

2141 671 2456 741 imperator
2485 671 2789 738 orientem,
2827 668 3004 724 frater
3059 669 3188 739 ejus
3242 668 3606 724 occidentem
3639 667 3790 739 peti-

2138 776 2211 814 V1.

2206 849 2295 903 24.
2357 849 2602 919 Moxque
2650 851 2720 904 ad
2776 850 2974 920 Aquas
3032 847 3207 903 Grani
3268 844 3469 919 palatii
3529 845 3599 879 ³⁷⁴
3654 861 3790 916 pro-

2139 939 2359 1008 peravit
2415 939 2619 1009 (1937).
2680 939 2762 992 Ibi
2824 938 3119 1010 principes
3174 935 3362 1008 regni,
3421 951 3678 1006 quorum
3733 935 3792 988 id

2137 1027 2430 1093 intererat,
2477 1027 2762 1096 convenit,
2823 1043 2920 1081 eos
2979 1024 3154 1079 variis
3210 1023 3533 1094 multisque
3590 1023 3798 1078 modis

2140 1116 2436 1183 instruxit,
2468 1121 2640 1187 atque
2696 1116 2803 1170 hoc
2833 1131 2966 1169 cum
2998 1114 3082 1169 eis
3130 1113 3510 1184 potissimum
3541 1112 3684 1184 egit,
3719 1128 3798 1167 ne

2137 1206 2542 1260 seductoribus
2600 1210 2703 1260 aut
2758 1205 2922 1258 vanis
2965 1219 3166 1258 corum
3217 1201 3525 1273 promissis
3581 1201 3795 1256 crede-

2137 1299 2284 1357 rent,
2319 1312 2389 1349 ne
2418 1295 2608 1349 minas
2669 1295 2944 1348 timerent
2991 1293 3080 1361 ³⁷⁵,
3141 1291 3312 1364 regias
3371 1291 3670 1361 majestati
3734 1294 3799 1344 et

2136 1400 2254 1437 sua:
2285 1383 2544 1452 ipsorum
2607 1382 2739 1437 ﬁdei
2797 1380 3244 1453 pollicitationes
3304 1379 3498 1434 nullas
3552 1395 3793 1450 praepo-

2136 1477 2380 1540 nerent;
2417 1473 2712 1543 spondens
2743 1487 2805 1526 se
2838 1476 2972 1526 ante
3027 1471 3094 1504 ³⁷⁸
3149 1474 3382 1541 tempus
3439 1473 3495 1523 et
3536 1469 3595 1522 in
3630 1472 3796 1522 tem-

2135 1577 2272 1632 pore
2320 1577 2548 1628 semper
2603 1565 2872 1631 paratum
2931 1560 3075 1624 fore,
3110 1564 3176 1615 ut
3231 1559 3298 1594 ³⁷⁷
3354 1574 3553 1630 pacem
3586 1556 3802 1612 Eccle-

2135 1650 2232 1705 sia;
2288 1649 2583 1720 violatam,
2645 1650 2694 1704 si
2754 1648 2837 1703 sic
2890 1663 3126 1704 necesse
3192 1651 3364 1717 esset,
3422 1646 3550 1700 vitae
3605 1646 3792 1700 etiam

2135 1737 2540 1809 suiseapericulo
2599 1737 2960 1792 reformaret.
3022 1735 3140 1790 Hoc
3171 1735 3322 1790 facto
3352 1732 3654 1788 Coloniam
3688 1731 3791 1786 le-

2135 1831 2230 1883 tus
2264 1827 2408 1881 adiit
2439 1845 2451 1894 ;
2511 1826 2962 1898 exspectabatur
3005 1822 3409 1880 ordonationis
3437 1826 3677 1893 tempus
3731 1825 3794 1876 et

2136 1916 2428 1972 unctionis
2482 1915 2685 1970 laetitia
2736 1913 3032 1969 salutaris.
3088 1915 3203 1968 Hoc
3234 1913 3408 1976 facto,
3437 1911 3789 1965 innovatum

2133 2009 2220 2061 est
2249 2005 2531 2076 gaudium
2563 2004 2770 2075 plebis,
2829 2007 2887 2058 et
2925 2000 3154 2057 refulsit
3183 2000 3243 2054 in
3275 2004 3596 2071 conspuctu
3654 2015 3784 2053 om-

2135 2094 2298 2150 nium
2350 2094 2450 2165 qui
2509 2096 2916 2157 convenerant,
2978 2093 3221 2146 ornatus
3270 2088 3420 2144 stola
3439 2087 3786 2158 jucundita-

2135 2183 2234 2245 tis,
2290 2183 2562 2239 sacerdos
2621 2180 2852 2236 Domini
2907 2178 3242 2244 Salvatoris,
3299 2178 3507 2232 Postea
3562 2176 3787 2230 nardns

2083 2301 2086 2304 ο
2134 2271 2390 2343 pretiosa
2420 2272 2580 2326 dedit
2608 2271 2844 2325 odorem
2907 2285 3082 2324 suum
3117 2285 3132 2334 ;
3186 2267 3247 2322 in
3292 2267 3482 2322 medio
3515 2264 3791 2320 Ecclesiae

2135 2361 2363 2432 aperuit
2390 2376 2454 2416 os
2504 2376 2680 2415 suum
2739 2358 2934 2429 (Exod.
2996 2374 3188 2424 xxvul,
3247 2357 3361 2427 35).
3418 2355 3793 2410 Audiebatur

2134 2450 2457 2504 secundum
2481 2447 2662 2519 legale
2685 2449 3024 2502 institutum
3049 2445 3276 2500 sonitus
3298 2443 3578 2499 intrantis
3599 2443 3661 2497 in
3691 2444 3790 2498 do-

2136 2555 2300 2593 mum
2322 2536 2554 2592 Domini
2573 2537 2665 2591 Dei
2688 2554 2700 2602 ;
2722 2535 3054 2606 exemplum
3075 2539 3134 2590 et
3154 2535 3570 2589 documentum
3597 2534 3792 2587 factus

2138 2631 2224 2681 est
2254 2625 2528 2681 omnibus
2559 2624 3101 2695 obtemperantibus
3124 2622 3234 2678 sibi
3256 2623 3313 2677 in
3347 2621 3617 2678 salutem.
3637 2621 3793 2684 Quid

2135 2721 2328 2769 autem
2356 2714 2874 2784 fecerit,quomodo
2905 2713 3185 2778 docuerit,
3229 2710 3476 2782 qualiter
3508 2727 3613 2781 pro
3648 2726 3790 2781 pace

2135 2802 2525 2857 Eeclesiarum
2585 2803 2688 2857 Dei
2744 2817 2806 2856 se
2863 2801 3060 2872 ipsum
3113 2798 3488 2870 impenderit,
3523 2804 3661 2854 actu
3717 2799 3784 2830 ⁵⁷³

2136 2897 2224 2950 est
2255 2890 2542 2957 mirabile,
2602 2890 2760 2946 dictu
2821 2889 3078 2946 difﬁcile.
3109 2889 3362 2944 Tantum
3417 2887 3576 2942 enim
3607 2903 3786 2958 supe-

2135 2981 2354 3036 riorum
2413 2979 2669 3051 insignia
2717 2978 2896 3048 hujus
2951 2977 3291 3048 quotidiano
3350 2991 3531 3048 opera
3561 2991 3784 3046 prace-

2133 3070 2370 3137 debant,
2403 3074 2470 3124 ut
2497 3073 2708 3135 totum,
2761 3067 2916 3138 quod
2948 3067 3007 3121 in
3034 3065 3308 3121 Ecclesiis
3340 3067 3460 3121 sive
3490 3063 3785 3136 amplian~

2132 3159 2222 3213 dis
2253 3158 2373 3213 sive
2403 3155 2827 3223 restaurandis,
2870 3155 3025 3228 quod
3087 3155 3145 3209 in
3178 3153 3444 3226 reliquiis
3497 3159 3559 3208 et
3586 3169 3798 3224 corpo-

1751 3299 1846 3353 VA
1855 3300 1995 3355 RIIE
2035 3299 2448 3354 LECTIONES.

453 3393 521 3428 35°
549 3394 632 3450 ita
653 3396 894 3520 porrigo.
929 3394 1245 3466 Aliquanta
1269 3397 1318 3450 1.
1344 3397 1418 3467 (2.
1441 3398 1523 3466 3?)

419 3465 449 3498 "
489 3464 772 3520 palatium
845 3507 856 3520 .
959 3467 1026 3499 ³⁷⁵
1056 3472 1340 3520 terrerent
1369 3470 1421 3520 3.
1497 3469 1518 3502 ³

381 3465 449 3498 ³⁷⁴
488 3464 772 3536 palatium
804 3464 856 3521 3.

959 3467 1026 3499 ³⁷⁵
1056 3472 1340 3523 terrerent
1369 3470 1421 3524 3.
1497 3469 1565 3504 ³⁷⁵
1595 3467 1898 3524 ειυίθῑῑΓΒ.
1958 3468 2122 3537 (deest
2175 3469 2273 3539 se).
2349 3468 2415 3502 ³⁷⁷

1601 3399 1668 3432 ³⁷0
1697 3397 1927 3470 magnis
1963 3399 2011 3470 1ἶ
2087 3398 2154 3433 ⁴⁷¹
2177 3395 2501 3470 existimavi
2534 3397 2587 3470 3.
2617 3468 2635 3470 _
2665 3395 2733 3428 ³⁷²
2740 3409 3090 3470 perpessum
3121 3394 3174 3447 3.
3251 3394 3321 3470 ⁷⁷⁵
3343 3392 3721 3470 f.identidem
3747 3393 3800 3470 3.

2473 3465 2560 3522 vel
2609 3468 2664 3520 2.
2738 3466 2805 3500 ³⁷⁸
2836 3465 2970 3522 actu
3001 3482 3144 3520 rorr.
3172 3469 3369 3520 actum
3399 3480 3540 3520 corr.
3577 3469 3715 3518 actu
3748 3468 3800 3519 1.

1972 3627 2194 3682 NOTAE.

481 3719 638 3794 l93_7)
674 3722 748 3775 De
777 3724 1040 3794 tempore
1097 3721 1398 3794 electionis
1448 3725 1504 3776 et
1536 3722 1920 3777 ordinationis
1952 3723 2024 3778 cf.
2060 3728 2103 3794 ο

451 3720 638 3844 $93.7)
674 3722 748 3775 De
777 3724 1040 3804 tempore
1097 3721 1398 3776 electionis
1448 3725 1504 3776 et
1536 3722 1920 3804 ordinationis
1952 3723 2024 3778 cf.

377 3791 457 3865 βα
483 3790 800 3865 lerinorum
837 3793 1150 3865 editionem
1184 3793 1329 3865 Opp.
1366 3794 1674 3865 Ratthern,
1702 3794 2024 3865 p.LXXVII.

384 3862 698 3918 Ratherius
751 3865 953 3918 eodem
1014 3864 1105 3920 die
1135 3862 1252 3935 quo
1275 3862 1494 3921 —Bruno
1551 3862 1772 3920 electus
1808 3871 1864 3920 et
1895 3883 2030 3920 con-

382 3938 646 4007 secratus
704 3941 812 4007 est,
854 3936 1238 4006 praesentibus
1270 3941 1547 4007 praeterea
1598 3937 1846 3993 Roberto
1894 3937 2032 3992 Tre-

380 4005 599 4078 viren‘si
626 4005 1086 4078 archiepiscopo,
1121 4005 1410 4062 Balderico
1464 4007 1862 4076 Ultraiectino,
1904 4007 2033 4063 Hil-

384 4076 632 4150 debaldo
666 4076 1304 4150 Mimigardevordensi,
1369 4079 1676 4146 Druogone
1732 4080 2028 4134 Osuabru-

382 4149 570 4221 gensi,
626 4150 970 4221 Berengarie
1021 4149 1395 4219 Virdunensi,
1461 4150 1722 4204 Folberto
1767 4152 2031 4206 Camera-

382 4220 542 4275 Censi
597 4220 909 4292 episcopis,
971 4221 1275 4276 Batherius
1335 4221 1392 4275 in
1435 4221 1725 4292 ,Phrenesi
1783 4222 1902 4277 haec
1945 4223 2034 4276 ita

386 4299 582 4363 narrat
611 4293 685 4363 (c.
721 4291 835 4352 I.)’:
871 4315 898 4341 «
935 4292 1145 4347 Pulsus
1190 4291 1483 4363 episcopio
1543 4292 1862 4348 Veronensi
1919 4293 2030 4347 Ita-

386 4362 827 4435 lia,_ordinatus
877 4363 973 4417 ubi
1035 4362 1242 4430 fuerat,
1303 4362 1436 4417 cum
1501 4364 1571 4435 ad
1623 4363 2033 4435 gloriosissimi

387 4433 542 4505 regis
582 4451 644 4488 se
701 4435 1044 4488 contulisset
1102 4435 1344 4506 Ottonis
1388 4433 1691 4506 auxilium,
1752 4437 2033 4506 copiaque

386 4504 776 4560 reetitutionis
808 4505 1198 4577 praecessisset
1229 4504 1409 4573 nulla,
1441 4505 1568 4577 ipso
1610 4504 1844 4577 quoque
1893 4504 2032 4576 piis-

279 4593 281 4598 ·
389 4577 540 4648 simo
569 4593 704 4648 rege
735 4576 1000 4645 conante,
1062 4579 1198 4632 data
1253 4577 1508 4648 optione,
1559 4576 1882 4633 interventu
1920 4578 2033 4632 fra-

389 4647 498 4702 tris
544 4647 674 4718 ejus
727 4650 1012 4721 Brunonis
1059 4647 1490 4721 archipraesulis
1548 4653 1722 4721 atque
1779 4653 2031 4721 patratu,

289 4780 292 4782 γ
395 4725 702 4790 postquam
744 4720 961 4775 electus
992 4736 1188 4774 coram
1239 4720 1442 4774 eodem
1480 4720 1565 4790 ad
1625 4719 1820 4790 Aquas
1879 4719 2033 4790 quod

394 4789 611 4863 dicitur
668 4790 843 4845 Grani
903 4791 1205 4863 palatium,
1261 4807 1374 4845 non
1408 4789 1599 4845 solum
1659 4789 1730 4845 ab
1765 4791 1856 4863 his
1892 4789 2032 4860 quo-

393 4877 529 4934 rum
556 4859 1194 4934 intereratpspecialius,
1250 4863 1349 4917 sed
1409 4866 1466 4916 et
1499 4863 1575 4934 ab
1601 4859 2037 4934 episcopis,’ab-

392 4932 1300 5014 batibus,comitibus,totiusqne.
1314 4933 1474 5003 regni
1495 4932 2036 5014 primipribuanuar-

391 5009 448 5060 ta
478 5002 759 5059 solemnis
801 5003 1008 5072 jejunii
1069 5002 1303 5075 septimi
1361 5002 1582 5059 mensis
1641 5005 1786 5063 feria
1845 5005 2037 5063 fuerat

2142 3723 2448 3795 aderatfa)
2481 3723 3030 3790 favore,destinatus
3060 3722 3282 3778 eisdem
3315 3725 3490 3792 atque
3519 3719 3800 3795 solemni-

2141 3802 2232 3874 ter
2259 3792 2716 3874 inthrohnisantu‘s.
2751 3795 3018 3874 Ecclesiae
3040 3809 3342 3874 ;_cumque
3398 3797 3606 3874 postea
3635 3792 3796 3863 inge-

2143 3866 2389 3946 nio_jam
2449 3865 2551 3946 fati
2586 3863 3258 3946 Baldrici,_patratuque,
3316 3863 3417 3946 qui
3447 3879 3587 3946 eum
3619 3879 3798 3946 super

2141 3937 2451 3992 ambonem
2508 3937 2777 3992 Ecclesiae
2842 3936 3203 3992 Celonieneis
3234 3936 3529 4006 spectanti,
3579 3940 3794 3989 cuncto

2143 4008 2453 4078 specialius
2501 4006 2932 4063 collaudaverat
2987 4007 3223 4079 populo.
3259 4005 3538 4079 Rodberti
3592 4007 3790 4079 Trevij

2144 4077 2339 4135 rerum
2371 4079 2817 4150 archiepiscopi,
2853 4081 2907 4136 vi
2938 4077 3170 4150 publica
3199 4077 3796 4150 comitumRegenei-i

2143 4155 2316 4231 atque
2349 4149 2664 4231 Ruoduolti
2843 4167 3025 4231 nepos
3057 4151 3369 4231 ipsorum,
3401 4149 3502 4231 qui
3541 4155 3604 4204 et
3635 4149 3798 4231 filius

2143 4222 2340 4277 fratris
2369 4223 2667 4276 exstiterat
2723 4221 2994 4286 Baldrici,
3051 4221 3193 4278 talia
3249 4226 3316 4274 ut
3345 4221 3486 4291 quid
3534 4221 3794 4289 contige-

2144 4293 2263 4348 rint
2293 4309 2365 4347 ne
2399 4292 2636 4349 difﬁcile
2695 4293 2772 4349 sit
2828 4293 3164 4362 conjectari,
3227 4293 3492 4362 ejusdem
3533 4291 3795 4346 nominis

2144 4382 2287 4436 puer
2335 4365 2575 4434 quidam
2635 4369 2700 4418 ut
2749 4364 3154 4436 institueretur
3183 4395 3248 4403 —
3279 4368 3335 4417 et
3365 4367 3428 4417 ut
3459 4380 3561 4434 per
3594 4363 3799 4436 omnia

2145 4432 2415 4490 materies
2475 4452 2858 4507 personarum
2917 4435 3250 4507 acceptione
3283 4432 3476 4507 pateat
3507 4432 3796 4507 neglecta,

2142 4504 2627 4578 timiditate—jam
2687 4506 2827 4561 dicti
2888 4504 3339 4578 regis'germani
3364 4535 3434 4547 --
3463 4521 3536 4560 ne
3567 4504 3800 4578 scilicet

2138 4579 2263 4648 jam
2297 4578 2411 4649 fati
2431 4576 2672 4632 comites
2730 4595 2764 4632 a
2811 4576 2976 4649 rege‘
3001 4576 3460 4649 adVConradum,
3515 4576 3619 4647 qui
3651 4580 3802 4632 tunc

2145 4653 2346 4704 contra
2400 4648 2597 4718 ipsum
2655 4648 3230 4718 agebat,’deﬁcerent
3281 4648 3509 4718 sibique
3537 4663 3675 4704 cum
3732 4664 3798 4703 eo

2144 4719 2720 4787 inimiearentur,vel,
2756 4721 2910 4791 quod
2939 4719 3354 4791 veriusiipsius
3385 4724 3662 4791 asserunt
3695 4719 3799 4791 de-

2144 4793 2422 4872 fensores,
2455 4789 2804 4872 resistendo,
2861 4791 2999 4872 quia
3026 4789 3270 4872 nullum
3329 4790 3542 4872 habere
3602 4789 3804 4872 potuit

2145 4864 2296 4917 idem
2354 4862 2846 4934 archiepiscopus,
2880 4862 2968 4918 'ut
3023 4862 3377 4934 inhiaverat,
3426 4878 3498 4934 ex
3528 4862 3798 4934 episcopi

2144 4934 2349 4990 amicis
2381 4934 2464 4988 vel
2523 4933 2811 4990 militibus
2841 4935 3172 5004 adjutorem
3228 4963 3298 4974 ——-
3357 4933 3564 4988 fuisset
3595 4933 3800 5004 expul-

2143 5022 2276 5087 sus,
2301 5005 2730 5087 Moguntiaeque
2785 5003 3152 5087 benignitate
3184 5003 3614 5087 archiepiscopi
3644 5003 3800 5086 Wil-

386 5075 723 5156 expetitus;
761 5091 1000 5156 rursum.
1029 5074 1302 5156 sequenti.
1345 5075 1648 5156 Dominica
1692 5077 1763 5156 ab
1790 5078 2031 5156 eodem,
2064 5089 2110 5156 D
2143 5075 2367 5156 lihelm‘i
2398 5075 2502 5130 ﬁlii
2532 5074 3327 5156 _regisp__muni'ﬁcentissima
3383 5074 3802 5156 copiosissime

385 5145 494 5202 hoc
526 5152 614 5202 est
669 5145 1038 5202 Leodicensis
1090 5145 1358 5200 Ecclesiae
1399 5145 1611 5218 populo
1660 5147 1902 5212 electus,
1935 5145 2029 5202 se?

388 5226 543 5288 ptem
577 5237 609 5272 a
661 5219 1020 5289 coepisCOpis
1079 5218 1193 5272 duo
1244 5217 1491 5288 quorum
1555 5220 1784 5274 fuerant
1843 5217 2029 5273 archi-

388 5289 686 5359 praesules,
720 5291 908 5344 caeteri
942 5289 1242 5362 praesules,
1305 5289 1600 5362 praelibato
1635 5291 1858 5345 scilicet
1887 5291 2030 5344 Bru-

389 5377 557 5431 none,
596 5362 901 5428 Rodberto,
946 5361 1251 5430 'Baldrico,
1313 5361 1644 5427 Hildihado,
1709 5367 2028 5431 Druogone,

399 5430 961 5502 Berengario,atque
1016 5432 1300 5495 Folberto,
1354 5432 1721 5488 connivenlia
1774 5430 2026 5489 decreto-

391 5519 836 5576 rum_,consensu
870 5509 1042 5574 atque
1063 5503 1342 5576 exemplis
1372 5503 2033 5576 nonnullorum,quibus

390 5577 447 5628 et
478 5573 534 5626 id
592 5574 928 5646 contigerat,
948 5573 1366 5648 antiquorum,
1417 5590 1648 5634 summo
1693 5573 1875 5636 totius
1905 5592 2033 5648 quae

461 5679 545 5753 (a)
577 5679 758 5736 Plebis
786 5679 873 5736 vel
904 5681 1194 5752 ejusmodi
1221 5681 1569 5738 vocabulum
1601 5681 1781 5738 deest.

2146 5149 2433 5202 frueretur
2467 5163 2480 5202 :
2515 5148 2652 5202 data
2681 5147 2782 5203 otii
2816 5149 3140 5215 occasione,
3201 5147 3445 5213 curavit,
3477 5163 3609 5215 qua
3640 5147 3803 5203 circa

2142 5236 2275 5293 eum
2308 5223 2435 5274 acta
2468 5220 2715 5293 fuerant,
2744 5219 2808 5293 in
2830 5219 3038 5293 Alibros
3069 5219 3351 5293 digerere,
3385 5219 3803 5293 qualitasela-

2142 5292 2356 5346 borans
2414 5307 2484 5346 ne
2512 5291 2598 5346 vel
2631 5291 2845 5346 curiosi
2903 5291 3108 5347 lateret
3139 5290 3255 5346 'sui
3284 5291 3588 5361 temporis.
3647 5290 3800 5346 Utti—

2142 5363 2391 5447 que‘boc
2422 5363 2974 5447 audientes-duuilli.
3003 5363 3138 5446 ejus
3175 5362 3492 5447 specialitas
3540 5361 3801 5447 inimici,

2144 5434 2470 5506 Rodbertus
2487 5433 2755 5490 videlicet
2770 5439 2825 5490 et
2838 5433 3440 5502 Baldricus,dixerunt
3459 5450 3601 5490 eum
3622 5434 3806 5506 βιηθ-

2143 5505 2396 5564 neticum
2429 5520 2574 5561 esse.
2614 5529 2635 5558 ι
