4060 6190
305 353 422 418 957

1920 348 2134 412 VITA.

3625 340 3751 405 958

305 490 469 545 ribus
501 489 842 545 sanctorum
876 482 942 539 in
976 502 1143 541 suam
1168 485 1503 559 parochiam
1526 481 1981 550 transferendis,
2000 485 2057 550 Α
2090 485 2303 556 ignari,
2339 501 2522 558 quare
2543 483 2853 556 episcopus
2874 498 3000 538 rem
3031 480 3231 554 populi
3264 485 3319 537 et
3336 481 3591 553 pericula
3608 478 3727 538 bell

306 580 463 651 quod
512 579 570 632 in
630 571 874 649 privatis
928 576 1015 629 vel
1089 576 1337 647 publicis
1392 578 1461 611 37°
1520 574 1778 630 aediﬁciis
1820 590 1972 628 com-

308 667 613 740 ponendis,
647 664 805 737 quod
838 662 899 717 in
933 664 1275 719 ordinandis
1308 666 1579 720 domibus
1622 664 1971 734 familiaeque

309 761 529 812 sancta:
592 755 687 810 Dei
752 751 1029 808 Ecclesiae
1083 755 1256 809 rebus
1307 755 1538 823 fecerat,
1600 754 1671 807 ad
1723 752 1969 808 aliorum

306 861 486 916 opera
513 846 580 879 ³⁸0
632 858 778 914 pene
825 840 1288 912 incomparabile
1336 843 1649 898 videretur.
1704 842 1849 896 Nam
1891 841 1969 895 si-

306 937 405 987 cut
437 949 619 1003 super
649 946 851 987 omnes
876 932 941 967 ³⁸¹
969 931 1243 986 docentes
1268 948 1329 986 se
1353 930 1657 999 intellexit,
1680 931 1763 985 ita
1778 930 1969 986 cordis

305 1021 394 1076 sui
428 1022 503 1055 ³⁸³
532 1021 738 1085 aciem,
773 1019 991 1090 ingenii
1043 1036 1312 1087 acumen,
1362 1020 1542 1075 animi
1575 1023 1851 1091 vigorem,
1895 1018 1967 1073 ad

305 1110 537 1178 majora
595 1108 892 1180 sapientiae
953 1112 1011 1163 et
1069 1108 1301 1164 virtutis
1359 1126 1535 1181 opera
1611 1108 1822 1163 direxit
1877 1108 1966 1161 ³⁸³.

300 1203 381 1252 De
446 1196 730 1266 religione
789 1198 978 1267 primo
1047 1203 1105 1250 et
1162 1197 1321 1253 cultu
1395 1199 1513 1262 Dei,
1573 1198 1727 1268 quod
1787 1197 1968 1252 Graeci

301 1286 621 1341 theosebian
670 1286 740 1321 38‘
780 1285 1005 1352 dicunt,
1067 1287 1391 1341 secundum
1460 1288 1657 1341 datam
1719 1286 1830 1340 sibi
1881 1303 1970 1341 sa-

303 1373 610 1446 pientiam,
644 1374 984 1429 canonicam
1017 1380 1077 1430 et
1134 1375 1517 1445 apostolicam
1562 1375 1968 1430 auctoritatem

301 1468 566 1528 secutus,
600 1461 876 1528 instituit,
911 1467 975 1516 ut
1018 1464 1441 1533 multitudinis,
1497 1481 1623 1533 qua;
1675 1465 1732 1517 in
1775 1464 1958 1517 diver-

302 1553 383 1608 sis
415 1553 490 1585 ³⁸⁵
520 1551 1073 1623 congregationibus
1123 1553 1194 1607 ad
1246 1554 1373 1623 ejus
1422 1553 1821 1626 honorabilem
1872 1569 1966 1607 se-

302 1642 435 1697 dem
471 1640 899 1712 pertinentibus
930 1645 1080 1707 erat,
1118 1658 1299 1696 unum
1335 1658 1433 1696 cor
1464 1649 1615 1696 esset
1672 1647 1728 1696 et
1770 1641 1971 1695 anima

303 1748 458 1798 una;
498 1734 565 1784 ut
592 1731 838 1783 vestium
870 1730 1273 1800 superfluitas,
1308 1746 1540 1785 morum
1578 1729 1969 1801 inaequalitas,

302 1825 357 1875 et
403 1819 701 1890 quidquid
735 1818 841 1873 hoc
891 1818 1070 1873 modo
1119 1820 1189 1857 ³⁸⁵
1245 1820 1648 1874 eﬂeminatum
1706 1824 1761 1874 et
1804 1819 1970 1873 inde-
2000 1854 2048 1916 B

304 1926 442 1966 cens
500 1909 560 1962 in
621 1908 745 1976 ejus
795 1907 1058 1962 Ecclesia
1114 1908 1431 1973 videretur,
1494 1926 1625 1963 vera
1680 1914 1737 1962 et
1792 1909 1966 1979 spiri-

302 1997 445 2054 tuali
478 1996 947 2063 circumcisione,
1011 1997 1169 2066 quod
1228 2001 1316 2051 est
1369 1997 1605 2051 initium
1641 1997 1966 2068 sapientia),

300 2086 755 2159 diligentissime
806 2084 1249 2149 abscideretur;
1316 2089 1381 2139 ut
1437 2085 1650 2142 divinis
1702 2085 1969 2141 ministe-

301 2176 404 2232 riis
432 2177 499 2216 δεῖ
535 2192 759 2245 omnes,
779 2189 1030 2246 quorum
1063 2173 1120 2227 id
1154 2172 1867 2238 intererat,intentissime
1898 2174 1965 2207 ³⁸⁸

302 2265 629 2321 secundum
684 2264 978 2335 praefixam
1032 2260 1148 2316 sibi
1208 2261 1471 2333 regulam
1532 2264 1815 2330 viverent,
1860 2278 1966 2317 nec

301 2354 477 2411 aliam
511 2354 622 2411 sibi
657 2348 777 2410 suae
808 2350 1016 2407 salutis
1076 2366 1315 2407 causam
1381 2351 1679 2408 ullatenus
1711 2352 1965 2407 aestima-

304 2449 453 2499 rent.

366 2535 457 2589 25.
492 2537 623 2587 Haec
655 2535 713 2586 et
741 2530 833 2586 his
866 2526 1088 2586 similia
1118 2543 1251 2581 cum
1285 2529 1638 2585 venerandis
1696 2530 1965 2601 patribus

302 2627 358 2677 ct
406 2622 547 2677 cleri
594 2621 687 2677 sui
738 2617 1069 2675 senioribus
1118 2617 1393 2687 frequens
1439 2618 1581 2689 egit,
1642 2635 1863 2690 eosque
1904 2619 1964 2674 in

302 2711 570 2766 custodia
598 2707 887 2765 Dominici
932 2704 1127 2777 gregis
1176 2721 1376 2761 secum
1412 2708 1629 2776 pariter
1658 2706 1965 2778 invigilare

305 2799 595 2855 sollicitus
658 2795 1002 2861 admonuit;
1071 2799 1127 2849 et
1194 2794 1333 2864 quia
1388 2795 1561 2867 eulpa
1629 2802 1964 2867 temporum

305 2890 642 2961 urgebatur.
669 2890 735 2941 ut
766 2884 955 2940 rarius
979 2884 1096 2938 hinc
1120 2899 1254 2937 cum
1287 2882 1404 2939 illis
1425 2890 1623 2956 ageret
1655 2904 1834 2957 quam
1865 2902 1965 2939 vo-

304 2977 483 3046 lebat,
507 2974 815 3032 sollicitius
839 2974 1051 3029 absens
1086 2988 1198 3025 non
1231 2970 1427 3027 minus
1454 2989 1633 3043 quam
1684 2990 1961 3044 praesens,

305 3065 517 3136 spiritu
541 3065 766 3119 fervens
786 3059 1132 3131 38°,Domino
1156 3059 1413 3115 serviens
1438 3062 1742 3117 aestuabat.
1786 3062 1966 3116 Erant

302 3154 355 3211 ei
378 3155 534 3209 foras
563 3156 631 3190 39°
663 3169 891 3225 pugnae,
924 3150 1083 3205 intus
1113 3149 1375 3204 timores.
1410 3150 1714 3223 Pugnabat
1761 3153 1965 3205 contra

2083 576 2437 642 tractaverit,
2492 592 2627 630 cum
2678 574 3012 629 animarum
3088 573 3496 627 tantummodo
3540 588 3747 627 curam

2083 667 2430 738 susceperit.
2465 664 2691 727 Quibus
2724 681 2812 719 res
2844 664 2975 734 ipsa
3005 662 3191 727 facile,
3252 662 3300 716 si
3352 660 3491 731 quid
3532 666 3746 716 sanum

2084 754 2343 826 sapiunt,
2380 754 2694 819 satisfecit,
2728 769 2861 809 cum
2894 756 3125 806 tantum
3160 754 3218 805 et
3272 756 3392 804 tam
3444 748 3747 803 insuetum

2082 843 2201 899 illis
2228 843 2557 915 praesertim
2584 842 2847 912 partibus
2875 842 3035 912 pacis
3056 841 3275 894 bonum
3301 854 3403 910 per
3418 838 3577 892 hunc
3602 842 3751 892 tuto-

2083 948 2207 986 rem
2231 937 2287 986 et
2310 932 2609 986 doctorem
2637 930 2824 984 fidelis
2846 929 3048 1000 populi
3072 928 3243 999 longe
3275 928 3504 999 lateque
3536 942 3750 997 propa-

2082 1025 2285 1089 gatum
2321 1018 2643 1089 aspiciunt,
2676 1036 2746 1073 ne
2780 1035 2881 1089 pro
2914 1018 3022 1072 hac
3049 1034 3107 1071 re
3155 1017 3321 1087 quasi
3370 1017 3429 1070 in
3470 1017 3745 1071 tenebras

2081 1108 2357 1179 amplius,
2392 1108 2493 1162 ubi
2520 1124 2635 1161 non
2668 1112 2756 1162 est
2788 1106 3098 1177 praesentia
3119 1105 3286 1175 lucis,
3319 1106 3618 1161 offendant
3646 1106 3739 1159 3“.

2080 1198 2193 1251 Nec
2226 1214 2356 1251 vero
2379 1213 2531 1251 nova
2556 1197 2662 1249 fuit
2694 1196 2872 1266 hujus
2904 1196 3108 1249 mundi
3139 1196 3208 1230 ³9⁵
3262 1195 3605 1267 gubernatio
3638 1198 3744 1249 aut

2081 1291 2296 1341 sanctae
2347 1285 2449 1339 Dei
2514 1284 2778 1340 Ecclesiae
2824 1284 3145 1339 rectoribus
3199 1288 3370 1339 antea
3412 1285 3741 1351 inusitata;

2081 1374 2252 1442 cujus
2284 1372 2558 1443 exempla
2590 1372 2637 1424 si
2685 1372 2821 1442 quis
2871 1373 3202 1441 requisierit
3232 1375 3318 1437 ³9⁸,
3377 1374 3436 1427 in
3463 1378 3741 1445 promptu

2081 1466 2219 1516 sunt
2250 1462 2337 1514 39".
2373 1461 2495 1515 Nos
2525 1477 2659 1515 vero
2691 1461 2764 1515 ad
2816 1460 2931 1515 alia
2988 1461 3350 1532 festinantes,
3413 1463 3553 1534 quid
3586 1461 3743 1533 quis-

2081 1568 2196 1621 que
2219 1552 2283 1585 ³9⁸
2308 1552 2379 1606 de
2396 1550 2491 1623 pio
2508 1551 2618 1606 hoc
2636 1550 2757 1605 viro
2779 1551 3187 1622 loquatur,suo
3210 1552 3628 1623 ipsiusjudicio
3653 1568 3740 1608 re-

2081 1640 2442 1710 linquimus:
2472 1640 2747 1705 scientes,
2768 1640 2894 1696 sani
2927 1641 3140 1711 capitis
3170 1657 3299 1696 esse
3318 1640 3741 1712 neminem,qui

2082 1730 2297 1784 bonum
2352 1728 2868 1784 evidentissimum
2919 1728 3037 1783 ullo
3095 1730 3387 1785 maledicti
3430 1730 3742 1801 opprobrio

2083 1818 2309 1872 fuscare
2334 1818 2586 1873 nitatur.
2622 1817 2943 1873 Honestum
2981 1818 3136 1873 enim
3168 1824 3225 1873 et
3253 1818 3393 1873 utile
3420 1820 3488 1855 39°
3531 1824 3747 1875 nostra:

2080 1905 2416 1975 reipublicae
2479 1907 2591 1961 fuit
2620 1924 2792 1962 omne
2824 1908 2977 1977 quod
3013 1908 3163 1962 fecit.
3198 1908 3386 1962 Factis
3436 1924 3569 1963 vero
3617 1908 3743 1963 suis

2080 1995 2237 2049 hunc
2268 1996 2447 2050 linem
2482 2012 2861 2066 nequaquam
2892 1996 3215 2067 constituit,
3246 2002 3311 2051 ut
3368 1996 3601 2052 nonnisi
3641 2012 3745 2067 per

2080 2083 2389 2137 hominum
2423 2099 2529 2138 ora
2562 2084 2813 2140 favorem
2847 2086 3134 2157 captando
3185 2084 3467 2152 volarent,
3525 2085 3626 2139 sed
3659 2084 3742 2139 ita

2041 2188 2049 2196 ·
2077 2171 2234 2236 vixit,
2266 2171 2349 2225 ita
2380 2188 2561 2241 opera
2593 2190 2701 2229 sua
2731 2190 2925 2229 coram
2986 2174 3326 2229 hominibus
3369 2172 3735 2244 temperavit,

2081 2264 2143 2314 ut
2172 2259 2449 2330 pessimis
2472 2260 2720 2329 horrori,
2756 2263 2925 2319 bonis
2954 2267 3107 2319 esset
3134 2262 3373 2318 honore.
3408 2262 3510 2317 His
3539 2265 3737 2334 aperte

2076 2350 2301 2404 cunctis
2335 2349 2618 2419 innotuit,
2654 2353 2807 2423 quod
2839 2353 2899 2407 in
2930 2353 3267 2424 episcopatu
3328 2352 3549 2407 bonum
3587 2367 3736 2423 opus

2077 2437 2453 2507 desideravit,
2490 2439 2549 2494 in
2584 2458 2699 2513 quo
2734 2458 2838 2497 nec
2872 2444 2943 2497 ab
2976 2442 3189 2497 invidis
3236 2446 3294 2496 et
3350 2440 3577 2496 mmulis
3609 2441 3738 2496 suis

2076 2526 2243 2582 facile
2274 2528 2469 2597 potuit
2500 2531 2866 2599 reprehendi,
2901 2533 3012 2587 nisi
3064 2532 3172 2587 hoc
3221 2533 3415 2603 ipsum
3464 2530 3524 2584 in
3566 2529 3739 2584 laude

2077 2617 2205 2685 ejus
2237 2616 2427 2686 magis
2460 2620 2784 2687 proficeret,
2810 2622 2963 2691 quod
2996 2620 3211 2676 talibus
3240 2619 3593 2691 displiceret.
3620 2622 3740 2672 Hac

2076 2704 2256 2774 igitur
2287 2703 2539 2761 mirifica
2570 2710 2905 2780 Operatione
2938 2711 3212 2764 detentus
3243 2707 3488 2780 pervigil
3516 2706 3736 2762 summi

2076 2792 2524 2863 patrisfamilias
2544 2802 2880 2867 operatoret
2901 2815 3172 2853 summus
3197 2795 3735 2868 praesulJucernam

2074 2882 2402 2945 ardentem,
2427 2884 2567 2938 boni
2590 2886 2855 2941 videlicet
2876 2887 3069 2955 operis
3100 2885 3417 2955 exemplar.
3452 2886 3509 2938 in
3544 2884 3732 2938 mani-

2075 2969 2186 3023 bus
2216 2969 2431 3037 ferens,
2469 2973 2542 3026 ad
2575 2989 2643 3028 ea
2672 2990 2799 3043 quae
2822 2973 2923 3029 Dei
2942 2978 3085 3029 sunt
3102 2972 3245 3027 alios
3268 2972 3522 3028 volentes
3544 2971 3730 3041 duxit,

2074 3054 2221 3110 alios
2252 3055 2517 3115 nolentes
2550 3061 2745 3116 traxit.

2144 3145 2408 3215 24495-1)
2441 3148 2551 3203 Sed
2586 3149 2736 3205 inter
2766 3151 2887 3205 haec
2919 3150 3166 3205 humani
3211 3150 3441 3223 generis
3488 3150 3733 3221 antiqua

302 3243 578 3315 luporum
600 3242 918 3297 Ecclesiam
950 3238 1052 3294 Dei
1114 3239 1417 3294 devastare
1475 3240 1843 3311 cupientium
1874 3255 1961 3293 ra-
1995 3218 2037 3284 C
2076 3232 2260 3304 pestis
2292 3250 2406 3288 non
2440 3238 2689 3293 cessavit
2718 3238 2947 3293 invidia;
2982 3256 3102 3293 sua:
3132 3239 3293 3295 virus
3314 3256 3417 3311 per
3444 3255 3618 3311 opera
3650 3240 3730 3311 pii

300 3330 779 3398 biem;timebat
840 3325 1069 3381 Domini
1128 3325 1322 3379 ovium
1383 3324 1770 3397 simplicitati,
1812 3324 1965 3381 sicut

298 3420 657 3490 Apostolus:
703 3418 904 3479 Timeo,
935 3413 1151 3484 inquit,
1214 3430 1282 3469 ne
1332 3431 1557 3485 serpens
1612 3418 1755 3470 sicut
1796 3416 1965 3469 Evam

294 3509 525 3563 seduxit
554 3508 755 3563 astutia
781 3519 905 3572 sua,
932 3504 1013 3557 ita
1038 3518 1224 3557 sensus
1256 3504 1424 3557 vestri
1452 3507 1883 3575 corrumpantur
1928 3521 1963 3558 a

295 3597 672 3667 simplicitate,
695 3608 821 3664 qua:
850 3594 929 3647 est
958 3592 1017 3647 in
1048 3590 1258 3646 Christo
1287 3594 1414 3647 Iesu.
1472 3594 1545 3661 (ll
1600 3595 1722 3648 Cor.
1766 3608 1847 3657 x1,
1882 3592 1955 3663 3).

298 3684 385 3739 Ita
415 3684 727 3739 exercitato
758 3684 987 3752 pectore
1016 3684 1220 3734 contra
1250 3680 1492 3735 adversa
1556 3682 1753 3735 omnia
1784 3681 1958 3735 robu-

298 3772 602 3827 stissimus
634 3774 757 3825 erat
787 3794 801 3836 -,
834 3768 893 3822 in
925 3768 1221 3839 prosperis
1251 3785 1483 3839 quoque
1546 3770 1679 3824 talis
1724 3769 1960 3825 animus

300 3859 549 3913 minime
583 3856 908 3922 vacillabat,
945 3858 1120 3910 rebus
1152 3874 1313 3926 teque
1344 3862 1403 3911 et
1434 3858 1655 3912 crebris
1686 3858 1960 3913 exercita-

300 3947 565 4002 tionibus
587 3947 802 4001 docens
825 3960 1027 3999 omnes
1050 3943 1159 3999 sibi
1176 3944 1959 4012 subditos,sollicitosserva-

298 4052 362 4089 re
413 4033 700 4090 unitatem
749 4030 993 4103 spiritus
1044 4032 1103 4086 in
1144 4032 1372 4087 vinculo
1418 4033 1597 4103 pacis.
1650 4034 1824 4089 Visus
1872 4039 1961 4090 est

299 4123 589 4195 singulari
622 4121 721 4177 illa
754 4122 969 4177 mentis
1000 4138 1118 4175 suae
1148 4120 1409 4192 agilitate
1442 4138 1587 4191 pene
1637 4122 1957 4179 excessisse

296 4211 573 4283 generale
603 4210 769 4275 illud,
803 4226 919 4280 quo
951 4209 1189 4276 dicitur,
1214 4214 1491 4277 mentem,
1518 4228 1652 4266 cum
1678 4210 1956 4266 dividitur

296 4302 371 4356 ad
404 4300 611 4367 multa,
630 4299 755 4354 ﬁeri
778 4299 1063 4354 minorem
1091 4300 1163 4354 ad
1185 4299 1438 4370 singula.
1506 4300 1755 4371 Cogente
1776 4300 1957 4371 igitur

296 4389 364 4424 θοι
400 4388 689 4461 imperiali
721 4388 1090 4458 auctoritate,
1122 4388 1399 4458 suscepit,
1462 4392 1525 4442 ut
1574 4389 1698 4457 jam
1733 4388 1954 4442 dictum

298 4482 408 4546 est,
444 4481 693 4535 tractare
724 4475 957 4547 negotia
987 4476 1151 4547 regni
1201 4478 1356 4547 apud
1418 4476 1723 4531 Lotharios
1755 4478 1843 4530 ³92.
1890 4480 1957 4531 Et

2075 3323 2332 3377 doctoris
2355 3324 2483 3393 jam
2515 3326 2573 3380 in
2607 3328 2757 3382 bona
2780 3344 2881 3397 spe
2906 3328 3728 3401 germinantialongelateque

2076 3411 2433 3482 dispergere.
2462 3418 2607 3469 Nam
2634 3431 2767 3470 cum
2789 3416 3047 3486 primum
3068 3417 3355 3473 Lotharici
3370 3419 3531 3491 regni
3552 3436 3730 3491 popu-

2074 3500 2167 3555 lus
2190 3500 2538 3559 multimoda
2556 3504 2949 3575 magnihujus
2978 3505 3085 3559 viri
3115 3506 3512 3563 exhortatione
3539 3510 3608 3544 ⁴⁰⁰
3635 3508 3730 3564 vix

2075 3589 2307 3645 tandem
2370 3591 2669 3660 inductus,
2722 3594 3127 3649 blandimenta
3173 3596 3332 3666 pacis
3393 3598 3559 3653 valde
3619 3598 3731 3654 sibi

2074 3679 2304 3734 insueta
2330 3685 2598 3746 tentaret,
2630 3686 2687 3736 et
2717 3683 2811 3738 his
2844 3683 2939 3754 qui
2996 3683 3121 3739 sola
3173 3685 3325 3740 civili
3369 3687 3733 3743 dissensione

2071 3773 2263 3823 tutum
2296 3768 2406 3823 sibi
2439 3770 2660 3840 aliquid
2695 3772 3138 3841 pollicebantur,
3193 3791 3498 3831 assensum
3550 3777 3605 3829 in
3639 3776 3731 3831 sui

2073 3856 2390 3926 perniciem
2420 3873 2488 3911 ex
2520 3862 2684 3928 parte
2722 3860 2972 3929 plurima
3029 3861 3283 3930 praebere
3310 3865 3375 3899 ⁴⁰ι
3406 3869 3723 3934 respueret,

2070 3960 2219 4000 saeva
2248 3944 2578 4015 Ungrorum
2619 3961 2784 4013 gens,
2836 3952 2893 4003 et
2933 3947 3171 4018 qualem
3232 3966 3536 4020 nunquam
3568 3956 3723 4007 terra

2069 4038 2272 4087 nostra
2298 4032 2482 4087 sensit
2505 4033 2856 4099 barbariem,
2880 4051 2913 4088 a
2933 4037 3219 4105 perversis
3250 4037 3439 4093 illecta
3468 4039 3712 4110 civibus,

2067 4121 2332 4176 transitis
2363 4121 2684 4176 Germania:
2720 4124 2786 4159 ⁵0³
2820 4123 3114 4194 plerisque
3136 4126 3468 4195 provinciis,
3493 4126 3715 4197 Galliae,

2068 4210 2309 4279 cuijam
2338 4208 2476 4264 olim
2513 4208 2724 4265 nobilis
2775 4212 3130 4266 Francorum
3183 4213 3432 4284 p0pulus
3476 4214 3711 4281 insedit,

2066 4297 2265 4354 omnia
2287 4298 2432 4353 ferro
2453 4302 2511 4353 et
2531 4298 2765 4369 ignibus
2786 4304 3084 4355 vastatura
3102 4316 3164 4355 se
3195 4308 3375 4356 totam
3400 4302 3631 4356 infudit.
3652 4304 3713 4357 In

2067 4388 2173 4442 hac
2207 4388 2326 4442 acie
2356 4388 2572 4449 Cuono,
2598 4389 2695 4457 qui
2726 4388 2889 4458 prlus
2910 4389 2976 4422 ‘03
2996 4390 3114 4443 dux
3136 4397 3258 4444 erat
3278 4391 3711 4462 egregius,cum

2067 4476 2191 4530 suis
2223 4475 2574 4545 sequacibus
2608 4475 2964 4531 militavit—
2986 4482 3182 4533 utrum
3207 4480 3278 4533 ad
3310 4479 3437 4545 hoc,
3492 4483 3555 4532 ut
3582 4480 3712 4533 odio

300 4581 435 4623 cum
494 4564 809 4635 unicuique
867 4566 939 4619 de
999 4564 1365 4636 principibus
1424 4569 1480 4619 et
1514 4566 1957 4637 magistratibus
1988 4584 2035 4648 D
2068 4582 2195 4632 suo,
2222 4564 2451 4635 quodin
2472 4565 2661 4619 virum
2695 4564 2795 4620 Dei
2819 4566 3153 4622 Brunonem
3174 4568 3346 4622 bonis
3366 4572 3518 4623 certe
3550 4584 3713 4623 man-

302 4670 480 4711 suum
513 4655 827 4727 partiretur
853 4670 1003 4710 onus
1034 4654 1120 4723 393,
1158 4654 1473 4725 unicuique
1497 4654 1607 4710 sibi
1630 4670 1959 4725 congruum

301 4740 620 4815 imperaret
650 4759 819 4814 opus,
852 4741 997 4797 nihil
1026 4746 1222 4797 tamen
1255 4746 1400 4812 erat,
1459 4742 1614 4813 quod
1676 4760 1791 4798 non
1832 4742 1958 4813 ipse

304 4830 532 4901 obiret;
564 4831 672 4897 hoc
693 4830 949 4893 maxima
980 4829 1208 4887 consilii
1263 4830 1567 4888 vivacitate
1622 4832 1954 4902 providens,

304 4922 458 4989 quod
493 4919 769 4976 omnibus
800 4918 1115 4990 expediret.

370 5009 460 5065 23.
486 5010 818 5065 Causantur
848 5008 994 5062 forte
1025 5006 1205 5079 aliqui
1240 5007 1448 5063 divinae
1501 5008 1971 5078 dispensationis.

2070 4654 2471 4711 suetissimum
2494 4654 2981 4725 conceperat,hmc
3001 4656 3153 4710 fmda
3176 4656 3517 4712 crudelitate
3537 4656 3715 4711 satis-

2069 4743 2299 4811 faceret,
2332 4760 2405 4798 an
2438 4746 2505 4797 ut
2530 4742 2746 4813 quibus
2777 4748 2975 4815 posset
3003 4744 3063 4799 in
3092 4748 3255 4801 tanto
3287 4745 3544 4817 periculo
3574 4746 3716 4799 sub-

2066 4832 2305 4900 veniret,
2337 4830 2661 4896 incertum;
2699 4832 2799 4887 sed
2832 4830 2974 4888 illud
3008 4833 3171 4904 prius
3224 4835 3401 4890 latius
3445 4833 3715 4906 opinione

2070 4920 2515 4987 disseminatum
2576 4924 2681 4975 est.
2742 4920 2887 4974 Nam
2962 4926 3018 4975 et
3095 4928 3296 4977 contra
3368 4940 3500 4979 eum
3568 4918 3716 4975 dura

2070 5025 2313 5080 quaeque
2345 5006 2764 5075 fraudulenter,
2799 5010 2938 5079 quia
2966 5010 3117 5067 vires
3147 5012 3491 5076 defecerant,
3526 5013 3713 5064 tenta-

1655 5105 1915 5160 VARLIE
1948 5105 2249 5160 LECTION
2262 5107 2359 5160 ES.

370 5194 435 5233 θτο
469 5194 527 5249 in
561 5196 701 5266 p.2.
734 5192 786 5247 3.

299 5261 367 5335 4","
394 5266 452 5321 h.
488 5261 578 5320 mf
599 5264 793 5319 desunt
813 5265 867 5319 3.
944 5261 1022 5297 337'
1044 5263 1335 5335 mysteriis
1367 5267 1418 5320 3.
1497 5266 1538 5299 ³⁸

295 5332 706 5392 ⁸⁹²Ιοώειτίοοε
734 5336 788 5389 2.
822 5336 874 5389 3.
953 5335 1019 5370 ³9⁸
1081 5332 1133 5389 θ’.
1195 5352 1253 5388 u.
1314 5353 1360 5390 s.
1414 5354 1464 5392 c.
1523 5335 1562 5389 i.
1621 5332 1812 5389 desunt

870 5192 939 5227 ³⁸0
968 5208 1202 5263 operam
1235 5195 1285 5247 2.
1365 5194 1431 5228 ³⁸⁸
1466 5209 1710 5299 superos
1740 5195 1797 5246 L.
1876 5194 1946 5235 38’
1974 5194 2103 5264 ejus
2136 5197 2189 5247 2.
2265 5195 2333 5230 ³⁸³
2366 5193 2564 5248 dilexit
2594 5195 2644 5249 l.

944 5264 1011 5297 337
1046 5263 1334 5299 ,ηυαιαπςςα
1368 5267 1399 5299 ρ
1497 5266 1538 5299 38
1620 5264 2069 5299 Αςιςηοηιςααςηηο
2128 5268 2147 5299 1
2258 5266 2325 5299 suo
2385 5267 2582 5299 ρηηοηο

1620 5264 2070 5334 diligentissime
2121 5268 2179 5319 L.
2258 5266 2325 5299 3”
2385 5267 2583 5320 fruens
2643 5265 2693 5319 l.
2774 5269 2803 5300 3’

1621 5335 1812 5389 desunt
1871 5338 1923 5390 3.
2001 5338 2067 5371 3“
2099 5337 2339 5391 offendit
2374 5338 2417 5391 Ι.
2454 5338 2803 5393 otl‘enduntl

2723 5196 2792 5228 38‘
2824 5196 3152 5251 theofebian
3184 5196 3235 5249 4.
3312 5195 3379 5229 ³⁸⁵
3409 5194 3619 5249 diversi
3654 5197 3707 5249 1-

2774 5269 2841 5302 39°
2898 5268 3036 5321 foris
3094 5270 3143 5319 2.
3208 5267 3257 5321 3.
3338 5268 3402 5299 κει
3438 5266 3605 5320 deest.
3650 5267 3705 5336 3;

2911 5339 2977 5372 395
3034 5337 3370 5406 hujusmodi
3404 5337 3456 5391 3.
3538 5338 3604 5371 ³⁹⁶
3655 5345 3704 5397 sl

303 5409 579 5489 quesierit
597 5408 649 5461 3.
726 5407 793 5440 ³⁹⁷
820 5406 907 5489 hic
999 5406 1151 5461 addit
1166 5423 1197 5489 ,τι
1220 5406 1400 5489 Nemo
1433 5407 1612 5477 igitur
1636 5424 1820 5489 super
1851 5407 1958 5461 hac
1977 5408 2429 5489 ‘reﬁculpabilem
2466 5425 2597 5489 eu_m
2622 5409 2814 5489 dicat,
2838 5426 2969 5463 cum
3002 5407 3329 5489 Samu‘elem
3353 5412 3623 5489 sanctum
3647 5415 3704 5465 et

303 5475 441 5550 alies
474 5478 671 5550 plures
687 5479 1025 5550 sacerdotes
1056 5476 1272 5550 pariter
1301 5475 1565 5549 legamus
1598 5482 1654 5532 et
1676 5475 1907 5547 judices
1938 5482 1995 5532 et
2048 5475 2342 5533 Danielem

2395 5480 2734 5550 prophetam
2784 5481 2930 5533 duos
2988 5480 3319 5535 sacerdotes
3350 5481 3420 5535 ad
3454 5486 3700 5536 mortem

303 5546 655 5622 damp'nasse
686 5548 967 5622 legamus.
991 5546 1093 5622 Sed
1110 5549 1206 5622 [ioc
1224 5546 1485 5622 glossema
1513 5554 1589 5604 est
1612 5546 1820 5622 partim
1850 5566 1919 5622 egi;
1958 5550 2283 5615 Widukiudo
2314 5554 2354 5617 Ι,
2380 5546 2468 5606 31.
2502 5546 2949 5622 haustu_m,_quoe'l
2979 5554 3031 5604 2.
3082 5552 3243 5622 solito
3300 5568 3447 5607 more
3495 5554 3552 5607 in
3591 5557 3705 5606 tex-

306 5632 397 5694 um
424 5621 639 5694 recepit-
712 5621 783 5694 fi"

308 5692 433 5747 ctus
462 5690 552 5749 3.‘
592 5694 658 5729 ⁴⁰ί
692 5690 917 5749 ἀεεδῐΒ.
995 5692 1063 5726 ⁴⁰²
1094 5692 1159 5747 G.
1194 5696 1248 5747 et
1277 5709 1333 5764 p.
1371 5708 1426 5763 p.
1460 5694 1511 5748 3.
1590 5692 1657 5725 “’3
1681 5690 1886 5763 piusl.

815 5620 947 5691 quis
977 5621 1028 5675 3.
1106 5621 1173 5654 399
1204 5620 1350 5675 uelle
1380 5636 1520 5677 corr'
1558 5620 1699 5675 utile
1732 5622 1782 5673 1.
1816 5620 1957 5676 eelle
1982 5623 2040 5678 2.

2128 5622 2195 5655 ⁴⁰⁰
2224 5623 2581 5678 cxortatione
2612 5622 2663 5676 l.
2699 5620 2875 5690 hujus
2908 5621 3317 5679 exercitatione
3371 5641 3425 5679 v.
3456 5627 3499 5679 t.
3534 5623 3699 5679 indo-
