  <div class='ocr_page' id='page_1' title='image "/cluster/home/n/w/nwhite01/storage/ocr_20150623/134/hvd.32044023361702/485.png"; bbox 0 0 4074 6190; ppageno 0'>
   <div class='ocr_carea' id='block_1_1' title="bbox 344 330 462 392">
    <p class='ocr_par' dir='ltr' id='par_1_1' title="bbox 344 330 462 392">
     <span class='ocr_line' id='line_1_1' title="bbox 344 330 462 392; baseline 0 0"><span class='ocrx_word' id='word_1_1' title='bbox 344 330 462 392; x_wconf 73' lang='grc'>959</span> 
     </span>
    </p>
   </div>
   <div class='ocr_carea' id='block_1_2' title="bbox 1311 312 2789 404">
    <p class='ocr_par' dir='ltr' id='par_1_2' title="bbox 1311 312 2789 404">
     <span class='ocr_line' id='line_1_2' title="bbox 1311 312 2789 404; baseline 0.003 -6"><span class='ocrx_word' id='word_1_2' title='bbox 1311 337 1376 398; x_wconf 87' lang='lat' dir='ltr'>s.</span> <span class='ocrx_word' id='word_1_3' title='bbox 1423 312 1821 400; x_wconf 82' lang='lat' dir='ltr'>BRUNONIS</span> <span class='ocrx_word' id='word_1_4' title='bbox 1866 333 2377 400; x_wconf 84' lang='lat' dir='ltr'>COLONIENSIS</span> <span class='ocrx_word' id='word_1_5' title='bbox 2424 340 2789 404; x_wconf 80' lang='lat' dir='ltr'>ARCHIEP.</span> 
     </span>
    </p>
   </div>
   <div class='ocr_carea' id='block_1_3' title="bbox 3643 336 3772 397">
    <p class='ocr_par' dir='ltr' id='par_1_3' title="bbox 3643 336 3772 397">
     <span class='ocr_line' id='line_1_3' title="bbox 3643 336 3772 397; baseline 0 0"><span class='ocrx_word' id='word_1_6' title='bbox 3643 336 3772 397; x_wconf 84' lang='lat'>960</span> 
     </span>
    </p>
   </div>
   <div class='ocr_carea' id='block_1_4' title="bbox 344 462 3764 544">
    <p class='ocr_par' dir='ltr' id='par_1_4' title="bbox 344 462 3764 544">
     <span class='ocr_line' id='line_1_4' title="bbox 344 462 3764 544; baseline 0.002 -24"><span class='ocrx_word' id='word_1_7' title='bbox 344 463 448 534; x_wconf 87' lang='lat' dir='ltr'>vit,</span> <span class='ocrx_word' id='word_1_8' title='bbox 480 462 560 519; x_wconf 88' lang='lat' dir='ltr'>ita</span> <span class='ocrx_word' id='word_1_9' title='bbox 598 467 661 518; x_wconf 89' lang='lat' dir='ltr'>ut</span> <span class='ocrx_word' id='word_1_10' title='bbox 709 462 952 536; x_wconf 89' lang='lat' dir='ltr'>Mettim,</span> <span class='ocrx_word' id='word_1_11' title='bbox 1011 466 1216 523; x_wconf 83' lang='lat' dir='ltr'>urbem</span> <span class='ocrx_word' id='word_1_12' title='bbox 1273 467 1800 540; x_wconf 84' lang='lat' dir='ltr'>opulentissimam,</span> <span class='ocrx_word' id='word_1_13' title='bbox 1856 469 1985 526; x_wconf 86' lang='lat' dir='ltr'>dolo</span> <span class='ocrx_word' id='word_1_14' title='bbox 2015 468 2374 535; x_wconf 77' lang='lat' dir='ltr'>Atraditam</span> <span class='ocrx_word' id='word_1_15' title='bbox 2407 490 2441 528; x_wconf 88' lang='lat' dir='ltr'>a</span> <span class='ocrx_word' id='word_1_16' title='bbox 2495 473 2662 528; x_wconf 87' lang='lat' dir='ltr'>beato</span> <span class='ocrx_word' id='word_1_17' title='bbox 2714 473 2880 528; x_wconf 91' lang='lat' dir='ltr'>Petro</span> <span class='ocrx_word' id='word_1_18' title='bbox 2935 467 3197 544; x_wconf 81' lang='lat' dir='ltr'>apostolo</span> <span class='ocrx_word' id='word_1_19' title='bbox 3255 485 3460 526; x_wconf 91' lang='lat' dir='ltr'>sanam</span> <span class='ocrx_word' id='word_1_20' title='bbox 3523 485 3764 526; x_wconf 77' lang='lat' dir='ltr'>servare</span> 
     </span>
    </p>
   </div>
   <div class='ocr_carea' id='block_1_5' title="bbox 347 551 1992 632">
    <p class='ocr_par' dir='ltr' id='par_1_5' title="bbox 347 551 1992 632">
     <span class='ocr_line' id='line_1_5' title="bbox 347 551 1992 632; baseline 0.006 -25"><span class='ocrx_word' id='word_1_21' title='bbox 347 551 660 618; x_wconf 82' lang='lat' dir='ltr'>invaderet,</span> <span class='ocrx_word' id='word_1_22' title='bbox 694 552 805 624; x_wconf 84' lang='lat' dir='ltr'>ipsi</span> <span class='ocrx_word' id='word_1_23' title='bbox 840 555 1087 611; x_wconf 78' lang='lat' dir='ltr'>Coloniae</span> <span class='ocrx_word' id='word_1_24' title='bbox 1115 562 1170 612; x_wconf 92' lang='lat' dir='ltr'>et</span> <span class='ocrx_word' id='word_1_25' title='bbox 1200 559 1418 614; x_wconf 63' lang='lat' dir='ltr'>caeteris</span> <span class='ocrx_word' id='word_1_26' title='bbox 1447 561 1605 632; x_wconf 82' lang='lat' dir='ltr'>regni</span> <span class='ocrx_word' id='word_1_27' title='bbox 1656 560 1992 616; x_wconf 89' lang='lat' dir='ltr'>munitioni-</span> 
     </span>
    </p>
   </div>
   <div class='ocr_carea' id='block_1_6' title="bbox 350 642 1996 720">
    <p class='ocr_par' dir='ltr' id='par_1_6' title="bbox 350 642 1996 720">
     <span class='ocr_line' id='line_1_6' title="bbox 350 642 1996 720; baseline 0.006 -25"><span class='ocrx_word' id='word_1_28' title='bbox 350 642 460 696; x_wconf 87' lang='lat' dir='ltr'>bus</span> <span class='ocrx_word' id='word_1_29' title='bbox 494 647 832 713; x_wconf 87' lang='lat' dir='ltr'>suspectum</span> <span class='ocrx_word' id='word_1_30' title='bbox 866 661 927 700; x_wconf 90' lang='lat' dir='ltr'>so</span> <span class='ocrx_word' id='word_1_31' title='bbox 969 647 1195 720; x_wconf 47' lang='lat' dir='ltr'>faceret,</span> <span class='ocrx_word' id='word_1_32' title='bbox 1246 650 1456 720; x_wconf 88' lang='lat' dir='ltr'>probra</span> <span class='ocrx_word' id='word_1_33' title='bbox 1503 651 1771 720; x_wconf 86' lang='lat' dir='ltr'>jactaret,</span> <span class='ocrx_word' id='word_1_34' title='bbox 1807 649 1996 705; x_wconf 89' lang='lat' dir='ltr'>minas</span> 
     </span>
    </p>
   </div>
   <div class='ocr_carea' id='block_1_7' title="bbox 347 729 1994 810">
    <p class='ocr_par' dir='ltr' id='par_1_7' title="bbox 347 729 1994 810">
     <span class='ocr_line' id='line_1_7' title="bbox 347 729 1994 810; baseline 0.004 -24"><span class='ocrx_word' id='word_1_35' title='bbox 347 729 688 786; x_wconf 75' lang='lat' dir='ltr'>etfunderet.</span> <span class='ocrx_word' id='word_1_36' title='bbox 725 733 790 787; x_wconf 85' lang='lat' dir='ltr'>Et</span> <span class='ocrx_word' id='word_1_37' title='bbox 823 739 1024 805; x_wconf 86' lang='lat' dir='ltr'>postea</span> <span class='ocrx_word' id='word_1_38' title='bbox 1054 735 1484 808; x_wconf 88' lang='lat' dir='ltr'>aliquantulum</span> <span class='ocrx_word' id='word_1_39' title='bbox 1515 740 1582 784; x_wconf 63' lang='lat' dir='ltr'>b‘“</span> <span class='ocrx_word' id='word_1_40' title='bbox 1625 739 1905 810; x_wconf 87' lang='lat' dir='ltr'>temporis</span> <span class='ocrx_word' id='word_1_41' title='bbox 1937 738 1994 793; x_wconf 93' lang='lat' dir='ltr'>in</span> 
     </span>
    </p>
   </div>
   <div class='ocr_carea' id='block_1_8' title="bbox 347 819 1994 899">
    <p class='ocr_par' dir='ltr' id='par_1_8' title="bbox 347 819 1994 899">
     <span class='ocr_line' id='line_1_8' title="bbox 347 819 1994 899; baseline 0.006 -26"><span class='ocrx_word' id='word_1_42' title='bbox 347 819 457 891; x_wconf 83' lang='lat' dir='ltr'>hac</span> <span class='ocrx_word' id='word_1_43' title='bbox 486 820 688 875; x_wconf 87' lang='lat' dir='ltr'>eadem</span> <span class='ocrx_word' id='word_1_44' title='bbox 724 839 841 892; x_wconf 89' lang='lat' dir='ltr'>qua</span> <span class='ocrx_word' id='word_1_45' title='bbox 870 825 1092 878; x_wconf 87' lang='lat' dir='ltr'>dudum</span> <span class='ocrx_word' id='word_1_46' title='bbox 1117 831 1240 880; x_wconf 89' lang='lat' dir='ltr'>erat</span> <span class='ocrx_word' id='word_1_47' title='bbox 1262 827 1628 882; x_wconf 78' lang='lat' dir='ltr'>immanitate</span> <span class='ocrx_word' id='word_1_48' title='bbox 1654 828 1994 899; x_wconf 81' lang='lat' dir='ltr'>permansit.</span> 
     </span>
    </p>
   </div>
   <div class='ocr_carea' id='block_1_9' title="bbox 349 907 1996 988">
    <p class='ocr_par' dir='ltr' id='par_1_9' title="bbox 349 907 1996 988">
     <span class='ocr_line' id='line_1_9' title="bbox 349 907 1996 988; baseline 0.005 -24"><span class='ocrx_word' id='word_1_49' title='bbox 349 907 504 964; x_wconf 87' lang='lat' dir='ltr'>Nihil</span> <span class='ocrx_word' id='word_1_50' title='bbox 529 909 764 980; x_wconf 86' lang='lat' dir='ltr'>reliquit</span> <span class='ocrx_word' id='word_1_51' title='bbox 786 912 1280 986; x_wconf 88' lang='lat' dir='ltr'>intentatum,quo</span> <span class='ocrx_word' id='word_1_52' title='bbox 1298 917 1555 971; x_wconf 78' lang='lat' dir='ltr'>l‘mdusin</span> <span class='ocrx_word' id='word_1_53' title='bbox 1571 916 1782 988; x_wconf 91' lang='lat' dir='ltr'>populo</span> <span class='ocrx_word' id='word_1_54' title='bbox 1802 921 1996 972; x_wconf 88' lang='lat' dir='ltr'>nostro</span> 
     </span>
    </p>
   </div>
   <div class='ocr_carea' id='block_1_10' title="bbox 347 999 1999 1076">
    <p class='ocr_par' dir='ltr' id='par_1_10' title="bbox 347 999 1999 1076">
     <span class='ocr_line' id='line_1_10' title="bbox 347 999 1999 1076; baseline 0.005 -24"><span class='ocrx_word' id='word_1_55' title='bbox 347 1013 449 1068; x_wconf 88' lang='lat' dir='ltr'>per</span> <span class='ocrx_word' id='word_1_56' title='bbox 478 999 826 1069; x_wconf 83' lang='lat' dir='ltr'>sapientiam</span> <span class='ocrx_word' id='word_1_57' title='bbox 884 1002 1136 1058; x_wconf 91' lang='lat' dir='ltr'>doctoris</span> <span class='ocrx_word' id='word_1_58' title='bbox 1181 1005 1270 1058; x_wconf 93' lang='lat' dir='ltr'>sui</span> <span class='ocrx_word' id='word_1_59' title='bbox 1323 1011 1559 1076; x_wconf 88' lang='lat' dir='ltr'>pactum</span> <span class='ocrx_word' id='word_1_60' title='bbox 1592 1005 1906 1061; x_wconf 76' lang='lat' dir='ltr'>dissolvere</span> <span class='ocrx_word' id='word_1_61' title='bbox 1937 1021 1999 1060; x_wconf 89' lang='lat' dir='ltr'>se</span> 
     </span>
    </p>
   </div>
   <div class='ocr_carea' id='block_1_11' title="bbox 351 1090 1998 1166">
    <p class='ocr_par' dir='ltr' id='par_1_11' title="bbox 351 1090 1998 1166">
     <span class='ocr_line' id='line_1_11' title="bbox 351 1090 1998 1166; baseline 0.004 -24"><span class='ocrx_word' id='word_1_62' title='bbox 351 1103 522 1158; x_wconf 87' lang='lat' dir='ltr'>posse</span> <span class='ocrx_word' id='word_1_63' title='bbox 553 1093 799 1158; x_wconf 78' lang='lat' dir='ltr'>putaret.</span> <span class='ocrx_word' id='word_1_64' title='bbox 827 1090 1009 1146; x_wconf 87' lang='lat' dir='ltr'>Homo</span> <span class='ocrx_word' id='word_1_65' title='bbox 1044 1109 1295 1164; x_wconf 86' lang='lat' dir='ltr'>namque</span> <span class='ocrx_word' id='word_1_66' title='bbox 1314 1099 1437 1150; x_wconf 88' lang='lat' dir='ltr'>erat</span> <span class='ocrx_word' id='word_1_67' title='bbox 1465 1095 1639 1166; x_wconf 89' lang='lat' dir='ltr'>paulo</span> <span class='ocrx_word' id='word_1_68' title='bbox 1671 1101 1806 1151; x_wconf 88' lang='lat' dir='ltr'>ante</span> <span class='ocrx_word' id='word_1_69' title='bbox 1839 1112 1998 1150; x_wconf 88' lang='lat' dir='ltr'>sum-</span> 
     </span>
    </p>
   </div>
   <div class='ocr_carea' id='block_1_12' title="bbox 353 1177 2000 1255">
    <p class='ocr_par' dir='ltr' id='par_1_12' title="bbox 353 1177 2000 1255">
     <span class='ocr_line' id='line_1_12' title="bbox 353 1177 2000 1255; baseline 0.005 -26"><span class='ocrx_word' id='word_1_70' title='bbox 353 1191 450 1229; x_wconf 88' lang='lat' dir='ltr'>ma</span> <span class='ocrx_word' id='word_1_71' title='bbox 477 1177 737 1246; x_wconf 88' lang='lat' dir='ltr'>potentia</span> <span class='ocrx_word' id='word_1_72' title='bbox 765 1195 1115 1251; x_wconf 88' lang='lat' dir='ltr'>summaque</span> <span class='ocrx_word' id='word_1_73' title='bbox 1146 1181 1399 1247; x_wconf 81' lang='lat' dir='ltr'>fortuna,</span> <span class='ocrx_word' id='word_1_74' title='bbox 1433 1184 1532 1237; x_wconf 88' lang='lat' dir='ltr'>sed</span> <span class='ocrx_word' id='word_1_75' title='bbox 1567 1185 1824 1255; x_wconf 89' lang='lat' dir='ltr'>ignarus,</span> <span class='ocrx_word' id='word_1_76' title='bbox 1860 1199 2000 1254; x_wconf 90' lang='lat' dir='ltr'>quo-</span> 
     </span>
    </p>
   </div>
   <div class='ocr_carea' id='block_1_13' title="bbox 353 1264 2003 1342">
    <p class='ocr_par' dir='ltr' id='par_1_13' title="bbox 353 1264 2003 1342">
     <span class='ocr_line' id='line_1_13' title="bbox 353 1264 2003 1342; baseline 0.004 -24"><span class='ocrx_word' id='word_1_77' title='bbox 353 1264 526 1319; x_wconf 89' lang='lat' dir='ltr'>modo</span> <span class='ocrx_word' id='word_1_78' title='bbox 559 1266 833 1322; x_wconf 88' lang='lat' dir='ltr'>secundis</span> <span class='ocrx_word' id='word_1_79' title='bbox 867 1270 1040 1324; x_wconf 80' lang='lat' dir='ltr'>rebus</span> <span class='ocrx_word' id='word_1_80' title='bbox 1072 1270 1155 1324; x_wconf 86' lang='lat' dir='ltr'>uti</span> <span class='ocrx_word' id='word_1_81' title='bbox 1175 1272 1524 1327; x_wconf 90' lang='lat' dir='ltr'>conveniret.</span> <span class='ocrx_word' id='word_1_82' title='bbox 1552 1276 1667 1326; x_wconf 84' lang='lat' dir='ltr'>Has</span> <span class='ocrx_word' id='word_1_83' title='bbox 1698 1273 2003 1342; x_wconf 89' lang='lat' dir='ltr'>quoniam,</span> 
     </span>
    </p>
   </div>
   <div class='ocr_carea' id='block_1_14' title="bbox 352 1357 2003 1429">
    <p class='ocr_par' dir='ltr' id='par_1_14' title="bbox 352 1357 2003 1429">
     <span class='ocr_line' id='line_1_14' title="bbox 352 1357 2003 1429; baseline 0.004 -21"><span class='ocrx_word' id='word_1_84' title='bbox 352 1359 662 1424; x_wconf 87' lang='lat' dir='ltr'>postquam</span> <span class='ocrx_word' id='word_1_85' title='bbox 695 1357 916 1412; x_wconf 90' lang='lat' dir='ltr'>abusus</span> <span class='ocrx_word' id='word_1_86' title='bbox 935 1363 1042 1422; x_wconf 87' lang='lat' dir='ltr'>est,</span> <span class='ocrx_word' id='word_1_87' title='bbox 1064 1359 1335 1429; x_wconf 87' lang='lat' dir='ltr'>perdidit,</span> <span class='ocrx_word' id='word_1_88' title='bbox 1362 1361 1419 1415; x_wconf 90' lang='lat' dir='ltr'>in</span> <span class='ocrx_word' id='word_1_89' title='bbox 1474 1362 1655 1416; x_wconf 89' lang='lat' dir='ltr'>bonos</span> <span class='ocrx_word' id='word_1_90' title='bbox 1698 1361 1852 1416; x_wconf 88' lang='lat' dir='ltr'>ultra</span> <span class='ocrx_word' id='word_1_91' title='bbox 1881 1377 2003 1415; x_wconf 88' lang='lat' dir='ltr'>mo-</span> 
     </span>
    </p>
   </div>
   <div class='ocr_carea' id='block_1_15' title="bbox 358 1442 2007 1514">
    <p class='ocr_par' dir='ltr' id='par_1_15' title="bbox 358 1442 2007 1514">
     <span class='ocr_line' id='line_1_15' title="bbox 358 1442 2007 1514; baseline 0.005 -18"><span class='ocrx_word' id='word_1_92' title='bbox 358 1442 501 1496; x_wconf 88' lang='lat' dir='ltr'>dum</span> <span class='ocrx_word' id='word_1_93' title='bbox 538 1443 852 1514; x_wconf 84' lang='lat' dir='ltr'>impatiens</span> <span class='ocrx_word' id='word_1_94' title='bbox 883 1447 1066 1502; x_wconf 75' lang='lat' dir='ltr'>saeviit</span> <span class='ocrx_word' id='word_1_95' title='bbox 1096 1449 1162 1490; x_wconf 66' lang='grc'>40⁵</span> <span class='ocrx_word' id='word_1_96' title='bbox 1188 1465 1200 1513; x_wconf 89' lang='grc'>;</span> <span class='ocrx_word' id='word_1_97' title='bbox 1233 1450 1331 1504; x_wconf 88' lang='lat' dir='ltr'>sed</span> <span class='ocrx_word' id='word_1_98' title='bbox 1365 1467 1398 1504; x_wconf 90' lang='lat' dir='ltr'>a</span> <span class='ocrx_word' id='word_1_99' title='bbox 1429 1451 1665 1506; x_wconf 78' lang='lat' dir='ltr'>nefariis</span> <span class='ocrx_word' id='word_1_100' title='bbox 1691 1450 1816 1505; x_wconf 86' lang='lat' dir='ltr'>suis</span> <span class='ocrx_word' id='word_1_101' title='bbox 1838 1466 2007 1505; x_wconf 90' lang='lat' dir='ltr'>cona-</span> 
     </span>
    </p>
   </div>
   <div class='ocr_carea' id='block_1_16' title="bbox 2109 559 3764 632">
    <p class='ocr_par' dir='ltr' id='par_1_16' title="bbox 2109 559 3764 632">
     <span class='ocr_line' id='line_1_16' title="bbox 2109 559 3764 632; baseline 0.001 -19"><span class='ocrx_word' id='word_1_102' title='bbox 2109 561 2290 632; x_wconf 79' lang='grc'>(1938)</span> <span class='ocrx_word' id='word_1_103' title='bbox 2310 561 2655 625; x_wconf 85' lang='lat' dir='ltr'>doctrinam,</span> <span class='ocrx_word' id='word_1_104' title='bbox 2680 559 2974 617; x_wconf 59' lang='lat' dir='ltr'>catholicae</span> <span class='ocrx_word' id='word_1_105' title='bbox 2995 560 3128 615; x_wconf 86' lang='lat' dir='ltr'>ﬁdei</span> <span class='ocrx_word' id='word_1_106' title='bbox 3160 559 3515 631; x_wconf 81' lang='lat' dir='ltr'>integritate,</span> <span class='ocrx_word' id='word_1_107' title='bbox 3545 560 3610 614; x_wconf 88' lang='lat' dir='ltr'>in</span> <span class='ocrx_word' id='word_1_108' title='bbox 3633 576 3764 614; x_wconf 80' lang='lat' dir='ltr'>vera</span> 
     </span>
    </p>
   </div>
   <div class='ocr_carea' id='block_1_17' title="bbox 2106 648 3766 720">
    <p class='ocr_par' dir='ltr' id='par_1_17' title="bbox 2106 648 3766 720">
     <span class='ocr_line' id='line_1_17' title="bbox 2106 648 3766 720; baseline 0 -15"><span class='ocrx_word' id='word_1_109' title='bbox 2106 651 2470 706; x_wconf 80' lang='lat' dir='ltr'>confessione</span> <span class='ocrx_word' id='word_1_110' title='bbox 2527 655 2583 705; x_wconf 89' lang='lat' dir='ltr'>et</span> <span class='ocrx_word' id='word_1_111' title='bbox 2637 650 2961 705; x_wconf 88' lang='lat' dir='ltr'>inviolabili</span> <span class='ocrx_word' id='word_1_112' title='bbox 3028 649 3266 704; x_wconf 88' lang='lat' dir='ltr'>veritate</span> <span class='ocrx_word' id='word_1_113' title='bbox 3326 648 3766 720; x_wconf 85' lang='lat' dir='ltr'>praedicationis</span> 
     </span>
    </p>
   </div>
   <div class='ocr_carea' id='block_1_18' title="bbox 2108 738 3768 812">
    <p class='ocr_par' dir='ltr' id='par_1_18' title="bbox 2108 738 3768 812">
     <span class='ocr_line' id='line_1_18' title="bbox 2108 738 3768 812; baseline -0.001 -18"><span class='ocrx_word' id='word_1_114' title='bbox 2108 740 2259 794; x_wconf 91' lang='lat' dir='ltr'>uniri</span> <span class='ocrx_word' id='word_1_115' title='bbox 2283 757 2295 794; x_wconf 86' lang='lat'><strong>:</strong></span> <span class='ocrx_word' id='word_1_116' title='bbox 2321 740 2655 812; x_wconf 80' lang='lat' dir='ltr'>synodicam</span> <span class='ocrx_word' id='word_1_117' title='bbox 2685 757 2851 795; x_wconf 88' lang='lat' dir='ltr'>suam</span> <span class='ocrx_word' id='word_1_118' title='bbox 2885 738 3192 810; x_wconf 86' lang='lat' dir='ltr'>epistolam</span> <span class='ocrx_word' id='word_1_119' title='bbox 3214 755 3315 810; x_wconf 91' lang='lat' dir='ltr'>per</span> <span class='ocrx_word' id='word_1_120' title='bbox 3335 738 3768 802; x_wconf 85' lang='lat' dir='ltr'>Hadamarum,</span> 
     </span>
    </p>
   </div>
   <div class='ocr_carea' id='block_1_19' title="bbox 2107 827 3769 898">
    <p class='ocr_par' dir='ltr' id='par_1_19' title="bbox 2107 827 3769 898">
     <span class='ocr_line' id='line_1_19' title="bbox 2107 827 3769 898; baseline -0.001 -15"><span class='ocrx_word' id='word_1_121' title='bbox 2107 829 2492 884; x_wconf 88' lang='lat' dir='ltr'>venerabilem</span> <span class='ocrx_word' id='word_1_122' title='bbox 2521 829 2858 884; x_wconf 88' lang='lat' dir='ltr'>monasterii</span> <span class='ocrx_word' id='word_1_123' title='bbox 2885 827 3190 883; x_wconf 88' lang='lat' dir='ltr'>Fuldensis</span> <span class='ocrx_word' id='word_1_124' title='bbox 3207 828 3769 898; x_wconf 84' lang='lat' dir='ltr'>abbatem,Romam</span> 
     </span>
    </p>
   </div>
   <div class='ocr_carea' id='block_1_20' title="bbox 2108 915 3775 989">
    <p class='ocr_par' dir='ltr' id='par_1_20' title="bbox 2108 915 3775 989">
     <span class='ocr_line' id='line_1_20' title="bbox 2108 915 3775 989; baseline -0.002 -16"><span class='ocrx_word' id='word_1_125' title='bbox 2108 919 2178 973; x_wconf 90' lang='lat' dir='ltr'>ad</span> <span class='ocrx_word' id='word_1_126' title='bbox 2210 919 2542 989; x_wconf 84' lang='lat' dir='ltr'>Agapitum,</span> <span class='ocrx_word' id='word_1_127' title='bbox 2577 919 2735 971; x_wconf 69' lang='lat' dir='ltr'>mirae</span> <span class='ocrx_word' id='word_1_128' title='bbox 2767 917 3098 972; x_wconf 86' lang='lat' dir='ltr'>sanctitatis</span> <span class='ocrx_word' id='word_1_129' title='bbox 3128 932 3356 988; x_wconf 88' lang='lat' dir='ltr'>papam,</span> <span class='ocrx_word' id='word_1_130' title='bbox 3409 916 3635 970; x_wconf 81' lang='lat' dir='ltr'>direxit</span> <span class='ocrx_word' id='word_1_131' title='bbox 3663 933 3676 981; x_wconf 86' lang='lat'>;</span> <span class='ocrx_word' id='word_1_132' title='bbox 3713 915 3775 970; x_wconf 87' lang='lat' dir='ltr'>in</span> 
     </span>
    </p>
   </div>
   <div class='ocr_carea' id='block_1_21' title="bbox 2110 1003 3773 1079">
    <p class='ocr_par' dir='ltr' id='par_1_21' title="bbox 2110 1003 3773 1079">
     <span class='ocr_line' id='line_1_21' title="bbox 2110 1003 3773 1079; baseline -0.004 -17"><span class='ocrx_word' id='word_1_133' title='bbox 2110 1024 2244 1078; x_wconf 90' lang='lat' dir='ltr'>qua,</span> <span class='ocrx_word' id='word_1_134' title='bbox 2280 1009 2450 1078; x_wconf 83' lang='lat' dir='ltr'>cujus</span> <span class='ocrx_word' id='word_1_135' title='bbox 2480 1007 2727 1079; x_wconf 87' lang='lat' dir='ltr'>spiritus</span> <span class='ocrx_word' id='word_1_136' title='bbox 2759 1011 2935 1073; x_wconf 89' lang='lat' dir='ltr'>esset,</span> <span class='ocrx_word' id='word_1_137' title='bbox 2959 1010 3015 1060; x_wconf 87' lang='lat' dir='ltr'>et</span> <span class='ocrx_word' id='word_1_138' title='bbox 3045 1005 3183 1077; x_wconf 91' lang='lat' dir='ltr'>quia</span> <span class='ocrx_word' id='word_1_139' title='bbox 3214 1010 3414 1076; x_wconf 85' lang='lat' dir='ltr'>pastor</span> <span class='ocrx_word' id='word_1_140' title='bbox 3442 1005 3516 1059; x_wconf 91' lang='lat' dir='ltr'>ab</span> <span class='ocrx_word' id='word_1_141' title='bbox 3553 1003 3773 1059; x_wconf 87' lang='lat' dir='ltr'>ovibus</span> 
     </span>
    </p>
   </div>
   <div class='ocr_carea' id='block_1_22' title="bbox 2110 1092 3775 1164">
    <p class='ocr_par' dir='ltr' id='par_1_22' title="bbox 2110 1092 3775 1164">
     <span class='ocr_line' id='line_1_22' title="bbox 2110 1092 3775 1164; baseline -0.003 -13"><span class='ocrx_word' id='word_1_142' title='bbox 2110 1095 2353 1163; x_wconf 90' lang='lat' dir='ltr'>electus,</span> <span class='ocrx_word' id='word_1_143' title='bbox 2385 1114 2418 1150; x_wconf 91' lang='lat' dir='ltr'>a</span> <span class='ocrx_word' id='word_1_144' title='bbox 2450 1096 2696 1151; x_wconf 89' lang='lat' dir='ltr'>Domino</span> <span class='ocrx_word' id='word_1_145' title='bbox 2730 1096 2944 1151; x_wconf 91' lang='lat' dir='ltr'>missus</span> <span class='ocrx_word' id='word_1_146' title='bbox 2975 1099 3149 1164; x_wconf 86' lang='lat' dir='ltr'>esset,</span> <span class='ocrx_word' id='word_1_147' title='bbox 3171 1094 3446 1149; x_wconf 89' lang='lat' dir='ltr'>innotuit.</span> <span class='ocrx_word' id='word_1_148' title='bbox 3480 1092 3775 1164; x_wconf 83' lang='lat' dir='ltr'>Appella-</span> 
     </span>
    </p>
   </div>
   <div class='ocr_carea' id='block_1_23' title="bbox 2111 1181 3777 1255">
    <p class='ocr_par' dir='ltr' id='par_1_23' title="bbox 2111 1181 3777 1255">
     <span class='ocr_line' id='line_1_23' title="bbox 2111 1181 3777 1255; baseline -0.001 -17"><span class='ocrx_word' id='word_1_149' title='bbox 2111 1189 2326 1255; x_wconf 91' lang='lat' dir='ltr'>tusque</span> <span class='ocrx_word' id='word_1_150' title='bbox 2347 1189 2434 1240; x_wconf 86' lang='lat' dir='ltr'>est</span> <span class='ocrx_word' id='word_1_151' title='bbox 2457 1185 2532 1240; x_wconf 88' lang='lat' dir='ltr'>ibi</span> <span class='ocrx_word' id='word_1_152' title='bbox 2559 1201 2795 1239; x_wconf 88' lang='lat' dir='ltr'>concors</span> <span class='ocrx_word' id='word_1_153' title='bbox 2813 1190 2870 1239; x_wconf 92' lang='lat' dir='ltr'>et</span> <span class='ocrx_word' id='word_1_154' title='bbox 2896 1183 3149 1238; x_wconf 90' lang='lat' dir='ltr'>concivis</span> <span class='ocrx_word' id='word_1_155' title='bbox 3171 1181 3777 1253; x_wconf 82' lang='lat' dir='ltr'>apostolorum,prin-</span> 
     </span>
    </p>
   </div>
   <div class='ocr_carea' id='block_1_24' title="bbox 2113 1272 3776 1346">
    <p class='ocr_par' dir='ltr' id='par_1_24' title="bbox 2113 1272 3776 1346">
     <span class='ocr_line' id='line_1_24' title="bbox 2113 1272 3776 1346; baseline -0.003 -18"><span class='ocrx_word' id='word_1_156' title='bbox 2113 1291 2247 1345; x_wconf 91' lang='lat' dir='ltr'>ceps</span> <span class='ocrx_word' id='word_1_157' title='bbox 2273 1275 2339 1308; x_wconf 74' lang='lat'>“’9</span> <span class='ocrx_word' id='word_1_158' title='bbox 2361 1291 2425 1328; x_wconf 92' lang='lat' dir='ltr'>ac</span> <span class='ocrx_word' id='word_1_159' title='bbox 2448 1272 3038 1346; x_wconf 88' lang='lat' dir='ltr'>propagatorDomini</span> <span class='ocrx_word' id='word_1_160' title='bbox 3056 1272 3776 1344; x_wconf 67' lang='lat' dir='ltr'>praeceptorumLegatus</span> 
     </span>
    </p>
   </div>
   <div class='ocr_carea' id='block_1_25' title="bbox 2115 1358 3778 1433">
    <p class='ocr_par' dir='ltr' id='par_1_25' title="bbox 2115 1358 3778 1433">
     <span class='ocr_line' id='line_1_25' title="bbox 2115 1358 3778 1433; baseline -0.002 -18"><span class='ocrx_word' id='word_1_161' title='bbox 2115 1362 2248 1417; x_wconf 89' lang='lat' dir='ltr'>inde</span> <span class='ocrx_word' id='word_1_162' title='bbox 2274 1379 2404 1417; x_wconf 92' lang='lat' dir='ltr'>cum</span> <span class='ocrx_word' id='word_1_163' title='bbox 2441 1378 2651 1433; x_wconf 88' lang='lat' dir='ltr'>magna</span> <span class='ocrx_word' id='word_1_164' title='bbox 2710 1363 2922 1416; x_wconf 89' lang='lat' dir='ltr'>mentis</span> <span class='ocrx_word' id='word_1_165' title='bbox 2981 1359 3278 1416; x_wconf 89' lang='lat' dir='ltr'>alacritate</span> <span class='ocrx_word' id='word_1_166' title='bbox 3335 1376 3630 1428; x_wconf 85' lang='lat' dir='ltr'>reversus,</span> <span class='ocrx_word' id='word_1_167' title='bbox 3680 1358 3778 1429; x_wconf 90' lang='lat' dir='ltr'>pio</span> 
     </span>
    </p>
   </div>
   <div class='ocr_carea' id='block_1_26' title="bbox 2115 1447 3776 1524">
    <p class='ocr_par' dir='ltr' id='par_1_26' title="bbox 2115 1447 3776 1524">
     <span class='ocr_line' id='line_1_26' title="bbox 2115 1447 3776 1524; baseline -0.004 -17"><span class='ocrx_word' id='word_1_168' title='bbox 2115 1451 2355 1524; x_wconf 90' lang='lat' dir='ltr'>pastori,</span> <span class='ocrx_word' id='word_1_169' title='bbox 2389 1451 2482 1505; x_wconf 93' lang='lat' dir='ltr'>cui</span> <span class='ocrx_word' id='word_1_170' title='bbox 2513 1451 2756 1506; x_wconf 90' lang='lat' dir='ltr'>antehac</span> <span class='ocrx_word' id='word_1_171' title='bbox 2786 1449 2973 1521; x_wconf 84' lang='lat' dir='ltr'>gratia</span> <span class='ocrx_word' id='word_1_172' title='bbox 3003 1449 3104 1504; x_wconf 91' lang='lat' dir='ltr'>Dei</span> <span class='ocrx_word' id='word_1_173' title='bbox 3135 1447 3408 1504; x_wconf 88' lang='lat' dir='ltr'>collatum</span> <span class='ocrx_word' id='word_1_174' title='bbox 3439 1452 3533 1502; x_wconf 88' lang='lat' dir='ltr'>est</span> <span class='ocrx_word' id='word_1_175' title='bbox 3555 1464 3776 1502; x_wconf 81' lang='lat' dir='ltr'>secun-</span> 
     </span>
    </p>
   </div>
   <div class='ocr_carea' id='block_1_27' title="bbox 362 1530 3776 1611">
    <p class='ocr_par' dir='ltr' id='par_1_27' title="bbox 362 1530 3776 1611">
     <span class='ocr_line' id='line_1_27' title="bbox 362 1530 3776 1611; baseline 0.001 -27"><span class='ocrx_word' id='word_1_176' title='bbox 362 1530 520 1587; x_wconf 86' lang='lat' dir='ltr'>tihus</span> <span class='ocrx_word' id='word_1_177' title='bbox 548 1548 797 1604; x_wconf 87' lang='lat' dir='ltr'>semper,</span> <span class='ocrx_word' id='word_1_178' title='bbox 825 1536 905 1590; x_wconf 86' lang='lat' dir='ltr'>ita</span> <span class='ocrx_word' id='word_1_179' title='bbox 935 1536 1049 1591; x_wconf 90' lang='lat' dir='ltr'>Deo</span> <span class='ocrx_word' id='word_1_180' title='bbox 1081 1537 1476 1609; x_wconf 89' lang='lat' dir='ltr'>dispensante,</span> <span class='ocrx_word' id='word_1_181' title='bbox 1512 1539 1780 1610; x_wconf 91' lang='lat' dir='ltr'>repulsus</span> <span class='ocrx_word' id='word_1_182' title='bbox 1803 1543 1910 1606; x_wconf 89' lang='lat' dir='ltr'>est,</span> <span class='ocrx_word' id='word_1_183' title='bbox 1945 1545 2007 1594; x_wconf 90' lang='lat' dir='ltr'>ut</span> <span class='ocrx_word' id='word_1_184' title='bbox 2116 1541 2256 1594; x_wconf 89' lang='lat' dir='ltr'>dum</span> <span class='ocrx_word' id='word_1_185' title='bbox 2289 1539 2631 1611; x_wconf 84' lang='lat' dir='ltr'>prophetam</span> <span class='ocrx_word' id='word_1_186' title='bbox 2663 1537 2853 1594; x_wconf 87' lang='lat' dir='ltr'>oleum</span> <span class='ocrx_word' id='word_1_187' title='bbox 2886 1537 3082 1609; x_wconf 84' lang='lat' dir='ltr'>gaudii</span> <span class='ocrx_word' id='word_1_188' title='bbox 3129 1538 3218 1607; x_wconf 74' lang='lat'>“0,</span> <span class='ocrx_word' id='word_1_189' title='bbox 3278 1553 3379 1608; x_wconf 92' lang='lat' dir='ltr'>pro</span> <span class='ocrx_word' id='word_1_190' title='bbox 3427 1535 3592 1590; x_wconf 86' lang='lat' dir='ltr'>luctu</span> <span class='ocrx_word' id='word_1_191' title='bbox 3639 1537 3776 1606; x_wconf 81' lang='lat' dir='ltr'>(Isa.</span> 
     </span>
    </p>
   </div>
   <div class='ocr_carea' id='block_1_28' title="bbox 357 1618 3776 1700">
    <p class='ocr_par' dir='ltr' id='par_1_28' title="bbox 357 1618 3776 1700">
     <span class='ocr_line' id='line_1_28' title="bbox 357 1618 3776 1700; baseline 0.001 -27"><span class='ocrx_word' id='word_1_192' title='bbox 357 1618 466 1674; x_wconf 92' lang='lat' dir='ltr'>hoc</span> <span class='ocrx_word' id='word_1_193' title='bbox 495 1636 630 1676; x_wconf 90' lang='lat' dir='ltr'>eum</span> <span class='ocrx_word' id='word_1_194' title='bbox 665 1639 779 1677; x_wconf 90' lang='lat' dir='ltr'>non</span> <span class='ocrx_word' id='word_1_195' title='bbox 814 1623 1015 1680; x_wconf 87' lang='lat' dir='ltr'>leviter</span> <span class='ocrx_word' id='word_1_196' title='bbox 1038 1627 1360 1696; x_wconf 68' lang='lat' dir='ltr'>paeniteret,</span> <span class='ocrx_word' id='word_1_197' title='bbox 1389 1629 1542 1700; x_wconf 91' lang='lat' dir='ltr'>quod</span> <span class='ocrx_word' id='word_1_198' title='bbox 1567 1645 1845 1699; x_wconf 88' lang='lat' dir='ltr'>magnum</span> <span class='ocrx_word' id='word_1_199' title='bbox 1871 1627 2006 1682; x_wconf 88' lang='lat' dir='ltr'>faci-</span> <span class='ocrx_word' id='word_1_200' title='bbox 2118 1647 2228 1696; x_wconf 82' lang='lat' dir='ltr'>LXI,</span> <span class='ocrx_word' id='word_1_201' title='bbox 2261 1630 2314 1700; x_wconf 87' lang='lat'>3)</span> <span class='ocrx_word' id='word_1_202' title='bbox 2346 1634 2484 1684; x_wconf 89' lang='lat' dir='ltr'>tunc</span> <span class='ocrx_word' id='word_1_203' title='bbox 2515 1627 2709 1683; x_wconf 87' lang='lat' dir='ltr'>attulit</span> <span class='ocrx_word' id='word_1_204' title='bbox 2735 1627 2978 1698; x_wconf 89' lang='lat' dir='ltr'>pallium</span> <span class='ocrx_word' id='word_1_205' title='bbox 3009 1625 3200 1682; x_wconf 88' lang='lat' dir='ltr'>laudis</span> <span class='ocrx_word' id='word_1_206' title='bbox 3231 1641 3335 1697; x_wconf 88' lang='lat' dir='ltr'>pro</span> <span class='ocrx_word' id='word_1_207' title='bbox 3366 1626 3578 1697; x_wconf 87' lang='lat' dir='ltr'>spiritu</span> <span class='ocrx_word' id='word_1_208' title='bbox 3624 1641 3776 1679; x_wconf 70' lang='lat' dir='ltr'>ma:-</span> 
     </span>
    </p>
   </div>
   <div class='ocr_carea' id='block_1_29' title="bbox 358 1710 3777 1790">
    <p class='ocr_par' dir='ltr' id='par_1_29' title="bbox 358 1710 3777 1790">
     <span class='ocr_line' id='line_1_29' title="bbox 358 1710 3777 1790; baseline 0.002 -29"><span class='ocrx_word' id='word_1_209' title='bbox 358 1724 472 1762; x_wconf 88' lang='lat' dir='ltr'>nus</span> <span class='ocrx_word' id='word_1_210' title='bbox 502 1713 667 1764; x_wconf 89' lang='lat' dir='ltr'>tanta</span> <span class='ocrx_word' id='word_1_211' title='bbox 690 1710 922 1768; x_wconf 89' lang='lat' dir='ltr'>levitate</span> <span class='ocrx_word' id='word_1_212' title='bbox 953 1731 1264 1787; x_wconf 88' lang='lat' dir='ltr'>aggressus</span> <span class='ocrx_word' id='word_1_213' title='bbox 1295 1721 1402 1772; x_wconf 87' lang='lat' dir='ltr'>est.</span> <span class='ocrx_word' id='word_1_214' title='bbox 2117 1718 2286 1773; x_wconf 88' lang='lat' dir='ltr'>roris.</span> <span class='ocrx_word' id='word_1_215' title='bbox 2339 1718 2591 1790; x_wconf 86' lang='lat' dir='ltr'>Spiritus</span> <span class='ocrx_word' id='word_1_216' title='bbox 2649 1733 2903 1788; x_wconf 90' lang='lat' dir='ltr'>namque</span> <span class='ocrx_word' id='word_1_217' title='bbox 2951 1716 3052 1771; x_wconf 90' lang='lat' dir='ltr'>Dei</span> <span class='ocrx_word' id='word_1_218' title='bbox 3111 1715 3345 1770; x_wconf 91' lang='lat' dir='ltr'>cordato</span> <span class='ocrx_word' id='word_1_219' title='bbox 3403 1713 3657 1779; x_wconf 88' lang='lat' dir='ltr'>homini,</span> <span class='ocrx_word' id='word_1_220' title='bbox 3721 1718 3777 1769; x_wconf 87' lang='lat' dir='ltr'>et</span> 
     </span>
    </p>
   </div>
   <div class='ocr_carea' id='block_1_30' title="bbox 429 1797 3772 1905">
    <p class='ocr_par' dir='ltr' id='par_1_30' title="bbox 429 1797 3772 1905">
     <span class='ocr_line' id='line_1_30' title="bbox 429 1797 3772 1905; baseline 0.002 -55"><span class='ocrx_word' id='word_1_221' title='bbox 429 1797 520 1854; x_wconf 83' lang='lat'>25.</span> <span class='ocrx_word' id='word_1_222' title='bbox 553 1798 816 1898; x_wconf 84' lang='lat' dir='ltr'>Pepercit</span> <span class='ocrx_word' id='word_1_223' title='bbox 845 1807 1041 1858; x_wconf 91' lang='lat' dir='ltr'>autem</span> <span class='ocrx_word' id='word_1_224' title='bbox 1073 1804 1131 1858; x_wconf 92' lang='lat' dir='ltr'>in</span> <span class='ocrx_word' id='word_1_225' title='bbox 1165 1806 1439 1861; x_wconf 91' lang='lat' dir='ltr'>omnibus</span> <span class='ocrx_word' id='word_1_226' title='bbox 1499 1805 1786 1862; x_wconf 86' lang='lat' dir='ltr'>sacerdoti</span> <span class='ocrx_word' id='word_1_227' title='bbox 1817 1822 1923 1861; x_wconf 91' lang='lat' dir='ltr'>suo</span> <span class='ocrx_word' id='word_1_228' title='bbox 1953 1807 2012 1860; x_wconf 88' lang='lat' dir='ltr'>et</span> <span class='ocrx_word' id='word_1_229' title='bbox 2042 1841 2089 1905; x_wconf 82' lang='grc' dir='ltr'>Β</span> <span class='ocrx_word' id='word_1_230' title='bbox 2120 1808 2466 1862; x_wconf 88' lang='lat' dir='ltr'>sacramenti</span> <span class='ocrx_word' id='word_1_231' title='bbox 2515 1807 2582 1841; x_wconf 70' lang='grc' dir='ltr'>ὀίί</span> <span class='ocrx_word' id='word_1_232' title='bbox 2636 1806 2814 1876; x_wconf 87' lang='lat' dir='ltr'>hujus</span> <span class='ocrx_word' id='word_1_233' title='bbox 2854 1804 3175 1876; x_wconf 73' lang='lat' dir='ltr'>magniﬁcae</span> <span class='ocrx_word' id='word_1_234' title='bbox 3235 1802 3436 1858; x_wconf 90' lang='lat' dir='ltr'>virtuti</span> <span class='ocrx_word' id='word_1_235' title='bbox 3465 1803 3540 1837; x_wconf 63' lang='lat'>“3</span> <span class='ocrx_word' id='word_1_236' title='bbox 3577 1802 3772 1874; x_wconf 87' lang='lat' dir='ltr'>magis</span> 
     </span>
    </p>
   </div>
   <div class='ocr_carea' id='block_1_31' title="bbox 361 1884 3774 1967">
    <p class='ocr_par' dir='ltr' id='par_1_31' title="bbox 361 1884 3774 1967">
     <span class='ocr_line' id='line_1_31' title="bbox 361 1884 3774 1967; baseline 0.001 -28"><span class='ocrx_word' id='word_1_237' title='bbox 361 1884 455 1955; x_wconf 91' lang='lat' dir='ltr'>pio</span> <span class='ocrx_word' id='word_1_238' title='bbox 488 1887 769 1956; x_wconf 90' lang='lat' dir='ltr'>provisori</span> <span class='ocrx_word' id='word_1_239' title='bbox 802 1890 998 1961; x_wconf 83' lang='lat' dir='ltr'>papuli</span> <span class='ocrx_word' id='word_1_240' title='bbox 1059 1893 1147 1947; x_wconf 91' lang='lat' dir='ltr'>sui</span> <span class='ocrx_word' id='word_1_241' title='bbox 1211 1895 1542 1951; x_wconf 90' lang='lat' dir='ltr'>misericors</span> <span class='ocrx_word' id='word_1_242' title='bbox 1601 1901 1657 1951; x_wconf 90' lang='lat' dir='ltr'>et</span> <span class='ocrx_word' id='word_1_243' title='bbox 1705 1895 2014 1950; x_wconf 77' lang='lat' dir='ltr'>miseratur</span> <span class='ocrx_word' id='word_1_244' title='bbox 2042 1884 2089 1905; x_wconf 73' lang='lat'><em>”</em></span> <span class='ocrx_word' id='word_1_245' title='bbox 2121 1913 2297 1967; x_wconf 90' lang='lat' dir='ltr'>quam</span> <span class='ocrx_word' id='word_1_246' title='bbox 2331 1895 2422 1950; x_wconf 93' lang='lat' dir='ltr'>his</span> <span class='ocrx_word' id='word_1_247' title='bbox 2455 1912 2580 1967; x_wconf 80' lang='lat' dir='ltr'>quae</span> <span class='ocrx_word' id='word_1_248' title='bbox 2602 1894 2910 1950; x_wconf 86' lang='lat' dir='ltr'>visibiliter</span> <span class='ocrx_word' id='word_1_249' title='bbox 2931 1894 3283 1966; x_wconf 85' lang='lat' dir='ltr'>gerebantur</span> <span class='ocrx_word' id='word_1_250' title='bbox 3307 1890 3774 1958; x_wconf 65' lang='lat' dir='ltr'>intento,divini«</span> 
     </span>
    </p>
   </div>
   <div class='ocr_carea' id='block_1_32' title="bbox 359 1972 3773 2056">
    <p class='ocr_par' dir='ltr' id='par_1_32' title="bbox 359 1972 3773 2056">
     <span class='ocr_line' id='line_1_32' title="bbox 359 1972 3773 2056; baseline 0.002 -28"><span class='ocrx_word' id='word_1_251' title='bbox 359 1972 667 2047; x_wconf 88' lang='lat' dir='ltr'>Dominus,</span> <span class='ocrx_word' id='word_1_252' title='bbox 698 1981 755 2033; x_wconf 90' lang='lat' dir='ltr'>et</span> <span class='ocrx_word' id='word_1_253' title='bbox 783 1979 864 2034; x_wconf 87' lang='lat' dir='ltr'>ita</span> <span class='ocrx_word' id='word_1_254' title='bbox 892 1981 1090 2037; x_wconf 89' lang='lat' dir='ltr'>omnia</span> <span class='ocrx_word' id='word_1_255' title='bbox 1118 1983 1426 2052; x_wconf 88' lang='lat' dir='ltr'>ordinavit,</span> <span class='ocrx_word' id='word_1_256' title='bbox 1451 1989 1517 2039; x_wconf 92' lang='lat' dir='ltr'>ut</span> <span class='ocrx_word' id='word_1_257' title='bbox 1537 1986 1760 2056; x_wconf 89' lang='lat' dir='ltr'>absque</span> <span class='ocrx_word' id='word_1_258' title='bbox 1783 1982 1933 2039; x_wconf 87' lang='lat' dir='ltr'>bello</span> <span class='ocrx_word' id='word_1_259' title='bbox 1956 1987 2013 2037; x_wconf 91' lang='lat' dir='ltr'>et</span> <span class='ocrx_word' id='word_1_260' title='bbox 2119 1989 2215 2039; x_wconf 86' lang='lat' dir='ltr'>tus</span> <span class='ocrx_word' id='word_1_261' title='bbox 2247 1985 2570 2056; x_wconf 91' lang='lat' dir='ltr'>inspiravit,</span> <span class='ocrx_word' id='word_1_262' title='bbox 2605 1987 2670 2038; x_wconf 91' lang='lat' dir='ltr'>ut</span> <span class='ocrx_word' id='word_1_263' title='bbox 2715 1984 2962 2054; x_wconf 86' lang='lat' dir='ltr'>erigeret</span> <span class='ocrx_word' id='word_1_264' title='bbox 3009 1998 3108 2036; x_wconf 90' lang='lat' dir='ltr'>cor</span> <span class='ocrx_word' id='word_1_265' title='bbox 3141 1997 3314 2036; x_wconf 89' lang='lat' dir='ltr'>suum</span> <span class='ocrx_word' id='word_1_266' title='bbox 3363 1980 3424 2034; x_wconf 90' lang='lat' dir='ltr'>in</span> <span class='ocrx_word' id='word_1_267' title='bbox 3475 1997 3644 2051; x_wconf 90' lang='lat' dir='ltr'>spem</span> <span class='ocrx_word' id='word_1_268' title='bbox 3670 1996 3773 2052; x_wconf 88' lang='lat' dir='ltr'>per</span> 
     </span>
    </p>
   </div>
   <div class='ocr_carea' id='block_1_33' title="bbox 361 2063 3768 2145">
    <p class='ocr_par' dir='ltr' id='par_1_33' title="bbox 361 2063 3768 2145">
     <span class='ocr_line' id='line_1_33' title="bbox 361 2063 3768 2145; baseline 0.001 -28"><span class='ocrx_word' id='word_1_269' title='bbox 361 2063 622 2121; x_wconf 85' lang='lat' dir='ltr'>humana</span> <span class='ocrx_word' id='word_1_270' title='bbox 638 2068 892 2137; x_wconf 89' lang='lat' dir='ltr'>pernicie</span> <span class='ocrx_word' id='word_1_271' title='bbox 913 2071 1170 2126; x_wconf 88' lang='lat' dir='ltr'>maxima</span> <span class='ocrx_word' id='word_1_272' title='bbox 1190 2090 1339 2144; x_wconf 73' lang='lat' dir='ltr'>saepe</span> <span class='ocrx_word' id='word_1_273' title='bbox 1361 2074 1620 2144; x_wconf 86' lang='lat' dir='ltr'>pericula</span> <span class='ocrx_word' id='word_1_274' title='bbox 1645 2075 2012 2129; x_wconf 87' lang='lat' dir='ltr'>sedarentur.</span> <span class='ocrx_word' id='word_1_275' title='bbox 2121 2075 2189 2108; x_wconf 75' lang='lat'>“3</span> <span class='ocrx_word' id='word_1_276' title='bbox 2215 2074 2496 2145; x_wconf 91' lang='lat' dir='ltr'>gaudium</span> <span class='ocrx_word' id='word_1_277' title='bbox 2525 2071 2846 2144; x_wconf 89' lang='lat' dir='ltr'>spirituale,</span> <span class='ocrx_word' id='word_1_278' title='bbox 2883 2087 2954 2126; x_wconf 93' lang='lat' dir='ltr'>ne</span> <span class='ocrx_word' id='word_1_279' title='bbox 2989 2071 3326 2125; x_wconf 85' lang='lat' dir='ltr'>tristaretur</span> <span class='ocrx_word' id='word_1_280' title='bbox 3372 2070 3432 2123; x_wconf 91' lang='lat' dir='ltr'>in</span> <span class='ocrx_word' id='word_1_281' title='bbox 3493 2086 3562 2124; x_wconf 88' lang='lat' dir='ltr'>eo</span> <span class='ocrx_word' id='word_1_282' title='bbox 3597 2085 3768 2138; x_wconf 87' lang='lat' dir='ltr'>quem</span> 
     </span>
    </p>
   </div>
   <div class='ocr_carea' id='block_1_34' title="bbox 364 2152 3775 2232">
    <p class='ocr_par' dir='ltr' id='par_1_34' title="bbox 364 2152 3775 2232">
     <span class='ocr_line' id='line_1_34' title="bbox 364 2152 3775 2232; baseline 0.001 -26"><span class='ocrx_word' id='word_1_283' title='bbox 364 2152 520 2207; x_wconf 88' lang='lat' dir='ltr'>Inter</span> <span class='ocrx_word' id='word_1_284' title='bbox 548 2171 675 2224; x_wconf 86' lang='lat' dir='ltr'>quae</span> <span class='ocrx_word' id='word_1_285' title='bbox 709 2156 1043 2227; x_wconf 88' lang='lat' dir='ltr'>frequenter</span> <span class='ocrx_word' id='word_1_286' title='bbox 1071 2160 1195 2232; x_wconf 90' lang='lat' dir='ltr'>ipse</span> <span class='ocrx_word' id='word_1_287' title='bbox 1225 2161 1526 2217; x_wconf 87' lang='lat' dir='ltr'>interritus</span> <span class='ocrx_word' id='word_1_288' title='bbox 1565 2168 1666 2218; x_wconf 88' lang='lat' dir='ltr'>aut</span> <span class='ocrx_word' id='word_1_289' title='bbox 1697 2180 1892 2219; x_wconf 90' lang='lat' dir='ltr'>secum</span> <span class='ocrx_word' id='word_1_290' title='bbox 1928 2163 2010 2218; x_wconf 88' lang='lat' dir='ltr'>in-</span> <span class='ocrx_word' id='word_1_291' title='bbox 2119 2163 2304 2218; x_wconf 87' lang='lat' dir='ltr'>sensit</span> <span class='ocrx_word' id='word_1_292' title='bbox 2343 2162 2649 2217; x_wconf 89' lang='lat' dir='ltr'>imminere</span> <span class='ocrx_word' id='word_1_293' title='bbox 2700 2160 2981 2216; x_wconf 90' lang='lat' dir='ltr'>laborem.</span> <span class='ocrx_word' id='word_1_294' title='bbox 3040 2162 3145 2216; x_wconf 86' lang='lat' dir='ltr'>Cor</span> <span class='ocrx_word' id='word_1_295' title='bbox 3197 2159 3368 2226; x_wconf 78' lang='lat' dir='ltr'>enim,</span> <span class='ocrx_word' id='word_1_296' title='bbox 3421 2158 3567 2230; x_wconf 84' lang='lat' dir='ltr'>quod</span> <span class='ocrx_word' id='word_1_297' title='bbox 3624 2160 3775 2212; x_wconf 78' lang='lat' dir='ltr'>novit</span> 
     </span>
    </p>
   </div>
   <div class='ocr_carea' id='block_1_35' title="bbox 362 2243 3771 2324">
    <p class='ocr_par' dir='ltr' id='par_1_35' title="bbox 362 2243 3771 2324">
     <span class='ocr_line' id='line_1_35' title="bbox 362 2243 3771 2324; baseline 0.001 -29"><span class='ocrx_word' id='word_1_298' title='bbox 362 2244 558 2297; x_wconf 90' lang='lat' dir='ltr'>tentus</span> <span class='ocrx_word' id='word_1_299' title='bbox 579 2243 738 2314; x_wconf 87' lang='lat' dir='ltr'>legit,</span> <span class='ocrx_word' id='word_1_300' title='bbox 770 2251 872 2301; x_wconf 88' lang='lat' dir='ltr'>aut</span> <span class='ocrx_word' id='word_1_301' title='bbox 898 2247 969 2302; x_wconf 92' lang='lat' dir='ltr'>de</span> <span class='ocrx_word' id='word_1_302' title='bbox 993 2249 1264 2305; x_wconf 79' lang='lat' dir='ltr'>maximis</span> <span class='ocrx_word' id='word_1_303' title='bbox 1283 2252 1614 2323; x_wconf 87' lang='lat' dir='ltr'>quibusque</span> <span class='ocrx_word' id='word_1_304' title='bbox 1639 2251 2010 2324; x_wconf 89' lang='lat' dir='ltr'>rebus,quasi</span> <span class='ocrx_word' id='word_1_305' title='bbox 2117 2250 2545 2306; x_wconf 76' lang='lat' dir='ltr'>amaritudinem</span> <span class='ocrx_word' id='word_1_306' title='bbox 2575 2251 2786 2305; x_wconf 70' lang='lat' dir='ltr'>animae</span> <span class='ocrx_word' id='word_1_307' title='bbox 2809 2265 2939 2317; x_wconf 63' lang='lat' dir='ltr'>sua),</span> <span class='ocrx_word' id='word_1_308' title='bbox 2968 2250 3029 2303; x_wconf 80' lang='lat' dir='ltr'>in</span> <span class='ocrx_word' id='word_1_309' title='bbox 3046 2247 3252 2319; x_wconf 80' lang='lat' dir='ltr'>gaudio</span> <span class='ocrx_word' id='word_1_310' title='bbox 3283 2247 3398 2317; x_wconf 86' lang='lat' dir='ltr'>ejus</span> <span class='ocrx_word' id='word_1_311' title='bbox 3426 2263 3539 2301; x_wconf 84' lang='lat' dir='ltr'>non</span> <span class='ocrx_word' id='word_1_312' title='bbox 3570 2248 3771 2300; x_wconf 78' lang='lat' dir='ltr'>misce-</span> 
     </span>
    </p>
   </div>
   <div class='ocr_carea' id='block_1_36' title="bbox 364 2333 2007 2412">
    <p class='ocr_par' dir='ltr' id='par_1_36' title="bbox 364 2333 2007 2412">
     <span class='ocr_line' id='line_1_36' title="bbox 364 2333 2007 2412; baseline 0.007 -28"><span class='ocrx_word' id='word_1_313' title='bbox 364 2345 639 2386; x_wconf 88' lang='lat' dir='ltr'>curarum</span> <span class='ocrx_word' id='word_1_314' title='bbox 664 2333 1010 2391; x_wconf 89' lang='lat' dir='ltr'>instantium</span> <span class='ocrx_word' id='word_1_315' title='bbox 1030 2338 1284 2407; x_wconf 89' lang='lat' dir='ltr'>nescius,</span> <span class='ocrx_word' id='word_1_316' title='bbox 1309 2340 1648 2412; x_wconf 90' lang='lat' dir='ltr'>disputavit.</span> <span class='ocrx_word' id='word_1_317' title='bbox 1671 2345 1789 2395; x_wconf 90' lang='lat' dir='ltr'>Hoc</span> <span class='ocrx_word' id='word_1_318' title='bbox 1805 2341 2007 2396; x_wconf 90' lang='lat' dir='ltr'>Treve-</span> 
     </span>
    </p>
   </div>
   <div class='ocr_carea' id='block_1_37' title="bbox 365 2417 2004 2501">
    <p class='ocr_par' dir='ltr' id='par_1_37' title="bbox 365 2417 2004 2501">
     <span class='ocr_line' id='line_1_37' title="bbox 365 2417 2004 2501; baseline 0.007 -29"><span class='ocrx_word' id='word_1_319' title='bbox 365 2417 498 2484; x_wconf 91' lang='lat' dir='ltr'>rim,</span> <span class='ocrx_word' id='word_1_320' title='bbox 531 2419 640 2475; x_wconf 92' lang='lat' dir='ltr'>hoc</span> <span class='ocrx_word' id='word_1_321' title='bbox 671 2421 730 2475; x_wconf 89' lang='lat' dir='ltr'>in</span> <span class='ocrx_word' id='word_1_322' title='bbox 758 2422 999 2480; x_wconf 86' lang='lat' dir='ltr'>Alisatio</span> <span class='ocrx_word' id='word_1_323' title='bbox 1045 2427 1314 2497; x_wconf 86' lang='lat' dir='ltr'>gentibus</span> <span class='ocrx_word' id='word_1_324' title='bbox 1354 2433 1409 2483; x_wconf 91' lang='lat' dir='ltr'>et</span> <span class='ocrx_word' id='word_1_325' title='bbox 1456 2429 1688 2501; x_wconf 91' lang='lat' dir='ltr'>populis</span> <span class='ocrx_word' id='word_1_326' title='bbox 1731 2428 2004 2495; x_wconf 89' lang='lat' dir='ltr'>innotuit,</span> 
     </span>
    </p>
   </div>
   <div class='ocr_carea' id='block_1_38' title="bbox 365 2511 2006 2578">
    <p class='ocr_par' dir='ltr' id='par_1_38' title="bbox 365 2511 2006 2578">
     <span class='ocr_line' id='line_1_38' title="bbox 365 2511 2006 2578; baseline 0.006 -17"><span class='ocrx_word' id='word_1_327' title='bbox 365 2511 588 2578; x_wconf 88' lang='lat' dir='ltr'>quanta</span> <span class='ocrx_word' id='word_1_328' title='bbox 616 2512 944 2567; x_wconf 88' lang='lat' dir='ltr'>constantia</span> <span class='ocrx_word' id='word_1_329' title='bbox 989 2517 1046 2568; x_wconf 90' lang='lat' dir='ltr'>et</span> <span class='ocrx_word' id='word_1_330' title='bbox 1093 2517 1401 2572; x_wconf 88' lang='lat' dir='ltr'>securitate</span> <span class='ocrx_word' id='word_1_331' title='bbox 1449 2517 1629 2572; x_wconf 89' lang='lat' dir='ltr'>animi</span> <span class='ocrx_word' id='word_1_332' title='bbox 1687 2518 1777 2573; x_wconf 86' lang='lat' dir='ltr'>sui</span> <span class='ocrx_word' id='word_1_333' title='bbox 1807 2517 2006 2572; x_wconf 91' lang='lat' dir='ltr'>incon-</span> 
     </span>
    </p>
   </div>
   <div class='ocr_carea' id='block_1_39' title="bbox 364 2600 2009 2661">
    <p class='ocr_par' dir='ltr' id='par_1_39' title="bbox 364 2600 2009 2661">
     <span class='ocr_line' id='line_1_39' title="bbox 364 2600 2009 2661; baseline 0.008 -12"><span class='ocrx_word' id='word_1_334' title='bbox 364 2600 588 2652; x_wconf 88' lang='lat' dir='ltr'>stantes</span> <span class='ocrx_word' id='word_1_335' title='bbox 627 2602 684 2652; x_wconf 85' lang='lat' dir='ltr'>et</span> <span class='ocrx_word' id='word_1_336' title='bbox 711 2601 1050 2657; x_wconf 85' lang='lat' dir='ltr'>temerarios</span> <span class='ocrx_word' id='word_1_337' title='bbox 1081 2605 1548 2661; x_wconf 88' lang='lat' dir='ltr'>adversariorum</span> <span class='ocrx_word' id='word_1_338' title='bbox 1584 2611 1777 2661; x_wconf 87' lang='lat' dir='ltr'>motus</span> <span class='ocrx_word' id='word_1_339' title='bbox 1809 2607 2009 2661; x_wconf 85' lang='lat' dir='ltr'>redar-</span> 
     </span>
    </p>
   </div>
   <div class='ocr_carea' id='block_1_40' title="bbox 365 2683 2007 2765">
    <p class='ocr_par' dir='ltr' id='par_1_40' title="bbox 365 2683 2007 2765">
     <span class='ocr_line' id='line_1_40' title="bbox 365 2683 2007 2765; baseline 0.006 -27"><span class='ocrx_word' id='word_1_340' title='bbox 365 2683 512 2753; x_wconf 80' lang='lat' dir='ltr'>guit,</span> <span class='ocrx_word' id='word_1_341' title='bbox 536 2701 668 2740; x_wconf 91' lang='lat' dir='ltr'>cum</span> <span class='ocrx_word' id='word_1_342' title='bbox 691 2689 916 2758; x_wconf 90' lang='lat' dir='ltr'>eos,qui</span> <span class='ocrx_word' id='word_1_343' title='bbox 934 2691 991 2743; x_wconf 92' lang='lat' dir='ltr'>in</span> <span class='ocrx_word' id='word_1_344' title='bbox 1014 2691 1219 2747; x_wconf 88' lang='lat' dir='ltr'>alienis</span> <span class='ocrx_word' id='word_1_345' title='bbox 1240 2709 1302 2748; x_wconf 92' lang='lat' dir='ltr'>se</span> <span class='ocrx_word' id='word_1_346' title='bbox 1319 2695 2007 2765; x_wconf 85' lang='lat' dir='ltr'>fortissimosjactabant,</span> 
     </span>
    </p>
   </div>
   <div class='ocr_carea' id='block_1_41' title="bbox 367 2770 2012 2843">
    <p class='ocr_par' dir='ltr' id='par_1_41' title="bbox 367 2770 2012 2843">
     <span class='ocr_line' id='line_1_41' title="bbox 367 2770 2012 2843; baseline 0.008 -19"><span class='ocrx_word' id='word_1_347' title='bbox 367 2770 426 2825; x_wconf 91' lang='lat' dir='ltr'>in</span> <span class='ocrx_word' id='word_1_348' title='bbox 466 2773 716 2843; x_wconf 88' lang='lat' dir='ltr'>propriis</span> <span class='ocrx_word' id='word_1_349' title='bbox 766 2780 883 2830; x_wconf 88' lang='lat' dir='ltr'>tam</span> <span class='ocrx_word' id='word_1_350' title='bbox 932 2777 1252 2836; x_wconf 90' lang='lat' dir='ltr'>imbecilles</span> <span class='ocrx_word' id='word_1_351' title='bbox 1319 2797 1447 2837; x_wconf 88' lang='lat' dir='ltr'>esse</span> <span class='ocrx_word' id='word_1_352' title='bbox 1510 2784 1894 2839; x_wconf 89' lang='lat' dir='ltr'>monstrabat.</span> <span class='ocrx_word' id='word_1_353' title='bbox 1941 2784 2012 2838; x_wconf 90' lang='lat' dir='ltr'>Et</span> 
     </span>
    </p>
   </div>
   <div class='ocr_carea' id='block_1_42' title="bbox 369 2863 2012 2938">
    <p class='ocr_par' dir='ltr' id='par_1_42' title="bbox 369 2863 2012 2938">
     <span class='ocr_line' id='line_1_42' title="bbox 369 2863 2012 2938; baseline 0.009 -24"><span class='ocrx_word' id='word_1_354' title='bbox 369 2876 565 2916; x_wconf 87' lang='lat' dir='ltr'>revera</span> <span class='ocrx_word' id='word_1_355' title='bbox 597 2878 743 2933; x_wconf 88' lang='lat' dir='ltr'>quos</span> <span class='ocrx_word' id='word_1_356' title='bbox 770 2863 931 2920; x_wconf 91' lang='lat' dir='ltr'>nulla</span> <span class='ocrx_word' id='word_1_357' title='bbox 961 2882 1220 2938; x_wconf 90' lang='lat' dir='ltr'>unquam</span> <span class='ocrx_word' id='word_1_358' title='bbox 1239 2870 1422 2938; x_wconf 74' lang='lat' dir='ltr'>&#39;acies,</span> <span class='ocrx_word' id='word_1_359' title='bbox 1475 2870 1638 2927; x_wconf 88' lang='lat' dir='ltr'>nulla</span> <span class='ocrx_word' id='word_1_360' title='bbox 1694 2871 1915 2927; x_wconf 81' lang='lat' dir='ltr'>inﬂexit</span> <span class='ocrx_word' id='word_1_361' title='bbox 1944 2873 2012 2907; x_wconf 80' lang='grc'>⁴⁰⁶</span> 
     </span>
    </p>
   </div>
   <div class='ocr_carea' id='block_1_43' title="bbox 369 2949 2011 3029">
    <p class='ocr_par' dir='ltr' id='par_1_43' title="bbox 369 2949 2011 3029">
     <span class='ocr_line' id='line_1_43' title="bbox 369 2949 2011 3029; baseline 0.008 -26"><span class='ocrx_word' id='word_1_362' title='bbox 369 2949 674 3022; x_wconf 87' lang='lat' dir='ltr'>asperitas,</span> <span class='ocrx_word' id='word_1_363' title='bbox 706 2951 816 3006; x_wconf 91' lang='lat' dir='ltr'>hos</span> <span class='ocrx_word' id='word_1_364' title='bbox 846 2952 1023 3024; x_wconf 88' lang='lat' dir='ltr'>hujus</span> <span class='ocrx_word' id='word_1_365' title='bbox 1053 2955 1159 3010; x_wconf 90' lang='lat' dir='ltr'>viri</span> <span class='ocrx_word' id='word_1_366' title='bbox 1194 2958 1377 3029; x_wconf 89' lang='lat' dir='ltr'>pietas</span> <span class='ocrx_word' id='word_1_367' title='bbox 1411 2959 1674 3016; x_wconf 91' lang='lat' dir='ltr'>imbelles</span> <span class='ocrx_word' id='word_1_368' title='bbox 1695 2965 1753 3016; x_wconf 86' lang='lat' dir='ltr'>et</span> <span class='ocrx_word' id='word_1_369' title='bbox 1771 2961 2011 3016; x_wconf 88' lang='lat' dir='ltr'>timidos</span> 
     </span>
    </p>
   </div>
   <div class='ocr_carea' id='block_1_44' title="bbox 369 3037 2009 3117">
    <p class='ocr_par' dir='ltr' id='par_1_44' title="bbox 369 3037 2009 3117">
     <span class='ocr_line' id='line_1_44' title="bbox 369 3037 2009 3117; baseline 0.009 -26"><span class='ocrx_word' id='word_1_370' title='bbox 369 3037 634 3094; x_wconf 83' lang='lat' dir='ltr'>faciebat.</span> <span class='ocrx_word' id='word_1_371' title='bbox 686 3037 940 3096; x_wconf 88' lang='lat' dir='ltr'>Consilio</span> <span class='ocrx_word' id='word_1_372' title='bbox 990 3060 1244 3117; x_wconf 89' lang='lat' dir='ltr'>namque</span> <span class='ocrx_word' id='word_1_373' title='bbox 1291 3052 1347 3102; x_wconf 92' lang='lat' dir='ltr'>et</span> <span class='ocrx_word' id='word_1_374' title='bbox 1391 3049 1677 3104; x_wconf 87' lang='lat' dir='ltr'>bonorum</span> <span class='ocrx_word' id='word_1_375' title='bbox 1703 3049 2009 3104; x_wconf 89' lang='lat' dir='ltr'>hominum</span> 
     </span>
    </p>
   </div>
   <div class='ocr_carea' id='block_1_45' title="bbox 368 3125 2011 3209">
    <p class='ocr_par' dir='ltr' id='par_1_45' title="bbox 368 3125 2011 3209">
     <span class='ocr_line' id='line_1_45' title="bbox 368 3125 2011 3209; baseline 0.007 -29"><span class='ocrx_word' id='word_1_376' title='bbox 368 3125 768 3196; x_wconf 88' lang='lat' dir='ltr'>multitudine,</span> <span class='ocrx_word' id='word_1_377' title='bbox 803 3146 916 3184; x_wconf 90' lang='lat' dir='ltr'>non</span> <span class='ocrx_word' id='word_1_378' title='bbox 951 3132 1174 3189; x_wconf 77' lang='lat' dir='ltr'>saevitia</span> <span class='ocrx_word' id='word_1_379' title='bbox 1223 3135 1523 3192; x_wconf 89' lang='lat' dir='ltr'>timendus</span> <span class='ocrx_word' id='word_1_380' title='bbox 1580 3138 1727 3207; x_wconf 88' lang='lat' dir='ltr'>fuit;</span> <span class='ocrx_word' id='word_1_381' title='bbox 1759 3144 1817 3193; x_wconf 89' lang='lat' dir='ltr'>et</span> <span class='ocrx_word' id='word_1_382' title='bbox 1856 3137 2011 3209; x_wconf 90' lang='lat' dir='ltr'>quod</span> 
     </span>
    </p>
   </div>
   <div class='ocr_carea' id='block_1_46' title="bbox 2118 2333 3779 2408">
    <p class='ocr_par' dir='ltr' id='par_1_46' title="bbox 2118 2333 3779 2408">
     <span class='ocr_line' id='line_1_46' title="bbox 2118 2333 3779 2408; baseline -0.004 -13"><span class='ocrx_word' id='word_1_383' title='bbox 2118 2341 2266 2395; x_wconf 77' lang='lat' dir='ltr'>bitur</span> <span class='ocrx_word' id='word_1_384' title='bbox 2318 2343 2611 2395; x_wconf 72' lang='lat' dir='ltr'>extraneas</span> <span class='ocrx_word' id='word_1_385' title='bbox 2661 2339 2840 2408; x_wconf 82' lang='lat' dir='ltr'>(Prov.</span> <span class='ocrx_word' id='word_1_386' title='bbox 2904 2354 3018 2404; x_wconf 76' lang='lat' dir='ltr'>xxv,</span> <span class='ocrx_word' id='word_1_387' title='bbox 3094 2337 3203 2406; x_wconf 80' lang='grc'>40).</span> <span class='ocrx_word' id='word_1_388' title='bbox 3276 2334 3588 2406; x_wconf 80' lang='lat' dir='ltr'>Sapientiae</span> <span class='ocrx_word' id='word_1_389' title='bbox 3649 2333 3779 2389; x_wconf 60' lang='lat' dir='ltr'>hec</span> 
     </span>
    </p>
   </div>
   <div class='ocr_carea' id='block_1_47' title="bbox 2113 2429 2475 2484">
    <p class='ocr_par' dir='ltr' id='par_1_47' title="bbox 2113 2429 2475 2484">
     <span class='ocr_line' id='line_1_47' title="bbox 2113 2429 2475 2484; baseline -0.006 0"><span class='ocrx_word' id='word_1_390' title='bbox 2113 2429 2290 2484; x_wconf 86' lang='lat' dir='ltr'>verba</span> <span class='ocrx_word' id='word_1_391' title='bbox 2319 2431 2475 2483; x_wconf 88' lang='lat' dir='ltr'>sunt.</span> 
     </span>
    </p>
   </div>
   <div class='ocr_carea' id='block_1_48' title="bbox 2187 2511 3781 2588">
    <p class='ocr_par' dir='ltr' id='par_1_48' title="bbox 2187 2511 3781 2588">
     <span class='ocr_line' id='line_1_48' title="bbox 2187 2511 3781 2588; baseline -0.003 -17"><span class='ocrx_word' id='word_1_392' title='bbox 2187 2518 2275 2572; x_wconf 86' lang='grc'>27.</span> <span class='ocrx_word' id='word_1_393' title='bbox 2311 2517 2560 2588; x_wconf 87' lang='lat' dir='ltr'>Legatus</span> <span class='ocrx_word' id='word_1_394' title='bbox 2591 2531 2749 2586; x_wconf 89' lang='lat' dir='ltr'>ergo,</span> <span class='ocrx_word' id='word_1_395' title='bbox 2781 2517 2844 2570; x_wconf 86' lang='lat' dir='ltr'>ut</span> <span class='ocrx_word' id='word_1_396' title='bbox 2890 2513 3048 2585; x_wconf 89' lang='lat' dir='ltr'>loqui</span> <span class='ocrx_word' id='word_1_397' title='bbox 3103 2513 3409 2584; x_wconf 75' lang='lat' dir='ltr'>coepimus,</span> <span class='ocrx_word' id='word_1_398' title='bbox 3469 2511 3656 2565; x_wconf 85' lang='lat' dir='ltr'>Roma</span> <span class='ocrx_word' id='word_1_399' title='bbox 3690 2527 3781 2566; x_wconf 85' lang='lat' dir='ltr'>re-</span> 
     </span>
    </p>
   </div>
   <div class='ocr_carea' id='block_1_49' title="bbox 2118 2599 3783 2676">
    <p class='ocr_par' dir='ltr' id='par_1_49' title="bbox 2118 2599 3783 2676">
     <span class='ocr_line' id='line_1_49' title="bbox 2118 2599 3783 2676; baseline -0.005 -15"><span class='ocrx_word' id='word_1_400' title='bbox 2118 2606 2305 2676; x_wconf 91' lang='lat' dir='ltr'>diens,</span> <span class='ocrx_word' id='word_1_401' title='bbox 2333 2606 2553 2661; x_wconf 89' lang='lat' dir='ltr'>bonum</span> <span class='ocrx_word' id='word_1_402' title='bbox 2586 2603 2860 2659; x_wconf 91' lang='lat' dir='ltr'>nuntium</span> <span class='ocrx_word' id='word_1_403' title='bbox 2901 2601 3198 2658; x_wconf 88' lang='lat' dir='ltr'>Coloniam</span> <span class='ocrx_word' id='word_1_404' title='bbox 3231 2601 3376 2656; x_wconf 81' lang='lat' dir='ltr'>ferre</span> <span class='ocrx_word' id='word_1_405' title='bbox 3405 2599 3783 2666; x_wconf 86' lang='lat' dir='ltr'>acceleravit,</span> 
     </span>
    </p>
   </div>
   <div class='ocr_carea' id='block_1_50' title="bbox 2119 2688 3786 2768">
    <p class='ocr_par' dir='ltr' id='par_1_50' title="bbox 2119 2688 3786 2768">
     <span class='ocr_line' id='line_1_50' title="bbox 2119 2688 3786 2768; baseline -0.005 -17"><span class='ocrx_word' id='word_1_406' title='bbox 2119 2700 2359 2768; x_wconf 88' lang='lat' dir='ltr'>portans</span> <span class='ocrx_word' id='word_1_407' title='bbox 2383 2709 2616 2749; x_wconf 88' lang='lat' dir='ltr'>sacrum</span> <span class='ocrx_word' id='word_1_408' title='bbox 2639 2692 2905 2747; x_wconf 89' lang='lat' dir='ltr'>habitum</span> <span class='ocrx_word' id='word_1_409' title='bbox 2919 2691 2991 2746; x_wconf 88' lang='lat' dir='ltr'>ab</span> <span class='ocrx_word' id='word_1_410' title='bbox 3016 2689 3330 2745; x_wconf 87' lang='lat' dir='ltr'>universali</span> <span class='ocrx_word' id='word_1_411' title='bbox 3347 2688 3786 2760; x_wconf 83' lang='lat' dir='ltr'>pontificemis-</span> 
     </span>
    </p>
   </div>
   <div class='ocr_carea' id='block_1_51' title="bbox 2121 2778 3780 2854">
    <p class='ocr_par' dir='ltr' id='par_1_51' title="bbox 2121 2778 3780 2854">
     <span class='ocr_line' id='line_1_51' title="bbox 2121 2778 3780 2854; baseline -0.007 -14"><span class='ocrx_word' id='word_1_412' title='bbox 2121 2801 2274 2854; x_wconf 88' lang='lat' dir='ltr'>sum,</span> <span class='ocrx_word' id='word_1_413' title='bbox 2298 2783 2750 2854; x_wconf 74' lang='lat' dir='ltr'>praetendentem</span> <span class='ocrx_word' id='word_1_414' title='bbox 2779 2782 2986 2852; x_wconf 89' lang='lat' dir='ltr'>jugum</span> <span class='ocrx_word' id='word_1_415' title='bbox 3019 2778 3252 2834; x_wconf 89' lang='lat' dir='ltr'>Domini</span> <span class='ocrx_word' id='word_1_416' title='bbox 3303 2793 3476 2832; x_wconf 89' lang='lat' dir='ltr'>suave</span> <span class='ocrx_word' id='word_1_417' title='bbox 3532 2781 3596 2830; x_wconf 87' lang='lat' dir='ltr'>et</span> <span class='ocrx_word' id='word_1_418' title='bbox 3626 2792 3780 2831; x_wconf 87' lang='lat' dir='ltr'>onus</span> 
     </span>
    </p>
   </div>
   <div class='ocr_carea' id='block_1_52' title="bbox 2120 2863 3787 2943">
    <p class='ocr_par' dir='ltr' id='par_1_52' title="bbox 2120 2863 3787 2943">
     <span class='ocr_line' id='line_1_52' title="bbox 2120 2863 3787 2943; baseline -0.006 -14"><span class='ocrx_word' id='word_1_419' title='bbox 2120 2873 2249 2943; x_wconf 87' lang='lat' dir='ltr'>ejus</span> <span class='ocrx_word' id='word_1_420' title='bbox 2271 2871 2412 2938; x_wconf 88' lang='lat' dir='ltr'>leve,</span> <span class='ocrx_word' id='word_1_421' title='bbox 2437 2876 2494 2926; x_wconf 90' lang='lat' dir='ltr'>et</span> <span class='ocrx_word' id='word_1_422' title='bbox 2525 2871 2720 2942; x_wconf 87' lang='lat' dir='ltr'>ipsum</span> <span class='ocrx_word' id='word_1_423' title='bbox 2745 2869 2899 2941; x_wconf 91' lang='lat' dir='ltr'>quod</span> <span class='ocrx_word' id='word_1_424' title='bbox 2933 2869 3044 2924; x_wconf 90' lang='lat' dir='ltr'>sub</span> <span class='ocrx_word' id='word_1_425' title='bbox 3063 2883 3130 2923; x_wconf 89' lang='lat' dir='ltr'>eo</span> <span class='ocrx_word' id='word_1_426' title='bbox 3153 2865 3528 2938; x_wconf 89' lang='lat' dir='ltr'>dispensatur</span> <span class='ocrx_word' id='word_1_427' title='bbox 3546 2863 3787 2919; x_wconf 84' lang='lat' dir='ltr'>humile</span> 
     </span>
    </p>
   </div>
   <div class='ocr_carea' id='block_1_53' title="bbox 2122 2952 3784 3030">
    <p class='ocr_par' dir='ltr' id='par_1_53' title="bbox 2122 2952 3784 3030">
     <span class='ocr_line' id='line_1_53' title="bbox 2122 2952 3784 3030; baseline -0.005 -14"><span class='ocrx_word' id='word_1_428' title='bbox 2122 2959 2697 3030; x_wconf 88' lang='lat' dir='ltr'>ministerium,quod</span> <span class='ocrx_word' id='word_1_429' title='bbox 2724 2957 2893 3012; x_wconf 87' lang='lat' dir='ltr'>verba</span> <span class='ocrx_word' id='word_1_430' title='bbox 2914 2955 3147 3011; x_wconf 91' lang='lat' dir='ltr'>Domini</span> <span class='ocrx_word' id='word_1_431' title='bbox 3172 2958 3466 3010; x_wconf 85' lang='lat' dir='ltr'>testantur</span> <span class='ocrx_word' id='word_1_432' title='bbox 3490 2952 3784 3009; x_wconf 80' lang='lat' dir='ltr'>dicentis:</span> 
     </span>
    </p>
   </div>
   <div class='ocr_carea' id='block_1_54' title="bbox 2123 3043 3786 3120">
    <p class='ocr_par' dir='ltr' id='par_1_54' title="bbox 2123 3043 3786 3120">
     <span class='ocr_line' id='line_1_54' title="bbox 2123 3043 3786 3120; baseline -0.007 -15"><span class='ocrx_word' id='word_1_433' title='bbox 2123 3052 2226 3118; x_wconf 85' lang='lat' dir='ltr'>Qui</span> <span class='ocrx_word' id='word_1_434' title='bbox 2240 3049 2420 3120; x_wconf 82' lang='lat' dir='ltr'>major</span> <span class='ocrx_word' id='word_1_435' title='bbox 2445 3056 2526 3103; x_wconf 80' lang='lat' dir='ltr'>est</span> <span class='ocrx_word' id='word_1_436' title='bbox 2552 3051 2809 3112; x_wconf 82' lang='lat' dir='ltr'>vestrum,</span> <span class='ocrx_word' id='word_1_437' title='bbox 2828 3047 2934 3101; x_wconf 78' lang='lat' dir='ltr'>erit</span> <span class='ocrx_word' id='word_1_438' title='bbox 2975 3045 3228 3099; x_wconf 78' lang='lat' dir='ltr'>minister</span> <span class='ocrx_word' id='word_1_439' title='bbox 3268 3046 3444 3098; x_wconf 83' lang='lat' dir='ltr'>vester</span> <span class='ocrx_word' id='word_1_440' title='bbox 3485 3043 3685 3113; x_wconf 84' lang='lat' dir='ltr'>(Marc.</span> <span class='ocrx_word' id='word_1_441' title='bbox 3720 3058 3786 3108; x_wconf 74' lang='grc' dir='ltr'>ι,</span> 
     </span>
    </p>
   </div>
   <div class='ocr_carea' id='block_1_55' title="bbox 2125 3130 3788 3208">
    <p class='ocr_par' dir='ltr' id='par_1_55' title="bbox 2125 3130 3788 3208">
     <span class='ocr_line' id='line_1_55' title="bbox 2125 3130 3788 3208; baseline -0.006 -14"><span class='ocrx_word' id='word_1_442' title='bbox 2125 3141 2215 3207; x_wconf 85' lang='grc'>43)</span> <span class='ocrx_word' id='word_1_443' title='bbox 2235 3157 2248 3205; x_wconf 90' lang='lat'><strong>;</strong></span> <span class='ocrx_word' id='word_1_444' title='bbox 2275 3141 2464 3193; x_wconf 90' lang='lat' dir='ltr'>ferens</span> <span class='ocrx_word' id='word_1_445' title='bbox 2486 3135 2661 3191; x_wconf 91' lang='lat' dir='ltr'>simul</span> <span class='ocrx_word' id='word_1_446' title='bbox 2678 3135 2955 3208; x_wconf 90' lang='lat' dir='ltr'>reliquias</span> <span class='ocrx_word' id='word_1_447' title='bbox 2977 3135 3047 3189; x_wconf 90' lang='lat' dir='ltr'>de</span> <span class='ocrx_word' id='word_1_448' title='bbox 3065 3131 3297 3205; x_wconf 88' lang='lat' dir='ltr'>proprio</span> <span class='ocrx_word' id='word_1_449' title='bbox 3319 3147 3555 3204; x_wconf 88' lang='lat' dir='ltr'>corpore</span> <span class='ocrx_word' id='word_1_450' title='bbox 3586 3130 3788 3186; x_wconf 89' lang='lat' dir='ltr'>sancti</span> 
     </span>
    </p>
   </div>
   <div class='ocr_carea' id='block_1_56' title="bbox 367 3203 3792 3298">
    <p class='ocr_par' dir='ltr' id='par_1_56' title="bbox 367 3203 3792 3298">
     <span class='ocr_line' id='line_1_56' title="bbox 367 3203 3792 3298; baseline 0.001 -29"><span class='ocrx_word' id='word_1_451' title='bbox 367 3230 540 3270; x_wconf 92' lang='lat' dir='ltr'>nemo</span> <span class='ocrx_word' id='word_1_452' title='bbox 573 3216 825 3272; x_wconf 88' lang='lat' dir='ltr'>hostium</span> <span class='ocrx_word' id='word_1_453' title='bbox 855 3222 975 3274; x_wconf 88' lang='lat' dir='ltr'>tam</span> <span class='ocrx_word' id='word_1_454' title='bbox 1006 3222 1214 3278; x_wconf 87' lang='lat' dir='ltr'>acriter</span> <span class='ocrx_word' id='word_1_455' title='bbox 1243 3224 1520 3297; x_wconf 90' lang='lat' dir='ltr'>vigilabat</span> <span class='ocrx_word' id='word_1_456' title='bbox 1572 3228 1642 3282; x_wconf 91' lang='lat' dir='ltr'>ad</span> <span class='ocrx_word' id='word_1_457' title='bbox 1673 3203 2011 3298; x_wconf 79' lang='lat' dir='ltr'>perniciem,</span> <span class='ocrx_word' id='word_1_458' title='bbox 2046 3203 2088 3268; x_wconf 62' lang='grc' dir='ltr'>ί)</span> <span class='ocrx_word' id='word_1_459' title='bbox 2128 3203 2497 3284; x_wconf 83' lang='lat' dir='ltr'>Pantaleonis</span> <span class='ocrx_word' id='word_1_460' title='bbox 2529 3203 2888 3296; x_wconf 39' lang='lat' dir='ltr'>martyris&#39;et</span> <span class='ocrx_word' id='word_1_461' title='bbox 2917 3203 3287 3294; x_wconf 82' lang='lat' dir='ltr'>privilegium</span> <span class='ocrx_word' id='word_1_462' title='bbox 3319 3203 3652 3291; x_wconf 72' lang='lat' dir='ltr'>apostolicae</span> <span class='ocrx_word' id='word_1_463' title='bbox 3686 3235 3792 3274; x_wconf 88' lang='lat' dir='ltr'>su-</span> 
     </span>
    </p>
   </div>
   <div class='ocr_carea' id='block_1_57' title="bbox 368 3305 2014 3377">
    <p class='ocr_par' dir='ltr' id='par_1_57' title="bbox 368 3305 2014 3377">
     <span class='ocr_line' id='line_1_57' title="bbox 368 3305 2014 3377; baseline 0.01 -20"><span class='ocrx_word' id='word_1_464' title='bbox 368 3319 545 3374; x_wconf 88' lang='lat' dir='ltr'>quam</span> <span class='ocrx_word' id='word_1_465' title='bbox 577 3305 702 3377; x_wconf 89' lang='lat' dir='ltr'>ipse</span> <span class='ocrx_word' id='word_1_466' title='bbox 723 3309 794 3362; x_wconf 88' lang='lat' dir='ltr'>ad</span> <span class='ocrx_word' id='word_1_467' title='bbox 827 3309 1097 3368; x_wconf 89' lang='lat' dir='ltr'>salutem.</span> <span class='ocrx_word' id='word_1_468' title='bbox 1125 3313 1302 3369; x_wconf 90' lang='lat' dir='ltr'>Fama</span> <span class='ocrx_word' id='word_1_469' title='bbox 1319 3319 1513 3371; x_wconf 84' lang='lat' dir='ltr'>autem</span> <span class='ocrx_word' id='word_1_470' title='bbox 1539 3321 1596 3372; x_wconf 91' lang='lat' dir='ltr'>et</span> <span class='ocrx_word' id='word_1_471' title='bbox 1619 3316 2014 3374; x_wconf 88' lang='lat' dir='ltr'>multitudinis</span> 
     </span>
    </p>
   </div>
   <div class='ocr_carea' id='block_1_58' title="bbox 359 3392 2012 3476">
    <p class='ocr_par' dir='ltr' id='par_1_58' title="bbox 359 3392 2012 3476">
     <span class='ocr_line' id='line_1_58' title="bbox 359 3392 2012 3476; baseline 0.01 -30"><span class='ocrx_word' id='word_1_472' title='bbox 359 3392 588 3462; x_wconf 91' lang='lat' dir='ltr'>judicio</span> <span class='ocrx_word' id='word_1_473' title='bbox 620 3395 933 3454; x_wconf 91' lang='lat' dir='ltr'>minimum</span> <span class='ocrx_word' id='word_1_474' title='bbox 966 3406 1159 3456; x_wconf 81' lang='lat' dir='ltr'>motus</span> <span class='ocrx_word' id='word_1_475' title='bbox 1185 3408 1274 3458; x_wconf 90' lang='lat' dir='ltr'>est</span> <span class='ocrx_word' id='word_1_476' title='bbox 1307 3420 1452 3470; x_wconf 88' lang='lat' dir='ltr'>;suo</span> <span class='ocrx_word' id='word_1_477' title='bbox 1478 3405 1590 3460; x_wconf 91' lang='lat' dir='ltr'>sibi</span> <span class='ocrx_word' id='word_1_478' title='bbox 1615 3406 1840 3476; x_wconf 92' lang='lat' dir='ltr'>judicio</span> <span class='ocrx_word' id='word_1_479' title='bbox 1871 3424 2012 3463; x_wconf 89' lang='lat' dir='ltr'>usus</span> 
     </span>
    </p>
   </div>
   <div class='ocr_carea' id='block_1_59' title="bbox 369 3483 2014 3562">
    <p class='ocr_par' dir='ltr' id='par_1_59' title="bbox 369 3483 2014 3562">
     <span class='ocr_line' id='line_1_59' title="bbox 369 3483 2014 3562; baseline 0.01 -27"><span class='ocrx_word' id='word_1_480' title='bbox 369 3485 478 3551; x_wconf 90' lang='lat' dir='ltr'>est,</span> <span class='ocrx_word' id='word_1_481' title='bbox 513 3486 570 3537; x_wconf 85' lang='lat' dir='ltr'>et</span> <span class='ocrx_word' id='word_1_482' title='bbox 600 3483 655 3537; x_wconf 91' lang='lat' dir='ltr'>in</span> <span class='ocrx_word' id='word_1_483' title='bbox 690 3501 806 3556; x_wconf 94' lang='lat' dir='ltr'>quo</span> <span class='ocrx_word' id='word_1_484' title='bbox 837 3492 992 3543; x_wconf 89' lang='lat' dir='ltr'>recta</span> <span class='ocrx_word' id='word_1_485' title='bbox 1023 3490 1308 3560; x_wconf 88' lang='lat' dir='ltr'>probavit,</span> <span class='ocrx_word' id='word_1_486' title='bbox 1344 3509 1459 3548; x_wconf 90' lang='lat' dir='ltr'>non</span> <span class='ocrx_word' id='word_1_487' title='bbox 1493 3498 1555 3547; x_wconf 92' lang='lat' dir='ltr'>ut</span> <span class='ocrx_word' id='word_1_488' title='bbox 1585 3495 1718 3562; x_wconf 90' lang='lat' dir='ltr'>sibi,</span> <span class='ocrx_word' id='word_1_489' title='bbox 1751 3497 1851 3550; x_wconf 89' lang='lat' dir='ltr'>sed</span> <span class='ocrx_word' id='word_1_490' title='bbox 1907 3502 2014 3551; x_wconf 89' lang='lat' dir='ltr'>Deo</span> 
     </span>
    </p>
   </div>
   <div class='ocr_carea' id='block_1_60' title="bbox 369 3567 2017 3652">
    <p class='ocr_par' dir='ltr' id='par_1_60' title="bbox 369 3567 2017 3652">
     <span class='ocr_line' id='line_1_60' title="bbox 369 3567 2017 3652; baseline 0.01 -30"><span class='ocrx_word' id='word_1_491' title='bbox 369 3567 640 3640; x_wconf 88' lang='lat' dir='ltr'>placeret,</span> <span class='ocrx_word' id='word_1_492' title='bbox 694 3574 928 3644; x_wconf 84' lang='lat' dir='ltr'>optavit.</span> <span class='ocrx_word' id='word_1_493' title='bbox 979 3576 1179 3648; x_wconf 90' lang='lat' dir='ltr'>Itaque</span> <span class='ocrx_word' id='word_1_494' title='bbox 1223 3610 1291 3619; x_wconf 91' lang='lat'>——</span> <span class='ocrx_word' id='word_1_495' title='bbox 1355 3585 1419 3635; x_wconf 92' lang='lat' dir='ltr'>ut</span> <span class='ocrx_word' id='word_1_496' title='bbox 1466 3582 1668 3652; x_wconf 90' lang='lat' dir='ltr'>paucis</span> <span class='ocrx_word' id='word_1_497' title='bbox 1718 3584 1782 3625; x_wconf 74' lang='grc' dir='ltr'>ι⁰⁷</span> <span class='ocrx_word' id='word_1_498' title='bbox 1829 3583 2017 3638; x_wconf 89' lang='lat' dir='ltr'>multa</span> 
     </span>
    </p>
   </div>
   <div class='ocr_carea' id='block_1_61' title="bbox 371 3660 2015 3736">
    <p class='ocr_par' dir='ltr' id='par_1_61' title="bbox 371 3660 2015 3736">
     <span class='ocr_line' id='line_1_61' title="bbox 371 3660 2015 3736; baseline 0.009 -25"><span class='ocrx_word' id='word_1_499' title='bbox 371 3660 884 3730; x_wconf 88' lang='lat' dir='ltr'>comprehendam,</span> <span class='ocrx_word' id='word_1_500' title='bbox 934 3664 1102 3734; x_wconf 91' lang='lat' dir='ltr'>plura</span> <span class='ocrx_word' id='word_1_501' title='bbox 1145 3668 1504 3722; x_wconf 88' lang='lat' dir='ltr'>omittam—</span> <span class='ocrx_word' id='word_1_502' title='bbox 1559 3669 1718 3725; x_wconf 90' lang='lat' dir='ltr'>intus</span> <span class='ocrx_word' id='word_1_503' title='bbox 1768 3676 1823 3726; x_wconf 91' lang='lat' dir='ltr'>et</span> <span class='ocrx_word' id='word_1_504' title='bbox 1854 3671 2015 3736; x_wconf 83' lang='lat' dir='ltr'>foris,</span> 
     </span>
    </p>
   </div>
   <div class='ocr_carea' id='block_1_62' title="bbox 373 3745 2016 3830">
    <p class='ocr_par' dir='ltr' id='par_1_62' title="bbox 373 3745 2016 3830">
     <span class='ocr_line' id='line_1_62' title="bbox 373 3745 2016 3830; baseline 0.009 -31"><span class='ocrx_word' id='word_1_505' title='bbox 373 3745 532 3800; x_wconf 92' lang='lat' dir='ltr'>domi</span> <span class='ocrx_word' id='word_1_506' title='bbox 564 3747 898 3821; x_wconf 69' lang='lat' dir='ltr'>militiaeque</span> <span class='ocrx_word' id='word_1_507' title='bbox 922 3751 1247 3810; x_wconf 90' lang='lat' dir='ltr'>indefessus</span> <span class='ocrx_word' id='word_1_508' title='bbox 1266 3757 1492 3812; x_wconf 91' lang='lat' dir='ltr'>Domini</span> <span class='ocrx_word' id='word_1_509' title='bbox 1517 3758 2016 3830; x_wconf 64' lang='lat' dir='ltr'>praellator,animi</span> 
     </span>
    </p>
   </div>
   <div class='ocr_carea' id='block_1_63' title="bbox 374 3832 2017 3920">
    <p class='ocr_par' dir='ltr' id='par_1_63' title="bbox 374 3832 2017 3920">
     <span class='ocr_line' id='line_1_63' title="bbox 374 3832 2017 3920; baseline 0.01 -33"><span class='ocrx_word' id='word_1_510' title='bbox 374 3832 508 3905; x_wconf 91' lang='lat' dir='ltr'>plus</span> <span class='ocrx_word' id='word_1_511' title='bbox 539 3851 715 3906; x_wconf 88' lang='lat' dir='ltr'>quam</span> <span class='ocrx_word' id='word_1_512' title='bbox 745 3841 1006 3911; x_wconf 91' lang='lat' dir='ltr'>corporis</span> <span class='ocrx_word' id='word_1_513' title='bbox 1033 3843 1254 3900; x_wconf 90' lang='lat' dir='ltr'>viribus</span> <span class='ocrx_word' id='word_1_514' title='bbox 1283 3847 1487 3902; x_wconf 87' lang='lat' dir='ltr'>tandiu</span> <span class='ocrx_word' id='word_1_515' title='bbox 1519 3853 1720 3904; x_wconf 89' lang='lat' dir='ltr'>contra</span> <span class='ocrx_word' id='word_1_516' title='bbox 1745 3849 2017 3920; x_wconf 85' lang='lat' dir='ltr'>pestilen-</span> 
     </span>
    </p>
   </div>
   <div class='ocr_carea' id='block_1_64' title="bbox 375 3923 2017 4009">
    <p class='ocr_par' dir='ltr' id='par_1_64' title="bbox 375 3923 2017 4009">
     <span class='ocr_line' id='line_1_64' title="bbox 375 3923 2017 4009; baseline 0.011 -33"><span class='ocrx_word' id='word_1_517' title='bbox 375 3926 462 3978; x_wconf 90' lang='lat' dir='ltr'>tes</span> <span class='ocrx_word' id='word_1_518' title='bbox 485 3929 541 3978; x_wconf 89' lang='lat' dir='ltr'>et</span> <span class='ocrx_word' id='word_1_519' title='bbox 561 3923 854 3996; x_wconf 87' lang='lat' dir='ltr'>inquietos</span> <span class='ocrx_word' id='word_1_520' title='bbox 877 3934 1224 4004; x_wconf 89' lang='lat' dir='ltr'>tantumque</span> <span class='ocrx_word' id='word_1_521' title='bbox 1243 3934 1372 3991; x_wconf 62' lang='lat' dir='ltr'>vitae</span> <span class='ocrx_word' id='word_1_522' title='bbox 1402 3937 1579 3992; x_wconf 89' lang='lat' dir='ltr'>etiam</span> <span class='ocrx_word' id='word_1_523' title='bbox 1611 3955 1728 3993; x_wconf 68' lang='lat' dir='ltr'>suae</span> <span class='ocrx_word' id='word_1_524' title='bbox 1760 3937 2017 4009; x_wconf 91' lang='lat' dir='ltr'>plerum-</span> 
     </span>
    </p>
   </div>
   <div class='ocr_carea' id='block_1_65' title="bbox 375 4015 2019 4099">
    <p class='ocr_par' dir='ltr' id='par_1_65' title="bbox 375 4015 2019 4099">
     <span class='ocr_line' id='line_1_65' title="bbox 375 4015 2019 4099; baseline 0.01 -33"><span class='ocrx_word' id='word_1_525' title='bbox 375 4027 488 4083; x_wconf 90' lang='lat' dir='ltr'>que</span> <span class='ocrx_word' id='word_1_526' title='bbox 517 4015 774 4085; x_wconf 90' lang='lat' dir='ltr'>periculo</span> <span class='ocrx_word' id='word_1_527' title='bbox 821 4019 1150 4088; x_wconf 87' lang='lat' dir='ltr'>decertavit,</span> <span class='ocrx_word' id='word_1_528' title='bbox 1199 4028 1264 4077; x_wconf 91' lang='lat' dir='ltr'>ut</span> <span class='ocrx_word' id='word_1_529' title='bbox 1315 4026 1568 4081; x_wconf 90' lang='lat' dir='ltr'>nominis</span> <span class='ocrx_word' id='word_1_530' title='bbox 1629 4043 1862 4099; x_wconf 90' lang='lat' dir='ltr'>quoque</span> <span class='ocrx_word' id='word_1_531' title='bbox 1891 4027 2019 4097; x_wconf 89' lang='lat' dir='ltr'>ejus</span> 
     </span>
    </p>
   </div>
   <div class='ocr_carea' id='block_1_66' title="bbox 377 4100 2018 4187">
    <p class='ocr_par' dir='ltr' id='par_1_66' title="bbox 377 4100 2018 4187">
     <span class='ocr_line' id='line_1_66' title="bbox 377 4100 2018 4187; baseline 0.01 -32"><span class='ocrx_word' id='word_1_532' title='bbox 377 4100 552 4170; x_wconf 88' lang='lat' dir='ltr'>fama,</span> <span class='ocrx_word' id='word_1_533' title='bbox 603 4119 912 4177; x_wconf 85' lang='lat' dir='ltr'>quousque</span> <span class='ocrx_word' id='word_1_534' title='bbox 962 4112 1243 4183; x_wconf 90' lang='lat' dir='ltr'>pervenit,</span> <span class='ocrx_word' id='word_1_535' title='bbox 1305 4113 1458 4169; x_wconf 87' lang='lat' dir='ltr'>bella</span> <span class='ocrx_word' id='word_1_536' title='bbox 1517 4116 1763 4183; x_wconf 90' lang='lat' dir='ltr'>sedaret,</span> <span class='ocrx_word' id='word_1_537' title='bbox 1817 4132 2018 4187; x_wconf 89' lang='lat' dir='ltr'>pacem</span> 
     </span>
    </p>
   </div>
   <div class='ocr_carea' id='block_1_67' title="bbox 374 4190 2019 4259">
    <p class='ocr_par' dir='ltr' id='par_1_67' title="bbox 374 4190 2019 4259">
     <span class='ocr_line' id='line_1_67' title="bbox 374 4190 2019 4259; baseline 0.01 -16"><span class='ocrx_word' id='word_1_538' title='bbox 374 4190 672 4258; x_wconf 87' lang='lat' dir='ltr'>formaret,</span> <span class='ocrx_word' id='word_1_539' title='bbox 694 4195 956 4251; x_wconf 88' lang='lat' dir='ltr'>studium</span> <span class='ocrx_word' id='word_1_540' title='bbox 978 4197 1036 4251; x_wconf 91' lang='lat' dir='ltr'>in</span> <span class='ocrx_word' id='word_1_541' title='bbox 1061 4200 1335 4256; x_wconf 87' lang='lat' dir='ltr'>omnibus</span> <span class='ocrx_word' id='word_1_542' title='bbox 1367 4202 1536 4259; x_wconf 90' lang='lat' dir='ltr'>bonis</span> <span class='ocrx_word' id='word_1_543' title='bbox 1568 4205 1790 4259; x_wconf 89' lang='lat' dir='ltr'>artibus</span> <span class='ocrx_word' id='word_1_544' title='bbox 1824 4204 2019 4259; x_wconf 83' lang='lat' dir='ltr'>ﬁrma-</span> 
     </span>
    </p>
   </div>
   <div class='ocr_carea' id='block_1_68' title="bbox 377 4282 2019 4424">
    <p class='ocr_par' dir='ltr' id='par_1_68' title="bbox 377 4282 2019 4424">
     <span class='ocr_line' id='line_1_68' title="bbox 377 4282 2019 4421; baseline 0.009 -89"><span class='ocrx_word' id='word_1_545' title='bbox 377 4282 482 4348; x_wconf 89' lang='lat' dir='ltr'>ret,</span> <span class='ocrx_word' id='word_1_546' title='bbox 509 4285 720 4421; x_wconf 54' lang='lat' dir='ltr'>:anctae</span> <span class='ocrx_word' id='word_1_547' title='bbox 751 4283 1050 4356; x_wconf 87' lang='lat' dir='ltr'>religionis</span> <span class='ocrx_word' id='word_1_548' title='bbox 1079 4293 1136 4343; x_wconf 91' lang='lat' dir='ltr'>et</span> <span class='ocrx_word' id='word_1_549' title='bbox 1164 4289 1474 4345; x_wconf 80' lang='lat' dir='ltr'>salutiferae</span> <span class='ocrx_word' id='word_1_550' title='bbox 1529 4291 1742 4364; x_wconf 84' lang='lat' dir='ltr'>quietis</span> <span class='ocrx_word' id='word_1_551' title='bbox 1773 4292 2019 4364; x_wconf 88' lang='lat' dir='ltr'>gratiam</span> 
     </span>
     <span class='ocr_line' id='line_1_69' title="bbox 377 4367 705 4424; baseline 0.003 -2"><span class='ocrx_word' id='word_1_552' title='bbox 377 4383 510 4424; x_wconf 86' lang='lat' dir='ltr'>amo</span> <span class='ocrx_word' id='word_1_553' title='bbox 541 4367 705 4424; x_wconf 89' lang='lat' dir='ltr'>iaret.</span> 
     </span>
    </p>
   </div>
   <div class='ocr_carea' id='block_1_69' title="bbox 376 4383 705 4438">
    <p class='ocr_par' dir='ltr' id='par_1_69' title="bbox 376 4383 705 4438">
     <span class='ocr_line' id='line_1_70' title="bbox 376 4383 705 4438; baseline 0.006 -16"><span class='ocrx_word' id='word_1_554' title='bbox 376 4383 467 4422; x_wconf 87' lang='lat' dir='ltr'>am</span> <span class='ocrx_word' id='word_1_555' title='bbox 477 4383 705 4438; x_wconf 79' lang='lat' dir='ltr'>puaret.</span> 
     </span>
    </p>
   </div>
   <div class='ocr_carea' id='block_1_70' title="bbox 446 4457 2021 4540">
    <p class='ocr_par' dir='ltr' id='par_1_70' title="bbox 446 4457 2021 4540">
     <span class='ocr_line' id='line_1_71' title="bbox 446 4457 2021 4540; baseline 0 -16"><span class='ocrx_word' id='word_1_556' title='bbox 446 4457 535 4512; x_wconf 77' lang='grc'>26·</span> <span class='ocrx_word' id='word_1_557' title='bbox 564 4459 850 4522; x_wconf 85' lang='lat' dir='ltr'>Quoniam</span> <span class='ocrx_word' id='word_1_558' title='bbox 883 4463 1060 4535; x_wconf 90' lang='lat' dir='ltr'>igitur</span> <span class='ocrx_word' id='word_1_559' title='bbox 1079 4464 1320 4522; x_wconf 92' lang='lat' dir='ltr'>humilis</span> <span class='ocrx_word' id='word_1_560' title='bbox 1342 4468 1451 4524; x_wconf 89' lang='lat' dir='ltr'>iste</span> <span class='ocrx_word' id='word_1_561' title='bbox 1481 4468 1900 4540; x_wconf 90' lang='lat' dir='ltr'>philochristus</span> <span class='ocrx_word' id='word_1_562' title='bbox 1955 4470 2021 4505; x_wconf 77' lang='grc'>⁴⁰⁸</span> 
     </span>
    </p>
   </div>
   <div class='ocr_carea' id='block_1_71' title="bbox 2124 3306 3790 3381">
    <p class='ocr_par' dir='ltr' id='par_1_71' title="bbox 2124 3306 3790 3381">
     <span class='ocr_line' id='line_1_72' title="bbox 2124 3306 3790 3381; baseline -0.006 -9"><span class='ocrx_word' id='word_1_563' title='bbox 2124 3316 2432 3372; x_wconf 89' lang='lat' dir='ltr'>blimitatis</span> <span class='ocrx_word' id='word_1_564' title='bbox 2463 3314 2803 3369; x_wconf 90' lang='lat' dir='ltr'>auctoritate</span> <span class='ocrx_word' id='word_1_565' title='bbox 2819 3311 3100 3370; x_wconf 91' lang='lat' dir='ltr'>traditum</span> <span class='ocrx_word' id='word_1_566' title='bbox 3123 3329 3136 3378; x_wconf 91' lang='lat'><strong>;</strong></span> <span class='ocrx_word' id='word_1_567' title='bbox 3162 3327 3274 3381; x_wconf 88' lang='lat' dir='ltr'>quo</span> <span class='ocrx_word' id='word_1_568' title='bbox 3297 3314 3353 3364; x_wconf 91' lang='lat' dir='ltr'>et</span> <span class='ocrx_word' id='word_1_569' title='bbox 3372 3309 3576 3364; x_wconf 89' lang='lat' dir='ltr'>eodem</span> <span class='ocrx_word' id='word_1_570' title='bbox 3600 3306 3790 3380; x_wconf 84' lang='lat' dir='ltr'>pallio</span> 
     </span>
    </p>
   </div>
   <div class='ocr_carea' id='block_1_72' title="bbox 2125 3397 3796 3478">
    <p class='ocr_par' dir='ltr' id='par_1_72' title="bbox 2125 3397 3796 3478">
     <span class='ocr_line' id='line_1_73' title="bbox 2125 3397 3796 3478; baseline -0.007 -17"><span class='ocrx_word' id='word_1_571' title='bbox 2125 3411 2332 3478; x_wconf 87' lang='lat' dir='ltr'>praeter</span> <span class='ocrx_word' id='word_1_572' title='bbox 2364 3402 2850 3460; x_wconf 89' lang='lat' dir='ltr'>consuetudinem</span> <span class='ocrx_word' id='word_1_573' title='bbox 2881 3401 3154 3457; x_wconf 88' lang='lat' dir='ltr'>sacerdos</span> <span class='ocrx_word' id='word_1_574' title='bbox 3188 3397 3412 3453; x_wconf 90' lang='lat' dir='ltr'>Domini</span> <span class='ocrx_word' id='word_1_575' title='bbox 3443 3397 3679 3468; x_wconf 89' lang='lat' dir='ltr'>quoties</span> <span class='ocrx_word' id='word_1_576' title='bbox 3715 3398 3796 3432; x_wconf 67' lang='grc' dir='ltr'>ιίδ</span> 
     </span>
    </p>
   </div>
   <div class='ocr_carea' id='block_1_73' title="bbox 2123 3485 3788 3564">
    <p class='ocr_par' dir='ltr' id='par_1_73' title="bbox 2123 3485 3788 3564">
     <span class='ocr_line' id='line_1_74' title="bbox 2123 3485 3788 3564; baseline -0.007 -14"><span class='ocrx_word' id='word_1_577' title='bbox 2123 3495 2294 3550; x_wconf 87' lang='lat' dir='ltr'>vellet</span> <span class='ocrx_word' id='word_1_578' title='bbox 2321 3491 2487 3548; x_wconf 90' lang='lat' dir='ltr'>indui</span> <span class='ocrx_word' id='word_1_579' title='bbox 2519 3491 2866 3564; x_wconf 90' lang='lat' dir='ltr'>permissus,</span> <span class='ocrx_word' id='word_1_580' title='bbox 2897 3493 2963 3544; x_wconf 87' lang='lat' dir='ltr'>ut</span> <span class='ocrx_word' id='word_1_581' title='bbox 2993 3487 3285 3544; x_wconf 88' lang='lat' dir='ltr'>concessis</span> <span class='ocrx_word' id='word_1_582' title='bbox 3342 3485 3622 3542; x_wconf 86' lang='lat' dir='ltr'>omnibus</span> <span class='ocrx_word' id='word_1_583' title='bbox 3656 3501 3788 3557; x_wconf 75' lang='lat' dir='ltr'>qua:</span> 
     </span>
    </p>
   </div>
   <div class='ocr_carea' id='block_1_74' title="bbox 2127 3575 3786 3656">
    <p class='ocr_par' dir='ltr' id='par_1_74' title="bbox 2127 3575 3786 3656">
     <span class='ocr_line' id='line_1_75' title="bbox 2127 3575 3786 3656; baseline -0.007 -17"><span class='ocrx_word' id='word_1_584' title='bbox 2127 3585 2490 3656; x_wconf 89' lang='lat' dir='ltr'>petebantur,</span> <span class='ocrx_word' id='word_1_585' title='bbox 2515 3597 2634 3653; x_wconf 65' lang='lat' dir='ltr'>pra</span> <span class='ocrx_word' id='word_1_586' title='bbox 2654 3580 2724 3622; x_wconf 70' lang='lat'>‘1‘</span> <span class='ocrx_word' id='word_1_587' title='bbox 2755 3577 3164 3651; x_wconf 89' lang='lat' dir='ltr'>magnitudine</span> <span class='ocrx_word' id='word_1_588' title='bbox 3191 3575 3423 3632; x_wconf 88' lang='lat' dir='ltr'>virtutis</span> <span class='ocrx_word' id='word_1_589' title='bbox 3455 3579 3516 3630; x_wconf 88' lang='lat' dir='ltr'>et</span> <span class='ocrx_word' id='word_1_590' title='bbox 3544 3575 3786 3645; x_wconf 84' lang='lat' dir='ltr'>sapien-</span> 
     </span>
    </p>
   </div>
   <div class='ocr_carea' id='block_1_75' title="bbox 2124 3665 3786 3742">
    <p class='ocr_par' dir='ltr' id='par_1_75' title="bbox 2124 3665 3786 3742">
     <span class='ocr_line' id='line_1_76' title="bbox 2124 3665 3786 3742; baseline -0.007 -14"><span class='ocrx_word' id='word_1_591' title='bbox 2124 3674 2217 3728; x_wconf 85' lang='lat' dir='ltr'>tiae</span> <span class='ocrx_word' id='word_1_592' title='bbox 2247 3672 2306 3726; x_wconf 89' lang='lat' dir='ltr'>in</span> <span class='ocrx_word' id='word_1_593' title='bbox 2339 3670 2750 3742; x_wconf 90' lang='lat' dir='ltr'>participatum</span> <span class='ocrx_word' id='word_1_594' title='bbox 2780 3670 2910 3738; x_wconf 90' lang='lat' dir='ltr'>ejus</span> <span class='ocrx_word' id='word_1_595' title='bbox 2941 3667 3131 3737; x_wconf 90' lang='lat' dir='ltr'>operis</span> <span class='ocrx_word' id='word_1_596' title='bbox 3164 3669 3222 3720; x_wconf 90' lang='lat' dir='ltr'>et</span> <span class='ocrx_word' id='word_1_597' title='bbox 3250 3680 3426 3736; x_wconf 90' lang='lat' dir='ltr'>prope</span> <span class='ocrx_word' id='word_1_598' title='bbox 3456 3665 3515 3718; x_wconf 90' lang='lat' dir='ltr'>in</span> <span class='ocrx_word' id='word_1_599' title='bbox 3538 3679 3786 3718; x_wconf 85' lang='lat' dir='ltr'>conses-</span> 
     </span>
    </p>
   </div>
   <div class='ocr_carea' id='block_1_76' title="bbox 2127 3752 3787 3831">
    <p class='ocr_par' dir='ltr' id='par_1_76' title="bbox 2127 3752 3787 3831">
     <span class='ocr_line' id='line_1_77' title="bbox 2127 3752 3787 3831; baseline -0.005 -15"><span class='ocrx_word' id='word_1_600' title='bbox 2127 3778 2258 3817; x_wconf 89' lang='lat' dir='ltr'>sum</span> <span class='ocrx_word' id='word_1_601' title='bbox 2277 3764 2449 3815; x_wconf 83' lang='lat' dir='ltr'>tantae</span> <span class='ocrx_word' id='word_1_602' title='bbox 2471 3757 2775 3831; x_wconf 87' lang='lat' dir='ltr'>dignitatis</span> <span class='ocrx_word' id='word_1_603' title='bbox 2797 3755 3095 3812; x_wconf 89' lang='lat' dir='ltr'>admissus</span> <span class='ocrx_word' id='word_1_604' title='bbox 3115 3758 3224 3810; x_wconf 90' lang='lat' dir='ltr'>est.</span> <span class='ocrx_word' id='word_1_605' title='bbox 3251 3752 3585 3824; x_wconf 87' lang='lat' dir='ltr'>Pr0peravit</span> <span class='ocrx_word' id='word_1_606' title='bbox 3602 3752 3667 3806; x_wconf 87' lang='lat' dir='ltr'>in</span> <span class='ocrx_word' id='word_1_607' title='bbox 3686 3768 3787 3807; x_wconf 81' lang='lat' dir='ltr'>oc-</span> 
     </span>
    </p>
   </div>
   <div class='ocr_carea' id='block_1_77' title="bbox 2126 3840 3785 3919">
    <p class='ocr_par' dir='ltr' id='par_1_77' title="bbox 2126 3840 3785 3919">
     <span class='ocr_line' id='line_1_78' title="bbox 2126 3840 3785 3919; baseline -0.005 -14"><span class='ocrx_word' id='word_1_608' title='bbox 2126 3865 2366 3906; x_wconf 88' lang='lat' dir='ltr'>cursum</span> <span class='ocrx_word' id='word_1_609' title='bbox 2390 3849 2518 3919; x_wconf 89' lang='lat' dir='ltr'>ejus</span> <span class='ocrx_word' id='word_1_610' title='bbox 2532 3846 2663 3902; x_wconf 61' lang='lat' dir='ltr'>laeta</span> <span class='ocrx_word' id='word_1_611' title='bbox 2675 3841 3444 3916; x_wconf 88' lang='lat' dir='ltr'>civitas,undiquejuhilans</span> <span class='ocrx_word' id='word_1_612' title='bbox 3458 3840 3785 3896; x_wconf 87' lang='lat' dir='ltr'>multitudo</span> 
     </span>
    </p>
   </div>
   <div class='ocr_carea' id='block_1_78' title="bbox 2129 3930 3786 4004">
    <p class='ocr_par' dir='ltr' id='par_1_78' title="bbox 2129 3930 3786 4004">
     <span class='ocr_line' id='line_1_79' title="bbox 2129 3930 3786 4004; baseline -0.007 -9"><span class='ocrx_word' id='word_1_613' title='bbox 2129 3939 2380 3996; x_wconf 87' lang='lat' dir='ltr'>accurrit</span> <span class='ocrx_word' id='word_1_614' title='bbox 2406 3954 2418 4004; x_wconf 95' lang='lat'>;</span> <span class='ocrx_word' id='word_1_615' title='bbox 2454 3939 2850 3992; x_wconf 90' lang='lat' dir='ltr'>convenerunt</span> <span class='ocrx_word' id='word_1_616' title='bbox 2879 3934 2939 3988; x_wconf 93' lang='lat' dir='ltr'>in</span> <span class='ocrx_word' id='word_1_617' title='bbox 2963 3932 3244 3989; x_wconf 92' lang='lat' dir='ltr'>suburbio</span> <span class='ocrx_word' id='word_1_618' title='bbox 3266 3947 3446 4003; x_wconf 88' lang='lat' dir='ltr'>prope</span> <span class='ocrx_word' id='word_1_619' title='bbox 3467 3930 3786 4001; x_wconf 87' lang='lat' dir='ltr'>antiquum</span> 
     </span>
    </p>
   </div>
   <div class='ocr_carea' id='block_1_79' title="bbox 2129 4017 3786 4094">
    <p class='ocr_par' dir='ltr' id='par_1_79' title="bbox 2129 4017 3786 4094">
     <span class='ocr_line' id='line_1_80' title="bbox 2129 4017 3786 4094; baseline -0.007 -11"><span class='ocrx_word' id='word_1_620' title='bbox 2129 4028 2345 4094; x_wconf 90' lang='lat' dir='ltr'>locum,</span> <span class='ocrx_word' id='word_1_621' title='bbox 2379 4026 2477 4081; x_wconf 89' lang='lat' dir='ltr'>ubi</span> <span class='ocrx_word' id='word_1_622' title='bbox 2505 4023 2748 4080; x_wconf 89' lang='lat' dir='ltr'>ecclesia</span> <span class='ocrx_word' id='word_1_623' title='bbox 2769 4022 3033 4094; x_wconf 89' lang='lat' dir='ltr'>ejusdem</span> <span class='ocrx_word' id='word_1_624' title='bbox 3065 4018 3305 4093; x_wconf 88' lang='lat' dir='ltr'>pretiosi</span> <span class='ocrx_word' id='word_1_625' title='bbox 3337 4017 3611 4090; x_wconf 80' lang='lat' dir='ltr'>martyris</span> <span class='ocrx_word' id='word_1_626' title='bbox 3635 4023 3786 4086; x_wconf 89' lang='lat' dir='ltr'>erat,</span> 
     </span>
    </p>
   </div>
   <div class='ocr_carea' id='block_1_80' title="bbox 2128 4108 3790 4183">
    <p class='ocr_par' dir='ltr' id='par_1_80' title="bbox 2128 4108 3790 4183">
     <span class='ocr_line' id='line_1_81' title="bbox 2128 4108 3790 4183; baseline -0.007 -11"><span class='ocrx_word' id='word_1_627' title='bbox 2128 4116 2354 4172; x_wconf 89' lang='lat' dir='ltr'>inculta</span> <span class='ocrx_word' id='word_1_628' title='bbox 2382 4114 2572 4170; x_wconf 90' lang='lat' dir='ltr'>adhuc</span> <span class='ocrx_word' id='word_1_629' title='bbox 2599 4118 2658 4168; x_wconf 91' lang='lat' dir='ltr'>et</span> <span class='ocrx_word' id='word_1_630' title='bbox 2687 4111 2870 4167; x_wconf 85' lang='lat' dir='ltr'>ruinae</span> <span class='ocrx_word' id='word_1_631' title='bbox 2911 4111 3196 4183; x_wconf 71' lang='lat' dir='ltr'>proxjma.</span> <span class='ocrx_word' id='word_1_632' title='bbox 3231 4108 3315 4163; x_wconf 88' lang='lat' dir='ltr'>lbi</span> <span class='ocrx_word' id='word_1_633' title='bbox 3349 4108 3613 4179; x_wconf 87' lang='lat' dir='ltr'>deposita</span> <span class='ocrx_word' id='word_1_634' title='bbox 3645 4113 3790 4163; x_wconf 85' lang='lat' dir='ltr'>sunt</span> 
     </span>
    </p>
   </div>
   <div class='ocr_carea' id='block_1_81' title="bbox 2130 4197 3634 4280">
    <p class='ocr_par' dir='ltr' id='par_1_81' title="bbox 2130 4197 3634 4280">
     <span class='ocr_line' id='line_1_82' title="bbox 2130 4197 3634 4280; baseline -0.008 -18"><span class='ocrx_word' id='word_1_635' title='bbox 2130 4210 2300 4280; x_wconf 90' lang='lat' dir='ltr'>grata</span> <span class='ocrx_word' id='word_1_636' title='bbox 2327 4220 2523 4270; x_wconf 89' lang='lat' dir='ltr'>onera,</span> <span class='ocrx_word' id='word_1_637' title='bbox 2557 4202 2767 4257; x_wconf 90' lang='lat' dir='ltr'>deinde</span> <span class='ocrx_word' id='word_1_638' title='bbox 2794 4217 2900 4256; x_wconf 92' lang='lat' dir='ltr'>suo</span> <span class='ocrx_word' id='word_1_639' title='bbox 2931 4214 3175 4272; x_wconf 82' lang='lat' dir='ltr'>quaeque</span> <span class='ocrx_word' id='word_1_640' title='bbox 3205 4197 3330 4253; x_wconf 93' lang='lat' dir='ltr'>loco</span> <span class='ocrx_word' id='word_1_641' title='bbox 3357 4197 3634 4269; x_wconf 87' lang='lat' dir='ltr'>reposita.</span> 
     </span>
    </p>
   </div>
   <div class='ocr_carea' id='block_1_82' title="bbox 2199 4285 3784 4360">
    <p class='ocr_par' dir='ltr' id='par_1_82' title="bbox 2199 4285 3784 4360">
     <span class='ocr_line' id='line_1_83' title="bbox 2199 4285 3784 4360; baseline -0.007 -11"><span class='ocrx_word' id='word_1_642' title='bbox 2199 4296 2270 4349; x_wconf 87' lang='grc'>28</span> <span class='ocrx_word' id='word_1_643' title='bbox 2310 4294 2400 4348; x_wconf 70' lang='grc' dir='ltr'><strong>⁴ι⁶.</strong></span> <span class='ocrx_word' id='word_1_644' title='bbox 2418 4293 2613 4347; x_wconf 89' lang='lat' dir='ltr'>Monet</span> <span class='ocrx_word' id='word_1_645' title='bbox 2626 4306 2718 4345; x_wconf 91' lang='lat' dir='ltr'>me</span> <span class='ocrx_word' id='word_1_646' title='bbox 2733 4289 2826 4344; x_wconf 91' lang='lat' dir='ltr'>hic</span> <span class='ocrx_word' id='word_1_647' title='bbox 2839 4286 3276 4360; x_wconf 88' lang='lat' dir='ltr'>aliquantulum</span> <span class='ocrx_word' id='word_1_648' title='bbox 3291 4285 3593 4341; x_wconf 84' lang='lat' dir='ltr'>immorari</span> <span class='ocrx_word' id='word_1_649' title='bbox 3619 4285 3784 4340; x_wconf 82' lang='lat' dir='ltr'>festi-</span> 
     </span>
    </p>
   </div>
   <div class='ocr_carea' id='block_1_83' title="bbox 2128 4372 3790 4451">
    <p class='ocr_par' dir='ltr' id='par_1_83' title="bbox 2128 4372 3790 4451">
     <span class='ocr_line' id='line_1_84' title="bbox 2128 4372 3790 4451; baseline -0.005 -14"><span class='ocrx_word' id='word_1_650' title='bbox 2128 4399 2238 4437; x_wconf 91' lang='lat' dir='ltr'>vus</span> <span class='ocrx_word' id='word_1_651' title='bbox 2259 4381 2374 4451; x_wconf 89' lang='lat' dir='ltr'>ille,</span> <span class='ocrx_word' id='word_1_652' title='bbox 2398 4385 2455 4434; x_wconf 90' lang='lat' dir='ltr'>et</span> <span class='ocrx_word' id='word_1_653' title='bbox 2475 4380 2574 4451; x_wconf 91' lang='lat' dir='ltr'>qui</span> <span class='ocrx_word' id='word_1_654' title='bbox 2598 4382 2799 4450; x_wconf 88' lang='lat' dir='ltr'>postea</span> <span class='ocrx_word' id='word_1_655' title='bbox 2820 4378 2878 4432; x_wconf 91' lang='lat' dir='ltr'>in</span> <span class='ocrx_word' id='word_1_656' title='bbox 2900 4378 2970 4412; x_wconf 65' lang='lat'>“1</span> <span class='ocrx_word' id='word_1_657' title='bbox 3002 4376 3184 4441; x_wconf 89' lang='lat' dir='ltr'>brevi,</span> <span class='ocrx_word' id='word_1_658' title='bbox 3209 4374 3354 4446; x_wconf 91' lang='lat' dir='ltr'>proh</span> <span class='ocrx_word' id='word_1_659' title='bbox 3377 4373 3545 4429; x_wconf 87' lang='lat' dir='ltr'>dolor</span> <span class='ocrx_word' id='word_1_660' title='bbox 3562 4373 3574 4427; x_wconf 86' lang='lat' dir='ltr'>l</span> <span class='ocrx_word' id='word_1_661' title='bbox 3592 4372 3790 4428; x_wconf 82' lang='lat' dir='ltr'>factus</span> 
     </span>
    </p>
   </div>
   <div class='ocr_carea' id='block_1_84' title="bbox 2132 4460 3789 4537">
    <p class='ocr_par' dir='ltr' id='par_1_84' title="bbox 2132 4460 3789 4537">
     <span class='ocr_line' id='line_1_85' title="bbox 2132 4460 3789 4537; baseline -0.007 -11"><span class='ocrx_word' id='word_1_662' title='bbox 2132 4475 2220 4526; x_wconf 88' lang='lat' dir='ltr'>est</span> <span class='ocrx_word' id='word_1_663' title='bbox 2242 4471 2572 4535; x_wconf 84' lang='lat' dir='ltr'>funerosus,</span> <span class='ocrx_word' id='word_1_664' title='bbox 2596 4467 2860 4537; x_wconf 90' lang='lat' dir='ltr'>ejusdem</span> <span class='ocrx_word' id='word_1_665' title='bbox 2881 4464 2991 4520; x_wconf 90' lang='lat' dir='ltr'>loci</span> <span class='ocrx_word' id='word_1_666' title='bbox 3005 4480 3301 4520; x_wconf 90' lang='lat' dir='ltr'>occursus.</span> <span class='ocrx_word' id='word_1_667' title='bbox 3328 4462 3413 4518; x_wconf 93' lang='lat' dir='ltr'>Ibi</span> <span class='ocrx_word' id='word_1_668' title='bbox 3428 4460 3789 4517; x_wconf 83' lang='lat' dir='ltr'>venerabilis</span> 
     </span>
    </p>
   </div>
   <div class='ocr_carea' id='block_1_85' title="bbox 378 4547 3790 4632">
    <p class='ocr_par' dir='ltr' id='par_1_85' title="bbox 378 4547 3790 4632">
     <span class='ocr_line' id='line_1_86' title="bbox 378 4547 3790 4632; baseline 0.002 -34"><span class='ocrx_word' id='word_1_669' title='bbox 378 4549 433 4599; x_wconf 91' lang='lat' dir='ltr'>et</span> <span class='ocrx_word' id='word_1_670' title='bbox 463 4547 772 4605; x_wconf 90' lang='lat' dir='ltr'>meliorum</span> <span class='ocrx_word' id='word_1_671' title='bbox 800 4552 1011 4608; x_wconf 85' lang='lat' dir='ltr'>ardens</span> <span class='ocrx_word' id='word_1_672' title='bbox 1033 4555 1336 4612; x_wconf 80' lang='lat' dir='ltr'>aemulator</span> <span class='ocrx_word' id='word_1_673' title='bbox 1356 4557 1801 4623; x_wconf 78' lang='lat' dir='ltr'>charismatum,</span> <span class='ocrx_word' id='word_1_674' title='bbox 1826 4575 2025 4615; x_wconf 88' lang='lat' dir='ltr'>servus</span> <span class='ocrx_word' id='word_1_675' title='bbox 2053 4565 2102 4632; x_wconf 85' lang='lat'>1)</span> <span class='ocrx_word' id='word_1_676' title='bbox 2133 4561 2244 4617; x_wconf 89' lang='lat' dir='ltr'>iste</span> <span class='ocrx_word' id='word_1_677' title='bbox 2265 4557 2514 4624; x_wconf 85' lang='lat' dir='ltr'>amictus</span> <span class='ocrx_word' id='word_1_678' title='bbox 2537 4557 2606 4592; x_wconf 68' lang='lat'>“3</span> <span class='ocrx_word' id='word_1_679' title='bbox 2638 4553 3276 4627; x_wconf 89' lang='lat' dir='ltr'>primo,ibipostremo,</span> <span class='ocrx_word' id='word_1_680' title='bbox 3313 4550 3492 4607; x_wconf 89' lang='lat' dir='ltr'>semel</span> <span class='ocrx_word' id='word_1_681' title='bbox 3508 4551 3664 4618; x_wconf 64' lang='lat' dir='ltr'>laeto,</span> <span class='ocrx_word' id='word_1_682' title='bbox 3697 4567 3790 4606; x_wconf 85' lang='lat' dir='ltr'>se-</span> 
     </span>
    </p>
   </div>
   <div class='ocr_carea' id='block_1_86' title="bbox 378 4635 2024 4718">
    <p class='ocr_par' dir='ltr' id='par_1_86' title="bbox 378 4635 2024 4718">
     <span class='ocr_line' id='line_1_87' title="bbox 378 4635 2024 4718; baseline 0.012 -33"><span class='ocrx_word' id='word_1_683' title='bbox 378 4635 608 4690; x_wconf 90' lang='lat' dir='ltr'>Domini</span> <span class='ocrx_word' id='word_1_684' title='bbox 640 4637 855 4709; x_wconf 92' lang='lat' dir='ltr'>Bruno,</span> <span class='ocrx_word' id='word_1_685' title='bbox 906 4645 1227 4700; x_wconf 88' lang='lat' dir='ltr'>secundum</span> <span class='ocrx_word' id='word_1_686' title='bbox 1281 4646 1628 4718; x_wconf 84' lang='lat' dir='ltr'>dignitatem</span> <span class='ocrx_word' id='word_1_687' title='bbox 1688 4647 1844 4702; x_wconf 91' lang='lat' dir='ltr'>sedis</span> <span class='ocrx_word' id='word_1_688' title='bbox 1885 4665 2024 4718; x_wconf 81' lang='lat' dir='ltr'>suae,</span> 
     </span>
    </p>
   </div>
   <div class='ocr_carea' id='block_1_87' title="bbox 379 4719 2029 4806">
    <p class='ocr_par' dir='ltr' id='par_1_87' title="bbox 379 4719 2029 4806">
     <span class='ocr_line' id='line_1_88' title="bbox 379 4719 2029 4806; baseline 0.01 -32"><span class='ocrx_word' id='word_1_689' title='bbox 379 4719 652 4780; x_wconf 74' lang='lat' dir='ltr'>Romanae</span> <span class='ocrx_word' id='word_1_690' title='bbox 681 4743 912 4801; x_wconf 90' lang='lat' dir='ltr'>quoque</span> <span class='ocrx_word' id='word_1_691' title='bbox 941 4732 1098 4787; x_wconf 86' lang='lat' dir='ltr'>sedis</span> <span class='ocrx_word' id='word_1_692' title='bbox 1127 4738 1184 4788; x_wconf 91' lang='lat' dir='ltr'>et</span> <span class='ocrx_word' id='word_1_693' title='bbox 1238 4734 1566 4806; x_wconf 66' lang='lat' dir='ltr'>apostolicis</span> <span class='ocrx_word' id='word_1_694' title='bbox 1608 4735 2029 4792; x_wconf 90' lang='lat' dir='ltr'>benedictionis</span> 
     </span>
    </p>
   </div>
   <div class='ocr_carea' id='block_1_88' title="bbox 377 4809 2029 4898">
    <p class='ocr_par' dir='ltr' id='par_1_88' title="bbox 377 4809 2029 4898">
     <span class='ocr_line' id='line_1_89' title="bbox 377 4809 2029 4898; baseline 0.013 -35"><span class='ocrx_word' id='word_1_695' title='bbox 377 4809 678 4883; x_wconf 89' lang='lat' dir='ltr'>privilegio</span> <span class='ocrx_word' id='word_1_696' title='bbox 725 4816 927 4874; x_wconf 89' lang='lat' dir='ltr'>debuit</span> <span class='ocrx_word' id='word_1_697' title='bbox 957 4820 1248 4896; x_wconf 88' lang='lat' dir='ltr'>insigniri,</span> <span class='ocrx_word' id='word_1_698' title='bbox 1280 4827 1337 4880; x_wconf 85' lang='lat' dir='ltr'>et</span> <span class='ocrx_word' id='word_1_699' title='bbox 1365 4841 1498 4880; x_wconf 90' lang='lat' dir='ltr'>cum</span> <span class='ocrx_word' id='word_1_700' title='bbox 1528 4824 1612 4882; x_wconf 89' lang='lat' dir='ltr'>eis</span> <span class='ocrx_word' id='word_1_701' title='bbox 1659 4827 1896 4898; x_wconf 89' lang='lat' dir='ltr'>pariter,</span> <span class='ocrx_word' id='word_1_702' title='bbox 1928 4828 2029 4898; x_wconf 87' lang='lat' dir='ltr'>qui</span> 
     </span>
    </p>
   </div>
   <div class='ocr_carea' id='block_1_89' title="bbox 2137 4639 3796 4718">
    <p class='ocr_par' dir='ltr' id='par_1_89' title="bbox 2137 4639 3796 4718">
     <span class='ocr_line' id='line_1_90' title="bbox 2137 4639 3796 4718; baseline -0.007 -13"><span class='ocrx_word' id='word_1_703' title='bbox 2137 4647 2252 4705; x_wconf 89' lang='lat' dir='ltr'>mel</span> <span class='ocrx_word' id='word_1_704' title='bbox 2285 4645 2520 4718; x_wconf 88' lang='lat' dir='ltr'>lugubri</span> <span class='ocrx_word' id='word_1_705' title='bbox 2542 4644 2799 4700; x_wconf 90' lang='lat' dir='ltr'>carmine</span> <span class='ocrx_word' id='word_1_706' title='bbox 2819 4646 3128 4715; x_wconf 89' lang='lat' dir='ltr'>susceptus</span> <span class='ocrx_word' id='word_1_707' title='bbox 3148 4645 3256 4698; x_wconf 89' lang='lat' dir='ltr'>est.</span> <span class='ocrx_word' id='word_1_708' title='bbox 3280 4641 3502 4711; x_wconf 85' lang='lat' dir='ltr'>Corpus</span> <span class='ocrx_word' id='word_1_709' title='bbox 3523 4639 3686 4694; x_wconf 86' lang='lat' dir='ltr'>enim</span> <span class='ocrx_word' id='word_1_710' title='bbox 3706 4654 3796 4694; x_wconf 85' lang='lat' dir='ltr'>re-</span> 
     </span>
    </p>
   </div>
   <div class='ocr_carea' id='block_1_90' title="bbox 2136 4727 3788 4810">
    <p class='ocr_par' dir='ltr' id='par_1_90' title="bbox 2136 4727 3788 4810">
     <span class='ocr_line' id='line_1_91' title="bbox 2136 4727 3788 4810; baseline -0.007 -16"><span class='ocrx_word' id='word_1_711' title='bbox 2136 4736 2330 4810; x_wconf 86' lang='lat' dir='ltr'>ligiosi</span> <span class='ocrx_word' id='word_1_712' title='bbox 2359 4739 2417 4790; x_wconf 90' lang='lat' dir='ltr'>et</span> <span class='ocrx_word' id='word_1_713' title='bbox 2450 4739 2573 4806; x_wconf 36' lang='lat' dir='ltr'>Deo.</span> <span class='ocrx_word' id='word_1_714' title='bbox 2593 4733 2754 4804; x_wconf 87' lang='lat' dir='ltr'>digni</span> <span class='ocrx_word' id='word_1_715' title='bbox 2787 4732 3104 4788; x_wconf 89' lang='lat' dir='ltr'>sacerdotis</span> <span class='ocrx_word' id='word_1_716' title='bbox 3128 4730 3347 4786; x_wconf 91' lang='lat' dir='ltr'>ibidem</span> <span class='ocrx_word' id='word_1_717' title='bbox 3381 4727 3788 4801; x_wconf 87' lang='lat' dir='ltr'>sepeliendum</span> 
     </span>
    </p>
   </div>
   <div class='ocr_carea' id='block_1_91' title="bbox 2140 4815 3795 4894">
    <p class='ocr_par' dir='ltr' id='par_1_91' title="bbox 2140 4815 3795 4894">
     <span class='ocr_line' id='line_1_92' title="bbox 2140 4815 3795 4894; baseline -0.007 -12"><span class='ocrx_word' id='word_1_718' title='bbox 2140 4826 2315 4882; x_wconf 82' lang='lat' dir='ltr'>ofﬁcii</span> <span class='ocrx_word' id='word_1_719' title='bbox 2345 4823 2439 4880; x_wconf 89' lang='lat' dir='ltr'>sui</span> <span class='ocrx_word' id='word_1_720' title='bbox 2467 4821 2725 4894; x_wconf 87' lang='lat' dir='ltr'>insignia</span> <span class='ocrx_word' id='word_1_721' title='bbox 2753 4837 2871 4878; x_wconf 90' lang='lat' dir='ltr'>non</span> <span class='ocrx_word' id='word_1_722' title='bbox 2901 4819 3118 4886; x_wconf 86' lang='lat' dir='ltr'>amisit,</span> <span class='ocrx_word' id='word_1_723' title='bbox 3141 4834 3268 4890; x_wconf 66' lang='lat' dir='ltr'>qua</span> <span class='ocrx_word' id='word_1_724' title='bbox 3287 4822 3488 4874; x_wconf 90' lang='lat' dir='ltr'>tamen</span> <span class='ocrx_word' id='word_1_725' title='bbox 3512 4815 3795 4889; x_wconf 83' lang='lat' dir='ltr'>spiritua-</span> 
     </span>
    </p>
   </div>
   <div class='ocr_carea' id='block_1_92' title="bbox 1724 5019 2431 5080">
    <p class='ocr_par' dir='ltr' id='par_1_92' title="bbox 1724 5019 2431 5080">
     <span class='ocr_line' id='line_1_93' title="bbox 1724 5019 2431 5080; baseline -0.004 -3"><span class='ocrx_word' id='word_1_726' title='bbox 1724 5022 1989 5079; x_wconf 71' lang='lat' dir='ltr'>VARLIE</span> <span class='ocrx_word' id='word_1_727' title='bbox 2018 5019 2431 5080; x_wconf 87' lang='lat' dir='ltr'>LECTIONES.</span> 
     </span>
    </p>
   </div>
   <div class='ocr_carea' id='block_1_93' title="bbox 447 5135 3792 5230">
    <p class='ocr_par' dir='ltr' id='par_1_93' title="bbox 447 5135 3792 5230">
     <span class='ocr_line' id='line_1_94' title="bbox 447 5135 3792 5230; baseline -0.003 -30"><span class='ocrx_word' id='word_1_728' title='bbox 447 5144 912 5230; x_wconf 39' lang='lat' dir='ltr'>b°‘.alliquantum</span> <span class='ocrx_word' id='word_1_729' title='bbox 1108 5217 1119 5230; x_wconf 44' lang='lat'>&#39;</span> <span class='ocrx_word' id='word_1_730' title='bbox 1159 5147 1225 5188; x_wconf 72' lang='lat'>‘05</span> <span class='ocrx_word' id='word_1_731' title='bbox 1251 5147 1404 5230; x_wconf 76' lang='lat' dir='ltr'>seuit</span> <span class='ocrx_word' id='word_1_732' title='bbox 1432 5148 1498 5230; x_wconf 21' lang='grc' dir='ltr'>ἀτ-</span> <span class='ocrx_word' id='word_1_733' title='bbox 1561 5146 1909 5230; x_wconf 40' lang='lat' dir='ltr'>tofuinspexit</span> <span class='ocrx_word' id='word_1_734' title='bbox 1934 5152 1988 5204; x_wconf 92' lang='lat'>2.</span> <span class='ocrx_word' id='word_1_735' title='bbox 2016 5145 2217 5230; x_wconf 56' lang='lat' dir='ltr'>inielia</span> <span class='ocrx_word' id='word_1_736' title='bbox 2245 5148 2297 5230; x_wconf 69' lang='grc' dir='ltr'>3ζ</span> <span class='ocrx_word' id='word_1_737' title='bbox 2378 5143 2627 5230; x_wconf 44' lang='lat' dir='ltr'>‘pacis</span> <span class='ocrx_word' id='word_1_738' title='bbox 2656 5140 2709 5198; x_wconf 75' lang='lat' dir='ltr'>l.</span> <span class='ocrx_word' id='word_1_739' title='bbox 2786 5136 3425 5230; x_wconf 33' lang='lat' dir='ltr'>wfopbylo‘chri‘stustn</span> <span class='ocrx_word' id='word_1_740' title='bbox 3463 5135 3792 5230; x_wconf 54' lang='lat' dir='ltr'>“’Jprza‘sie</span> 
     </span>
    </p>
   </div>
   <div class='ocr_carea' id='block_1_94' title="bbox 377 5207 3785 5292">
    <p class='ocr_par' dir='ltr' id='par_1_94' title="bbox 377 5207 3785 5292">
     <span class='ocr_line' id='line_1_95' title="bbox 377 5207 3785 5292; baseline -0.003 -19"><span class='ocrx_word' id='word_1_741' title='bbox 377 5207 777 5292; x_wconf 72' lang='lat' dir='ltr'>apostolorum</span> <span class='ocrx_word' id='word_1_742' title='bbox 797 5217 1080 5292; x_wconf 78' lang='lat' dir='ltr'>principis</span> <span class='ocrx_word' id='word_1_743' title='bbox 1101 5217 1520 5292; x_wconf 12' lang='lat' dir='ltr'>legendvmgerit,</span> <span class='ocrx_word' id='word_1_744' title='bbox 1562 5291 1569 5292; x_wconf 14' lang='grc' dir='ltr'>ί</span> <span class='ocrx_word' id='word_1_745' title='bbox 1597 5221 1668 5255; x_wconf 78' lang='grc'>⁴¹⁰</span> <span class='ocrx_word' id='word_1_746' title='bbox 1694 5207 1776 5275; x_wconf 76' lang='lat' dir='ltr'>tui</span> <span class='ocrx_word' id='word_1_747' title='bbox 1795 5237 1940 5275; x_wconf 81' lang='lat' dir='ltr'>corr.</span> <span class='ocrx_word' id='word_1_748' title='bbox 1967 5236 2070 5292; x_wconf 91' lang='lat' dir='ltr'>pro</span> <span class='ocrx_word' id='word_1_749' title='bbox 2093 5218 2254 5292; x_wconf 82' lang='lat' dir='ltr'>luctu</span> <span class='ocrx_word' id='word_1_750' title='bbox 2274 5218 2325 5274; x_wconf 74' lang='grc'><strong>4.</strong></span> <span class='ocrx_word' id='word_1_751' title='bbox 2343 5289 2362 5292; x_wconf 93' lang='lat'>_</span> <span class='ocrx_word' id='word_1_752' title='bbox 2405 5218 2448 5252; x_wconf 70' lang='grc'>⁸1</span> <span class='ocrx_word' id='word_1_753' title='bbox 2461 5207 2676 5272; x_wconf 54' lang='lat' dir='ltr'>1&#39;sacrae</span> <span class='ocrx_word' id='word_1_754' title='bbox 2699 5207 2978 5292; x_wconf 40' lang='lat' dir='ltr'>menti-Lg</span> <span class='ocrx_word' id='word_1_755' title='bbox 3039 5209 3366 5292; x_wconf 57' lang='lat' dir='ltr'>“virtutis</span> <span class='ocrx_word' id='word_1_756' title='bbox 3523 5207 3595 5292; x_wconf 61' lang='grc' dir='ltr'>ξι³</span> <span class='ocrx_word' id='word_1_757' title='bbox 3614 5207 3709 5291; x_wconf 76' lang='lat' dir='ltr'>vel</span> 
     </span>
    </p>
   </div>
   <div class='ocr_carea' id='block_1_95' title="bbox 377 5279 3782 5364">
    <p class='ocr_par' dir='ltr' id='par_1_95' title="bbox 377 5279 3782 5364">
     <span class='ocr_line' id='line_1_96' title="bbox 377 5279 3782 5364; baseline -0.003 -19"><span class='ocrx_word' id='word_1_758' title='bbox 377 5279 446 5364; x_wconf 51' lang='lat' dir='ltr'>ff&#39;f</span> <span class='ocrx_word' id='word_1_759' title='bbox 475 5289 701 5364; x_wconf 78' lang='lat' dir='ltr'>quoties</span> <span class='ocrx_word' id='word_1_760' title='bbox 729 5279 1110 5364; x_wconf 47' lang='lat' dir='ltr'>lfinterd‘vm.</span> <span class='ocrx_word' id='word_1_761' title='bbox 1145 5279 1257 5364; x_wconf 44' lang='grc' dir='ltr'>ίξιδ</span> <span class='ocrx_word' id='word_1_762' title='bbox 1287 5288 1348 5364; x_wconf 89' lang='lat' dir='ltr'>ip_</span> <span class='ocrx_word' id='word_1_763' title='bbox 1377 5291 1426 5343; x_wconf 61' lang='grc' dir='ltr'>ιι.</span> <span class='ocrx_word' id='word_1_764' title='bbox 1490 5279 1574 5364; x_wconf 54' lang='lat' dir='ltr'>fi“</span> <span class='ocrx_word' id='word_1_765' title='bbox 1605 5293 1710 5346; x_wconf 87' lang='lat' dir='ltr'>Hoc</span> <span class='ocrx_word' id='word_1_766' title='bbox 1735 5279 1986 5364; x_wconf 63' lang='lat' dir='ltr'>primani</span> <span class='ocrx_word' id='word_1_767' title='bbox 2011 5291 2122 5348; x_wconf 85' lang='lat' dir='ltr'>loco</span> <span class='ocrx_word' id='word_1_768' title='bbox 2153 5290 2308 5361; x_wconf 78' lang='lat' dir='ltr'>signa</span> <span class='ocrx_word' id='word_1_769' title='bbox 2338 5289 2368 5362; x_wconf 86' lang='lat'><strong>§</strong></span> <span class='ocrx_word' id='word_1_770' title='bbox 2396 5296 2448 5345; x_wconf 76' lang='lat' dir='ltr'>et</span> <span class='ocrx_word' id='word_1_771' title='bbox 2476 5302 2702 5344; x_wconf 84' lang='lat' dir='ltr'>numero</span> <span class='ocrx_word' id='word_1_772' title='bbox 2736 5285 2808 5341; x_wconf 88' lang='lat' dir='ltr'><strong>III</strong></span> <span class='ocrx_word' id='word_1_773' title='bbox 2831 5285 3075 5356; x_wconf 82' lang='lat' dir='ltr'>capitum</span> <span class='ocrx_word' id='word_1_774' title='bbox 3103 5281 3302 5338; x_wconf 74' lang='lat' dir='ltr'>divisio</span> <span class='ocrx_word' id='word_1_775' title='bbox 3323 5280 3606 5336; x_wconf 80' lang='lat' dir='ltr'>indicatur</span> <span class='ocrx_word' id='word_1_776' title='bbox 3635 5281 3699 5334; x_wconf 77' lang='lat' dir='ltr'>in</span> <span class='ocrx_word' id='word_1_777' title='bbox 3731 5279 3782 5348; x_wconf 78' lang='grc' dir='ltr'>Ι,</span> 
     </span>
    </p>
   </div>
   <div class='ocr_carea' id='block_1_96' title="bbox 379 5358 1538 5433">
    <p class='ocr_par' dir='ltr' id='par_1_96' title="bbox 379 5358 1538 5433">
     <span class='ocr_line' id='line_1_97' title="bbox 379 5358 1538 5433; baseline 0.001 -20"><span class='ocrx_word' id='word_1_778' title='bbox 379 5358 445 5392; x_wconf 77' lang='grc'>⁴¹⁷</span> <span class='ocrx_word' id='word_1_779' title='bbox 475 5359 534 5414; x_wconf 89' lang='lat' dir='ltr'>in</span> <span class='ocrx_word' id='word_1_780' title='bbox 566 5361 626 5415; x_wconf 91' lang='lat' dir='ltr'>in</span> <span class='ocrx_word' id='word_1_781' title='bbox 655 5363 691 5415; x_wconf 90' lang='lat'><strong><em>2</em></strong></span> <span class='ocrx_word' id='word_1_782' title='bbox 720 5361 886 5432; x_wconf 81' lang='lat' dir='ltr'>(deest</span> <span class='ocrx_word' id='word_1_783' title='bbox 915 5361 1062 5433; x_wconf 87' lang='lat' dir='ltr'>qui).</span> <span class='ocrx_word' id='word_1_784' title='bbox 1138 5361 1207 5395; x_wconf 81' lang='grc'>⁴¹⁸</span> <span class='ocrx_word' id='word_1_785' title='bbox 1233 5358 1458 5416; x_wconf 83' lang='lat' dir='ltr'>amicus</span> <span class='ocrx_word' id='word_1_786' title='bbox 1486 5360 1538 5414; x_wconf 92' lang='lat'>3.</span> 
     </span>
    </p>
   </div>
   <div class='ocr_carea' id='block_1_97' title="bbox 1958 5546 2196 5607">
    <p class='ocr_par' dir='ltr' id='par_1_97' title="bbox 1958 5546 2196 5607">
     <span class='ocr_line' id='line_1_98' title="bbox 1958 5546 2196 5607; baseline -0.013 -1"><span class='ocrx_word' id='word_1_787' title='bbox 1958 5546 2196 5607; x_wconf 73' lang='grc' dir='ltr'>ΝΟΤΔΕ.</span> 
     </span>
    </p>
   </div>
   <div class='ocr_carea' id='block_1_98' title="bbox 449 5668 2027 5745">
    <p class='ocr_par' dir='ltr' id='par_1_98' title="bbox 449 5668 2027 5745">
     <span class='ocr_line' id='line_1_99' title="bbox 449 5668 2027 5745; baseline 0.001 -18"><span class='ocrx_word' id='word_1_788' title='bbox 449 5668 630 5742; x_wconf 77' lang='grc'>(1938)</span> <span class='ocrx_word' id='word_1_789' title='bbox 663 5669 700 5727; x_wconf 93' lang='lat' dir='ltr'>i.</span> <span class='ocrx_word' id='word_1_790' title='bbox 733 5687 783 5728; x_wconf 90' lang='lat' dir='ltr'>e.</span> <span class='ocrx_word' id='word_1_791' title='bbox 818 5676 1124 5732; x_wconf 82' lang='lat' dir='ltr'>servarunt</span> <span class='ocrx_word' id='word_1_792' title='bbox 1150 5678 1245 5732; x_wconf 81' lang='lat' dir='ltr'>aut</span> <span class='ocrx_word' id='word_1_793' title='bbox 1271 5690 1501 5732; x_wconf 88' lang='lat' dir='ltr'>servare</span> <span class='ocrx_word' id='word_1_794' title='bbox 1529 5673 1765 5745; x_wconf 87' lang='lat' dir='ltr'>habent,</span> <span class='ocrx_word' id='word_1_795' title='bbox 1796 5674 2027 5734; x_wconf 85' lang='lat' dir='ltr'>debent.</span> 
     </span>
    </p>
   </div>
  </div>
