4074 6190
293 332 404 391 961

1892 324 2099 387 VITA.

3580 335 3698 395 962

294 458 425 513 liter
446 462 503 514 et
530 458 739 513 ideo“9
766 457 1099 524 feliciter,ut
1128 459 1444 529 credimus,
1486 458 1682 513 anima
1741 473 1941 513 secum
1971 458 2028 524 Α
2061 472 2165 510 ma:
2185 460 2551 514 constitisset
2572 458 2910 531 lElapsurus
2930 460 3364 530 quodammodo
3387 466 3703 534 putabatur

292 546 697 603 vexit.Arcano
728 547 925 619 itaque
958 548 1052 602 Dei
1087 547 1507 619 omnipotentis
1538 547 1783 603 consilio
1805 563 1936 618 pro-

297 637 488 692 visum
520 642 702 702 est,ut
730 637 884 691 idem
916 636 1079 692 locus
1103 637 1177 713 ad,
1195 636 1542 692 declaranda
1571 637 1756 692 sancti
1780 635 1942 691 sui"0

301 725 572 798 martyris
604 725 811 780 merita
838 723 1025 796 prima
1054 724 1162 780 hoc
1192 725 1495 780 occasione
1552 724 1945 779 illustraretur

299 820 356 869 et
387 814 522 869 talis
554 814 841 877 fieret,ubi
859 813 945 868 vir
976 813 1084 869 iste
1118 814 1343 868 Domini
1376 814 1654 885 paciﬁcus
1676 818 1733 869 et
1764 812 1939 868 mira-

300 903 496 959 biliter
524 902 767 957 humilis
791 902 1163 973 potissimum
1182 902 1419 973 eligeret
1440 904 1552 957 sub
1573 903 1835 973 ejusdem
1862 901 1942 973 pii

301 991 573 1063 martyris
596 991 913 1061 patrocinio
946 990 1453 1061 tremendijudicii
1476 991 1629 1045 diem
1660 994 1717 1046 et
1739 990 1943 1045 futurae

300 1078 743 1135 resurrectionis
774 1079 1021 1150 gloriam
1070 1080 1356 1134 exanimis
1414 1078 1758 1151 praestolari.
1819 1078 1943 1133 Non

300 1168 485 1224 multo
512 1172 645 1239 post
674 1168 891 1223 ibidem
907 1173 973 1223 ut
995 1172 1135 1239 puta
1163 1167 1223 1222 in
1254 1167 1380 1223 loco
1411 1168 1775 1223 secretiorim
1800 1167 1943 1221 etab

302 1261 538 1314 urbana:
567 1257 992 1328 inquietudinis
1034 1256 1304 1312 molestia
1363 1256 1679 1325 remotiori,
1740 1256 1945 1310 fratres

299 1345 544 1403 inlaude
556 1346 751 1401 divina
773 1345 1079 1418 pervigiles
1096 1350 1152 1401 et
1173 1345 1455 1401 sollicitos
1476 1346 1587 1401 sub
1611 1344 1945 1400 monasticae

302 1437 504 1508 regula
528 1436 848 1508 disciplinas
880 1436 1125 1491 Domino
1158 1436 1376 1492 servire
1401 1436 1658 1491 instituit
1685 1458 1697 1503 ,
1730 1434 1948 1506 quibus

303 1526 573 1581 abbatem
593 1524 909 1596 praeposuit
938 1524 1173 1580 nomine
1194 1524 1613 1589 Christianum,
1641 1542 1758 1579 suae
1792 1523 1947 1578 vide-

299 1614 439 1670 licet
485 1613 864 1685 professionis
914 1614 1306 1681 foronomum,
1337 1614 1480 1668 etin
1535 1613 1659 1684 lege
1722 1611 1947 1667 Domini

303 1704 457 1759 sicut
484 1703 639 1758 hunc
671 1702 867 1758 decuit
896 1702 1455 1774 ordinem,apprime
1477 1703 1792 1757 eruditum.
1844 1698 1949 1754 Cui

303 1793 569 1848 ordinato
592 1791 699 1847 hoc
729 1792 900 1847 breve
941 1791 1455 1846 commonitorium
1512 1792 1582 1846 de
1630 1789 1948 1845 occidentis

303 1882 569 1953 partibus
600 1880 867 1952 scripsit:
906 1881 969 1937 Ut
998 1882 1074 1935 sis
1102 1880 1247 1951 quod
1271 1882 1501 1945 vocaris,
1551 1896 1712 1946 cura,
1770 1880 1952 1949 genti-

304 1971 452 2024 litati
477 1985 548 2024 ne
574 1969 885 2040 degeneres.
917 1969 972 2024 Id
990 1971 1141 2025 serio
1171 1970 1479 2040 triumpha,
1539 1973 1597 2023 ut
1651 1984 1780 2035 non,
1812 1970 1953 2023 sicut

294 2060 474 2130 prius,
498 2060 815 2128 antiquetur
834 2075 854 2119 ;
877 2057 966 2113 sed
989 2059 1062 2113 de
1090 2060 1298 2113 virtute
1321 2061 1380 2112 in
1400 2061 1666 2113 virtutem
1688 2062 1746 2111 ut
1770 2063 1951 2127 eatur,

305 2164 449 2202 nava
484 2146 495 2201 Ι

373 2236 784 2306 29.Nunquam
806 2235 1155 2290 itacivilium
1170 2236 1546 2307 negotiorum
1572 2237 1955 2308 occupatione

307 2325 577 2380 detentus
608 2323 793 2388 est,ad
818 2339 995 2394 quam
1028 2339 1162 2379 eum
1186 2341 1299 2379 non
1333 2341 1441 2379 sua
1469 2323 1675 2391 libido,
1710 2325 1809 2380 sed
1861 2342 1957 2396 po-

308 2413 430 2486 puli
472 2412 845 2469 necessitudo
877 2413 1136 2478 attraxit,
1172 2418 1237 2467 ut
1269 2413 1465 2468 animo
1497 2412 1595 2468 illo
1627 2415 1695 2469 ad
1758 2415 1955 2470 omnia

306 2500 679 2557 vivacissimo
712 2517 827 2556 non
857 2501 1356 2570 vigeret,intentus
1378 2501 1641 2573 religioni
1669 2504 1956 2575 przecipue

311 2596 369 2646 et
397 2590 717 2657 lectioni,in
748 2590 917 2659 cujus
949 2590 1142 2645 studio
1174 2591 1322 2644 mori
1381 2591 1705 2646 videbatur.
1755 2594 1838 2646 Ad
1898 2593 1955 2647 id

311 2680 605 2751 agendum
637 2678 898 2750 exemplo
922 2695 1027 2733 suo
1059 2683 1116 2733 et
1159 2680 1359 2734 crebro
1411 2681 1637 2735 monitu
1694 2681 1959 2737 accendit

312 2785 517 2824 omnes
538 2784 685 2840 pene
715 2785 863 2839 quos
892 2784 1006 2840 pre:
1039 2767 1225 2823 oculis
1259 2768 1478 2823 habuit.
1514 2768 1614 2824 His
1665 2787 1799 2825 vero
1858 2771 1959 2842 qui

311 2858 421 2913 hoc
444 2858 524 2912 ita
550 2857 955 2912 nonamabant
990 2856 1360 2913 vehementer
1407 2857 1678 2925 indoluit,
1740 2875 1957 2931 eosque

312 2946 449 3002 licet
479 2946 625 3001 alias
657 2945 973 3001 familiares
1021 2950 1237 3013 essent,
1299 2963 1332 3000 a
1378 2951 1596 3001 secreto
1646 2952 1841 3003 tamen
1903 2954 1959 3004 et

313 3036 501 3091 amico
534 3035 799 3089 maeroris
830 3034 1087 3099 loco,ubi
1118 3050 1181 3089 se
1240 3034 1349 3088 Slbi
1399 3033 1670 3090 licentius
1713 3041 1770 3089 et
1826 3036 1955 3092 ideo

314 3124 653 3195 diligentius
678 3123 898 3178 solebat
927 3122 1233 3194 explicare,
1268 3124 1530 3178 removit.
1575 3128 1781 3180 Pectus
1831 3143 1954 3181 cor-

2050 547 2312 616 ut,quasi
2346 549 2932 619 mortem,aufugeret
2960 553 3146 604 totum
3179 552 3333 621 quod
3376 553 3424 606 ei
3469 554 3526 608 in
3585 556 3699 611 hu-

2041 634 2143 705 jus
2176 636 2378 690 mundi
2411 636 2635 692 deliciis
2668 636 3097 693 blandiebatur.
3148 640 3347 695 Testes
3380 649 3700 713 supersunt

2050 724 2506 779 conversationis
2536 726 2664 795 ejus
2694 726 3115 797 quamplurimi
3149 745 3162 793 ;
3194 729 3423 799 quoties
3453 746 3588 786 eum
3640 732 3699 787 in

2053 817 2292 881 secreto,
2324 813 2495 867 corde
2524 814 2771 868 contrito
2803 819 2859 868 et
2912 815 3119 885 spiritu
3181 816 3513 887 humiliato,
3570 837 3703 891 per-

2052 901 2581 965 senserant,mirari
2615 901 2744 971 plus
2779 908 3050 974 poterunt
3079 921 3254 975 quam
3289 905 3527 962 imitari.
3554 909 3699 965 Nam

2052 989 2148 1044 ille
2170 990 2469 1060 popularis
2500 990 2841 1061 plerumque
2873 992 3037 1062 quasi
3072 992 3368 1049 solitarius
3391 996 3531 1051 vixit
3557 998 3700 1063 ;mi-

2054 1095 2183 1132 rum
2216 1078 2394 1145 dictu,
2441 1077 2591 1133 inter
2637 1080 2904 1135 convivas
2954 1079 3290 1137 laetissimos
3336 1083 3520 1138 laetior
3577 1086 3702 1157 ipse

2054 1168 2389 1237 frequenter
2416 1167 2722 1222 abstinuit.
2759 1168 2962 1224 Molles
2992 1175 3048 1224 et
3078 1170 3355 1227 delicatas
3383 1178 3593 1241 vestes,
3640 1174 3701 1229 in

2056 1256 2268 1327 quibus
2298 1255 2555 1311 nutritus
2583 1261 2640 1311 et
2670 1256 2740 1310 ad
2787 1256 3085 1313 hominem
3147 1276 3334 1331 usque
3384 1263 3701 1333 perductus

2055 1344 2342 1411 est,etiam
2376 1345 2435 1398 in
2466 1343 2740 1399 domibus
2774 1360 2977 1416 regum
3010 1348 3306 1403 multoties
3336 1350 3406 1384 ⁸2³
3444 1351 3703 1407 declina-

2055 1433 2136 1487 vit
2161 1458 2175 1499 ;
2200 1433 2350 1487 inter
2380 1437 2736 1504 purpuratos
2766 1433 3070 1489 ministros
3102 1440 3157 1490 et
3186 1437 3404 1492 milites
3437 1456 3575 1495 suos
3603 1457 3703 1496 au-

2059 1538 2237 1592 roque
2261 1521 2477 1576 nitidos
2492 1521 2661 1575 vilem
2680 1522 2802 1592 ipse
2821 1523 3080 1577 tunicam
3099 1526 3495 1581 etrusticanas
3509 1528 3698 1583 ovium

2060 1608 2243 1681 pelles
2272 1609 2753 1664 induxit.Lectuli
2780 1610 3018 1665 delicias
3043 1612 3413 1669 vehementer
3433 1632 3708 1687 asperna-

2058 1703 2156 1751 tus
2178 1698 2357 1753 est.In
2381 1698 2608 1754 balneis
2639 1714 2774 1753 cum
2809 1697 3141 1755 lavantibus
3172 1702 3438 1774 cutisque
3461 1706 3707 1760 nitorem

1980 1824 2028 1889 Β
2061 1787 2458 1858 quaerentibus
2472 1787 2561 1841 vix
2593 1787 2905 1858 aliquando
2924 1787 3080 1843 lotus
3102 1795 3191 1844 est
3218 1807 3230 1856 ;
3253 1793 3404 1861 quod
3430 1810 3495 1847 eo
3520 1795 3708 1866 magis

2064 1875 2277 1929 mirum
2311 1875 2562 1945 est,quia
2595 1876 2664 1929 ab
2698 1876 2843 1946 ipsis
2874 1877 3182 1932 cunabulis
3203 1880 3491 1947 ejusmodi
3526 1900 3703 1937 mun-

2063 1963 2222 2018 ditiis
2252 1968 2309 2018 et
2340 1980 2551 2035 pompa
2582 1964 2741 2035 regia
2766 1965 3047 2020 educatus
3077 1971 3183 2020 est.
3216 1967 3344 2022 Haec
3376 1974 3569 2024 autem
3602 1988 3705 2043 pro

2061 2056 2322 2124 tempore
2355 2058 2410 2107 et
2440 2053 2564 2108 loco
2598 2054 2770 2109 modo
2802 2053 2994 2124 palam
3030 2055 3201 2110 modo
3253 2059 3534 2114 secretius
3568 2060 3706 2132 egit,

2064 2146 2129 2196 ut
2184 2146 2239 2196 et
2279 2141 2509 2197 laudem
2573 2142 2893 2197 humanam
2937 2144 3381 2215 subterfugeret,
3441 2151 3706 2204 ettamen

2065 2232 2316 2285 subditis
2342 2230 2674 2303 exemplum
2693 2231 2801 2286 hoc
2814 2233 3038 2303 agendo
3052 2233 3351 2303 praeberet.
3372 2236 3706 2292 Multienim

2066 2319 2411 2391 verbis,plus
2443 2319 2722 2392 exemplis
2747 2321 3056 2391 proficiunt
3087 2322 3541 2395 plerique.Apud
3593 2326 3709 2380 mi-

2066 2412 2153 2463 tes
2181 2413 2238 2463 et
2268 2408 2521 2463 humiles
2544 2426 2712 2463 nemo
2744 2408 3041 2476 humilior,
3077 2418 3278 2465 contra
3308 2412 3605 2483 improbos
3653 2418 3712 2469 et

2066 2488 2245 2542 elatos
2278 2504 2447 2543 nemo
2478 2488 2872 2544 vehementior
2903 2489 3029 2543 fuit.
3074 2490 3239 2545 Hunc
3281 2496 3581 2563 terrorem,
3608 2494 3709 2565 qui

2068 2577 2345 2631 beneficio
2400 2576 2645 2647 obligari
2697 2593 2810 2631 non
2869 2579 3078 2649 potuit,
3114 2579 3389 2651 indigena
3438 2597 3599 2652 aeque
3654 2594 3712 2637 et

2069 2663 2392 2734 alienigena
2424 2665 2848 2733 formidavitﬁet
2861 2672 3014 2722 recto
3047 2668 3714 2741 convenientismmoque

2068 2754 2270 2809 ordine
2301 2753 2513 2823 omnis,
2552 2755 2621 2807 ad
2666 2770 2839 2824 quem
2900 2757 3326 2827 magnitudinis
3374 2758 3502 2827 ejus
3555 2760 3712 2815 fama

2068 2844 2348 2914 pervenit,
2399 2842 2585 2913 primo
2639 2859 2773 2897 eum
2835 2844 3061 2914 timere,
3123 2850 3323 2916 postea
3407 2851 3711 2903 consuevit

2066 2949 2280 2987 amare.

2134 3022 2224 3075 31.
2258 3024 2601 3075 Sanctorum
2633 3036 2875 3089 corpora
2904 3025 3078 3092 atque
3110 3021 3383 3091 reliquias
3430 3028 3487 3079 et
3509 3025 3710 3096 quaeli-

2068 3111 2161 3164 bet
2192 3109 2640 3174 monimenta,ut
2661 3110 2784 3164 suis
2807 3111 3128 3180 patrocinia
3154 3111 3479 3167 cumularet
3508 3119 3564 3169 et
3586 3131 3713 3185 per-

315 3186 570 3268 dativviri
600 3217 909 3284 pertaesum
942 3186 1051 3266 fuit
1080 3186 1297 3284 regifici
1320 3212 1490 3267 luxus
1535 3216 1590 3267 et
1645 3219 1955 3279 consueta,
1988 3186 2030 3253 C
2072 3198 2287 3253 multos
2302 3198 2545 3268 populos
2561 3197 2986 3269 ultracitraque
3008 3198 3713 3273 haccelebriiategloriam

312 3302 422 3357 hoc
444 3301 765 3374 praesertim
797 3306 1077 3373 tempore,
1105 3302 1440 3372 potentibus
1473 3302 1743 3371 jocorum
1775 3307 1832 3357 et
1860 3320 1956 3359 vo-

314 3389 607 3462 luptatum
640 3389 943 3445 illecebras.
979 3388 1141 3445 Unde
1172 3390 1220 3445 si
1256 3390 1489 3462 quando
1547 3390 1671 3445 suis
1725 3396 1959 3447 coactus

315 3478 748 3550 quodammodo
780 3477 1033 3532 reddidit
1062 3478 1217 3548 quod
1250 3494 1366 3532 non
1397 3478 1616 3546 debuit,
1658 3496 1959 3535 excessum

314 3568 472 3622 hunc
504 3568 799 3623 modicum
842 3567 977 3621 fletu
1043 3567 1389 3638 plerumque
1434 3566 1681 3639 largiore
1725 3568 1966 3623 detersit

313 3656 506 3711 Vitam
533 3660 875 3727 praesentem
906 3660 962 3710 et
990 3655 1216 3711 dulcem
1250 3656 1477 3722 metuit,
1495 3660 1548 3711 et
1581 3673 1840 3712 amaram
1870 3672 1965 3712 ex-

316 3750 517 3817 pertus
547 3750 654 3800 est.
684 3751 756 3801 De
785 3745 904 3801 vita
930 3761 1060 3800 vero
1092 3745 1283 3800 omnis
1310 3744 1727 3801 sollicitudinis
1758 3750 1812 3801 et
1841 3746 1964 3800 lan-

317 3835 518 3905 guoris
582 3834 805 3904 ignara,
858 3834 1015 3888 haud
1075 3833 1345 3898 dubium,
1397 3834 1539 3904 quin
1588 3838 1720 3888 ante
1769 3834 1967 3888 omnia

319 3922 641 3994 plurimum
675 3922 1030 3993 cogitaverit,
1056 3922 1155 3992 qui
1186 3923 1253 3955 5”
1285 3923 1354 3976 de
1377 3938 1444 3976 ea
1472 3926 1593 3977 tam
1644 3922 1968 3977 luculenter

320 4010 619 4066 multoties
651 4014 706 4065 et
737 4027 870 4065 cum
894 4010 1284 4065 familiaribus
1316 4014 1373 4064 et
1402 4027 1598 4066 coram
1630 4010 1797 4082 plebe
1855 4010 1967 4065 sibi

322 4099 639 4155 commissa
669 4099 964 4155 disseruit.

391 4190 480 4243 30.
512 4189 751 4244 Juvenis
784 4193 847 4243 ut
880 4192 1008 4243 erut
1038 4189 1315 4259 omnique
1346 4205 1559 4260 pompa
1588 4188 1969 4244 circumﬂuus

324 4278 509 4333 audeo
538 4277 751 4343 dicere,
784 4276 1023 4332 dissolvi
1048 4277 1473 4343 vellet,tantum
1498 4282 1563 4332 ut
1588 4294 1720 4332 cum
1742 4277 1968 4332 Christo

324 4370 497 4421 esset.
545 4366 691 4421 Hinc
721 4365 991 4437 lacrymaa
1022 4365 1571 4437 assiduzc,suspiria
1621 4367 1736 4420 fere
1785 4364 1970 4420 conti-

324 4471 463 4523 nua,
499 4454 718 4509 furtiva:
755 4454 1068 4524 orationes,
1104 4458 1160 4509 et
1192 4452 1491 4525 singultus
1522 4454 1578 4507 in
1610 4454 1737 4524 ipso
1795 4453 1970 4508 etiam

2067 3287 2296 3341 Domini
2329 3291 2691 3358 propagaret,
2714 3288 3104 3358 undecunque
3140 3288 3385 3360 collegit.
3440 3291 3541 3347 His
3588 3291 3716 3347 loca

2068 3381 2125 3430 et
2155 3375 2476 3430 ministeria
2498 3375 2728 3430 "‘omni
2761 3380 2998 3446 sumptu
3020 3377 3085 3430 'et
3107 3382 3389 3448 apparatu
3421 3379 3715 3450 copiosius

2070 3465 2415 3536 praeparavit
2439 3465 2538 3531 ;de
2559 3464 2775 3536 quibus
2794 3465 3044 3537 singulis
3062 3466 3231 3537 plura
3253 3474 3450 3523 essent
3468 3468 3717 3525 dicenda

2073 3553 2121 3608 si
2154 3553 3404 3625 paterenturpromissacompendia.lndicia
3434 3558 3716 3613 sunthaec

2071 3642 2294 3696 invicta:
2328 3641 2483 3710 fidei,
2516 3657 2632 3711 qua
2661 3658 2777 3696 non
2810 3658 2895 3711 ea,
2921 3659 3047 3713 quae
3066 3661 3173 3699 sua
3197 3645 3392 3715 “ﬁsed
3422 3660 3549 3718 qua:
3580 3652 3720 3703 sunt

2072 3736 2208 3786 Jesu
2241 3730 2456 3796 Chrsti,
2490 3731 2778 3801 quaesivit.
2813 3732 3093 3787 Baculum
3126 3738 3182 3787 et
3214 3740 3480 3790 catenam
3530 3737 3720 3793 sancti

2075 3819 2224 3874 Petri
2258 3836 2376 3890 qua
2405 3818 2848 3889 diligentia,quo
2877 3820 3116 3886 fervore,
3140 3838 3255 3891 quo
3283 3823 3497 3891 gaudio
3556 3824 3720 3880 Colo-

2074 3908 2253 3978 niam,
2287 3907 2533 3962 alterum
2589 3907 2769 3974 Metti,
2813 3907 3055 3962 alteram
3136 3910 3317 3963 Roma
3390 3912 3722 3981 adduxerit,

2076 4014 2279 4053 omnes
2320 4000 2643 4063 noverunt;
2672 3995 2729 4049 in
2755 3996 2921 4064 cujus
2954 3997 3171 4051 honore
3192 3998 3432 4052 domum
3464 4001 3591 4069 ejus
3622 4001 3723 4056 ho-

2077 4086 2511 4142 noratissimam
2529 4083 2870 4139 mirabiliter
2881 4084 3381 4156 ampliavit,quam
3394 4088 3465 4142 de
3479 4087 3724 4159 pulchra

2078 4175 2531 4248 pulcherrimam
2594 4174 2746 4229 fecit.
2799 4173 3044 4245 Inclytos
3073 4178 3130 4228 et
3173 4174 3440 4245 praecluis
3470 4178 3535 4212 ⁴³⁶
3568 4178 3723 4234 fama

2080 4270 2362 4335 martyres
2392 4262 2742 4327 Patroclum,
2775 4261 3008 4317 Elifium
3039 4264 3129 4331 ‘97,
3168 4264 3461 4320 Privatum
3498 4272 3555 4321 et
3582 4270 3722 4322 Gre-

2079 4354 2585 4427 gorium,quorum
2625 4358 2789 4424 gesta
2834 4357 2974 4407 sunt
3033 4353 3464 4424 permagniﬁca,
3517 4357 3726 4411 merita

2081 4443 2355 4515 gloriosa,
2401 4440 2751 4513 pratrocinia
2792 4445 2937 4505 tuta,
2969 4441 3371 4514 Christopbori
3420 4444 3727 4516 sanctique

326 4543 472 4599 lecto
503 4542 717 4598 clarius
749 4548 1202 4615 perstrepentes,
1236 4549 1303 4598 ut
1333 4546 1643 4608 testantur,
1705 4559 1852 4614 quos
1913 4542 1970 4597 id
2005 4558 2050 4622 D
2082 4530 2541 4597 Pantaleonismt
2566 4531 2686 4622 jam
2721 4530 3073 4622 dictumest,
3098 4532 3382 4622 pretiosas
3423 4532 3724 4603 reliquias,

328 4632 525 4687 minus
555 4630 740 4687 celare
784 4636 1028 4703 poterat,
1064 4633 1239 4687 etiam
1298 4632 1439 4686 dum
1488 4629 1668 4686 latere
1724 4630 1969 4685 volebat.

328 4720 562 4786 Quoties
586 4720 739 4775 diem
765 4721 967 4789 mortis
990 4721 1186 4791 posuit
1205 4725 1338 4776 ante
1360 4724 1737 4792 conspectum
1761 4718 1969 4775 cordis!

330 4809 569 4873 Quoties
600 4810 671 4863 ad
704 4808 813 4864 hoc
844 4809 1000 4864 vocis
1026 4825 1252 4880 quoque
1285 4809 1473 4864 officio
1503 4810 1787 4881 prorupit,
1821 4808 1975 4879 quod

330 4898 501 4953 corde
533 4896 771 4952 molitus
804 4897 929 4952 est!
965 4898 1201 4963 Quoties
1233 4897 1564 4952 audivimus
1612 4914 1745 4953 eum
1806 4898 1976 4952 vehe-

333 4986 510 5041 menti
541 4987 760 5057 gemitu
797 4992 1147 5057 praaoptasse
1178 4986 1233 5040 id
1268 4986 1421 5057 quod
1456 4987 1861 5055 futurum,non
1892 4990 1976 5041 ta-

332 5091 466 5130 men
494 5076 621 5130 sine
653 5075 808 5146 gravi
842 5076 1227 5147 trepidationc
1251 5074 1521 5147 speravit,
1557 5080 1620 5129 ut
1659 5082 1977 5130 aestuosum

333 5163 537 5218 mundi
572 5164 746 5234 hujus
778 5164 1150 5236 naufragium
1182 5164 1240 5219 in
1275 5164 1370 5218 Dei
1413 5162 1536 5218 sola
1584 5163 1983 5219 misericordia

331 5256 493 5311 tutus
525 5252 805 5310 evasisset
830 5258 887 5309 et
916 5254 974 5309 in
1008 5253 1198 5310 littore
1224 5253 1460 5309 tandem
1492 5252 1824 5308 securitatis
1846 5251 1983 5307 inti-

2083 4622 2297 4693 quibus
2327 4638 2388 4676 se
2444 4620 2700 4690 patronis
2758 4619 3069 4689 specialius
3125 4620 3431 4692 delegavit,
3466 4626 3530 4676 ut
3587 4626 3729 4693 puta

2083 4729 2345 4785 gemmas
2374 4710 2745 4781 gratissimas
2774 4712 2830 4763 et
2858 4708 3197 4763 dulcissima
3216 4710 3459 4781 pignora
3490 4712 3558 4766 ad
3593 4728 3728 4767 san-

2085 4801 2413 4856 ctissimam
2446 4816 2563 4853 sua
2594 4797 2857 4852 Ecclesiae
2891 4797 3086 4851 sedem
3123 4798 3267 4852 miro
3297 4800 3521 4855 ambitu
3552 4801 3727 4855 variis

2086 4892 2157 4945 de
2186 4889 2327 4945 locis
2358 4887 2610 4943 attraxit.
2664 4887 2741 4940 Dc
2799 4885 3178 4941 translatione
3226 4887 3379 4942 beati
3428 4888 3728 4960 Evergisili

2088 4979 2243 5033 tertii
2276 4978 2536 5048 ejusdem
2563 4975 2717 5030 sedis
2750 4974 3185 5047 archiepiscopi,
3212 4977 3357 5047 quid
3409 4978 3622 5031 factum
3656 4980 3733 5031 sit

2090 5069 2269 5138 hujus
2294 5068 2372 5137 pii
2404 5063 2714 5137 provisoris
2747 5063 3199 5135 dispensatione,
3227 5066 3495 5136 plurimis
3526 5070 3729 5119 notum

2091 5163 2382 5228 est;quem
2424 5154 2481 5208 in
2523 5153 2765 5208 ecclesia
2807 5154 2983 5208 beatae
3033 5152 3249 5208 Ceciliae
3299 5153 3538 5223 virginis
3597 5169 3731 5209 cum

2092 5246 2328 5303 homnis
2358 5249 2415 5301 et
2454 5244 2657 5299 divinae
2706 5241 2899 5298 laudis
2948 5240 3329 5298 celebratione
3389 5241 3730 5313 repositum,

1684 5458 1927 5516 VARI/l3
1966 5456 2271 5515 LECTION
2281 5453 2385 5511 ES.

407 5593 475 5629 ⁴¹⁹
497 5592 556 5648 in
587 5590 704 5648 Deo
734 5594 787 5650 L.
866 5593 937 5629 ⁴²⁰
982 5593 1131 5651 deest
1160 5594 1212 5651 3.

333 5666 407 5705 ‘9‘
428 5665 780 5724 monasteria
811 5664 1009 5722 omnia
1029 5666 1083 5741 2,
1116 5668 1166 5722 3.

1320 5594 1389 5631 ιρι
1422 5591 1587 5650 Ν,ω.
1622 5608 1676 5666 p.
1704 5594 1743 5649 ἰ.
1776 5611 1835 5648 n.
1870 5593 1902 5647 i.
1946 5596 2004 5666 I.
2032 5609 2080 5648 8.
2111 5592 2306 5666 dezmmt

1271 5667 1342 5704 ‘35
1363 5666 1501 5740 quia
1533 5658 1645 5723 non
1678 5683 1785 5723 sua
1813 5669 1866 5722 2.
1944 5665 2014 5702 ‘95
2043 5662 2299 5740 preclare
2320 5662 2373 5719 3.
2408 5660 2477 5698 ‘97
2504 5658 2734 5717 elisium
2768 5658 2816 5714 1.

2489 5585 2734 5670 "iquid
2920 5581 3372 5642 "amultociesi
3444 5584 3540 5643 hoc
3598 5582 3732 5647 loco.
