4064 6188
262 330 381 391 965

1862 322 2069 386 Vl'l‘A.
3591 330 3669 394 66

264 463 551 531 homines,
594 466 651 517 et
698 462 837 534 quia
885 460 1213 517 obedientia
1258 460 1374 516 Deo
1395 462 1462 496 ⁸³⁸
1492 459 1683 531 placet
1738 475 1917 530 super
1944 459 1999 525 Α
2029 458 2277 515 ﬁrmata.
2299 460 2368 515 Et
2388 477 2584 518 revera
2607 462 2883 539 tribubus
2912 467 2967 519 et
2996 462 3214 535 linguis
3244 464 3675 539 innotuit,quia

264 551 640 619 sacrificium,
676 551 891 606 scirent
938 552 1202 616 fortasse,
1236 567 1370 605 oves
1418 566 1613 605 vocem
1663 548 1913 620 pastoris

268 642 471 697 audire
501 642 731 709 debere,
762 646 819 695 et
848 641 1037 713 magis
1068 640 1125 694 id
1156 640 1226 675 ‘39
1255 642 1447 694 ratum
1493 643 1913 708 acceptumque

270 732 383 786 Deo
433 731 571 800 fore,
625 730 779 795 quod
808 730 877 764 διο
922 746 1026 800 per
1072 729 1484 795 obedientiam,
1531 744 1707 797 quam
1758 727 1911 796 quod

266 836 369 890 per
430 818 723 890 prepriam
770 817 1129 872 voluntatem
1188 822 1536 888 sequuntur.
1587 818 1685 872 Ubi
1733 825 1917 869 autem

265 908 415 960 zelus
464 910 517 960 et
562 906 851 970 contentio,
904 907 985 959 ait
1030 906 1285 959 Jacobus
1327 904 1649 975 apostolus,
1702 905 1784 958 ibi
1829 905 1915 957 in-

265 997 573 1050 constantia
615 999 667 1049 et
705 1011 861 1049 omne
890 1011 1020 1064 Opus
1050 1011 1282 1064 pravum
1299 996 1365 1028 “¹
1402 994 1535 1064 (Jac.
1572 1011 1653 1061 ιιι,
1688 994 1795 1059 16).
1828 993 1917 1045 Si-

268 1083 485 1139 militer
532 1084 591 1139 in
642 1101 729 1147 eo,
764 1084 913 1154 quod
968 1084 1220 1139 nefarios
1272 1085 1558 1154 quosdam
1610 1082 1808 1153 patriae
1840 1081 1917 1133 ci-

265 1173 543 1243 viumque
574 1174 876 1244 praedones
916 1174 987 1227 de
1027 1190 1225 1244 regno,
1259 1174 1357 1227 ubi
1392 1173 1570 1243 quieti
1604 1177 1659 1225 et
1690 1167 1917 1241 paciﬁci

266 1280 394 1318 esse
427 1261 760 1328 noluerunt,
796 1263 964 1333 quasi
1012 1267 1239 1332 pestem
1272 1263 1559 1316 bonorum
1616 1259 1837 1330 expulit
1867 1264 1924 1313 et

265 1350 517 1407 exsulari
549 1351 755 1422 coegit,
812 1351 973 1421 ipsis.
1028 1352 1162 1406 licet
1210 1350 1628 1415 nescientibus,
1676 1349 1923 1417 profecto

264 1439 585 1496 consuluit.
620 1440 742 1504 Quo
796 1439 951 1495 enim
1003 1440 1336 1494 diuturnior
1387 1454 1661 1508 nequam,
1695 1454 1763 1492 eo
1795 1453 1923 1508 gra-

261 1530 481 1584 viorem
531 1534 587 1583 et
638 1527 1008 1600 prolixiorem
1064 1529 1176 1584 sibi
1234 1528 1613 1599 comparabat
1666 1542 1923 1598 puznam.

271 1618 514 1682 Quando
546 1622 740 1671 autem
773 1616 908 1671 boni
943 1616 1328 1686 quiescerent,
1352 1615 1400 1669 si
1424 1615 1713 1670 malorum
1745 1613 1929 1667 furori

272 1722 447 1760 nemo
481 1704 815 1760 resisteret?
846 1704 1134 1760 Nimirum
1167 1705 1425 1775 pepercit
1455 1703 1573 1758 illis
1604 1704 1777 1766 Deus,
1810 1701 1933 1774 qui-

2025 552 2173 602 Deus
2197 549 2582 606 dissensionis
2605 569 2719 607 non
2750 558 2857 617 est,
2883 554 2983 608 sed
3018 555 3175 624 pacis
3202 556 3255 623 (Ι
3273 554 3392 609 Cor.
3416 572 3532 622 xxv,
3556 558 3669 627 33);

2022 642 2247 691 tantam
2276 638 2342 673 “0
2372 639 2551 710 hujus
2584 641 2748 695 initio
2772 647 3045 713 operatus
3065 648 3153 697 est
3179 642 3428 698 salutem
3461 645 3674 715 populo

2023 743 2151 781 suo.
2179 728 2547 798 Imperatoris
2569 730 2804 801 quidem
2828 730 3070 801 spiritus
3093 733 3423 802 agitabatur
3440 732 3499 786 in
3523 733 3675 804 ipso,

2026 817 2163 885 quia
2194 834 2309 870 non
2358 823 2481 872 erat
2510 818 2557 870 ei
2605 826 2834 890 tempus
2881 820 3195 874 exercitum
3245 825 3674 893 congregandi;

2028 905 2127 957 sed
2164 905 2436 958 fiduciam
2487 906 2690 959 habuit
2739 924 2839 977 per
2868 909 3164 962 Christum
3216 911 3287 963 ad
3334 910 3539 978 Deum,
3574 913 3671 983 qui

2032 998 2232 1063 potens
2266 997 2354 1046 est
2386 994 2606 1047 salvare
2640 995 2694 1049 in
2734 998 2933 1067 paucis
2967 998 3118 1051 sicut
3146 999 3200 1050 in
3239 998 3438 1053 multis
3470 1002 3514 1068 (I
3546 1002 3674 1069 Reg.

2029 1098 2143 1147 xw,
2168 1083 2242 1149 6).
2279 1082 2495 1136 Aderat
2534 1082 2611 1136 ibi
2652 1085 2869 1153 Cuono,
2906 1102 3017 1139 non
3043 1087 3167 1155 jam
3201 1087 3318 1141 dux
3352 1089 3449 1142 sed
3488 1089 3678 1155 miles,

2030 1174 2172 1237 toto,
2210 1174 2271 1224 ut
2321 1172 2655 1242 putabatur,
2706 1176 2900 1228 animo
2951 1191 3266 1229 conversus
3327 1177 3394 1229 ad
3454 1193 3678 1249 pacem,

2034 1274 2208 1327 quam
2272 1258 2442 1329 paulo
2501 1266 2631 1313 ante
2690 1262 2959 1316 atrociter
3018 1264 3430 1335 impugnabat;
3496 1266 3683 1322 cilicio

2036 1347 2301 1400 membra
2331 1348 2597 1415 domans,
2637 1350 2813 1403 Deum
2856 1352 3192 1421 gemitibus,
3225 1357 3289 1407 ut
3319 1354 3519 1421 fertur,
3553 1372 3684 1411 exo-

2036 1451 2194 1501 rans,
2231 1442 2293 1490 ut
2323 1438 2372 1490 si
2404 1437 2488 1491 sic
2532 1438 2656 1507 ejus
2696 1444 2899 1493 sancta
2930 1439 3198 1494 voluntas
3231 1443 3520 1507 existeret,
3555 1461 3682 1515 per-

2040 1524 2223 1578 missa
2254 1526 2373 1596 regi
2404 1531 2606 1580 nostro
2656 1532 2711 1581 et
2758 1529 3032 1582 exercitui
3082 1531 3209 1599 ejus
3256 1532 3515 1599 victoria,
3551 1550 3682 1587 cum

2042 1613 2111 1666 ab
2145 1613 2362 1684 impiis,
2397 1614 2611 1684 quibus
2644 1632 2705 1669 se
2737 1616 2898 1687 prius
2945 1617 3094 1671 male
3125 1620 3523 1690 conjunxerat,
3558 1639 3684 1693 per-

2041 1701 2296 1756 mitteret
2327 1703 2629 1769 trucidari,
2672 1710 2736 1757 ut
2784 1705 2965 1773 possit
2994 1705 3048 1757 in
3084 1712 3430 1775 perpetuum
3482 1711 3551 1764 ab
3590 1726 3688 1764 eo-

274 1794 389 1849 bus
422 1794 529 1849 hoc
562 1810 777 1865 magna
808 1811 917 1848 sua
947 1793 1228 1864 patientia
1258 1798 1315 1847 et
1346 1793 1604 1847 bonitate
1639 1791 1925 1862 permisit,
1960 1821 2006 1885 B
2042 1806 2171 1844 rum
2205 1791 2496 1845 consortio
2536 1791 2789 1846 liberari.
2824 1792 3145 1863 Imperator
3176 1795 3352 1849 indici
3385 1799 3575 1852 sanxit
3596 1800 3691 1869 je-

271 1888 337 1938 ut
370 1885 440 1937 de
469 1899 609 1954 pace
640 1888 696 1937 et
724 1887 879 1937 statu
914 1882 1111 1953 patriae
1163 1899 1279 1937 suae
1331 1883 1602 1936 absentes
1631 1882 1920 1946 audirent,

273 1972 430 2042 quod
474 1976 785 2043 praesentes
837 1987 1143 2041 nunquam
1192 1971 1387 2026 videre
1432 1969 1669 2036 vellent;
1704 1970 1923 2039 felices,

274 2061 322 2116 si
355 2061 510 2115 bona
541 2076 649 2115 sua
676 2059 883 2114 saltem
924 2060 981 2113 in
1026 2059 1500 2130 peregninatione
1531 2059 1922 2130 cognoverint,

273 2155 331 2206 et
381 2149 627 2219 patriam
677 2148 962 2220 cupierint
983 2150 1052 2183 “2
1085 2149 1153 2202 de
1204 2165 1320 2219 qua
1370 2148 1573 2217 expelli
1625 2165 1738 2202 non
1792 2164 1923 2220 pos-

275 2242 427 2307 sent,
459 2238 559 2291 ubi
601 2237 754 2292 beati
805 2254 1007 2291 omnes
1058 2237 1304 2309 paciﬁci,
1338 2238 1613 2307 quoniam
1664 2236 1766 2290 ﬁlii
1826 2236 1925 2292 Dei

276 2332 418 2383 sunt
444 2328 652 2381 vocati.
678 2325 835 2381 Talis
862 2326 1056 2397 itaque
1089 2344 1191 2398 per
1212 2326 1310 2381 Dei
1345 2327 1765 2398 omnipotentis
1796 2344 1926 2398 gra-

276 2416 423 2470 tiam
455 2415 542 2469 vir
572 2415 681 2469 iste
712 2415 839 2482 fuit,
873 2420 937 2469 ut
987 2432 1089 2470 nec
1120 2415 1250 2470 odio
1285 2432 1386 2470 nec
1418 2416 1636 2470 invidia
1683 2417 1752 2470 ad
1802 2432 1929 2486 per-

280 2504 651 2576 sequendum
684 2520 781 2558 eos
830 2504 929 2574 qui
964 2502 1110 2559 tales
1141 2508 1305 2559 erant
1352 2503 1468 2559 ullo
1516 2506 1687 2559 modo
1717 2506 1929 2560 excita-

282 2600 465 2661 retur,
502 2609 605 2647 nec
636 2610 671 2647 a
702 2592 1030 2648 miserendo
1078 2598 1181 2648 aut
1229 2595 1514 2665 parcendo
1546 2593 1777 2648 miseris
1826 2594 1931 2647 du-

284 2682 425 2737 ritia
456 2686 559 2736 aut
604 2680 944 2736 crudelitate
993 2681 1190 2753 aliqua
1240 2681 1706 2753 restringeretur,
1740 2684 1838 2737 sed
1872 2690 1935 2736 ut

286 2774 491 2842 pastor
538 2768 821 2825 sollicitus
853 2774 909 2824 et
939 2784 1066 2825 vere
1119 2771 1233 2825 dux
1285 2770 1485 2841 populi
1536 2770 1637 2825 Dei
1686 2771 1934 2825 salutem

286 2858 554 2913 omnium
587 2863 640 2912 et
672 2858 981 2913 utilitatem
1014 2859 1071 2912 in
1104 2858 1261 2913 omni
1295 2859 1561 2929 quaesivit
1590 2861 1849 2929 negotio;
1883 2862 1941 2913 et

284 2965 434 3018 quos
466 2948 591 3018 ipse
618 2946 677 3000 in
712 2947 801 3001 via
832 2948 925 3001 Dei
960 2948 1125 3001 duxit
1155 2953 1212 3001 et
1241 2947 1455 3013 docuit,
1486 2965 1555 3002 ne
1588 2964 1620 3001 a
1655 2948 1941 3019 perversis

284 3037 707 3092 seducerentur
748 3040 803 3089 et
852 3037 912 3090 in
960 3052 1213 3090 errorem
1268 3036 1657 3103 mitterentur,
1708 3040 1941 3090 strenue

287 3124 625 3179 decertavit.
663 3123 917 3177 Tantum
950 3128 1145 3178 autem
1180 3124 1379 3178 aberat
1409 3142 1441 3178 a
1472 3124 1710 3190 savitia,
1746 3128 1808 3178 ut
1840 3140 1942 3195 pro

288 3212 386 3267 his
428 3212 628 3278 etiam,
660 3212 875 3283 quibus
922 3229 1187 3267 amarum
1237 3210 1455 3284 aliquid
1507 3230 1609 3284 pro
1664 3212 1944 3283 qualitate

287 3302 581 3356 factorum
602 3300 929 3356 necessario
954 3300 1386 3372 inferebat,ipse
1405 3302 1735 3372 frequenter
1750 3318 1840 3355 am
1852 3317 1946 3355 are

289 3391 490 3457 fieret;
522 3389 605 3444 ita
636 3391 889 3461 gaudere
918 3406 1049 3443 cum
1076 3390 1488 3461 gaudentibus,
1515 3407 1647 3444 cum
1673 3389 1946 3445 ﬂentibus

289 3480 434 3535 ﬂere
460 3479 779 3534 consuevit.
812 3478 958 3533 Nam
1011 3483 1068 3533 et
1114 3479 1214 3549 qui
1266 3479 1376 3533 hoc
1424 3479 1586 3546 dixit,
1634 3480 1946 3550 quemdam

289 3568 524 3625 Satanae
565 3568 623 3622 in
672 3568 974 3623 interitum
1014 3568 1206 3623 carnis
1240 3569 1462 3623 tradere
1503 3568 1702 3638 jussit,
1734 3573 1797 3622 ut
1826 3568 1949 3639 spi-

298 3657 456 3712 ritus
486 3658 545 3710 in
580 3656 672 3711 die
705 3656 927 3711 Domini
962 3655 1154 3711 salvus
1185 3672 1312 3711 esse
1342 3656 1529 3727 possit
1551 3658 1637 3712 διδ.

372 3747 465 3801 35.
491 3746 637 3817 (955)
671 3746 853 3818 Igitur
911 3762 1043 3800 cum
1096 3746 1219 3816 jam
1280 3762 1457 3818 prope
1513 3752 1665 3802 esset
1723 3764 1955 3802 summa

291 3836 423 3891 dies
456 3840 511 3889 et
538 3833 901 3889 inelectabile
948 3840 1200 3904 tempus,
1224 3851 1338 3905 quo
1370 3834 1524 3889 Deus
1558 3836 1951 3907 omnipotens,

293 3921 591 3995 propitius
634 3925 818 3984 terra,
854 3921 1053 3992 populi
1087 3922 1177 3975 sui
1220 3922 1381 3976 ultus
1430 3924 1797 3995 sanguinem,
1834 3941 1954 3979 ser-

285 4027 501 4067 vorum
534 4026 775 4065 suorum
807 4010 1121 4064 vindictam
1158 4011 1505 4065 retribueret
1534 4012 1593 4065 in
1628 4012 1827 4069 hostes
1860 4032 1954 4070 eo-

290 4116 451 4165 rum,
504 4102 821 4170 aggravata
850 4098 921 4133 “t
951 4104 1040 4153 est
1088 4098 1243 4153 ultra
1304 4100 1541 4155 modum
1601 4106 1657 4156 et
1717 4104 1957 4158 omnino

289 4187 743 4248 intolerabiliter
783 4186 1057 4258 superbia
1090 4187 1462 4243 ferocissimae
1512 4191 1703 4261 gentis
1736 4190 1958 4264 Ungro-

291 4294 454 4343 rum,
484 4277 744 4345 seducta,
780 4276 972 4343 credo,
1009 4276 1328 4347 superioris
1380 4278 1517 4332 onni
1570 4295 1847 4335 successu
1870 4281 1956 4336 “5.

289 4366 621 4437 Siquidem,
649 4369 711 4419 ut
740 4364 1111 4420 veracissime
1153 4366 1374 4420 dictum
1417 4370 1504 4421 est
1530 4384 1541 4421 :
1571 4368 1708 4423 Ante
1738 4372 1961 4425 ruinam

292 4456 582 4511 excitatur
628 4470 723 4509 cor
752 4455 1073 4525 (Prov.xv1,
1103 4455 1209 4523 18),
1247 4454 1325 4509 ibi
1377 4455 1712 4511 ceciderunt
1758 4475 1961 4514 omnes

2032 1880 2268 1949 junium
2303 1878 2450 1950 ipsa,
2486 1897 2611 1951 qum
2646 1886 2781 1935 tunc
2827 1887 2971 1947 erat,
3005 1884 3060 1935 in
3096 1881 3293 1954 vigilia
3324 1888 3506 1940 sancti
3544 1889 3691 1942 Lau-

2034 1968 2203 2022 rentii
2240 1970 2531 2040 martyris,
2566 1986 2667 2040 per
2709 1971 2878 2039 cujus
2928 1970 3318 2026 interventum
3354 1975 3461 2027 sibi
3498 1992 3685 2047 popu-

2036 2055 2207 2128 loque
2253 2074 2358 2111 suo
2418 2058 2610 2128 ipsum
2646 2059 2825 2112 Deum
2863 2060 3125 2129 poposcit
3179 2078 3306 2116 esse
3366 2064 3685 2135 refugium.

2039 2146 2402 2215 Propositum
2433 2149 2686 2217 suscepti
2712 2148 2903 2217 operis
2927 2154 3117 2219 negat,
3144 2150 3411 2220 expedire
3442 2152 3682 2222 bellum,

2040 2233 2223 2305 primo
2257 2240 2469 2289 sanctrc
2504 2236 2833 2290 festivitatis
2878 2236 3134 2291 diluculo
3178 2245 3539 2311 susceptum,
3569 2243 3692 2297 vix-

2038 2324 2176 2377 dum
2206 2324 2537 2393 vespertino
2570 2324 2933 2396 crepusculo,
2970 2330 3081 2379 Deo
3122 2327 3577 2385 misericorditer
3606 2332 3700 2388 di.

2040 2416 2354 2481 spensante
2384 2417 2439 2466 et
2470 2429 2571 2482 pro
2605 2412 2726 2466 suis
2777 2418 3092 2483 pugnante,
3127 2414 3269 2469 satis
3319 2415 3565 2471 feliciter
3598 2434 3697 2488 pe-

2044 2504 2291 2566 ractum,
2344 2488 2835 2555 miserendum‘“
2877 2505 3008 2572 post
3054 2502 3355 2557 victoriam
3404 2506 3699 2562 Cuononis

2047 2589 2376 2654 interitum,
2395 2588 2887 2659 gloriosissimum
2914 2590 3281 2661 imperatoris
3307 2593 3700 2666 triumphum,

2045 2694 2237 2748 regem
2263 2678 2453 2746 ipsum
2484 2678 2887 2743 barbarorum,
2913 2679 3091 2734 duces
3108 2685 3165 2733 et
3195 2682 3489 2753 principes
3519 2685 3702 2755 capti-

2044 2785 2166 2834 vos,
2208 2773 2421 2838 tropaea
2475 2783 2575 2837 per
2624 2771 2803 2820 totam
2865 2767 3026 2837 regni
3087 2768 3274 2839 ipsius
3328 2769 3701 2827 latitudinem

2049 2875 2235 2929 usque
2267 2858 2335 2910 ad
2361 2856 2622 2925 ejusdem
2645 2856 2835 2925 gentis
2860 2859 3004 2910 lines
3034 2856 3540 2927 frequentissima:
3570 2878 3699 2931 qua:

2051 2946 2249 3002 omnia
2296 2945 2514 3015 preprii
2573 2943 2924 2997 industriam
2987 2946 3177 3014 operis
3235 2947 3303 2999 ad
3364 2947 3609 3018 gloriam
3642 2954 3699 3003 et

2051 3036 2283 3090 laudem
2318 3032 2417 3087 Dei
2448 3032 2869 3100 omnipotentis
2900 3038 3237 3103 exspectant
3258 3035 3343 3088 ιδ’.

2124 3124 2212 3177 36.
2247 3116 2475 3183 Νοεύῐ,
2511 3138 2543 3175 a
2574 3138 2687 3192 quo
2728 3120 3031 3191 paululum
3064 3121 3427 3191 defleximus,
3461 3129 3533 3182 ad
3568 3145 3701 3200 pro-

2057 3213 2312 3284 positum
2332 3212 2658 3276 redeamus,
2676 3210 2812 3281 quid
2838 3210 3059 3265 interea
3082 3210 3212 3283 pius
3230 3214 3704 3289 archiepiscopus

2054 3303 2269 3368 Bruno,
2302 3300 2483 3355 totius
2528 3315 2761 3369 semper
2792 3314 3034 3369 perosus
3084 3300 3316 3356 malitia:
3348 3308 3403 3358 et
3434 3305 3701 3361 indefati~

2057 3395 2228 3462 gatus
2251 3388 2492 3459 justitia:
2536 3392 2861 3453 exsecutor,
2897 3388 3108 3456 fecerit,
3143 3390 3526 3449 disseramus.
3560 3400 3703 3451 Cum

2056 3480 2275 3533 videret
2298 3495 2358 3533 se
2382 3478 2449 3531 ad
2488 3477 2875 3547 praestitutum
2908 3476 3061 3532 diem
3095 3479 3305 3534 seniori
3332 3486 3387 3536 et
3417 3484 3575 3538 fratri
3600 3501 3707 3540 suo

2061 3585 2271 3639 magno
2292 3566 2624 3638 imperatori
2644 3582 2776 3620 cum
2797 3565 3173 3622 auxiliaribus
3192 3571 3375 3641 copiis
3398 3588 3512 3627 non
3537 3589 3711 3645 posse

2062 3673 2381 3721 occurrere,
2444 3654 2738 3726 simulque
2797 3660 2949 3710 esset
2972 3656 3038 3690 ⁸⁵³
3087 3657 3392 3729 sollicitus,
3434 3678 3505 3716 ne
3564 3663 3711 3718 forte

2063 3746 2291 3803 barbari
2326 3743 2542 3799 bellum
2573 3745 2824 3799 vitantes
2865 3745 2921 3798 in
2954 3745 3198 3801 Galliam
3246 3764 3351 3804 suo
3393 3750 3511 3820 juri
3547 3767 3713 3806 com-

2065 3837 2307 3892 missam
2360 3832 2716 3904 provinciam
2768 3833 3580 3903 declinarent,—arbitratus
3630 3841 3714 3894 sic

2067 3942 2128 3981 se
2160 3939 2336 3995 regno
2383 3920 2687 3976 consulere
2729 3921 2991 3991 votisque
3039 3923 3413 3993 imperatoris
3458 3927 3541 3981 sic
3592 3944 3722 3982 am-

2068 4014 2221 4086 plius
2271 4010 2558 4065 deservire
2590 4042 2656 4048 —
2688 4010 3019 4065 Liudollum
3070 4014 3287 4082 prolem
3343 4014 3583 4085 regiam,
3616 4031 3717 4071 ne-

2068 4107 2261 4175 potem
2292 4116 2489 4164 suum,
2512 4099 2799 4166 convenit,
2831 4116 3047 4171 aegrum
3093 4101 3220 4171 ejus
3253 4102 3516 4158 animum
3549 4104 3715 4159 blan-

2070 4190 2226 4246 ditiis
2249 4191 2319 4224 ‘3‘
2351 4187 2519 4243 melle
2552 4187 2913 4243 dulcioribus
2952 4189 3228 4252 delinivit.
3262 4195 3480 4247 statum
3514 4194 3713 4265 pristi-

2071 4297 2234 4346 num,
2268 4279 2313 4333 si
2349 4293 2479 4349 quae
2509 4293 2616 4331 sua
2662 4281 2826 4331 erant
2875 4278 3202 4333 accuratius
3231 4279 3404 4335 vellet
3451 4283 3715 4337 atiende—

2070 4388 2151 4437 re,
2185 4367 2536 4439 repromisit.
2570 4370 2616 4418 A
2658 4383 2771 4437 quo
2822 4370 3125 4437 postquam
3176 4369 3546 4425 medicinalia
3597 4386 3717 4426 ser-

2072 4474 2311 4513 monum
2345 4460 2399 4510 et
2429 4456 2895 4510 exhortationum
2941 4472 3177 4510 suarum
3214 4457 3476 4513 antidota
3505 4475 3621 4514 non
3651 4463 3717 4513 ut

292 4546 394 4617 qui
440 4544 838 4616 cperabantur
860 4544 926 4578 “5
958 4543 1330 4615 iniquitatem
1357 4545 1443 4597 “7.
1478 4544 1758 4600 Prasvenit
1808 4547 1957 4603 hanc
1990 4543 2035 4606 D
2068 4548 2231 4621 prius
2260 4545 2514 4615 obliquis
2543 4543 2891 4615 ambagibus
2926 4543 3225 4609 declinari,
3261 4548 3361 4601 sed
3397 4546 3568 4603 solito
3601 4548 3719 4603 avi-

291 4648 643 4707 pressuram
682 4632 1086 4687 imminentem
1127 4632 1391 4687 Ecclesiae
1425 4648 1536 4704 pax
1566 4634 1625 4687 in
1660 4634 1869 4706 placito
1891 4637 1959 4671 “3

292 4723 502 4796 regali,
530 4722 685 4792 quod
718 4721 776 4774 in
810 4723 1083 4776 Arnestat
1106 4722 1287 4791 (1941)
1320 4722 1586 4777 habitum
1622 4724 1748 4793 fuit,
1782 4742 1848 4781 ex
1878 4725 1962 4780 in-

290 4817 456 4885 tegro
510 4811 750 4866 condita
770 4812 858 4879 “9,
891 4815 947 4865 et
977 4826 1042 4864 ex
1094 4828 1307 4882 magna
1334 4814 1452 4881 jam
1488 4820 1650 4885 parte
1701 4831 1802 4886 per
1850 4816 1959 4870 im-

294 4900 595 4975 peratoris
628 4899 812 4954 nostri
863 4900 1224 4970 fratrumque
1269 4903 1396 4971 ejus
1426 4904 1775 4973 sapientiam
1824 4921 1958 4959 con-

2071 4638 2203 4692 dius
2249 4633 2684 4707 prazgustari‘55
2712 4637 2767 4687 et
2797 4632 2867 4686 ad
2918 4633 3193 4689 interiora
3243 4637 3495 4705 pectoris
3541 4636 3720 4709 recipi

2072 4727 2277 4793 sensit,
2312 4741 2444 4779 eum
2482 4739 2614 4776 mox
2644 4720 2921 4793 epiSCOpii
2952 4723 3044 4777 sui
3080 4723 3270 4778 locum
3307 4725 3717 4797 venerabilem,

2074 4817 2331 4871 Bonnam
2377 4809 2950 4879 videlicet,jucunde
3002 4812 3143 4865 satis
3195 4813 3474 4879 invitavit,
3502 4816 3720 4884 jucun-

2072 4905 2205 4959 dius
2247 4900 2525 4971 suscepit,
2558 4898 2714 4953 omni
2764 4898 3055 4969 voluptate
3104 4901 3411 4975 utriusque
3458 4903 3634 4974 digna
3666 4906 3725 4958 et

1678 5046 1908 5101 VARle
1960 5046 2365 5102 LECTIONES.

377 5171 445 5205 ⁴³⁸
476 5171 552 5224 do
606 5171 654 5223 1.
735 5168 802 5205 ‘3’
833 5168 901 5224 ad
951 5185 1090 5224 corr.
1144 5168 1199 5222 id
1246 5170 1300 5221 2.
1382 5170 1448 5203 “0
1478 5184 1652 5239 quam
1690 5172 1737 5223 1.

300 5244 374 5277 ⁴⁴⁵
404 5257 749 5297 successum
782 5243 834 5296 3.
915 5242 981 5274 “5
1012 5246 1329 5311 operantur
1357 5241 1406 5293 1.
1439 5244 1491 5295 2.
1528 5241 1667 5294 Folc.

302 5316 372 5348 “9
408 5313 683 5369 condicta
730 5315 783 5366 2.
817 5314 867 5368 3.
920 5313 1060 5366 Folc.

298 5386 370 5420 ‘5‘
402 5384 715 5439 blandiens
744 5388 797 5437 2.
874 5383 940 5417 “5
972 5400 1019 5438 s.
1056 5401 1101 5438 s.
1138 5400 1189 5437 a.
1224 5400 1281 5455 p.
1314 5382 1504 5436 desunt
1532 5382 1587 5436 3.

1816 5172 1879 5206 ""
1916 5175 2005 5226 est
2054 5171 2186 5226 add.
2241 5172 2293 5224 3.

1747 5242 1811 5275 “7
1843 5243 1984 5297 deest
2020 5244 2067 5299 1.

1140 5312 1206 5345 ιδο
1237 5317 1517 5380 tanquam
1568 5312 1619 5364 3.
1672 5322 1721 5367 et
1772 5314 2088 5372 Folcuinus.

2372 5169 2439 5201 “9
2470 5170 2767 5237 cuperent.
2846 5168 2913 5201 “3
2949 5174 3143 5238 posset
3182 5171 3234 5222 3.
3311 5169 3378 5203 ⁸⁸⁸
3407 5168 3616 5223 etenim
3666 5168 3719 5223 3.

2146 5243 2211 5275 “3
2246 5240 2568 5312 itarorreati
2614 5240 2871 5295 Folcuz'no
2918 5242 3288 5310 suﬂraganle;
3323 5240 3537 5312 palatio
3566 5240 3719 5295 codd.

2170 5316 2234 5349 ‘5‘
2269 5311 2670 5368 miserandum
2702 5312 2756 5369 2.
2835 5313 2903 5348 ⁴⁵²
2934 5312 3252 5383 expectavit
3277 5311 3338 5369 3.
3408 5312 3477 5347 “3
3508 5328 3637 5368 esse
3668 5314 3719 5371 1.

1897 5483 2129 5541 NOT/E.

382 5605 575 5680 (1941)
606 5607 884 5665 Arnstadt
915 5608 971 5662 in
1004 5608 1359 5681 Thuringia;
1394 5608 1468 5665 cf.
1498 5625 1633 5665 ann.
1665 5611 1847 5684 Augg.
1882 5628 1934 5667 a.
1967 5612 2091 5668 954.
