4064 6188
418 280 536 340 967

1387 274 1453 334 S.
1501 270 1904 336 BBUNONIS
1953 269 2464 331 COLONIENSIS
2505 270 2866 334 ARCHIEP.

3710 273 3846 335 968

421 411 725 467 commoda
756 405 1098 478 cunctisque
1129 406 1225 477 qui
1267 407 1510 461 aderant
1557 405 1920 477 gratissima,
1952 419 2064 458 non
2097 405 2151 470 Α
2181 403 2357 469 tione,
2391 404 2632 460 consilio
2670 408 2728 462 et
2776 401 3190 477 disputatione,
3223 401 3323 458 sed
3375 401 3549 458 etiam
3601 402 3664 457 in
3720 405 3847 460 acie

418 501 727 556 immemor
754 496 923 567 regies
954 495 1280 567 dignitatis,
1313 496 1523 551 affecit.
1557 495 1664 558 Qui
1709 496 1849 549 dum
1881 492 2072 547 adhuc

417 587 592 645 simul
622 590 839 654 essent,
871 585 942 640 de
989 584 1081 640 his
1131 601 1259 655 qua;
1314 584 1372 638 in
1422 583 1790 656 expeditione
1840 580 2069 647 bellica,

413 677 531 732 imo
561 673 776 740 divina,
802 675 1014 729 virtute
1048 674 1198 729 facta
1229 679 1389 738 sunt,
1422 673 1663 728 nuntios
1695 673 2067 742 acceperunt.

413 764 631 820 Institit
651 768 920 835 nepotem
944 766 1188 834 patruus
1210 761 1466 833 amplius
1490 760 1801 816 consolari.
1829 760 2070 814 Factum

409 859 499 910 est
527 855 587 908 in
619 852 776 908 brevi
801 852 1083 907 instinctu
1116 852 1293 921 hujus
1319 849 1670 912 consiliarii,
1695 853 1760 903 ut
1789 847 1906 902 lilio
1940 862 2067 929 suo,

411 943 511 1014 qui
547 942 797 1014 perierat
825 946 882 996 et
920 941 1194 995 inventus
1223 943 1331 1007 est,
1364 939 1686 1010 imperator
1732 941 1913 992 totam
1967 935 2072 991 Ita-

407 1031 548 1087 liam
577 1031 886 1102 delegaret,
920 1034 978 1084 et
1006 1030 1160 1101 quod
1212 1029 1405 1098 majus
1473 1027 1604 1093 fuit,
1637 1031 1939 1098 paternam
1972 1025 2070 1077 fir-

409 1121 674 1176 missime
718 1120 991 1190 pietatem
1043 1118 1429 1189 impenderet.
1474 1115 1580 1170 Ubi
1630 1115 1768 1169 dum
1818 1112 2068 1168 maxime

405 1210 624 1282 placuit
652 1208 887 1280 populo,
916 1207 1186 1278 viamque
1218 1205 1508 1261 affectavit
1537 1203 1805 1275 Olympo,
1835 1204 2070 1273 repente

405 1299 512 1354 ﬂos
539 1297 636 1353 ille
662 1296 1074 1368 integerrimus
1105 1300 1162 1350 et
1209 1296 1388 1349 robur
1427 1293 1590 1364 regni
1637 1291 2006 1347 tutissimum
2039 1306 2068 1343 e

406 1386 598 1442 medio
638 1384 886 1441 excessit
916 1383 1280 1454 (957).Pater
1325 1387 1520 1437 autem
1570 1382 1698 1451 ejus
1749 1380 2066 1451 imperator

405 1492 472 1531 ac
521 1489 753 1545 semper
801 1471 1152 1542 magnificus
1202 1469 1621 1540 triumphator,
1670 1473 1799 1539 post
1839 1468 2065 1522 luctum

403 1563 799 1620 consolatione
844 1564 1096 1631 recepta,
1124 1575 1258 1614 cum
1294 1559 1473 1613 fratre
1523 1575 1631 1614 suo
1680 1562 1934 1612 veterem
1966 1571 2064 1610 ne-

403 1650 822 1707 cessitudinem
856 1665 1002 1703 nova
1046 1646 1726 1716 consuetudinejunxit;
1762 1643 2062 1700 Coloniam

2181 492 2434 548 vidimus
2465 495 2829 566 providentes
2861 494 3012 548 bona
3054 509 3169 548 non
3202 496 3429 547 tantum
3462 508 3664 547 coram
3697 492 3841 563 Deo,

2182 591 2281 644 sed
2314 591 2490 646 etiam
2523 608 2718 646 coram
2752 590 3111 647 hominibus.
3148 593 3281 644 Erat
3311 605 3565 660 namque
3599 590 3662 644 in
3691 591 3843 645 occ-i-

2181 677 2513 735 dentalibus
2555 680 2847 735 Lotharici
2879 680 3038 752 regni
3089 679 3307 733 ﬁnibus
3337 677 3494 733 velut
3542 679 3840 734 indomita

2181 768 2499 835 barbaries,
2533 785 2599 823 ea
2649 786 2775 840 quae
2808 769 3113 824 videbatur
3140 767 3408 822 Ecclesiae
3457 766 3681 838 proles,
3717 768 3840 823 feli-

2181 856 2340 910 citati
2373 857 2636 911 invidens
2665 857 2884 924 alienae,
2919 873 3023 912 nec
3045 857 3240 911 minus
3263 856 3436 912 saluti
3469 873 3615 926 suae,
3640 857 3838 928 despi-

2180 944 2336 1000 ciens
2367 951 2620 1016 paternaa
2652 946 3053 1001 blandimenta
3081 945 3521 1009 exhortationis,
3544 951 3837 1001 terrorem

2177 1033 2271 1087 vix
2299 1036 2558 1089 sentiens
2591 1035 2912 1105 potestatis.
2949 1033 3057 1100 Qui
3104 1035 3154 1088 si
3194 1034 3318 1104 juri
3367 1051 3471 1088 suo
3521 1034 3838 1105 permitte-

2179 1127 2381 1177 rentur
2404 1124 2490 1189 “0,
2525 1124 2648 1178 suis
2698 1123 2970 1194 perversi,
3003 1123 3240 1178 sibimet
3270 1123 3410 1194 ipsis
3461 1123 3714 1194 pessimi
3749 1123 3836 1177 vi-

2177 1211 2469 1267 derentur.
2495 1211 2595 1266 Ille
2616 1229 2747 1267 vero
2778 1215 2910 1267 ante
2930 1211 3126 1266 omnia
3153 1209 3388 1282 provido
3413 1228 3557 1266 usus
3589 1217 3684 1266 est
3718 1229 3840 1266 mo-

2176 1299 2476 1355 deramine
2506 1299 2892 1369 discretionis,
2927 1305 2990 1354 ut
3033 1317 3135 1372 pro
3167 1299 3442 1370 qualitate
3474 1299 3752 1354 locorum
3785 1307 3840 1355 et

2177 1393 2505 1460 temporum
2537 1389 2595 1443 in
2629 1389 2960 1460 praelatione
2991 1392 3294 1459 pastorum
3317 1389 3377 1421 ⁴⁶¹
3413 1389 3484 1442 ad
3519 1388 3844 1460 sapientis-

2177 1477 2310 1532 simi
2345 1477 2714 1548 imperatoris
2759 1477 2942 1533 nostri
2977 1477 3286 1548 imperium
3319 1477 3608 1532 Dominici
3638 1478 3842 1549 gregis

2175 1566 2303 1638 paci
2333 1571 2390 1621 et
2420 1566 2829 1638 tranquillitati
2860 1565 3207 1632 consuleret,
3237 1565 3366 1621 illos
3400 1565 3691 1620 nimirum
3724 1583 3840 1622 caa-

2174 1655 2313 1710 teris
2345 1655 2675 1726 prmferens,
2703 1655 2916 1726 quibus
2961 1670 3333 1726 nequaquam
3364 1660 3519 1710 esset
3560 1655 3839 1727 incogni-

401 1740 589 1807 venit;
623 1739 702 1792 ibi
734 1753 794 1793 se
828 1755 944 1792 non
974 1741 1095 1792 tam
1139 1736 1416 1792 fraternis
1448 1735 1693 1802 deliciis,
1721 1750 1898 1806 quam
1933 1749 2061 1787 mu-
2093 1773 2140 1836 B
2175 1748 2320 1814 tum,
2347 1745 2484 1815 quid
2518 1745 2768 1815 pastoris
2809 1749 2966 1800 esset,
3007 1743 3285 1811 ofﬁcium,
3309 1744 3447 1814 quid
3479 1744 3837 1799 mercenarii

403 1830 522 1885 tuis
549 1845 680 1884 cum
722 1826 820 1881 illo
863 1827 1224 1898 aspectibus,
1259 1825 1563 1894 affatibus,
1591 1829 1648 1879 et
1677 1823 1907 1878 cunctis
1937 1840 2061 1876 om-

399 1918 536 1974 nino
583 1914 1038 1988 jucundissimis
1089 1915 1298 1969 usibus
1330 1912 1658 1969 oblectavit.
1709 1912 1824 1967 Nec
1876 1911 2062 1969 defuit

395 2007 613 2062 ibidem
656 2021 855 2060 severa
905 2003 963 2057 in
1012 2003 1312 2074 improbos
1363 2007 1420 2056 et
1477 2002 1846 2073 importunos
1905 2001 2060 2054 cives

393 2095 556 2166 regni
605 2109 854 2148 censura
903 2091 1138 2161 judicii,
1174 2091 1392 2146 blanda
1449 2089 1585 2143 item
1646 2089 1704 2142 in
1767 2089 1951 2143 bonos
2003 2104 2060 2159 et

392 2183 565 2238 mites
602 2183 707 2254 piae
739 2179 1161 2237 dominationis
1211 2177 1555 2234 liberalitas.
1592 2179 1670 2233 De
1705 2182 1858 2233 statu
1893 2180 2056 2249 regni

381 2274 682 2343 rebusque
739 2271 867 2340 ejus
924 2268 1186 2324 tutandis
1248 2272 1304 2322 et
1361 2267 1680 2323 dilatandis
1736 2265 1941 2322 sedulo
2001 2268 2056 2320 et

389 2368 628 2418 strenue
657 2361 717 2414 in
752 2375 1062 2415 commune
1103 2356 1440 2414 consultum
1476 2358 1563 2426 ‘5‘,
1599 2361 1664 2411 ut
1689 2357 1762 2411 de
1789 2355 2054 2411 sancien-

387 2452 479 2506 dis
507 2448 890 2523 quibuslibet,
922 2447 1054 2502 aliis
1096 2446 1452 2513 resecandis,
1483 2445 1824 2501 cautissime
1858 2460 2051 2516 agere-

384 2545 502 2606 tur,
530 2555 768 2595 summo
794 2537 1040 2593 consilio
1074 2536 1371 2608 provisum
1405 2540 1512 2591 est.

454 2630 544 2683 37.
578 2628 850 2691 Quaesivit
877 2627 1100 2680 interea
1141 2642 1376 2680 summa
1405 2623 1714 2688 diligentia
1745 2623 1878 2695 pius
1909 2638 2038 2694 pas-

271 2739 282 2752 ι
386 2721 476 2771 tor
522 2716 736 2784 Bruno,
787 2713 1048 2768 veritatis
1097 2719 1372 2781 assertor,
1407 2712 1702 2783 Evangelii
1758 2726 2042 2782 propaga-

384 2810 494 2871 tor,
528 2820 708 2858 navos
751 2807 807 2857 et
853 2800 1177 2856 industrios
1208 2801 1386 2867 viros,
1420 2799 1520 2872 qui
1572 2816 1692 2854 rem
1747 2798 2041 2870 publicam

384 2911 491 2950 suo
522 2892 770 2965 quisque
798 2891 924 2946 loco
976 2890 1088 2945 fide
1119 2895 1177 2944 ct
1207 2889 1432 2944 viribus
1487 2892 1812 2943 tuerentur.
1844 2887 1944 2942 His
1976 2891 2042 2940 ut

385 2999 573 3054 neque
629 2980 940 3037 consilium
1001 2995 1188 3050 neque
1245 2978 1422 3050 copiae
1481 2978 1772 3044 deessent,
1833 2975 2038 3032 sedulo

384 3072 625 3128 curavit.
658 3071 950 3141 Quotquot
998 3069 1172 3124 etiam
1218 3068 1288 3122 de
1336 3067 1698 3138 principibus
1746 3072 1804 3121 et
1850 3065 2033 3137 regio-

2170 1841 2399 1911 vitium,
2424 1841 2564 1914 quid
2595 1841 2654 1896 in
2682 1841 3008 1897 ministerio
3036 1841 3329 1914 susceptio
3349 1842 3438 1909 ⁸⁵³,
3462 1842 3608 1913 quid
3645 1844 3704 1896 in
3737 1859 3838 1898 an-

2169 1932 2333 2002 garia
2363 1936 2463 1986 aut
2493 1931 2782 2002 agendum
2815 1935 2971 1987 esset
3008 1935 3110 1986 aut
3138 1931 3531 2002 sperandum;
3565 1930 3738 1996 alios,
3766 1936 3832 1985 ut

2170 2020 2337 2090 quasi
2385 2020 2619 2075 cortinae
2667 2019 3090 2091 hyacincthinm
3122 2019 3398 2075 interiora
3447 2021 3667 2075 domus
3713 2025 3827 2076 Do-

2169 2109 2311 2163 mini
2341 2113 2644 2177 ornarent;
2679 2109 2846 2176 alios,
2878 2113 2942 2164 ut
2970 2108 3139 2180 quasi
3169 2124 3311 2181 saga
3340 2108 3573 2164 ciliciua
3604 2109 3825 2165 deforis

2165 2197 2498 2254 violentiam
2530 2202 2952 2268 tempestatum
2982 2201 3260 2252 arcerent.

2233 2342 2321 2394 38.
2358 2341 2522 2395 Libet
2551 2339 2891 2394 meminisse
2937 2339 3233 2410 quoddam
3265 2339 3447 2410 hujus
3499 2339 3579 2411 pii
3631 2340 3829 2396 Patris

2162 2429 2324 2501 pium
2356 2435 2413 2484 et
2441 2429 2734 2484 laudabile
2766 2429 3004 2499 factum,
3030 2429 3181 2500 quod
3226 2427 3283 2482 in
3327 2428 3472 2500 ipsis
3503 2431 3825 2487 sacerdotii

2159 2519 2248 2574 sui
2281 2517 2639 2590 primordiis,
2677 2523 2738 2572 ut
2768 2535 2870 2588 pro
2900 2517 3060 2572 luctu
3096 2516 3423 2589 spirituque
3454 2521 3728 2574 maeroris
3764 2521 3820 2576 in

2157 2623 2571 2678 oppressorum
2591 2607 2866 2661 cordibus
2883 2605 3157 2661 excitaret
3173 2621 3337 2677 spem
3356 2605 3824 2677 salutis,ei1‘ecis-

2155 2713 2217 2750 se
2240 2694 2910 2767 cognoscitur,quamvis
2929 2695 3037 2749 hoc
3067 2694 3283 2765 ipsum,
3308 2695 3381 2749 ob
3408 2695 3673 2766 inopiam
3701 2715 3817 2753 rec-

2153 2788 2207 2838 te
2239 2783 2645 2849 dividentium,
2673 2783 2883 2854 lingua:
2917 2782 3296 2838 calumnianti
3331 2783 3440 2837 fuit
3461 2784 3810 2841 obnoxium.

2150 2881 2294 2944 Quid
2325 2880 2480 2936 enim
2504 2899 2618 2936 non
2647 2880 2922 2952 pervertit
2943 2879 3407 2952 invidentia,qua
3432 2881 3595 2937 nulla
3617 2885 3814 2954 major

2149 2986 2278 3026 esse
2307 2971 2537 3025 videtur
2575 2969 2868 3024 amentia?
2889 2969 3189 3040 Siquidem
3224 2968 3534 3038 Ratberus,
3563 2970 3810 3027 Verona:

2147 3090 2215 3098 —-
2237 3076 2362 3130 quae
2408 3059 2611 3114 civitas
2642 3062 2731 3114 est
2762 3057 2937 3113 Italiae
2961 3090 3025 3098 —-
3058 3057 3366 3112 ordinatus
3397 3059 3634 3130 presul,
3670 3078 3809 3117 cum

382 3161 563 3216 nariis
611 3134 934 3233 prioribus,
995 3134 1352 3228 caaterisque—
1401 3134 1651 3227 quorum
1722 3134 2025 3226 dispositio
2059 3134 2100 3200 C
2141 3148 2479 3218 exquadam
2503 3147 2609 3202 levi
2635 3147 3308 3219 suspicione,utmosest
3327 3147 3516 3218 gentis
3541 3148 3808 3220 illius,ab

381 3249 542 3322 regni
578 3249 874 3317 intererat,
908 3245 1310 3302 saluberrimis
1360 3245 1486 3301 suis
1534 3243 2035 3300 admonitionibus

381 3339 450 3394 ad
485 3338 818 3394 communis
869 3337 1154 3391 bonorum
1206 3334 1472 3390 omnium
1524 3333 1796 3389 utilitatis
1849 3333 2036 3387 fmdus

378 3428 492 3483 ﬁde
539 3427 711 3499 plena
765 3430 1204 3490 consenserant,
1236 3425 1344 3479 hos
1395 3424 1518 3495 ipse
1569 3424 1720 3477 inter
1768 3437 2035 3476 summos

377 3519 434 3570 et
482 3514 799 3570 familiares
848 3513 1118 3581 habebat,
1171 3513 1390 3567 eisdem
1444 3511 1880 3581 imperatorem,
1911 3526 2036 3581 ger-

375 3619 621 3658 manum
681 3618 878 3666 suum,
927 3601 1192 3671 apprime
1250 3599 1720 3663 conciliabat‘";
1779 3614 2032 3668 pensans

375 3707 491 3746 non
538 3695 755 3744 temere
787 3705 820 3743 a
850 3688 1106 3759 quodam
1159 3687 1422 3758 sapiente
1470 3687 1689 3741 dictum
1725 3702 1791 3738 :«
1828 3688 2030 3757 Bonus,

369 3779 468 3834 ubz
510 3778 781 3849 negligas,
825 3778 1064 3846 segnior,
1115 3785 1178 3832 at
1206 3776 1274 3810 ⁸⁵⁸
1317 3776 1498 3830 malus
1550 3775 1609 3844 ﬁt
1657 3775 1973 3845 improbior.
2005 3797 2024 3823 ιι

370 3866 885 3939 Archiepiscopum
919 3864 1182 3921 Treveris
1225 3864 1567 3934 Henricum,
1602 3863 1801 3936 magni
1835 3864 2027 3919 meriti

369 3960 426 4012 et
457 3973 702 4012 summa!
747 3954 1054 4027 probitatis
1096 3954 1309 4020 virum,
1345 3953 1445 4024 qui
1495 3953 1774 4007 Rutberto
1800 3953 1867 3986 “9
1899 3970 2028 4008 ma-

367 4045 582 4118 gnifico
616 4043 849 4116 prmsuli
873 4043 1122 4099 Colonias
1155 4043 1212 4098 in
1239 4043 1400 4114 gravi
1434 4041 1784 4114 pestilentia,
1809 4058 1943 4096 cum
1971 4046 2028 4098 et

367 4135 685 4206 imperator
714 4133 929 4188 ibidem
964 4135 1138 4198 esset,
1163 4132 1441 4187 defuncto
1465 4130 1771 4198 successit,
1792 4129 2027 4186 Wilhel-

365 4240 530 4279 mum
577 4219 1120 4293 quoque,praacluis
1167 4225 1223 4275 et
1269 4219 1620 4292 gratissima:
1674 4218 2022 4275 excellentiae

365 4311 905 4376 archimandritam,
934 4313 1205 4381 nepotem
1236 4325 1436 4377 suum,
1462 4307 1764 4363 Fritherici
1792 4311 2023 4380 Mogon-

362 4400 509 4458 tiani
541 4399 826 4455 antistitis
875 4413 1297 4464 successorem,
1332 4398 1536 4453 ambos
1586 4396 1874 4469 egregios,
1896 4413 2020 4452 am-

2147 3235 2364 3290 honore
2387 3236 2710 3308 propria“63
2733 3236 2890 3290 sedis
2921 3240 3074 3291 esset
3101 3235 3402 3307 expulsus,
3429 3237 3809 3311 Laodicensis

2143 3326 2427 3381 ‘5‘cathed
2439 3344 2509 3380 rae
2523 3326 2990 3396 vacanti,magna
3007 3326 3134 3397 ejus
3154 3325 3808 3390 industria,secundum

2145 3420 2365 3470 statuta
2412 3431 2725 3481 canonum,
2769 3414 3168 3469 incardinatus
3208 3418 3317 3468 est.
3351 3414 3511 3477 Quod
3557 3417 3804 3487 quidem

2146 3509 2376 3576 propter
2407 3504 2800 3559 abundantem
2845 3503 3170 3558 doctrinam
3197 3503 3264 3537 ⁴⁶⁸
3293 3507 3349 3557 et
3395 3501 3800 3575 eloquentiam

2142 3593 2460 3664 00piosam,
2477 3609 2595 3663 qua
2616 3592 2765 3646 inter
2788 3591 3254 3662 sapientissimos
3278 3591 3480 3647 florere
3497 3593 3664 3648 visus
3687 3601 3798 3666 est,

2141 3705 2256 3744 non
2283 3689 2471 3743 eidem
2502 3687 2692 3743 solum
2727 3687 2993 3744 Ecclesia:
3016 3688 3107 3743 cui
3140 3689 3388 3760 praefuit,
3413 3690 3516 3744 sed
3549 3696 3608 3745 et
3640 3691 3799 3746 mul-

2140 3778 2215 3833 tis
2244 3777 2376 3832 aliis
2407 3777 2864 3849 circumquaque
2901 3776 3064 3832 valde
3103 3778 3430 3849 proficuum
3463 3778 3589 3834 fore
3619 3787 3793 3852 puta-

2138 3871 2264 3921 tum
2296 3870 2402 3922 est.
2427 3865 2613 3921 Simul
2637 3867 2775 3938 quia
2804 3865 2863 3920 in
2897 3865 3012 3920 illis
3045 3866 3310 3938 partibus
3361 3883 3462 3938 per
3508 3867 3710 3924 zelum
3739 3875 3792 3926 et

2137 3955 2760 4018 contentionem,unde
2789 3955 2913 4010 fieri
2935 3955 3082 4010 solet
3110 3955 3506 4011 inconstantia
3530 3962 3589 4012 et
3619 3974 3794 4014 omne

2137 4061 2284 4115 opus
2305 4045 2832 4116 prmvum,quidam
2855 4044 3030 4099 etiam
3055 4045 3384 4101 sacerdotes
3408 4045 3663 4117 Domini,
3684 4048 3799 4120 ple-

2136 4149 2407 4204 rumque,
2440 4133 2591 4204 quod
2637 4133 2791 4188 dictu
2841 4134 3003 4189 nefas
3044 4137 3403 4202 est,terrenzs
3450 4133 3586 4206 plus
3627 4137 3798 4206 justo

2135 4221 2339 4278 confisi
2392 4221 2684 4293 potentiae,
2719 4221 3000 4293 populum
3033 4223 3372 4294 imperitum
3426 4224 3796 4282 scandaliza-

2133 4311 2311 4366 bant:
2347 4327 2495 4382 saepe
2524 4310 2716 4366 dictus
2748 4326 3016 4382 sapeque
3049 4311 3334 4367 dicendus
3363 4313 3621 4368 domnus
3655 4313 3797 4369 Bru-

2135 4415 2229 4466 no,
2257 4399 2347 4454 cui
2373 4400 2498 4470 jam
2529 4398 2706 4454 totius
2739 4400 2902 4472 regni
2932 4399 3311 4472 dispensandi
3342 4417 3483 4456 cura
3512 4402 3796 4459 immine-

362 4491 468 4547 bos
498 4491 556 4545 in
589 4488 816 4544 Domini
849 4488 976 4560 lege
1006 4487 1255 4560 perfecte
1304 4487 1644 4553 instructos,
1680 4485 2016 4557 imperatori
2048 4503 2097 4568 D
2132 4488 2248 4551 bat,
2283 4492 2447 4543 ratus
2479 4488 2535 4542 id
2583 4489 2737 4559 quod
2769 4505 2973 4544 verum
3028 4489 3156 4557 fuit,
3190 4489 3346 4544 hunc
3393 4490 3650 4561 ejectum
3684 4509 3796 4548 an-

363 4578 610 4634 alterum
640 4576 1163 4649 consanguinitate,
1189 4575 1434 4631 alterum
1461 4574 1769 4646 probitate,
1795 4578 2015 4630 utrum-

363 4682 476 4737 que
533 4666 929 4723 familiaritate
987 4664 1540 4736 conjunctissimos,
1597 4663 1724 4734 ipse
1780 4679 2012 4735 quoque

362 4754 655 4826 imprimis
703 4772 937 4810 summa
975 4753 1344 4810 veneratione
1393 4752 1636 4809 colebat.
1673 4753 1787 4807 Hos
1835 4752 2014 4824 igitur

362 4845 509 4898 tales
539 4847 661 4898 tam
685 4841 963 4914 illustres,
986 4847 1106 4898 tam
1129 4848 1284 4898 certe
1304 4841 1597 4914 sapientes
1619 4845 1678 4896 et
1707 4839 2012 4900 religiosos

358 4937 416 4989 et
445 4934 504 4988 in
537 4932 814 4988 omnibus
843 4932 1012 4986 bonis
1043 4933 1269 4986 artibus
1299 4932 1556 4987 eruditos
1587 4929 1738 4986 viros
1771 4931 1842 4985 ad
1876 4947 2009 4986 con-

358 5021 579 5090 silium,
614 5038 685 5077 ne
733 5020 880 5076 forte
930 5020 1053 5091 ipse
1106 5037 1207 5092 per
1249 5037 1330 5088 se,
1366 5026 1430 5075 ut
1479 5023 1618 5075 sunt
1665 5019 1944 5085 humana,
1977 5037 2011 5076 a

358 5112 594 5168 tramite
653 5110 915 5167 veritatis
950 5109 1204 5181 -uspiam
1263 5110 1630 5175 exorbitaret,
1678 5109 2012 5180 frequenter

357 5200 656 5268 adhibuit;
709 5201 816 5256 hos
863 5216 998 5256 cum
1029 5198 1156 5271 ipso
1189 5198 1366 5254 simul
1397 5216 1510 5254 non
1546 5199 1736 5254 solum
1787 5198 1846 5252 in
1895 5197 2012 5253 lec-

2127 4575 2298 4632 tehac
2331 4579 2388 4631 et
2417 4575 2743 4648 neglectum
2801 4577 2911 4634 hoc
2969 4581 3126 4634 tanto
3182 4578 3464 4635 beneﬁcio
3513 4580 3589 4635 ad
3642 4579 3792 4637 illud

2124 4665 2257 4720 fidei
2287 4669 2344 4720 et
2372 4664 2633 4720 veritatis
2667 4665 2852 4722 fcedus
2892 4666 3127 4735 adduci,
3159 4670 3224 4722 ut
3253 4683 3286 4722 a
3317 4666 3549 4723 nemine
3583 4675 3794 4740 posset

2123 4754 2344 4825 seduci,
2405 4753 2487 4809 ita
2539 4754 2776 4810 demum
2834 4771 2898 4811 os
2953 4755 3318 4828 loquentium
3377 4756 3618 4812 inimica
3685 4759 3793 4814 ob-

2122 4848 2346 4899 struere
2379 4860 2549 4915 posse
2592 4844 2859 4910 credidit,
2893 4845 2940 4899 si
2974 4844 3136 4900 nulla
3167 4845 3392 4901 occasio
3423 4846 3695 4902 scandali
3725 4848 3792 4882 ⁸⁸³

2122 4937 2320 5004 posset
2375 4931 2431 4986 in
2492 4949 2693 4987 eorum
2751 4933 3022 5006 episcopo
3076 4933 3336 5006 reperiri.
3381 4934 3490 4990 Sed
3555 4936 3627 4990 ad
3695 4938 3792 4992 sui

2122 5020 2437 5092 perniciem
2486 5039 2620 5093 pars
2667 5021 2907 5078 sinistra
2952 5024 3280 5094 praevaluit;
3333 5024 3623 5095 quidquid
3682 5044 3791 5098 pro

2121 5109 2309 5166 salute
2365 5127 2566 5166 eorum
2627 5115 2857 5183 gestum
2915 5116 3034 5181 est,
3094 5112 3202 5168 hoc
3259 5112 3369 5168 sibi
3431 5113 3787 5184 pestiferum

2120 5196 2508 5255 aestimabant.
2557 5199 2702 5265 Quid
2754 5199 2981 5255 multa?
3032 5201 3298 5256 Erratum
3349 5205 3459 5272 est,
3505 5202 3785 5262 saevitum

1699 5322 1938 5380 VARle
1978 5322 2388 5383 LECTIONES.

427 5415 493 5449 “5°
524 5414 831 5472 consilium
859 5418 915 5499 2.
992 5415 1058 5452 “7
1090 5415 1436 5472 consiliabat
1462 5413 1515 5468 2.
1593 5412 1661 5450 ὀδε
1691 5417 1792 5470 aut
1840 5415 1890 5470 1.
1924 5414 1975 5469 3.
2053 5415 2122 5450 ⁴⁵⁹
2152 5416 2448 5472 ruotberto
2477 5412 2532 5472 2.
2565 5409 2618 5472 3.
2695 5414 2763 5452 “0
2791 5411 2952 5524 ipsos
2993 5431 3227 5546 quoque
3276 5432 3422 5526 q‘uos
3472 5415 3782 5500 imprimis

431 5501 591 5542 mma
619 5496 985 5544 veneratione
1015 5489 1239 5544 colebat
1267 5487 1395 5543 add.
1430 5487 1482 5539 3.
1559 5486 1623 5520 ⁴⁶¹
1658 5487 1813 5544 deest
1841 5488 1896 5542 3.
1971 5484 2039 5522 ⁴⁶²
2071 5492 2341 5546 suscepto
2382 5488 2438 5545 2.
2483 5487 2635 5545 deest
2665 5488 2719 5544 3.
2845 5491 2864 5525 ³
2893 5489 3095 5546 primae
3173 5534 3186 5546 .
3263 5489 3282 5524 ‘
3360 5489 3692 5546 leodicensi
3723 5493 3778 5546 3.

354 5501 591 5562 summa
619 5489 985 5562 veneratione
1015 5489 1239 5562 colebat
1267 5487 1403 5562 add.
1430 5487 1482 5562 3_.
1559 5486 1640 5562 ‘5:
1658 5487 1813 5544 deest
1841 5488 1896 5542 3.
1971 5484 2039 5522 ⁴⁶²
2071 5492 2341 5562 suscepto
2382 5488 2438 5545 2.
2483 5487 2635 5545 deest
2665 5488 2719 5544 3.

349 5559 418 5638 4⁸⁸
449 5557 871 5618 abundantiam
903 5561 1176 5618 doctrinae
1207 5561 1260 5616 3.
1339 5559 1406 5596 “5
1436 5556 1582 5614 deest
1613 5558 1664 5615 3.

2845 5491 2864 5525 ³
2893 5489 3095 5564 primas
3127 5489 3186 5547 L.
3263 5489 3331 5526 ‘“
3360 5489 3692 5548 leodicénsi
3723 5493 3778 5549 3.
