4064 6188
411 359 528 419 979

1396 355 1461 414 S.
1507 352 1911 415 BRUNONIS
1957 349 2468 412 COLONIENSIS
2513 351 2876 411 ARCHIEP.

3710 344 3828 406 980

489 493 542 547 3.
575 492 733 545 Tunc
764 486 945 557 (4959)
979 486 1270 542 Vicfridus
1302 492 1521 542 sanctae
1557 483 1918 541 Coloniensis
1949 485 2055 538 Ec-
2088 485 2141 549 Α
2170 482 2525 548 tis,electum
2559 502 2592 538 a
2623 485 2738 539 Deo
2759 489 2816 538 et
2845 481 3181 538 hominibus
3209 480 3403 536 virum
3424 495 3605 551 super
3623 480 3825 535 cathe-

421 579 605 636 clesiae
637 577 824 648 digna:
851 576 1145 632 memoriae
1177 575 1573 647 archipraasnl,
1616 576 1716 629 diu
1749 574 2062 628 admodum

420 666 750 730 imbecillis,
782 665 950 737 regia:
996 670 1188 720 tamen
1246 665 1538 735 majestati
1595 670 1650 718 et
1691 663 1892 735 patriae
1921 661 2064 716 satis

421 757 598 824 fidus,
627 755 800 810 fessis
823 755 1058 809 tandem
1080 753 1299 809 relictis
1320 759 1487 809 terrae
1521 753 1767 808 artubus
1796 750 2067 822 supernis

421 844 729 916 spiritibus
741 844 997 899 sociatus
1011 843 1293 898 est.Plebs
1308 847 1501 898 autem
1519 842 1798 897 destituta
1815 845 1978 912 pasto
1988 855 2064 908 re,

419 935 482 989 in
513 935 643 1004 ipsa
673 932 1011 987 confusione
1043 932 1123 986 nil
1173 949 1407 1002 anceps,
1458 931 1540 986 nil
1584 930 1808 984 varium
1843 930 2068 993 molita,

425 1023 666 1078 unicum
698 1023 866 1076 unice
895 1025 1160 1092 optatum
1192 1021 1249 1074 in
1271 1022 1485 1076 domno
1520 1021 1806 1084 Brunone,
1842 1019 2067 1091 magni-

430 1112 536 1167 ﬁco
594 1111 714 1165 viro
770 1116 827 1164 et
857 1109 1292 1181 probatissimo,
1355 1109 1466 1163 sibi
1525 1107 1742 1178 delegit
1771 1106 2070 1170 solatium,

427 1205 628 1257 secuta
677 1203 1018 1271 magnatum
1081 1203 1136 1253 et
1166 1199 1346 1254 totius
1377 1198 1513 1252 cleri
1547 1197 1878 1252 consilium.
1940 1197 2070 1250 Mox

428 1288 811 1362 dispositione
858 1287 1054 1342 divina
1110 1288 1169 1342 in
1203 1287 1310 1341 hoc
1342 1287 1432 1341 sui
1468 1286 1850 1341 intentionem
1882 1284 2071 1339 clerus

429 1385 486 1434 et
515 1377 767 1450 populus
799 1378 1122 1441 firmavere,
1154 1381 1220 1431 ut
1248 1377 1500 1430 domnus
1531 1376 1724 1430 Bruno
1757 1376 1908 1446 regis
1939 1392 2066 1446 ger-

433 1484 643 1524 manus
659 1466 1125 1522 ordinaretureis
1140 1465 1534 1536 episcopus,in
1557 1465 1802 1520 diversis
1825 1464 2074 1536 negotiis

433 1556 650 1628 experti
670 1557 796 1626 ejus
815 1553 1189 1608 inﬂexibilem
1209 1570 1335 1608 esse
1353 1554 1740 1610 constantiam
1755 1555 1824 1608 ad
1841 1571 2073 1609 omnem

436 1645 764 1716 aequitatem
793 1643 1173 1713 etjustitiam.
1201 1643 1333 1697 Erat
1350 1643 1506 1697 enim
1527 1643 1615 1696 vir
1639 1643 2074 1714 magnaminus,

437 1731 745 1804 prudentia
768 1737 824 1786 et
847 1731 1084 1786 consilio
1108 1731 2073 1802 praestantissimus,pietate,mise-

2173 572 2339 626 dram
2373 573 2762 643 pontiﬁcalem
2791 573 2991 628 sedere
3015 571 3312 637 fecerunt;
3345 575 3403 625 et
3430 569 3666 625 laudem
3710 569 3824 624 Deo

2175 661 2352 715 simul
2411 662 2687 728 universi,
2721 661 2973 716 clamare
3023 676 3138 731 quo
3171 659 3422 730 quisque
3454 663 3705 729 poterat,
3767 659 3821 712 in

2175 749 2410 822 organis
2443 749 2827 806 nihilominus
2857 754 2914 805 et
2943 747 3229 820 cymbalis
3257 752 3314 803 et
3354 762 3712 818 quocunque
3743 748 3822 801 si-

2175 855 2288 910 gno
2322 838 2529 894 laetitiae
2563 843 3007 911 personuerunt.

2247 965 2300 1018 5.
2321 965 2468 1035 (953)
2505 970 2756 1019 Ascenso
2789 968 2987 1019 autem
3019 965 3180 1017 tanto
3208 960 3463 1016 culmine
3495 961 3826 1033 potestatis,

2180 1070 2550 1126 nequaquam
2612 1053 2722 1108 sibi
2781 1053 2916 1107 inde
2956 1051 3250 1106 crescebat
3278 1056 3474 1105 tumor
3503 1049 3784 1105 elationis
3816 1076 3828 1114 ;

2181 1144 2279 1197 sed
2305 1146 2506 1197 sancta
2533 1159 2700 1197 mens
2726 1141 2980 1214 episcopi
3001 1158 3067 1196 ac
3091 1140 3285 1212 potius
3309 1138 3614 1194 inclinavit
3633 1139 3834 1193 humi-

2180 1229 2350 1300 litati,
2384 1230 2529 1285 illud
2560 1231 2618 1285 in
2653 1231 2934 1285 memoria
2963 1231 3304 1298 recondens,
3336 1229 3492 1300 quod
3528 1228 3838 1300 Scriptura

2182 1321 2457 1375 admonet
2487 1319 2687 1374 dicens
2722 1339 2733 1375 :
2770 1321 2981 1388 Quanto
3011 1335 3246 1387 magnus
3274 1334 3348 1388 es,
3397 1317 3646 1372 humilia
3676 1327 3731 1372 te
3781 1319 3837 1371 in

2183 1409 2433 1462 omnibus
2464 1410 2650 1479 (Eccli.
2686 1426 2769 1474 111,
2802 1408 2912 1480 20).
2947 1407 3189 1480 Pervigil
3222 1406 3330 1462 fuit
3361 1407 3675 1479 sapientia,
3716 1407 3834 1478 pla-

2183 1496 2386 1551 cabilis
2413 1496 2649 1552 lenitate
2682 1497 2882 1551 nimia.
2910 1495 3516 1568 Serpentisastutiam
3549 1511 3687 1550 enm
3714 1495 3836 1566 lege

2185 1585 2515 1651 custodivit,
2547 1592 2603 1640 et
2625 1585 2904 1640 columba:
2933 1585 3219 1657 simplicis
3245 1583 3509 1640 animum
3542 1601 3659 1638 non
3695 1584 3838 1638 ami-

2185 1675 2279 1728 sit.
2305 1673 2548 1746 Gregem
2581 1674 2689 1729 sibi
2722 1673 3108 1730 commissum
3161 1672 3384 1743 dilexit,
3417 1679 3476 1728 et
3506 1689 3613 1746 per
3661 1672 3837 1728 bacu-

2185 1762 2309 1817 lum
2328 1761 2645 1834 disciplinaa
2661 1762 2875 1817 multos
2889 1763 2960 1818 ab
2979 1778 3170 1818 errore
3182 1762 3720 1834 eripuit,quosdam
3736 1762 3843 1817 col-

438 1820 688 1924 “icord'a
716 1823 772 1874 et
793 1819 1082 1924 ,(ξδθωίξδίθ
1133 1821 1414 1924 ίξτθθξ³⁰⁵’
1441 1821 1761 1920 conc°_rdm
1806 1825 1865 1924 Et
1919 1837 2076 1924 Ρθζωδ
2110 1849 2157 1913 Β
2193 1850 2514 1906 lationibus
2537 1851 2784 1906 assiduae
2807 1851 3222 1924 disputationis
3244 1852 3317 1906 ad
3335 1851 3580 1906 meliora
3595 1852 3840 1922 ducens,

437 1909 736 1976 alumnus,
789 1908 874 1964 ita
932 1913 1019 1974 ut,
1077 1908 1302 1979 vulgari
1361 1909 1732 1980 cognomine,
1789 1909 2080 1964 diceretur

436 1999 630 2054 Bruno
660 1998 960 2069 paciﬁcus.
985 1997 1484 2053 Concordantibus
1507 2001 1700 2054 autem
1723 1999 2080 2068 omnibus,et

433 2087 583 2143 votis
612 2087 875 2158 ipsorum
908 2087 1004 2142 Dei
1036 2087 1400 2158 providentia
1430 2088 2081 2159 concurrentibus,post

435 2177 743 2247 exsequias
787 2176 1103 2231 honoriﬁce
1135 2175 1474 2242 celebratas,
1509 2180 1574 2231 ut
1625 2181 1744 2231 tam
1777 2177 2080 2232 venerabi-

434 2265 550 2320 lem
574 2264 933 2320 Coloniensis
957 2263 1113 2319 sedis
1134 2265 1327 2319 decuit
1349 2265 1694 2332 antistitem,
1723 2265 2082 2320 unanimiter

435 2353 601 2409 electi
632 2357 770 2408 sunt
796 2371 828 2408 a
853 2357 1056 2408 senatu
1090 2352 1462 2408 sanctissimo
1493 2360 1704 2424 quator
1733 2352 1951 2408 summi
1975 2354 2078 2408 viri

434 2447 491 2498 et
521 2443 724 2498 eodem
779 2458 1022 2497 numero
1082 2441 1236 2507 laici,
1296 2459 1499 2498 omnes
1555 2443 1816 2514 apprime
1847 2443 2080 2510 eruditi,

437 2532 538 2603 qui
571 2532 768 2586 omnia
798 2531 920 2586 haec
946 2531 1265 2602 perferrent
1294 2533 1366 2586 ad
1398 2531 1766 2604 palatiu_m,et
1795 2533 2083 2602 patefacta

438 2623 570 2690 post
599 2620 864 2674 deﬂetam
889 2619 1326 2675 destitutionem
1351 2619 1651 2676 electionis
1675 2619 2077 2687 unanimitate,

440 2713 825 2760 memoratum
858 2706 1135 2760 desolatis
1187 2707 1518 2777 ﬂagitarent
1577 2707 1874 2763 solatium.
1932 2708 2078 2771 Quid

439 2793 666 2848 multa?
695 2793 1078 2864 Complacuit,
1138 2798 1251 2848 Deo
1283 2793 1520 2865 gratias,
1553 2791 1938 2866 imperatoria:
1971 2813 2078 2850 au-

437 2881 714 2951 ctoritati,
745 2881 829 2937 sic
861 2885 917 2936 et
946 2882 1193 2952 tempori
1243 2887 1299 2937 et
1327 2882 1452 2938 loco
1484 2884 1809 2948 consulere,
1844 2888 1908 2938 ut
1937 2885 2079 2955 peti-

432 2975 562 3027 tum
593 2975 756 3026 tanta
783 2971 1110 3026 constantia
1130 2971 1486 3027 visitatorem
1515 2973 1854 3028 festinanter
1883 2974 1953 3028 ad
1985 2974 2081 3029 de-

435 3060 624 3116 stituti
651 3059 850 3132 gregis
909 3061 1233 3115 custodiam
1269 3060 1540 3116 mitteret.
1599 3062 1811 3117 Missus
1841 3062 2077 3117 tandem

430 3167 461 3205 e
490 3148 700 3204 castris
730 3148 944 3204 terreni
976 3137 1204 3219 imperii
1240 3149 1299 3203 in
1339 3148 1590 3204 caelestis
1619 3151 1772 3221 regis
1803 3151 2076 3206 taberna—

431 3237 563 3293 cula
576 3254 707 3293 cum
723 3237 1129 3309 spiritualibus
1143 3237 1423 3308 nequitiis
1437 3244 1806 3309 pugnaturus
1819 3239 2078 3300 intravit,

432 3329 588 3380 artes
620 3341 819 3380 secum
851 3324 1411 3395 exercitationesque
1431 3323 1734 3393 virtutum,
1755 3342 1918 3381 arma
1946 3327 2080 3382 fidei

433 3431 549 3486 prae
581 3429 643 3468 se
677 3414 886 3468 ferens.
936 3415 996 3467 In
1032 3411 1130 3468 illo
1162 3430 1297 3467 mox
1335 3413 1463 3467 novi
1497 3414 1623 3482 ejus
1655 3415 1897 3469 comites
1927 3413 2080 3470 vide-

438 3506 572 3558 rant
590 3508 648 3558 et
667 3503 824 3572 quod
848 3502 1185 3557 blandiebat
1200 3507 1257 3557 et
1280 3502 1435 3573 quod
1467 3503 1739 3558 terrebat.
1775 3503 2082 3558 Affabilem

438 3605 692 3660 namque
723 3606 785 3644 se
813 3588 980 3643 valde
1003 3594 1060 3644 et
1090 3590 1289 3644 mitem
1317 3591 1648 3660 praebuit,et
1677 3608 1811 3645 cum
1843 3593 1968 3659 ejus
2000 3592 2086 3646 in:

434 3677 722 3732 dustriam
753 3676 813 3729 in
843 3676 1083 3748 agendis
1137 3677 1282 3731 nihil
1330 3678 1626 3749 eﬂugeret,
1666 3679 1967 3749 requisivit
1994 3685 2080 3734 ta-

436 3781 570 3820 men
585 3765 972 3835 undecunque
986 3764 1292 3821 sollicitius
1306 3767 1444 3836 quid
1464 3767 1752 3838 agendum
1774 3767 1883 3822 sibi
1907 3773 2079 3838 esset,

435 3853 650 3925 quibus
699 3854 1225 3908 consuetudinibus
1281 3854 1451 3909 inniti
1509 3857 1825 3912 debuisset.
1861 3856 1992 3911 Erat
2029 3853 2077 3913 ei

433 3943 707 3998 comitate
736 3942 969 3996 condita
997 3943 1374 4013 gravitas,ita
1403 3945 1713 3999 contluenti
1749 3945 1930 4000 turbae
1963 3963 2082 4002 mo-

434 4032 632 4086 dicum
661 4030 862 4086 hilaris
893 4035 950 4084 et
1007 4047 1109 4101 per
1140 4032 1336 4087 omnia
1370 4032 1656 4088 mirabilis
1716 4034 1782 4068 539
1839 4051 2080 4106 appare-

436 4121 553 4175 hat.

505 4210 558 4262 4.
587 4208 841 4263 Ventum
864 4211 953 4264 est
981 4209 1050 4262 ad
1079 4209 1541 4266 sacratissimam
1574 4212 1794 4277 sedem,
1829 4212 1964 4266 huic
1987 4213 2078 4281 pio

436 4297 717 4368 provisori
776 4298 847 4353 ab
903 4297 1302 4370 omnipotente
1358 4299 1600 4355 Domino
1659 4305 1792 4354 ante
1818 4305 2082 4372 tempora

437 4391 844 4458 praeparatam,
878 4385 936 4441 in
967 4386 1094 4459 ipso
1125 4392 1385 4458 tempore
1417 4394 1844 4459 praesentatam.
1871 4390 2080 4444 Factus

434 4479 523 4530 est
579 4492 900 4530 concursus
958 4477 1161 4544 ingens
1212 4476 1429 4547 populi,
1487 4475 1719 4533 infinita
1770 4479 2078 4550 trepidatio

2189 1941 2474 2012 quosdam
2493 1940 2730 2013 placida:
2752 1940 3086 1995 maturitate
3107 1939 3383 1996 doctrinm
3402 1940 3696 1996 desiderio
3715 1958 3846 1996 san-

2189 2033 2290 2083 ctze
2313 2029 2766 2084 conversationis
2793 2029 3135 2101 implens.In
3154 2044 3421 2085 sermone
3444 2029 3638 2085 fuerat
3660 2030 3844 2098 mitis,

2189 2118 2248 2172 in
2280 2117 2544 2172 doctrina
2595 2117 2857 2188 humilis,
2895 2118 3182 2174 malorum
3244 2118 3565 2174 acerrimus
3614 2120 3843 2174 destru-

2191 2211 2313 2262 ctor
2343 2212 2400 2262 et
2428 2207 2685 2262 veritatis
2708 2207 3014 2262 studiosus
3039 2207 3659 2278 assertor,humilibus
3681 2208 3845 2263 blan-

2192 2297 2322 2365 dus,
2357 2295 2626 2366 superbis
2657 2311 2916 2351 severus.
2943 2295 3236 2359 Quosdam
3268 2295 3422 2351 infra
3451 2302 3622 2368 septa
3653 2298 3849 2368 gregis

2192 2384 2540 2456 suscipiens,
2602 2401 2670 2439 ex
2726 2384 2882 2456 lupis
2912 2401 3047 2440 oves
3078 2385 3247 2451 fecit;
3282 2384 3428 2440 alios
3485 2390 3654 2440 extra
3685 2391 3851 2454 septa

2193 2474 2554 2541 enutrivit,et
2586 2474 2870 2546 quidquid
2896 2474 3040 2530 alios
3062 2475 3415 2546 docuit,ipse
3445 2474 3710 2547 primum
3742 2475 3852 2529 im-

2191 2563 2382 2635 plevit.

2258 2680 2312 2732 0.
2351 2678 2524 2733 Erant
2577 2679 2732 2733 enim
2787 2679 2885 2734 illo
2919 2696 3033 2734 uno
3066 2679 3302 2734 homine
3342 2695 3436 2734 res
3467 2678 3640 2734 valde
3671 2679 3843 2734 dissi-

2191 2768 2382 2832 miles,
2415 2767 2698 2822 natalium
2727 2767 3024 2835 nobilitas,
3048 2767 3339 2824 honorum
3371 2768 3847 2839 dignitas,scien-

2190 2856 2302 2921 tiae,
2335 2873 2461 2928 quae
2492 2855 2696 2910 inﬂare
2728 2857 2894 2926 solet,
2919 2861 3082 2911 tanta
3103 2855 3438 2912 sublimitas
3470 2862 3538 2910 ut
3568 2857 3719 2912 nihil
3752 2875 3844 2913 su-

2189 2962 2313 3016 pra,
2347 2944 2526 3000 animi
2557 2961 2686 3000 vero
2718 2949 2773 3000 et
2803 2945 3039 3001 habitus
3070 2944 3697 3002 humilitas.Henricus
3727 2947 3841 3018 pri-

2190 3051 2343 3104 mus,
2377 3038 2539 3104 pater
2563 3034 2735 3089 istius
2766 3033 3124 3090 sanctissimi
3151 3033 3281 3101 viri,
3313 3035 3718 3091 Romanorum
3749 3052 3848 3091 rex

2188 3127 2244 3177 et
2273 3138 2503 3193 semqer
2535 3126 3103 3194 Augustus,strenue
3132 3123 3478 3195 gubernavit
3500 3123 3845 3194 imperium.

2114 3214 2156 3279 (ζ’,
2195 3210 2333 3266 Post
2355 3227 2527 3281 quem
2552 3210 2708 3266 {ilius
2733 3213 2862 3282 ejus
2883 3213 3014 3267 Otto
3036 3212 3686 3284 primus,frateripsius
3713 3230 3847 3268 san-

2193 3298 2269 3353 cti
2297 3298 2427 3365 viri,
2460 3301 2724 3370 potenter
2752 3300 3077 3371 imperavit.
3104 3301 3240 3356 Post
3272 3317 3450 3372 quem
3478 3300 3612 3356 Otto
3642 3317 3849 3356 secun-

2193 3388 2323 3453 dus,
2375 3392 2428 3441 et
2459 3389 2590 3442 Otto
2650 3388 2881 3454 tertius,
2937 3392 2996 3443 et
3028 3387 3330 3455 Henricus,
3364 3394 3610 3460 nepotes
3644 3407 3846 3445 eorum

2193 3481 2601 3532 successerunt
2632 3493 2820 3548 usque
2851 3478 2909 3533 in
2941 3477 3290 3535 hodiernum
3321 3478 3478 3534 diem
3508 3479 3728 3549 (I960).
3760 3482 3849 3535 At-

2190 3570 2456 3621 tavorum
2489 3566 2613 3634 ejus
2635 3566 2809 3621 attavi
2843 3583 3028 3638 usque
3049 3567 3119 3621 ad
3152 3566 3458 3622 hominum
3491 3569 3841 3623 memoriam

2191 3670 2395 3709 omnes
2425 3653 3006 3726 nobilissimi,nullus
3035 3655 3094 3710 in
3124 3671 3326 3710 eorum
3358 3657 3544 3727 stirpe
3581 3656 3840 3728 ignotus,

2191 3741 2387 3797 nullus
2418 3742 2666 3813 degener
2693 3742 2860 3798 facile
2891 3743 3195 3815 reperitur.
3228 3745 3331 3798 Hic
3360 3748 3559 3799 tamen
3613 3761 3837 3812 omnes,

2191 3829 2351 3884 salva
2372 3833 2768 3900 Augustorum
2793 3834 2849 3885 et
2871 3846 3072 3902 regum
3093 3831 3451 3899 excellentia,
3484 3847 3727 3904 genere,
3752 3851 3841 3888 no-

2190 3917 2417 3974 bilitate
2447 3922 2502 3973 et
2525 3935 2753 3974 morum
2787 3919 3088 3975 honestate
3117 3920 3498 3991 praecellebat.
3527 3922 3670 3976 Erat
3690 3923 3840 3977 enim

2191 4011 2416 4061 statura
2447 4007 2912 4078 procerus,vultu
2944 4009 3215 4078 decorus,
3244 4013 3482 4081 aspectu
3515 4009 3842 4082 pulcherri-

2192 4111 2343 4160 mus,
2378 4094 2496 4150 lata
2527 4097 2732 4161 fronte,
2767 4095 2884 4151 alto
2906 4096 3260 4168 supercilio;
3302 4097 3457 4152 oculi
3477 4099 3609 4168 ejus
3645 4099 3843 4172 magni

2190 4187 2244 4238 et
2267 4183 2404 4238 clari
2430 4184 2598 4254 quasi
2616 4183 3011 4240 carbunculus
3037 4205 3053 4254 ;
3082 4184 3210 4240 visu
3237 4187 3843 4256 mutuendus,barba-

2192 4272 2537 4340 rubicunda,
2571 4272 2726 4328 circa
2754 4273 3029 4329 humeros
3071 4278 3128 4328 et
3155 4281 3358 4346 pectus
3387 4275 3550 4348 large
3589 4277 3845 4348 disposi-

2189 4365 2302 4416 tus.

2257 4481 2290 4498 α

2269 4481 2310 4534 7.
2370 4479 2628 4549 Adeptus
2670 4478 2861 4546 itaque
2925 4478 3024 4534 Dei
3073 4479 3438 4536 ordinatione
3496 4484 3726 4538 summi
3756 4500 3848 4538 sa-

433 4564 633 4636 vulgi;
672 4565 832 4620 novis
862 4564 1092 4636 gaudiis
1151 4565 1461 4621 exsultavit
1519 4567 1737 4621 civitas.
1779 4566 1979 4622 Clerus
2018 4585 2084 4622 ex
2117 4574 2161 4634 D
2193 4569 2431 4624 ccrdotii
2461 4569 2730 4637 gradum,
2766 4567 2954 4640 magis
2998 4569 3180 4623 amari
3239 4586 3418 4640 quam
3449 4570 3648 4627 timeri
3713 4573 3846 4628 aﬂ'e-

437 4653 809 4709 monasteriis
866 4653 1151 4722 convenit,
1213 4655 1728 4711 sanctimonalium
1762 4655 2083 4711 multitudo

437 4743 748 4811 concurrit,
781 4743 1037 4798 conditio
1086 4743 1355 4815 quaelibet
1386 4748 1442 4798 et
1471 4760 1644 4798 sexus
1676 4749 1920 4815 uterque
1953 4743 2082 4816 plus

434 4825 605 4882 solito
637 4829 707 4881 ad
741 4831 956 4900 gaudia
987 4836 1401 4888 convenerunt.
1439 4832 1704 4904 Episcopi
1739 4838 1958 4899 autem,
1983 4833 2081 4904 qui

435 4917 771 4988 frequentes
802 4919 1062 4989 aderant,
1124 4926 1182 4976 et
1215 4923 1391 4991 hujus
1424 4922 1608 4976 sancti
1651 4920 1787 4976 cleri
1820 4926 2080 4989 senatus,

436 5006 899 5062 acclamantibus
929 5009 1152 5064 cunctis
1182 5008 1241 5064 in
1273 5027 1407 5067 voce
1428 5008 1832 5066 exsultationis
1855 5016 1910 5066 et
1931 5010 2083 5066 salu-

501 5331 569 5367 m
599 5328 855 5386 mirabili
878 5347 928 5387 ο.

2197 4657 2414 4711 ctabat.
2479 4655 2883 4711 Ecclesiastica
2925 4657 3064 4727 jura
3133 4659 3412 4714 canonica
3495 4662 3851 4717 auctoritate

2195 4745 2599 4801 confirmabat.
2644 4745 2861 4800 Exinde
2921 4745 3114 4801 omnis
3171 4747 3302 4816 ejus
3348 4747 3619 4814 intentio,
3677 4767 3852 4806 omne

2196 4835 2483 4900 studium,
2537 4837 2749 4887 sanctas
2811 4833 2987 4888 matri
3042 4835 3310 4890 Ecclesia:
3339 4840 3441 4891 aut
3471 4838 3854 4896 munimento

2196 4924 2307 4977 fuit
2365 4928 2466 4976 aut
2513 4926 2877 4977 ornamento.
2913 4923 3231 4980 Munienda
3259 4923 3484 4981 scilicet
3538 4932 3672 4982 erat
3705 4935 3854 4984 exte-

2195 5011 2338 5074 rius,
2393 5010 2655 5066 ornanda
2697 5009 2990 5080 interius;
3053 5012 3372 5070 munienda
3427 5013 3488 5068 in
3547 5016 3858 5074 saeculari-

1805 5234 2040 5290 VARI/Ii
2069 5233 2488 5293 LECTIONES.

2025 5456 2255 5512 NOTAE.

511 5604 702 5682 (959)
724 5607 900 5682 capp.
933 5608 985 5682 3_.
1023 5607 1174 5682 li._ex
1205 5607 1496 5679 ltuotgero
1531 5623 1657 5677 cap.
1695 5607 1753 5661 11
1791 5639 1857 5648 ——
2035 5607 2214 5679 (l960)
2246 5607 2375 5663 Haec
2407 5607 2664 5664 indicare
2693 5607 2963 5664 videntur
2985 5612 3288 5664 auctorum
3321 5613 3455 5666 ante
3486 5627 3539 5666 a.
3579 5612 3753 5682 1268,
3783 5615 3857 5668 vi-

437 5676 610 5748 xisse,
643 5677 717 5731 cf.
751 5676 828 5731 et.
853 5676 919 5733 ’c.
953 5680 1004 5733 9.
1042 5680 1127 5733 12.
