4060 6190
253 370 375 433 985

1706 357 1889 417 VITA
1937 354 2250 416 ALTERA
2268 400 2282 415 .

3593 354 3715 417 986

255 498 662 561 ecclesiastica
683 496 830 568 jura
866 493 1139 566 legitimae
1172 492 1555 551 districtionis
1585 489 1936 564 disponebat
1963 488 2018 554 Α
2051 510 2185 548 nem
2218 492 2459 560 directa,
2497 492 2642 549 satis
2686 490 3021 548 ιυουιεηιω.
3050 490 3275 562 digesta
3306 489 3619 562 (1970-71);
3654 490 3714 545 in

259 609 534 657 censura,
570 585 940 661 posthabitis
989 584 1223 639 illorum
1258 584 1539 650 consiliis,
1564 584 1664 655 qui
1699 586 1941 637 eatenus

259 684 320 739 in
352 681 579 737 talibus
612 674 867 749 negotiis
903 690 1020 729 non
1044 690 1111 729 ea
1142 692 1266 745 quae
1291 680 1429 729 sunt
1450 672 1685 735 Christi,
1706 670 1807 726 sed
1837 685 1944 723 sua

260 771 607 843 quaerebant
630 764 970 822 commoda.
996 768 1131 818 Erat
1153 764 1309 818 enim
1332 763 1417 817 vir
1441 763 1616 831 idem,
1643 761 1777 815 licet
1799 757 1942 812 alias

256 860 581 916 admodum
644 854 891 929 probus,
933 857 997 906 ut
1029 869 1090 906 se
1121 852 1297 907 habet
1328 868 1557 907 morum
1608 847 1939 913 diversitas,

256 949 501 1021 spiritus
534 942 1029 1010 vehementioris,
1055 942 1231 1013 paulo
1265 942 1516 997 severior
1536 942 1592 995 in
1621 936 1941 1010 responsis,

256 1038 377 1093 zelo
402 1036 653 1107 justitiaa
687 1038 745 1089 et
775 1031 1098 1103 aequitatis.
1128 1030 1238 1085 Sed
1274 1032 1433 1101 quia,
1466 1036 1529 1084 ut
1563 1030 1802 1100 quidam
1836 1026 1939 1096 ait,

254 1128 455 1182 veritas
476 1124 666 1180 odium
683 1123 861 1194 parit,
880 1120 1228 1189 hujusniodi
1249 1120 1461 1175 studiis
1480 1136 1592 1173 non
1612 1117 1802 1173 solum
1832 1114 1942 1169 cle'

251 1216 529 1279 ricorum,
552 1214 654 1268 sed
682 1212 860 1267 etiam
886 1209 1107 1265 civium
1135 1208 1197 1263 in
1220 1225 1282 1263 se
1301 1209 1434 1263 odia
1452 1204 1942 1269 concitavit.Quo'

252 1320 385 1359 rum
420 1302 689 1373 quidam,
725 1298 1024 1370 episcopis
1060 1298 1322 1353 Ruberto
1354 1298 1636 1352 'l‘reviren
1672 1293 1941 1362 si,etBal-

254 1392 449 1448 derico
482 1388 824 1446 Leodicensi
871 1387 1394 1457 consanguinitate
1427 1385 1697 1456 proximi,
1723 1385 1943 1465 damna

255 1484 515 1554 quaestus
557 1478 646 1533 sui
689 1480 1150 1547 conquerentes,
1177 1492 1279 1547 per
1309 1474 1645 1531 violentiam
1678 1473 1939 1544 episcopl

254 1570 694 1625 concitaverunt
722 1582 820 1620 eos
845 1564 906 1618 in
929 1563 1067 1619 odia
1099 1569 1159 1619 et
1190 1563 1538 1618 inimicitias
1566 1562 1789 1617 domini
1824 1560 1938 1616 sui’

252 1659 418 1714 illum
441 1659 827 1729 protestantes
851 1652 1275 1724 phreneticum
1300 1656 1355 1707 et
1383 1651 1692 1719 indignum
1722 1651 1941 1705 honore

254 1755 311 1805 et
332 1747 568 1803 nomine
587 1743 867 1817 episcopi.
886 1742 985 1796 His
1010 1741 1291 1796 convitiis
1316 1739 1531 1812 praesul
1554 1740 1711 1795 idem
1731 1739 1939 1794 Rathe-

256 1855 358 1893 rus
386 1836 611 1891 modice
633 1838 981 1898 motus,non
1007 1831 1083 1885 ad
1109 1831 1399 1885 exteriora
1421 1828 1689 1900 confugit
1711 1829 1937 1899 adjuto-
1968 1865 2015 1929 B

257 1930 361 1995 ria,
394 1926 495 1981 sed
528 1924 600 1979 ad
640 1924 923 1979 librorum
973 1937 1299 1975 conversus
1333 1919 1617 1984 armaria,
1652 1920 1935 1973 adversus

257 2016 589 2071 Baldricum
612 2017 667 2068 et
689 2014 1014 2068 Rubertum
1040 2010 1352 2081 episcOpos
1387 2025 1634 2064 exorsus
1665 2014 1755 2065 est
1787 2009 1933 2064 scri-

260 2106 472 2180 ptitare
506 2103 775 2176 quaedam
807 2099 1119 2155 invectiva.
1149 2098 1312 2153 Unde
1360 2098 1630 2169 contigit,
1657 2104 1720 2153 ut
1749 2116 1936 2153 aemu-

259 2196 451 2251 lorum
475 2208 720 2248 suorum
754 2190 1168 2247 exardescente
1202 2188 1443 2251 invidia,
1469 2188 1542 2243 de
1574 2189 1712 2243 sede
1742 2187 1937 2259 ponti-

262 2283 413 2339 ﬁcali
447 2280 832 2353 expelleretur
860 2295 981 2345 non
1026 2277 1249 2347 absque
1281 2277 1657 2331 contumelia.
1693 2278 1802 2343 Qui
1837 2294 1939 2331 ex-

266 2374 473 2445 pulsus
496 2372 567 2425 ad
592 2369 828 2441 gloriosi
852 2366 1007 2437 regis
1029 2364 1256 2420 Ottonis
1279 2366 1560 2435 suffragia
1585 2384 1647 2421 se
1667 2366 1937 2421 contulit.

267 2464 404 2534 Ipso
437 2476 570 2530 rege
602 2456 835 2529 pietatis
879 2454 1094 2509 intuitu
1137 2458 1382 2509 conante
1422 2455 1942 2521 auxiliari,verum

275 2547 626 2605 adversariis
659 2545 886 2601 fortiter
928 2542 1370 2611 obsistentibus,
1404 2560 1540 2598 cum
1578 2545 1740 2600 nulla
1770 2544 1943 2600 resti-

275 2638 522 2694 tutionis
553 2637 682 2706 ejus
712 2634 879 2699 copia
910 2632 1309 2703 processisset,
1340 2632 1480 2687 utile
1514 2635 1705 2689 visum
1740 2640 1854 2699 est,
1881 2638 1946 2689 ut

276 2728 346 2783 ad
382 2726 803 2791 benignitatem
828 2720 1079 2793 piissimi
1103 2722 1405 2791 sanctique
1429 2724 1722 2780 Brunonis
1744 2722 1944 2778 archi-

282 2816 540 2888 episcOpi
572 2812 927 2867 ordinatoris
952 2810 1043 2864 sui
1075 2810 1413 2880 confugium
1449 2812 1685 2869 faceret.
1711 2814 1819 2876 Qui
1854 2828 1946 2867 ve-

278 2903 731 2974 niens,benigne
749 2904 1060 2969 susceptus
1076 2900 1661 2957 etconsuetudinario
1679 2901 1947 2973 benigni-

286 2995 424 3048 tatis
455 2994 585 3063 ejus
616 3006 773 3045 more
806 2988 1123 3045 honoriﬁce
1153 2988 1412 3053 habitus,
1442 3007 1557 3044 non
1593 2990 1779 3046 multo
1813 2994 1948 3061 post

285 3082 578 3138 cathedrae
603 3096 718 3134 sua)
740 3080 1011 3133 decenter
1030 3083 1119 3132 est
1154 3076 1485 3133 restitutus.
1514 3080 1575 3134 In
1606 3080 1750 3135 tanti
1785 3079 1945 3135 enim

282 3171 389 3226 viri
416 3169 641 3241 judicio
674 3167 905 3223 evanuit
926 3167 1191 3221 omnium
1226 3167 1597 3223 inimicorum
1623 3171 1749 3236 ejus
1770 3168 1950 3224 obsti'

284 3264 423 3315 nata
453 3256 800 3329 conjuratio,
823 3262 880 3311 et
910 3256 967 3309 in
1000 3255 1129 3325 eius
1161 3256 1517 3312 defensionis
1539 3258 1828 3313 constanti
1861 3262 1944 3312 te-
1976 3233 2019 3299 Ο

283 3347 561 3404 stimonio
584 3346 883 3402 obmutuit
904 3361 1054 3399 onus
1072 3345 1533 3401 adversariorum
1561 3348 1947 3419 praescriptio-

283 3454 447 3493 num.
474 3435 885 3507 Proponebant
904 3432 1059 3487 enim
1084 3433 1172 3485 vir
1198 3433 1374 3488 totius
1403 3435 1772 3505 providentiae
1795 3436 1946 3492 ordi-

286 3543 417 3581 nem
450 3524 609 3579 illius
643 3522 933 3578 canonicae
966 3520 1265 3576 electionis
1296 3527 1350 3576 et
1380 3522 1785 3580 ecclesiasticos
1814 3542 1947 3581 con-

285 3611 650 3678 secrationis,
694 3626 801 3664 nec
849 3608 1057 3664 debere
1104 3612 1327 3664 tantam
1368 3610 1666 3678 justitiam
1716 3615 1944 3669 irritam

288 3702 411 3757 ﬁeri
455 3700 852 3772 qualicunque
902 3698 1271 3753 accusatione
1329 3699 1644 3756 testimonii
1698 3702 1943 3771 laicalis,

286 3792 403 3845 imo
435 3805 637 3843 omnes
695 3786 961 3841 factionis
993 3786 1169 3857 hujus
1201 3787 1500 3844 ministros
1549 3794 1799 3862 graviter
1830 3793 1945 3847 for-

287 3877 511 3932 midare
552 3892 725 3945 posse
772 3874 1054 3928 offensam
1105 3876 1433 3945 apostolica:
1483 3880 1945 3935 animadversio-

284 3965 399 4021 nis.
455 3963 641 4035 Igitur
690 3961 981 4016 dulcitlua:
1033 3962 1314 4017 facundia:
1365 3982 1483 4019 sua:
1532 3969 1793 4022 antidoto
1844 3969 1945 4023 ad-

282 4052 677 4110 versariorum
735 4050 949 4105 animis
1012 4050 1312 4123 mitigatis,
1363 4054 1446 4108 sic
1504 4056 1808 4111 ordinante
1858 4058 1946 4112 di-

284 4144 424 4198 vina
450 4140 763 4197 clementia
792 4139 1105 4211 disposuit,
1138 4146 1201 4195 ut
1232 4142 1506 4198 omnibus
1552 4145 1947 4202 indissolubili

288 4230 599 4288 concordia
646 4229 989 4301 paciﬁcatis,
1025 4230 1097 4284 ab
1128 4231 1347 4286 eisdem
1391 4248 1523 4287 cum
1572 4237 1729 4289 omni
1763 4236 1946 4291 hono-

292 4319 572 4376 riﬁcentia
617 4318 678 4373 in
732 4318 929 4374 sedem
982 4336 1151 4374 suam
1202 4321 1574 4377 reduceretur
1612 4324 1944 4397 episc0pus,

291 4427 325 4465 a
354 4408 567 4481 quibus
614 4412 787 4463 antea
834 4408 1021 4463 fuerat
1071 4424 1202 4463 cum
1255 4408 1541 4466 indecenti
1593 4412 1947 4470 contumelia

291 4496 629 4571 propulsus,
665 4501 721 4551 et
762 4497 1123 4554 emendatior
1173 4499 1334 4555 ﬁeret
1384 4500 1658 4557 omnibus
1705 4504 1805 4557 sevi
1854 4504 1944 4558 sui

291 4587 520 4643 diebus.

366 4678 449 4730 15.
484 4674 736 4746 Epistola
766 4678 1003 4747 episcopi
1031 4677 1257 4732 Ratheri
1294 4678 1363 4732 ad
1392 4680 1723 4735 Brunonem.
1749 4682 1950 4736 Exstat

290 4766 464 4821 etiam
496 4762 746 4835 epistola
794 4765 978 4835 ipsius
1010 4765 1266 4837 episcopi
1299 4767 1369 4821 ad
1402 4773 1673 4823 sanctum
1725 4770 1949 4825 Bruno-

2053 600 2171 653 qua
2201 599 2337 637 eum
2390 589 2707 655 patronum
2743 599 2917 637 suum
2962 582 3295 647 nominans,
3324 596 3459 633 cum
3500 579 3718 634 inaesti-

2056 672 2259 727 mabiii
2291 673 2621 743 gratiarum
2646 672 2868 727 actione
2897 674 3269 742 protestatur,
3293 684 3355 723 se
3385 667 3585 722 divina
3614 667 3725 721 cle-

2056 761 2277 817 mentia
2328 768 2630 832 praeeunte
2660 766 2717 816 et
2747 762 3142 830 subsequente
3172 762 3227 813 et
3254 759 3381 829 ejus
3430 756 3726 827 spirituali

2054 851 2369 923 prudentia
2400 850 2700 905 mediante
2732 852 2791 904 in
2838 850 3027 903 virum
3061 849 3307 904 alterum
3341 845 3727 900 transforma-

2053 948 2204 1005 tum,
2240 945 2297 994 et
2326 940 2702 995 renovatione
2733 939 2949 995 mentis
2994 944 3049 992 et
3096 937 3336 1007 spiritus
3365 935 3425 989 in
3458 932 3724 990 melioris

2054 1036 2247 1086 status
2306 1030 2630 1084 efficaciam
2682 1032 3129 1096 commutatum,
3182 1040 3544 1096 suorumque
3592 1040 3721 1079 om-

2054 1120 2223 1174 nium
2286 1136 2484 1173 amore
2507 1119 2573 1151 ⁵³⁸⁷
2608 1118 2663 1171 in
2708 1117 3029 1188 profectum
3078 1122 3135 1171 et
3182 1118 3566 1185 augmentum
3627 1112 3722 1168 sui

2054 1207 2295 1264 honoris
2328 1207 2801 1279 conglutinatum
2826 1208 2910 1261 ωε.

2392 1352 2491 1405 Hic
2522 1349 2770 1420 quaedam
2800 1348 3071 1403 excidisse
3104 1347 3376 1401 videntur.

2130 1479 2271 1531 Visio
2301 1477 2525 1531 abbatis
2564 1475 2924 1531 ii'olberonis.
2957 1473 3106 1527 Nam
3148 1489 3271 1540 cur,
3307 1488 3505 1544 quare,
3539 1488 3720 1543 quam

2053 1566 2124 1621 ob
2156 1581 2299 1631 rem,
2326 1564 2469 1619 tanti
2495 1564 2603 1617 viri
2629 1562 2993 1634 gratulemur
3023 1561 3367 1633 patrocinio,
3393 1562 3511 1616 haec
3542 1577 3725 1617 causa

2052 1658 2160 1708 est.
2196 1654 2485 1723 Tempora
2531 1652 2744 1723 prioris
2789 1652 3103 1718 Frederici,
3136 1651 3498 1709 Coloniensis
3530 1650 3722 1706 archi-

2051 1742 2309 1815 episcopi
2339 1742 2549 1813 (1972),
2582 1740 2751 1796 nobis
2784 1740 2971 1796 invisa
2993 1746 3053 1795 et
3084 1741 3296 1797 infesta
3328 1744 3591 1809 fuerunt;
3618 1741 3721 1813 qui

2052 1833 2313 1902 ejusdem
2364 1848 2545 1885 sacra)
2607 1829 3079 1902 congregationis
3127 1830 3416 1885 violentus
3464 1832 3720 1899 invasor,

2050 1920 2254 1975 multis
2297 1921 2475 1975 etiam
2528 1920 2788 1991 gravavit
2834 1920 3116 1975 adversis.
3150 1921 3514 1991 Quandoque
3562 1922 3721 1977 enim

2050 2015 2279 2065 mortuo
2312 2009 2583 2079 ejusdem
2624 2009 2733 2065 loci
2783 2009 3015 2074 abbate,
3051 2008 3300 2065 liberam
3351 2010 3433 2065 eis
3481 2010 3718 2067 electio-

2050 2116 2184 2155 nem
2212 2098 2564 2167 infringens,
2599 2115 2715 2169 qua
2744 2116 2811 2153 ex
2857 2098 3152 2154 Benedicti
3184 2100 3495 2171 apostolici
3525 2100 3721 2157 indul-

2050 2187 2247 2261 gentia
2273 2187 2419 2240 illud
2444 2188 2713 2259 adusque
2736 2193 2969 2260 tempus
2992 2187 3425 2261 gloriabantur,
3449 2191 3721 2247 abbatem

2050 2278 2135 2332 eis
2168 2275 2406 2331 intrusit
2437 2277 2846 2347 ignotum,cui
2896 2278 2968 2332 ad
3022 2277 3422 2336 obediendum
3468 2282 3719 2352 jurisju-

2052 2364 2219 2420 randi
2252 2371 2623 2421 sacramento
2655 2365 2956 2437 compulit,
2986 2367 3310 2425 renitentes
3342 2371 3723 2428 inclementer

2055 2453 2262 2510 afflixit
2282 2459 2339 2507 et
2368 2454 2679 2519 exsiliavit,
2701 2456 2807 2511 etsi
2837 2474 2948 2511 non
2980 2456 3123 2528 ipse,
3149 2462 3351 2514 tamen
3378 2478 3479 2532 per
3510 2479 3722 2518 manus

2055 2543 2433 2598 dominorum
2460 2544 2808 2600 crudelium.
2833 2546 2977 2599 Nam
3003 2546 3273 2603 intrusus
3296 2550 3479 2606 abbas
3507 2550 3723 2621 pleros-

2055 2649 2170 2704 que
2201 2648 2317 2686 suaa
2342 2635 2816 2705 congregationis
2843 2636 3047 2690 fratres
3069 2650 3271 2691 secum
3297 2639 3580 2695 adductos
3603 2640 3724 2694 sin-

2055 2720 2210 2794 gulis
2245 2720 2600 2777 obedientiis
2622 2724 2892 2794 prafecit,
2918 2726 3241 2780 claustrum
3269 2727 3354 2782 eis
3385 2744 3559 2783 omne
3589 2730 3725 2783 sub-

2049 2808 2211 2880 jecit.
2230 2813 2481 2880 Eratque
2506 2828 2740 2867 necesse
2766 2814 2875 2867 sub
2901 2813 3008 2868 hac
3037 2814 3386 2872 dissidentia
3399 2816 3722 2873 Ecclesiam

2058 2896 2392 2969 periclitari.
2409 2900 2631 2956 Videns
2653 2917 2788 2971 ergo
2812 2901 3094 2955 Dominus
3119 2903 3316 2973 populi
3340 2904 3431 2958 sui
3455 2905 3720 2959 afﬂictio-

2058 3002 2215 3054 nem,
2246 2987 2540 3044 mediante
2572 2990 2862 3044 Brunonis
2894 2990 3121 3057 merito,
3154 2992 3367 3046 erroris
3398 2991 3581 3062 hujus
3613 3009 3715 3047 au—

2059 3083 2273 3131 ctorem
2300 3076 2639 3149 episcopum
2677 3078 3044 3134 Fredericum
3075 3079 3194 3133 vita
3226 3079 3476 3135 absolvit
3509 3080 3719 3149 (1973),

2060 3170 2125 3221 ut
2155 3181 2215 3220 se
2240 3182 2354 3219 non
2389 3167 2593 3223 deesse
2615 3169 2740 3224 suis
2763 3172 3136 3235 monstraret,
3158 3172 3215 3223 et
3242 3168 3514 3223 intrusus
3536 3168 3721 3223 abbas

2057 3255 2385 3310 intenderet
2413 3273 2666 3328 cumque
2689 3257 2813 3311 suis
2836 3257 3116 3327 subjectis
3146 3257 3350 3313 mitius
3381 3261 3602 3328 ageret.
3628 3258 3721 3312 In-

2056 3350 2215 3399 terea
2245 3351 2590 3401 revocantur
2618 3345 2873 3411 exsules,
2905 3346 3219 3415 ejiciuntur
3247 3350 3306 3401 et
3336 3345 3725 3403 remittuntur

2056 3432 2370 3488 adulterini
2401 3435 2701 3491 officiales.
2726 3434 2859 3490 Solo
2883 3435 3076 3490 abbati
3102 3450 3337 3490 manere
3358 3436 3721 3507 conceditur,

2058 3523 2379 3577 reverentia
2409 3524 2459 3578 ei
2483 3525 2660 3597 digna
2681 3523 3015 3590 exhibetur;
3045 3524 3205 3579 nullo
3234 3522 3576 3595 gravamine
3605 3525 3721 3581 vel-

2057 3612 2266 3667 licatur
2286 3612 2381 3679 l“9;
2408 3612 2505 3668 Dei
2539 3631 2717 3686 super
2742 3614 2849 3668 hoc
2874 3618 3199 3669 metuentes
3222 3613 3518 3683 judicium
3542 3631 3723 3671 saecu-

2057 3701 2216 3773 lique
2249 3701 2574 3759 infamiam.
2598 3704 2729 3759 Jam
2759 3708 2954 3775 optato
2984 3719 3161 3758 cursu
3186 3702 3464 3772 jubilaaus
3494 3703 3719 3773 aderat,

2058 3807 2261 3846 serena
2294 3807 2354 3846 se
2383 3797 2647 3863 tempora
2670 3792 3089 3857 secundabant,
3115 3792 3255 3846 dum
3280 3795 3335 3845 et
3357 3790 3603 3861 captivis
3636 3793 3718 3846 in-

2058 3879 2221 3933 dulta
2255 3878 2512 3943 libertas,
2538 3886 2593 3934 et
2616 3880 2971 3949 jamdudum
2996 3878 3253 3933 defuncti
3287 3878 3557 3950 praesulis
3582 3881 3714 3935 Fre-

2057 3966 2235 4021 derici
2267 3968 2467 4021 datum
2501 3972 2587 4021 est
2636 3966 2939 4022 innotesci.
2966 3967 3109 4021 Nam
3161 3967 3425 4035 ejusdem
3458 3965 3712 4022 ecclesiis

2058 4060 2255 4111 custos
2286 4060 2453 4109 nocte
2487 4057 2739 4126 quadam
2775 4060 2905 4127 post
2938 4055 3278 4123 matutinos,
3309 4053 3588 4109 fratribus
3619 4072 3715 4109 cu-

2057 4145 2245 4202 bitum
2279 4144 2579 4217 regressis,
2604 4149 2667 4199 ut
2696 4144 2982 4200 familiare
3002 4150 3091 4200 est
3112 4144 3478 4212 custodibus,
3502 4142 3712 4200 altaria

2054 4234 2364 4301 lustrabat,
2399 4234 2715 4289 luminaria
2754 4235 3080 4305 reparabat,
3114 4237 3407 4305 postremo
3438 4233 3707 4287 tumbam

2057 4325 2245 4381 sancti
2280 4323 2570 4379 Brunonis
2601 4323 2847 4378 visitans
2889 4329 3119 4378 oratum
3152 4338 3212 4377 se
3243 4321 3541 4393 deposuit;
3574 4338 3709 4377 cum

2056 4417 2289 4484 repente
2321 4412 2595 4483 collapsis
2618 4412 2801 4467 oculis
2825 4412 2945 4467 haec
2972 4412 3029 4466 in
3053 4411 3260 4484 spiritu
3282 4409 3446 4467 vidit.
3470 4409 3629 4465 Vidit
3653 4414 3712 4467 et

2055 4518 2186 4558 ecce
2208 4502 2555 4573 saepedictus
2581 4501 2891 4573 episcopus
2913 4500 3252 4556 Fredericus
3285 4499 3518 4571 lugubri
3540 4504 3710 4570 gestu

1981 4604 2026 4667 D
2059 4598 2184 4647 erat
2214 4592 2492 4647 incedens
2540 4599 2596 4645 et
2644 4591 2864 4647 crebris
2913 4589 3272 4662 singultibus
3320 4603 3517 4643 secum
3568 4587 3713 4642 dure

2060 4682 2152 4754 agi
2174 4683 2501 4737 insinuans.
2527 4682 2708 4745 Quem
2730 4680 2884 4735 idem
2911 4684 3129 4745 custos,
3157 4684 3221 4733 ut
3241 4683 3384 4745 erat,
3408 4678 3465 4731 in
3495 4676 3705 4747 spiritu

2059 4772 2370 4838 allocutus,
2404 4786 2642 4825 causam
2686 4769 2950 4825 maeroris
2978 4767 3246 4839 inquirit,
3278 4767 3419 4821 dum
3453 4782 3555 4837 pro
3584 4765 3711 4837 ipso

1128 4928 1154 4954 ο
1637 4897 1879 4952 VARUE
1926 4898 2341 4955 LECTIONES.

364 5011 429 5043 ⁵⁸⁷
462 5026 658 5091 a_mo_re
687 5010 801 5065 cod.
979 5008 1232 5091 Postliaec
1262 5028 1599 5091 quamquam
1646 5015 1702 5068 in
1740 5014 1934 5091 podice
1959 5016 2180 5091 nullum
2209 5018 2421 5091 lacuna:
2452 5018 2739 5083 uestigium
2793 5020 2996 5091 exstat,
3043 5018 3178 5091 solis
3230 5021 3413 5071 tamen
3459 5018 3704 5091 apparet,

287 5084 458 5152 ﬁnem
494 5084 661 5154 hujus
709 5083 1064 5159 narrationis
1111 5082 1472 5159 intercidisse:
1503 5087 1890 5159 sequentiaque
1934 5087 2019 5141 nit
2068 5104 2181 5143 esse
2230 5090 2344 5143 nisi
2384 5082 2685 5142 sermonem
2730 5082 3017 5159 quendam
3048 5089 3115 5143 de
3144 5089 3205 5159 S.
3233 5082 3706 5159 Brunone,‘initio

288 5153 587 5229 carentem,
622 5157 841 5229 auctore
870 5153 1103 5229 quodam
1130 5154 1490 5229 monachos.
1524 5153 1905 5229 Pantaleonis,
1939 5159 2034 5228 qui
2060 5164 2295 5229 [ortasse
2338 5162 2469 5215 vitae
2508 5161 2673 5229 ﬁnem
2705 5153 2872 5214 dedit.
2903 5164 2970 5215 In
2996 5158 3323 5227 exemplari,
3357 5156 3499 5229 unde
3528 5164 3709 5211 noster

288 5225 603 5301 gagscripsit,
633 5226 827 5297 procul
875 5224 1041 5281 dubio
1085 5226 1292 5296 aliquot
1318 5226 1456 5296 folia
1484 5228 1819 5297 exciderant,
1854 5224 1993 5301 quod
2034 5224 2215 5285 scriba
2261 5246 2367 5286 non
2414 5224 2658 5286 sentiens
2708 5231 2821 5285 hac
2869 5233 2947 5286 ita
2994 5224 3332 5298 conscripsit.
3370 5228 3703 5284 BETHMANN.

291 5297 361 5331 5"
386 5296 683 5352 vellitatur
713 5313 759 5352 c.

1886 5399 2114 5456 NOTAE.

365 5510 653 5583 (1970171)
684 5509 911 5565 diversa
942 5509 1017 5563 ab
1064 5524 1131 5563 ea
1173 5526 1349 5579 quam
1398 5509 1457 5565 in
1506 5511 1650 5583 Opp.
1686 5512 1944 5570 Ratherii

294 5599 353 5655 p-
376 5580 517 5655 5292
536 5580 818 5655 legimus-

368 5653 551 5724 (1972)
597 5650 649 5710 ii.
710 5653 846 5708 1099
902 5668 1030 5724 sqq.
1069 5650 1389 5710 Fridericus
1440 5655 1508 5712 Il.
1562 5656 1773 5714 saeculo
1821 5658 1939 5716 XII.

2056 5517 2248 5571 medio
2292 5518 2462 5575 sedit.
2494 5518 2610 5575 Nec
2661 5516 2802 5571 liber
2848 5514 2971 5585 ipse
3021 5514 3281 5569 medium
3330 5511 3527 5569 saeculi
3556 5514 3704 5570 ΧΠῙν

2055 5605 2330 5657 superare
2358 5590 2612 5655 videtur;
2645 5605 2696 5643 v.
2732 5602 2908 5657 supra
2938 5603 2985 5641 c.
3019 5586 3083 5641 12
3114 5587 3172 5642 in
3204 5586 3335 5642 fine.
3646 5613 3654 5624 -

2150 5662 2304 5736 1973)
2337 5664 2399 5719 A.
2442 5662 2594 5718 1131.
