4074 6190
371 375 490 435 987

1329 385 1392 447 S.
1439 388 1836 451 BRUNONIS
1882 389 2396 451 COLONIENSIS
2443 391 2815 453 DIPLOMA.

3667 385 3792 448 988

373 507 715 563 universalis
739 509 1002 567 Ecclesiae
1024 513 1210 570 multa
1240 534 1477 589 precum
1506 521 1770 588 redditio,
1801 521 2013 576 elemo-
2047 528 2099 591 Α
2199 523 2272 577 De
2302 525 2577 579 miraculo
2607 524 2746 595 quod
2789 526 2847 578 in
2877 539 3031 579 omna
3072 521 3299 577 Domini
3343 521 3573 590 contigit
3598 523 3674 573 ad
3701 535 3783 573 sc-

373 612 648 667 synarum
669 597 1387 669 distributio,omnimoda
1407 609 1730 666 salubrium
1754 617 2016 665 votorum
2123 612 2379 683 pulcrum
2438 615 2570 684 ejus.
2614 614 2695 668 Ne
2742 630 2840 668 vos
2899 612 3074 667 lateat
3131 609 3507 672 miraculum,
3533 609 3687 678 quod
3723 609 3779 663 in

372 685 606 755 oblatio,
645 691 823 744 Deum
871 692 1268 751 indesinenter
1317 697 1727 754 sollicitaverit.
1764 702 1831 756 Et
1873 700 1968 754 ille
2003 724 2016 761 :

367 795 394 861 ς
429 775 596 838 Vera,
629 775 841 847 inquit,
864 796 1019 851 vera,
1055 784 1249 854 frater,
1275 803 1720 854 commemoras,
1752 789 2018 861 sciasque

363 859 546 916 Deum
579 864 847 922 delectari
882 869 939 923 in
987 873 1255 941 precibus
1288 876 1546 931 ﬁdelium
1582 895 1683 949 pro
1716 896 1806 933 me
1850 859 2015 934 fusis.

360 949 440 1002 Ex
471 953 688 1020 quibus
710 957 848 1010 dum
882 960 1132 1029 gratiam
1160 966 1439 1036 consequi
1472 967 1812 1033 debueram,
1835 987 1867 1022 a
1889 985 2020 1023 san-

360 1044 449 1093 cto
483 1039 752 1099 Brunone
785 1048 1034 1117 graviter
1066 1051 1370 1122 impedior.
1414 1055 1496 1109 Ob
1514 1058 1798 1111 statenim
1835 1058 2020 1111 multa

356 1129 676 1197 quaeritans
709 1134 968 1201 adversa,
993 1138 1212 1209 quibus
1238 1142 1416 1197 miser
1435 1161 1542 1214 ego
1575 1143 1723 1198 hanc
1756 1152 2018 1199 sanctam

356 1218 527 1271 nocui
562 1225 1105 1294 congregationem;
1141 1247 1234 1284 sec
1258 1231 1366 1286 sibi
1398 1233 1765 1287 satisfactum
1792 1252 1893 1304 pro
1927 1234 2015 1296 iis,

363 1322 468 1394 nec
493 1307 670 1379 digna
693 1329 795 1382 pro
820 1315 1042 1372 meritis
1068 1335 1158 1373 me
1183 1321 1470 1393 recepisse
1502 1325 1760 1394 opponit.
1788 1329 1896 1378 Pro
1927 1341 2018 1378 so-

362 1393 435 1448 lis
466 1412 601 1467 ergo
633 1401 796 1456 vobis
843 1403 1125 1459 hactenus
1159 1408 1300 1461 mihi
1334 1415 1540 1478 negata
1569 1393 1656 1465 est
1685 1412 1919 1467 venia.»
1954 1407 2022 1466 Et

366 1489 565 1540 custos
593 1505 637 1542 τι
669 1489 744 1543 Μὶ
777 1491 1032 1562 domine,
1057 1495 1158 1560 ait,
1182 1495 1228 1550 si
1253 1498 1531 1552 omnibus
1554 1499 1644 1564 iis,
1673 1516 1798 1570 quae
1829 1517 2020 1571 prose-

363 1577 538 1629 cutus
571 1591 654 1640 es,
680 1578 824 1633 fides
857 1581 1188 1638 adhibenda
1225 1590 1331 1652 est,
1358 1586 1524 1640 nobis
1556 1589 1695 1658 quid
1719 1589 1786 1622 ⁸⁸0
1817 1589 1886 1643 de
1918 1589 2016 1663 tali

357 1667 846 1730 prmsumendum
880 1674 968 1724 est
1005 1673 1336 1741 patrono?»
1362 1675 1428 1729 Et
1463 1675 1561 1730 ille
1594 1693 1644 1730 :«
1673 1677 1887 1748 Magni,
1914 1679 2015 1745 ait,

359 1749 552 1804 meriti
586 1751 743 1808 hunc
775 1757 928 1827 apud
972 1758 1341 1816 Altissimum
1385 1763 1557 1834 scias,
1582 1770 1639 1820 et
1669 1782 1798 1820 vere
1830 1767 2020 1837 provi-

357 1853 549 1893 sorem
576 1846 633 1896 et
654 1842 1066 1913 dispositorem
1087 1850 1350 1906 omnium
1372 1869 1497 1923 quae
1515 1854 1817 1910 vobiscum
1841 1871 2020 1927 agun-

357 1929 473 1980 tur.
499 1929 646 1984 Nam
697 1930 891 1988 locum
940 1935 1121 1992 istum
1157 1944 1212 1993 et
1242 1940 1450 1996 fratres
1483 1943 1652 2013 quasi
1683 1960 1716 1998 a
1744 1944 1860 1998 Deo
1906 1943 2016 2000 sibi

365 2017 646 2073 creditam
675 2023 937 2092 possidet
958 2026 1261 2095 familiam,
1287 2035 1466 2102 utque
1489 2032 1808 2088 advocatus
1831 2041 2020 2089 vester

357 2104 511 2160 inter
559 2124 658 2163 vos
709 2111 1051 2183 frequenter
1093 2123 1383 2185 versatur,
1425 2125 1636 2176 cuncta
1683 2121 1914 2177 ordinat
1969 2127 2024 2177 et

364 2194 645 2266 disponit.
683 2202 748 2254 Et
779 2202 1057 2272 quoniam
1093 2204 1205 2276 ipsi
1238 2207 1309 2261 de
1339 2207 1503 2262 vobis
1536 2225 1674 2264 cura
1703 2214 1812 2275 est,
1845 2210 2020 2265 mise-

358 2284 670 2342 ricordiam
700 2289 926 2362 flagito;
957 2295 1161 2348 vestris
1185 2311 1362 2366 super
1384 2313 1474 2350 me
1497 2298 1766 2369 precibus
1792 2316 2022 2354 movea-

359 2374 543 2428 tur!»
578 2377 693 2433 Nec
735 2379 905 2450 plura
951 2381 1025 2437 iis
1077 2382 1328 2451 locutus,
1370 2386 1762 2455 subtrahitur;
1824 2393 2020 2442 custos

357 2462 536 2518 etiam
570 2464 680 2520 sibi
713 2469 994 2525 redditur.
1305 2491 1311 2497 '

428 2554 560 2608 Item
588 2555 654 2610 de
677 2559 873 2613 eodem
899 2562 1156 2617 Brunone
1183 2563 1618 2636 archiepiscopo.
1647 2565 1839 2638 Magni
1863 2566 2018 2620 enim

360 2642 551 2696 meriti
587 2647 740 2714 apud
775 2651 957 2702 Deum
1001 2651 1208 2706 beatus
1253 2653 1447 2707 Bruno
1478 2669 1606 2708 esse
1638 2653 2018 2726 dignoscitur-

355 2729 502 2784 Nam
537 2732 879 2804 quicunque
910 2736 968 2790 in
1001 2745 1289 2807 quartana
1311 2740 1397 2794 vel
1420 2741 1668 2796 tertiana
1700 2741 1944 2810 laborat,
1969 2742 2017 2796 si

359 2819 426 2872 ad
465 2820 800 2890 sepulcrum
849 2824 978 2894 ejus
1027 2826 1232 2882 devoto
1282 2830 1454 2884 corde
1502 2830 1832 2896 accesserit,
1865 2834 1920 2884 et
1949 2832 2019 2885 de

361 2906 541 2963 calice
591 2908 692 2980 qui
745 2912 875 2981 ejus
932 2916 1148 2984 pectori
1208 2918 1615 2989 superpositus
1660 2918 1718 2972 in
1750 2918 2017 2990 sepulcro

361 2995 491 3066 fuit,
524 3014 628 3068 per
656 3004 774 3054 tres
805 3002 1111 3058 continuos
1141 3004 1266 3060 dies
1308 3006 1538 3072 biberit,
1573 3009 1701 3077 ejus
1729 3008 1954 3063 meritis
1987 3024 2018 3062 a

359 3084 476 3141 Deo
508 3089 880 3145 sanctitatem
911 3107 972 3147 se
1003 3093 1331 3166 percepisse
1361 3096 1657 3167 gaudebit.

2129 716 2291 755 coena
2334 701 2563 756 Domini
2623 703 2885 774 contigit,
2921 701 3124 756 vesirze
3184 697 3451 754 charitati
3509 697 3778 752 intimare

2127 789 2567 860 disposui.Cum
2594 807 2763 846 mane
2794 790 3269 846 convenissemus
3285 792 3512 842 oratum
3542 788 3776 857 pariter,

2127 878 2372 949 ingessit
2401 896 2462 935 se
2496 881 2617 952 pari
2659 880 2962 935 devotione
3007 878 3293 948 quaedam,
3321 881 3386 930 ut
3412 881 3628 930 oraret.
3656 875 3780 929 Haec

2129 967 2531 1038 quinquennio
2563 985 2776 1023 manus
2824 968 3166 1022 infirmitate
3213 965 3593 1032 laboraverat,
3628 963 3782 1017 utin

2129 1055 2321 1126 palme
2354 1057 2543 1112 medio
2574 1057 2957 1128 inﬁgerentur
2999 1056 3107 1110 sibi
3159 1055 3476 1126 digitorum
3531 1052 3788 1107 summi-

2129 1149 2294 1199 tates.
2331 1145 2458 1200 Mox
2483 1151 2544 1200 ut
2566 1145 2878 1217 prostravit
2901 1161 2961 1200 se
2985 1142 3250 1216 sepulcro
3273 1142 3457 1197 sancti
3491 1142 3790 1196 Brunonis

2128 1233 2574 1305 archiepiscopi,
2598 1240 2834 1289 extensa
2860 1251 3036 1288 manu
3065 1233 3378 1288 sanitatem
3413 1231 3693 1284 obtinuit.
3719 1229 3790 1283 Et

2130 1338 2201 1374 ne
2231 1323 2496 1378 videatur
2544 1324 2737 1388 inane,
2769 1323 3066 1378 cicatrices
3114 1321 3431 1392 iacentium
3465 1319 3786 1389 digitorum

2128 1412 2376 1481 probant
2405 1413 2730 1468 manifeste.

2200 1502 2391 1555 Bruno
2424 1502 2722 1572 paciﬁcus,
2755 1501 2952 1556 aeterni
2992 1500 3148 1572 regis
3179 1498 3423 1564 amicus,

2200 1591 2279 1644 Te
2300 1590 2366 1625 5“
2403 1591 2568 1656 duce,
2596 1595 2828 1662 pastore
2857 1595 2914 1646 et
2945 1595 3166 1645 rectore
3197 1587 3433 1643 Colonia
3460 1587 3700 1658 gaudet.

2199 1681 2340 1731 Cum
2373 1678 2520 1732 duce
2543 1679 2843 1748 majestas,
2859 1683 2916 1732 ct
2935 1693 3065 1732 cum
3091 1677 3237 1730 duce
3258 1676 3462 1745 regnat
3482 1672 3790 1740 honestas,

2200 1766 2318 1820 Sub
2351 1766 2496 1821 duce
2527 1782 2638 1838 pax
2669 1771 2834 1837 grata
2864 1764 3066 1820 multis
3097 1768 3154 1818 et
3183 1763 3348 1818 curia
3377 1762 3513 1828 lata,

2203 1854 2266 1909 In
2298 1855 2442 1910 duce
2475 1855 2563 1909 lex
2594 1855 2752 1909 culta
2777 1854 2932 1925 viget
2961 1857 3017 1908 et
3049 1851 3334 1923 sapientia
3364 1848 3568 1904 multa.

2199 1943 2344 1998 Cum
2376 1944 2523 1999 duce
2555 1945 2808 2015 majores
2840 1945 2976 1998 sunt
3005 1946 3062 1997 et
3090 1939 3352 2012 plerique
3383 1939 3665 2001 minores,

2199 2032 2317 2086 Sub
2351 2033 2498 2088 duce
2531 2033 2847 2103 prudentes
2876 2035 3186 2087 versantur
3206 2034 3263 2084 et
3294 2027 3662 2099 insipientes,

2203 2121 2271 2176 Et
2301 2122 2508 2177 merito
2538 2139 2670 2177 vero
2703 2121 2813 2176 scit
2851 2136 3146 2191 quemque
3174 2119 3448 2173 decenter
3477 2115 3718 2170 habere.

2203 2210 2437 2265 Tractat
2467 2209 2784 2264 clementer
2811 2209 3086 2274 humiles,
3109 2207 3464 2276 timidosque
3500 2208 3796 2275 potenter.

2202 2299 2399 2354 Clarus
2434 2299 2761 2354 honoratur
2789 2298 2860 2353 ab
2891 2314 2983 2364 eo,
3014 2295 3384 2368 populusque
3405 2298 3682 2364 juvatur;

2199 2387 2424 2442 Attollit
2456 2388 2655 2458 plenos
2687 2387 2918 2459 opibus,
2954 2386 3179 2441 solatur
3207 2399 3452 2456 egenos;

2200 2475 2289 2530 Nil
2323 2476 2546 2547 patitur
2576 2491 2852 2547 nequam,
2877 2476 2976 2530 sed
3010 2475 3196 2546 legem
3224 2472 3467 2528 discutit
3497 2486 3756 2540 aquam.

2201 2564 2444 2619 Delicias
2477 2565 2679 2635 nescit,
2704 2564 2804 2635 qui
2836 2580 2951 2618 non
2983 2565 3094 2618 sub
3126 2579 3192 2617 eo
3226 2560 3551 2632 requiescit.

2199 2655 2343 2708 Cum
2376 2654 2522 2708 duce
2549 2653 2867 2707 multarum
2901 2656 3040 2706 sunt
3070 2649 3285 2723 gaudia
3315 2647 3677 2702 divitiarum.

2202 2742 2320 2796 Hoc
2353 2742 2643 2812 siquidem
2667 2744 2849 2811 juste,
2883 2741 3022 2812 quia
3047 2738 3443 2811 dispensando
3474 2742 3719 2791 venuste

2200 2830 2324 2884 Non
2358 2829 2492 2885 illas
2522 2828 2694 2897 celat,
2726 2830 2827 2885 sed
2858 2829 2917 2884 in
2950 2829 3041 2899 iis,
3076 2833 3137 2882 ut
3168 2827 3372 2899 prosit,
3405 2824 3664 2880 anhelat.

2202 2919 2303 2973 Isti
2334 2923 2475 2974 sunt
2505 2935 2718 2986 mores,
2742 2918 2960 2989 quibus
2990 2916 3301 2988 acquisivit
3330 2915 3606 2978 honores,

2202 3011 2312 3062 Per
2342 3024 2488 3078 quos
2518 3012 2572 3062 et
2603 3011 2798 3079 captat
2827 3006 2938 3062 sibi
2967 3006 3164 3078 plures
3195 3009 3371 3075 atque
3401 3008 3654 3074 coaptat.

2200 3097 2415 3164 Laetus,
2451 3112 2564 3150 non
2598 3095 2804 3163 tristis,
2829 3110 3060 3166 semper
3089 3094 3365 3166 perduret
3393 3091 3452 3148 in
3486 3089 3620 3147 istis
3639 3091 3732 3144 ⁵⁵³.

1712 3194 1959 3250 VARI/E
1997 3193 2414 3250 LECTIONES.

429 3273 498 3308 ⁸⁵0
527 3274 814 3355 nobisque
843 3294 887 3334 c.
919 3354 923 3355 ί
967 3279 1031 3355 ξω
1069 3279 1157 3335 Me
1186 3282 1300 3337 cod.
1379 3283 1446 3318 ⁸⁸³
1477 3285 1566 3339 hic
1591 3291 1895 3355 sequuntur
1943 3286 1998 3339 in
2051 3283 2232 3340 codice
2261 3283 2374 3338 duo
2402 3299 2592 3338 versus
2622 3300 2642 3337 :
2664 3281 2903 3355 Arborei
2936 3281 3108 3355 ﬂores
3138 3279 3451 3355 designant
3480 3277 3642 3333 orbis
3678 3275 3789 3331 ho-

359 3359 552 3426 nores:
587 3346 660 3426 Ut
688 3346 934 3426 pereunt
962 3350 1153 3426 flores,
1188 3361 1433 3424 pereunt
1477 3355 1559 3411 sic
1589 3346 1746 3410 orbis
1795 3357 2066 3412 honores.
2096 3355 2199 3410 Sed
2227 3364 2479 3426 apparet,
2515 3356 2576 3408 in
2604 3354 2807 3426 codice,
2838 3352 2983 3408 unde
3011 3358 3201 3407 noster
3227 3346 3528 3426 discriptus
3555 3359 3663 3426 est,
3695 3363 3786 3402 eos

360 3417 426 3471 ab
457 3416 582 3498 alio
613 3416 818 3476 inloco
846 3438 1018 3498 vacuo
1048 3416 1256 3498 additos
1283 3429 1478 3496 fuisse,
1508 3440 1568 3482 ut
1595 3444 1733 3497 sape
1760 3429 1821 3497 ﬁt
1855 3431 1914 3482 in
1943 3416 2745 3498 codicibus;'riostri'scriptor,
2775 3416 3200 3496 diligentissime
3227 3416 3415 3479 omnia
3443 3437 3554 3477 exs:
3567 3422 3782 3486 ribens,

359 3504 532 3560 neque
558 3490 650 3546 hos
680 3506 862 3548 versus
891 3496 1207 3551 omittendos
1238 3490 1472 3568 putavit.
1500 3490 1879 3555 ΒΕΤΙῙΜᾹΝΝ.

1457 3713 1966 3801 DIPLOMA

2059 3712 2674 3800 BRUNONIS.

626 3831 961 3912 Conﬁrmat
989 3837 1490 3898 commutationem
1519 3837 1744 3916 factam
1786 3839 1941 3898 inter
1989 3836 2424 3917 Werin/rr'dum
2455 3836 2727 3898 abbatem
2759 3845 2814 3897 et
2852 3835 3198 3896 Warnerum
3232 3833 3517 3894 comitem.

439 3957 628 4011 Bruno
658 3961 872 4012 sancta:
897 3958 1254 4016 Coloniensis
1278 3961 1540 4016 Ecclesia:
1573 3961 1732 4018 filius
1753 3961 1853 4017 Dei
1886 3977 2015 4034 gra-
2049 3965 2092 4030 ο
2132 3966 2342 4018 nostra;
2362 3978 2433 4016 ne
2455 3961 2510 4016 id
2538 3962 2700 4016 ﬁeret
2720 3961 2934 4033 saepius
2957 3975 3347 4016 commonere.
3365 3959 3568 4030 Itaque
3589 3974 3797 4013 conve-

368 4044 452 4100 tia
480 4045 958 4118 archiepiscopus
999 4064 1296 4124 servorum
1331 4050 1452 4117 Dei,
1475 4057 1676 4106 notum
1705 4067 1833 4106 esse
1861 4051 2022 4105 volu-

368 4150 502 4189 mus
533 4140 653 4190 tam
692 4137 1082 4206 praesentibus
1104 4155 1278 4210 quam
1303 4144 1359 4194 et
1381 4139 1765 4210 futuris,quia
1785 4139 2024 4210 quidam

369 4223 679 4295 religiosus
702 4225 854 4280 abba
873 4243 942 4280 ex
964 4228 1319 4283 monasterio
1333 4228 1647 4284 Stabulaus
1669 4233 1724 4283 et
1742 4226 2026 4284 Malmun-

367 4311 531 4366 daria
547 4313 736 4368 Werin
748 4314 851 4368 frid
863 4332 931 4369 us
947 4315 1183 4372 nomine
1196 4316 1340 4371 adiit
1355 4316 1724 4373 clementiam
1740 4322 2024 4381 nostram,

368 4416 473 4472 pro
504 4402 758 4472 quadam
791 4405 1270 4471 commutatione,
1303 4423 1481 4477 quam
1516 4407 1728 4462 fecerat
1761 4422 1894 4462 cum
1926 4423 2026 4460 co-

370 4489 510 4545 mite
542 4495 819 4547 Warnero
852 4492 1007 4548 fideli
1061 4501 1284 4560 nostro,
1309 4499 1366 4550 et
1396 4494 1535 4565 quia
1565 4497 1767 4551 eadem
1817 4512 2025 4550 mona-

369 4579 548 4634 steria
578 4581 691 4635 sub
736 4586 945 4636 nostrae
985 4583 1254 4638 tuitionis
1284 4584 1621 4639 defensione
1651 4588 1837 4649 erant,
1861 4583 2027 4655 petiit

369 4669 637 4724 eamdem
667 4671 1191 4728 commutationem
1249 4677 1447 4728 nostra
1487 4673 1827 4728 auctoritate
1857 4674 2025 4728 robo-

369 4755 507 4810 rari.
537 4757 716 4827 Cujus
758 4761 1048 4830 petitioni,
1071 4763 1207 4832 quia
1230 4762 1396 4832 justa
1424 4767 1567 4827 erat,
1601 4761 1940 4827 annuimus,
1973 4767 2030 4817 et

369 4844 606 4900 utilitati
625 4847 887 4903 Ecclesiae
907 4849 1604 4905 consuluimus.Habebat
1621 4866 1874 4921 namque
1891 4867 2030 4921 ρυε-

367 4935 561 4991 dictus
587 4952 782 4991 comes
815 4943 1011 4994 noster
1041 4938 1228 4994 fidelis
1252 4939 1426 5009 juxta
1457 4939 1878 4994 monasterium
1907 4939 2032 4994 Sta’

367 5023 580 5081 bulaus
611 5025 928 5096 quamdam
974 5025 1168 5082 villam
1217 5027 1308 5082 sui
1345 5027 1500 5096 juris
1530 5027 1766 5082 nomine
1799 5027 2030 5095 Batdau,

370 5130 545 5185 quam
561 5114 796 5187 Sigit‘rid
809 5132 877 5170 us
899 5132 1093 5171 comes
1117 5122 1180 5171 ut
1210 5117 1556 5187 acquireret,
1578 5123 1634 5172 et
1656 5116 1810 5188 apud
1837 5133 1942 5173 nos
1972 5122 2029 5172 et

370 5204 522 5276 apud
558 5203 758 5260 fideles
788 5209 1021 5262 nostros
1043 5205 1138 5260 sui
1168 5205 1583 5262 intercessores
1601 5205 1768 5261 valde
1798 5205 2026 5262 labora-

2136 4050 2360 4106 nientes
2394 4051 2451 4105 in
2485 4067 2669 4106 unnm
2692 4051 2844 4106 abba
2866 4050 3142 4122 praefatus
3162 4054 3219 4104 et
3238 4063 3433 4104 comes
3454 4047 3620 4103 dedit
3641 4047 3796 4102 idem

2139 4139 2529 4194 Werinfridus
2587 4140 2738 4194 abba
2781 4140 3067 4195 VVarnero
3123 4137 3325 4194 comiti
3383 4135 3540 4192 ﬁdeli
3595 4140 3797 4191 nostro

2136 4228 2423 4300 quidquid
2459 4227 2672 4284 habere
2703 4228 3010 4284 videbatur
3055 4227 3111 4281 in
3151 4225 3290 4281 villa
3318 4225 3499 4281 Nohas
3527 4224 3703 4288 dicta,
3735 4224 3796 4277 in

2135 4333 2284 4389 pago
2314 4317 2614 4383 Heiﬂensi,
2648 4317 2705 4371 in
2733 4317 3013 4372 comitatu
3037 4315 3338 4387 Tulpiacc,
3359 4313 3418 4368 id
3449 4317 3540 4368 est
3563 4317 3793 4368 curtem

2132 4406 2349 4461 bonam
2369 4423 2501 4461 cum
2523 4405 2800 4473 casticiis,
2815 4403 3367 4475 molendinis,aquis
3381 4417 3794 4473 aquarumque

2136 4494 2504 4562 decursibus,
2524 4494 2786 4565 quaesitis
2823 4499 2880 4549 et
2921 4492 3310 4564 inquirendis,
3350 4489 3636 4546 silvarum
3670 4505 3794 4544 ma-

2136 4599 2312 4656 gnam
2345 4583 2594 4654 capiam,
2624 4582 2906 4638 familiam
2939 4581 3241 4653 utriusqae
3273 4595 3472 4646 sexus,
3495 4584 3552 4634 e‘t
3579 4582 3794 4634 cetera

2138 4673 2210 4728 ad
2259 4672 2530 4728 eumdem
2583 4671 2776 4727 locum
2809 4671 3178 4742 pertinentia.
3201 4671 3271 4725 Et
3318 4669 3460 4740 quia
3514 4667 3793 4724 monachi

2136 4761 2377 4817 alterius
2409 4759 2766 4826 monasterii,
2788 4760 2845 4816 id
2878 4764 2967 4815 est
2997 4757 3792 4829 Malmundariaa,quamdam

2139 4856 2363 4923 partem
2392 4848 2453 4904 in
2483 4849 2685 4904 eadem
2716 4848 2852 4904 villa
2894 4847 3209 4917 habebant,
3242 4847 3496 4902 reddidit
3525 4845 3682 4901 abba
3708 4845 3790 4900 ei-

2139 4941 2272 4995 dem
2303 4937 2559 4994 ecciesiaa
2590 4939 2648 4993 in
2681 4954 2829 5010 pago
2851 4938 3200 4995 Condustrio
3235 4937 3430 4994 locum
3452 4935 3555 5008 qui
3577 4935 3797 4991 dicitur

2139 5027 2313 5092 Villa,
2333 5027 2390 5082 in
2414 5027 2692 5083 comitatu
2712 5027 2855 5084 Hoio
2872 5044 2930 5083 νι
2945 5043 3184 5084 mansos
3204 5027 3390 5082 bonos
3411 5041 3547 5081 cum
3569 5023 3797 5081 familia

2139 5116 2448 5188 utriusque
2477 5133 2671 5188 sexus,
2704 5115 2908 5173 silvam
2941 5117 3177 5182 bonam,
3209 5120 3266 5171 et
3295 5119 3501 5172 caetera
3529 5115 3604 5170 ad
3635 5130 3795 5170 eam-

2140 5206 2270 5261 dem
2303 5204 2500 5262 villam
2548 5205 3177 5278 appenditia.Econtra
3224 5203 3385 5260 dedit
3430 5209 3795 5260 memoratus

370 5293 693 5364 bant,quod
719 5295 901 5349 abbas
933 5293 1269 5362 audiens,et
1290 5295 1533 5349 nimiam
1569 5295 1686 5350 imo
1719 5295 2021 5350 immorta-
2051 5331 2099 5396 Β
2139 5310 2332 5350 comes
2362 5295 2684 5351 Warnerus
2723 5312 2918 5351 coram
2947 5294 3197 5350 testibus
3244 5293 3472 5350 idoneis
3501 5293 3790 5366 quidquid

371 5381 483 5435 lem
510 5381 1173 5453 inquietudinem(197-’i)
1198 5383 1410 5438 timens
1434 5382 1563 5450 loci,
1581 5383 1688 5438 hoc
1711 5383 2018 5439 consilium

375 5475 493 5524 toto
526 5472 634 5526 nisi
670 5473 897 5527 studuit
931 5489 1352 5544 praeoccupare,
1377 5477 1432 5527 et
1479 5488 1650 5527 aures
1700 5471 2018 5529 clementia:

445 5596 626 5665 (1974)
645 5598 866 5668 Quippe
886 5599 1110 5668 antiqui
1137 5603 1328 5668 patres
1351 5600 1688 5668 magnatum
1713 5613 2019 5668 procerum

373 5669 475 5742 qui
506 5669 797 5725 consortia
825 5673 958 5725 ante
980 5669 1177 5725 omnia
1208 5669 1534 5740 fugiebant;
1564 5675 1740 5740 atque
1769 5670 1912 5725 adeo
1936 5670 2016 5724 vi-

2130 5384 2343 5440 babere
2372 5385 2684 5440 videbatur
2712 5384 2771 5440 in
2804 5383 2941 5440 villa
2964 5385 3090 5454 jam
3123 5383 3278 5439 dicta
3307 5382 3528 5439 Baldau
3559 5387 3785 5438 curtem

2129 5474 2344 5528 bonam
2369 5473 2468 5528 scd
2487 5474 2559 5528 ab
2580 5472 2849 5528 hostibus
2865 5471 3031 5527 valde
3046 5475 3355 5540 vastatam,
3372 5470 3497 5543 agri
3519 5469 3778 5527 culturas

2130 5597 2429 5652 ciuitatem
2460 5597 2722 5669 ipsorum
2751 5595 2823 5669 in
2856 5594 3066 5669 primis
3107 5593 3696 5669 declinabant,_Un_de
3725 5601 3778 5651 et

2129 5669 2449 5725 horrendas
2485 5665 2565 5725 ad
2607 5665 3056 5724 inhabitandam
3089 5665 3439 5724 solitudines
3459 5665 3775 5739 eligebant.
