  <div class='ocr_page' id='page_1' title='image "/cluster/home/n/w/nwhite01/storage/ocr_20150623/134/hvd.32044023361702/500.png"; bbox 0 0 4064 6188; ppageno 0'>
   <div class='ocr_carea' id='block_1_1' title="bbox 305 371 421 431">
    <p class='ocr_par' dir='ltr' id='par_1_1' title="bbox 305 371 421 431">
     <span class='ocr_line' id='line_1_1' title="bbox 305 371 421 431; baseline -0.017 0"><span class='ocrx_word' id='word_1_1' title='bbox 305 371 421 431; x_wconf 84' lang='grc'>989</span> 
     </span>
    </p>
   </div>
   <div class='ocr_carea' id='block_1_2' title="bbox 992 357 1972 427">
    <p class='ocr_par' dir='ltr' id='par_1_2' title="bbox 992 364 1972 427">
     <span class='ocr_line' id='line_1_2' title="bbox 992 364 1972 427; baseline 0.001 -1"><span class='ocrx_word' id='word_1_2' title='bbox 992 367 1379 427; x_wconf 62' lang='grc' dir='ltr'>ΡΗΙνΙΙιΕϐ.</span> <span class='ocrx_word' id='word_1_3' title='bbox 1428 366 1526 427; x_wconf 82' lang='lat' dir='ltr'>ET</span> <span class='ocrx_word' id='word_1_4' title='bbox 1571 364 1972 427; x_wconf 66' lang='lat' dir='ltr'>CONSTITU&#39;</span> 
     </span>
    </p>
   </div>
   <div class='ocr_carea' id='block_1_3' title="bbox 2085 357 3032 427">
    <p class='ocr_par' dir='ltr' id='par_1_3' title="bbox 2085 357 3032 425">
     <span class='ocr_line' id='line_1_3' title="bbox 2085 357 3032 425; baseline -0.01 0"><span class='ocrx_word' id='word_1_5' title='bbox 2085 364 2362 425; x_wconf 79' lang='lat' dir='ltr'>LEONIS</span> <span class='ocrx_word' id='word_1_6' title='bbox 2411 360 2546 425; x_wconf 83' lang='lat' dir='ltr'>VIII</span> <span class='ocrx_word' id='word_1_7' title='bbox 2590 357 3032 420; x_wconf 64' lang='lat' dir='ltr'>ANTIPAPIE.</span> 
     </span>
    </p>
   </div>
   <div class='ocr_carea' id='block_1_4' title="bbox 3596 355 3715 415">
    <p class='ocr_par' dir='ltr' id='par_1_4' title="bbox 3596 355 3715 415">
     <span class='ocr_line' id='line_1_4' title="bbox 3596 355 3715 415; baseline -0.008 0"><span class='ocrx_word' id='word_1_8' title='bbox 3596 355 3715 415; x_wconf 91' lang='lat'>990</span> 
     </span>
    </p>
   </div>
   <div class='ocr_carea' id='block_1_5' title="bbox 304 487 3713 578">
    <p class='ocr_par' dir='ltr' id='par_1_5' title="bbox 304 487 3713 578">
     <span class='ocr_line' id='line_1_5' title="bbox 304 487 3713 578; baseline -0.005 -20"><span class='ocrx_word' id='word_1_9' title='bbox 304 498 1473 568; x_wconf 88' lang='lat' dir='ltr'>bonas,Cambam,molendinum,silvam</span> <span class='ocrx_word' id='word_1_10' title='bbox 1501 499 1947 571; x_wconf 90' lang='lat' dir='ltr'>magnam.Nam</span> <span class='ocrx_word' id='word_1_11' title='bbox 1982 513 2036 578; x_wconf 76' lang='grc' dir='ltr'><strong>Α</strong></span> <span class='ocrx_word' id='word_1_12' title='bbox 2070 496 2331 568; x_wconf 72' lang='lat' dir='ltr'>legaliter</span> <span class='ocrx_word' id='word_1_13' title='bbox 2360 495 2512 549; x_wconf 85' lang='lat' dir='ltr'>fecit.</span> <span class='ocrx_word' id='word_1_14' title='bbox 2548 494 2617 548; x_wconf 88' lang='lat' dir='ltr'>Et</span> <span class='ocrx_word' id='word_1_15' title='bbox 2646 497 2710 547; x_wconf 93' lang='lat' dir='ltr'>ut</span> <span class='ocrx_word' id='word_1_16' title='bbox 2739 492 2862 547; x_wconf 86' lang='lat' dir='ltr'>hac</span> <span class='ocrx_word' id='word_1_17' title='bbox 2904 487 3287 545; x_wconf 83' lang='lat' dir='ltr'>commutatio</span> <span class='ocrx_word' id='word_1_18' title='bbox 3315 487 3526 578; x_wconf 85' lang='lat' dir='ltr'>futuris</span> <span class='ocrx_word' id='word_1_19' title='bbox 3564 490 3713 541; x_wconf 88' lang='lat' dir='ltr'>tem-</span> 
     </span>
    </p>
   </div>
   <div class='ocr_carea' id='block_1_6' title="bbox 308 587 1951 661">
    <p class='ocr_par' dir='ltr' id='par_1_6' title="bbox 308 587 1951 661">
     <span class='ocr_line' id='line_1_6' title="bbox 308 587 1951 661; baseline -0.004 -13"><span class='ocrx_word' id='word_1_20' title='bbox 308 591 552 648; x_wconf 89' lang='lat' dir='ltr'>ecclesia</span> <span class='ocrx_word' id='word_1_21' title='bbox 582 592 844 661; x_wconf 84' lang='lat' dir='ltr'>ejusdem</span> <span class='ocrx_word' id='word_1_22' title='bbox 877 589 1023 644; x_wconf 78' lang='lat' dir='ltr'>villae</span> <span class='ocrx_word' id='word_1_23' title='bbox 1054 606 1187 644; x_wconf 91' lang='lat' dir='ltr'>cum</span> <span class='ocrx_word' id='word_1_24' title='bbox 1222 589 1371 643; x_wconf 89' lang='lat' dir='ltr'>bono</span> <span class='ocrx_word' id='word_1_25' title='bbox 1404 587 1690 653; x_wconf 86' lang='lat' dir='ltr'>dotalicio,</span> <span class='ocrx_word' id='word_1_26' title='bbox 1725 588 1951 659; x_wconf 90' lang='lat' dir='ltr'>privile-</span> 
     </span>
    </p>
   </div>
   <div class='ocr_carea' id='block_1_7' title="bbox 310 677 1954 753">
    <p class='ocr_par' dir='ltr' id='par_1_7' title="bbox 310 677 1954 753">
     <span class='ocr_line' id='line_1_7' title="bbox 310 677 1954 753; baseline -0.002 -18"><span class='ocrx_word' id='word_1_27' title='bbox 310 680 460 753; x_wconf 87' lang='lat' dir='ltr'>legia</span> <span class='ocrx_word' id='word_1_28' title='bbox 488 685 544 735; x_wconf 89' lang='lat' dir='ltr'>et</span> <span class='ocrx_word' id='word_1_29' title='bbox 574 680 877 748; x_wconf 90' lang='lat' dir='ltr'>constitut,</span> <span class='ocrx_word' id='word_1_30' title='bbox 911 679 1136 733; x_wconf 79' lang='lat' dir='ltr'>scilicet</span> <span class='ocrx_word' id='word_1_31' title='bbox 1163 684 1319 733; x_wconf 85' lang='lat' dir='ltr'>terra</span> <span class='ocrx_word' id='word_1_32' title='bbox 1349 682 1405 732; x_wconf 89' lang='lat' dir='ltr'>et</span> <span class='ocrx_word' id='word_1_33' title='bbox 1435 677 1580 732; x_wconf 86' lang='lat' dir='ltr'>silva</span> <span class='ocrx_word' id='word_1_34' title='bbox 1611 677 1797 732; x_wconf 92' lang='lat' dir='ltr'>eidem</span> <span class='ocrx_word' id='word_1_35' title='bbox 1832 694 1954 731; x_wconf 92' lang='lat' dir='ltr'>mo-</span> 
     </span>
    </p>
   </div>
   <div class='ocr_carea' id='block_1_8' title="bbox 314 766 1957 839">
    <p class='ocr_par' dir='ltr' id='par_1_8' title="bbox 314 766 1957 839">
     <span class='ocr_line' id='line_1_8' title="bbox 314 766 1957 839; baseline -0.002 -15"><span class='ocrx_word' id='word_1_36' title='bbox 314 768 564 824; x_wconf 88' lang='lat' dir='ltr'>nasterio</span> <span class='ocrx_word' id='word_1_37' title='bbox 596 768 922 839; x_wconf 89' lang='lat' dir='ltr'>antiquitus</span> <span class='ocrx_word' id='word_1_38' title='bbox 940 768 1127 822; x_wconf 85' lang='lat' dir='ltr'>fuerat</span> <span class='ocrx_word' id='word_1_39' title='bbox 1148 769 1283 821; x_wconf 91' lang='lat' dir='ltr'>data</span> <span class='ocrx_word' id='word_1_40' title='bbox 1309 785 1321 833; x_wconf 86' lang='lat'>;</span> <span class='ocrx_word' id='word_1_41' title='bbox 1344 766 1463 820; x_wconf 83' lang='lat' dir='ltr'>hac</span> <span class='ocrx_word' id='word_1_42' title='bbox 1487 766 1685 821; x_wconf 93' lang='lat' dir='ltr'>omnia</span> <span class='ocrx_word' id='word_1_43' title='bbox 1709 766 1957 820; x_wconf 84' lang='lat' dir='ltr'>invicem</span> 
     </span>
    </p>
   </div>
   <div class='ocr_carea' id='block_1_9' title="bbox 314 854 1959 914">
    <p class='ocr_par' dir='ltr' id='par_1_9' title="bbox 314 854 1959 914">
     <span class='ocr_line' id='line_1_9' title="bbox 314 854 1959 914; baseline -0.003 -1"><span class='ocrx_word' id='word_1_44' title='bbox 314 858 425 914; x_wconf 84' lang='lat' dir='ltr'>sibi</span> <span class='ocrx_word' id='word_1_45' title='bbox 455 856 824 912; x_wconf 89' lang='lat' dir='ltr'>tradiderunt</span> <span class='ocrx_word' id='word_1_46' title='bbox 856 857 1007 911; x_wconf 84' lang='lat' dir='ltr'>abba</span> <span class='ocrx_word' id='word_1_47' title='bbox 1050 872 1184 910; x_wconf 92' lang='lat' dir='ltr'>cum</span> <span class='ocrx_word' id='word_1_48' title='bbox 1218 871 1507 909; x_wconf 89' lang='lat' dir='ltr'>consensu</span> <span class='ocrx_word' id='word_1_49' title='bbox 1540 854 1959 909; x_wconf 79' lang='lat' dir='ltr'>monachorum</span> 
     </span>
    </p>
   </div>
   <div class='ocr_carea' id='block_1_10' title="bbox 315 945 1963 1016">
    <p class='ocr_par' dir='ltr' id='par_1_10' title="bbox 315 945 1963 1016">
     <span class='ocr_line' id='line_1_10' title="bbox 315 945 1963 1016; baseline -0.002 -15"><span class='ocrx_word' id='word_1_50' title='bbox 315 952 699 1016; x_wconf 91' lang='lat' dir='ltr'>utrorumque</span> <span class='ocrx_word' id='word_1_51' title='bbox 714 945 1403 1011; x_wconf 84' lang='lat' dir='ltr'>coenobiorum,etcomes</span> <span class='ocrx_word' id='word_1_52' title='bbox 1416 961 1547 998; x_wconf 90' lang='lat' dir='ltr'>cum</span> <span class='ocrx_word' id='word_1_53' title='bbox 1566 960 1852 998; x_wconf 88' lang='lat' dir='ltr'>consensu</span> <span class='ocrx_word' id='word_1_54' title='bbox 1868 960 1963 998; x_wconf 83' lang='lat' dir='ltr'>ux-</span> 
     </span>
    </p>
   </div>
   <div class='ocr_carea' id='block_1_11' title="bbox 315 1032 1969 1101">
    <p class='ocr_par' dir='ltr' id='par_1_11' title="bbox 315 1032 1969 1101">
     <span class='ocr_line' id='line_1_11' title="bbox 315 1032 1969 1101; baseline -0.002 -11"><span class='ocrx_word' id='word_1_55' title='bbox 315 1036 431 1090; x_wconf 90' lang='lat' dir='ltr'>oris</span> <span class='ocrx_word' id='word_1_56' title='bbox 446 1042 499 1088; x_wconf 90' lang='lat' dir='ltr'>et</span> <span class='ocrx_word' id='word_1_57' title='bbox 512 1035 766 1089; x_wconf 91' lang='lat' dir='ltr'>ﬁliorum</span> <span class='ocrx_word' id='word_1_58' title='bbox 782 1039 837 1089; x_wconf 92' lang='lat' dir='ltr'>et</span> <span class='ocrx_word' id='word_1_59' title='bbox 852 1034 1173 1089; x_wconf 86' lang='lat' dir='ltr'>amicorum</span> <span class='ocrx_word' id='word_1_60' title='bbox 1192 1037 1517 1101; x_wconf 88' lang='lat' dir='ltr'>suorum,et</span> <span class='ocrx_word' id='word_1_61' title='bbox 1530 1050 1723 1087; x_wconf 90' lang='lat' dir='ltr'>coram</span> <span class='ocrx_word' id='word_1_62' title='bbox 1738 1032 1969 1087; x_wconf 90' lang='lat' dir='ltr'>celsitu-</span> 
     </span>
    </p>
   </div>
   <div class='ocr_carea' id='block_1_12' title="bbox 312 1123 1969 1187">
    <p class='ocr_par' dir='ltr' id='par_1_12' title="bbox 312 1123 1969 1187">
     <span class='ocr_line' id='line_1_12' title="bbox 312 1123 1969 1187; baseline -0.003 -8"><span class='ocrx_word' id='word_1_63' title='bbox 312 1125 447 1179; x_wconf 86' lang='lat' dir='ltr'>dine</span> <span class='ocrx_word' id='word_1_64' title='bbox 462 1128 663 1179; x_wconf 88' lang='lat' dir='ltr'>nostra</span> <span class='ocrx_word' id='word_1_65' title='bbox 680 1124 948 1178; x_wconf 84' lang='lat' dir='ltr'>eamdem</span> <span class='ocrx_word' id='word_1_66' title='bbox 964 1123 1484 1177; x_wconf 80' lang='lat' dir='ltr'>commutationem</span> <span class='ocrx_word' id='word_1_67' title='bbox 1504 1124 1969 1187; x_wconf 89' lang='lat' dir='ltr'>ﬁrmaverunt,et</span> 
     </span>
    </p>
   </div>
   <div class='ocr_carea' id='block_1_13' title="bbox 313 1209 1969 1284">
    <p class='ocr_par' dir='ltr' id='par_1_13' title="bbox 313 1209 1969 1284">
     <span class='ocr_line' id='line_1_13' title="bbox 313 1209 1969 1284; baseline -0.002 -18"><span class='ocrx_word' id='word_1_68' title='bbox 313 1213 468 1267; x_wconf 91' lang='lat' dir='ltr'>idem</span> <span class='ocrx_word' id='word_1_69' title='bbox 493 1229 689 1269; x_wconf 88' lang='lat' dir='ltr'>comes</span> <span class='ocrx_word' id='word_1_70' title='bbox 711 1230 811 1284; x_wconf 92' lang='lat' dir='ltr'>per</span> <span class='ocrx_word' id='word_1_71' title='bbox 832 1212 1263 1267; x_wconf 89' lang='lat' dir='ltr'>testesidoneos</span> <span class='ocrx_word' id='word_1_72' title='bbox 1290 1228 1516 1265; x_wconf 91' lang='lat' dir='ltr'>ramum</span> <span class='ocrx_word' id='word_1_73' title='bbox 1547 1227 1677 1265; x_wconf 90' lang='lat' dir='ltr'>cum</span> <span class='ocrx_word' id='word_1_74' title='bbox 1702 1210 1884 1279; x_wconf 91' lang='lat' dir='ltr'>cepite</span> <span class='ocrx_word' id='word_1_75' title='bbox 1900 1209 1969 1262; x_wconf 90' lang='lat' dir='ltr'>ad</span> 
     </span>
    </p>
   </div>
   <div class='ocr_carea' id='block_1_14' title="bbox 316 1299 1976 1371">
    <p class='ocr_par' dir='ltr' id='par_1_14' title="bbox 316 1299 1976 1371">
     <span class='ocr_line' id='line_1_14' title="bbox 316 1299 1976 1371; baseline -0.003 -14"><span class='ocrx_word' id='word_1_76' title='bbox 316 1301 501 1357; x_wconf 88' lang='lat' dir='ltr'>altare</span> <span class='ocrx_word' id='word_1_77' title='bbox 516 1302 831 1359; x_wconf 87' lang='lat' dir='ltr'>Stabulaus</span> <span class='ocrx_word' id='word_1_78' title='bbox 855 1301 1109 1371; x_wconf 87' lang='lat' dir='ltr'>misit,et</span> <span class='ocrx_word' id='word_1_79' title='bbox 1134 1300 1507 1356; x_wconf 80' lang='lat' dir='ltr'>traditionem</span> <span class='ocrx_word' id='word_1_80' title='bbox 1532 1317 1664 1353; x_wconf 91' lang='lat' dir='ltr'>cum</span> <span class='ocrx_word' id='word_1_81' title='bbox 1692 1299 1976 1353; x_wconf 88' lang='lat' dir='ltr'>vestitura</span> 
     </span>
    </p>
   </div>
   <div class='ocr_carea' id='block_1_15' title="bbox 2064 575 3712 659">
    <p class='ocr_par' dir='ltr' id='par_1_15' title="bbox 2064 575 3712 659">
     <span class='ocr_line' id='line_1_15' title="bbox 2064 575 3712 659; baseline -0.006 -18"><span class='ocrx_word' id='word_1_82' title='bbox 2064 586 2304 659; x_wconf 88' lang='lat' dir='ltr'>poribus</span> <span class='ocrx_word' id='word_1_83' title='bbox 2336 583 2556 637; x_wconf 86' lang='lat' dir='ltr'>ﬁrmior</span> <span class='ocrx_word' id='word_1_84' title='bbox 2571 582 2875 649; x_wconf 87' lang='lat' dir='ltr'>habeatur,</span> <span class='ocrx_word' id='word_1_85' title='bbox 2896 578 3174 650; x_wconf 79' lang='lat' dir='ltr'>petitione</span> <span class='ocrx_word' id='word_1_86' title='bbox 3203 577 3466 647; x_wconf 81' lang='lat' dir='ltr'>eiusdem</span> <span class='ocrx_word' id='word_1_87' title='bbox 3486 575 3712 631; x_wconf 82' lang='lat' dir='ltr'>abbatis</span> 
     </span>
    </p>
   </div>
   <div class='ocr_carea' id='block_1_16' title="bbox 2068 665 3711 739">
    <p class='ocr_par' dir='ltr' id='par_1_16' title="bbox 2068 665 3711 739">
     <span class='ocr_line' id='line_1_16' title="bbox 2068 665 3711 739; baseline -0.008 -9"><span class='ocrx_word' id='word_1_88' title='bbox 2068 692 2281 730; x_wconf 87' lang='lat' dir='ltr'>manus</span> <span class='ocrx_word' id='word_1_89' title='bbox 2313 677 2521 727; x_wconf 79' lang='lat' dir='ltr'>nostra</span> <span class='ocrx_word' id='word_1_90' title='bbox 2552 675 2739 726; x_wconf 90' lang='lat' dir='ltr'>tractu</span> <span class='ocrx_word' id='word_1_91' title='bbox 2787 668 3172 739; x_wconf 88' lang='lat' dir='ltr'>signavimus.</span> <span class='ocrx_word' id='word_1_92' title='bbox 3206 666 3447 737; x_wconf 78' lang='lat' dir='ltr'>Signum</span> <span class='ocrx_word' id='word_1_93' title='bbox 3482 665 3711 718; x_wconf 85' lang='lat' dir='ltr'>Werin-</span> 
     </span>
    </p>
   </div>
   <div class='ocr_carea' id='block_1_17' title="bbox 2070 754 3717 832">
    <p class='ocr_par' dir='ltr' id='par_1_17' title="bbox 2070 754 3717 832">
     <span class='ocr_line' id='line_1_17' title="bbox 2070 754 3717 832; baseline -0.008 -13"><span class='ocrx_word' id='word_1_94' title='bbox 2070 764 2246 819; x_wconf 91' lang='lat' dir='ltr'>frindi</span> <span class='ocrx_word' id='word_1_95' title='bbox 2283 762 2531 816; x_wconf 83' lang='lat' dir='ltr'>abbatis.</span> <span class='ocrx_word' id='word_1_96' title='bbox 2566 760 2726 832; x_wconf 89' lang='lat' dir='ltr'>Sign.</span> <span class='ocrx_word' id='word_1_97' title='bbox 2759 756 3195 822; x_wconf 86' lang='lat' dir='ltr'>Werinmundi,</span> <span class='ocrx_word' id='word_1_98' title='bbox 3216 754 3717 827; x_wconf 80' lang='lat' dir='ltr'>Titgeri,Norber-</span> 
     </span>
    </p>
   </div>
   <div class='ocr_carea' id='block_1_18' title="bbox 2072 843 3719 923">
    <p class='ocr_par' dir='ltr' id='par_1_18' title="bbox 2072 843 3719 923">
     <span class='ocr_line' id='line_1_18' title="bbox 2072 843 3719 923; baseline -0.007 -16"><span class='ocrx_word' id='word_1_99' title='bbox 2072 853 2137 920; x_wconf 91' lang='lat' dir='ltr'>ti,</span> <span class='ocrx_word' id='word_1_100' title='bbox 2173 850 2478 923; x_wconf 80' lang='lat' dir='ltr'>Reginardi</span> <span class='ocrx_word' id='word_1_101' title='bbox 2514 854 2571 904; x_wconf 91' lang='lat' dir='ltr'>et</span> <span class='ocrx_word' id='word_1_102' title='bbox 2601 854 2962 904; x_wconf 86' lang='lat' dir='ltr'>caterorum.</span> <span class='ocrx_word' id='word_1_103' title='bbox 2989 847 3055 901; x_wconf 92' lang='lat' dir='ltr'>Et</span> <span class='ocrx_word' id='word_1_104' title='bbox 3084 846 3327 900; x_wconf 82' lang='lat' dir='ltr'>alterius</span> <span class='ocrx_word' id='word_1_105' title='bbox 3359 843 3719 899; x_wconf 82' lang='lat' dir='ltr'>monasterii.</span> 
     </span>
    </p>
   </div>
   <div class='ocr_carea' id='block_1_19' title="bbox 2076 932 3719 1013">
    <p class='ocr_par' dir='ltr' id='par_1_19' title="bbox 2076 932 3719 1013">
     <span class='ocr_line' id='line_1_19' title="bbox 2076 932 3719 1013; baseline -0.008 -16"><span class='ocrx_word' id='word_1_106' title='bbox 2076 944 2321 1013; x_wconf 80' lang='lat' dir='ltr'>Signum</span> <span class='ocrx_word' id='word_1_107' title='bbox 2354 939 2566 1005; x_wconf 87' lang='lat' dir='ltr'>Odulﬁ,</span> <span class='ocrx_word' id='word_1_108' title='bbox 2596 938 2870 1001; x_wconf 87' lang='lat' dir='ltr'>Wisirici,</span> <span class='ocrx_word' id='word_1_109' title='bbox 2896 934 3180 999; x_wconf 88' lang='lat' dir='ltr'>Heilfridi,</span> <span class='ocrx_word' id='word_1_110' title='bbox 3204 932 3531 1005; x_wconf 80' lang='lat' dir='ltr'>Rogibaldi.</span> <span class='ocrx_word' id='word_1_111' title='bbox 3558 932 3719 1003; x_wconf 93' lang='lat' dir='ltr'>Sign.</span> 
     </span>
    </p>
   </div>
   <div class='ocr_carea' id='block_1_20' title="bbox 2078 1020 3725 1097">
    <p class='ocr_par' dir='ltr' id='par_1_20' title="bbox 2078 1020 3725 1097">
     <span class='ocr_line' id='line_1_20' title="bbox 2078 1020 3725 1097; baseline -0.006 -15"><span class='ocrx_word' id='word_1_112' title='bbox 2078 1030 2344 1085; x_wconf 84' lang='lat' dir='ltr'>Warneri</span> <span class='ocrx_word' id='word_1_113' title='bbox 2393 1027 2645 1091; x_wconf 88' lang='lat' dir='ltr'>comitis,</span> <span class='ocrx_word' id='word_1_114' title='bbox 2679 1025 3011 1097; x_wconf 81' lang='lat' dir='ltr'>Reginardi,</span> <span class='ocrx_word' id='word_1_115' title='bbox 3045 1024 3310 1087; x_wconf 89' lang='lat' dir='ltr'>Gevardi,</span> <span class='ocrx_word' id='word_1_116' title='bbox 3345 1027 3401 1076; x_wconf 89' lang='lat' dir='ltr'>et</span> <span class='ocrx_word' id='word_1_117' title='bbox 3449 1020 3725 1091; x_wconf 84' lang='lat' dir='ltr'>Richarii,</span> 
     </span>
    </p>
   </div>
   <div class='ocr_carea' id='block_1_21' title="bbox 2080 1108 3726 1184">
    <p class='ocr_par' dir='ltr' id='par_1_21' title="bbox 2080 1108 3726 1184">
     <span class='ocr_line' id='line_1_21' title="bbox 2080 1108 3726 1184; baseline -0.007 -9"><span class='ocrx_word' id='word_1_118' title='bbox 2080 1125 2137 1175; x_wconf 91' lang='lat' dir='ltr'>et</span> <span class='ocrx_word' id='word_1_119' title='bbox 2172 1119 2513 1173; x_wconf 87' lang='lat' dir='ltr'>multorum.</span> <span class='ocrx_word' id='word_1_120' title='bbox 2547 1119 2686 1170; x_wconf 85' lang='lat' dir='ltr'>Acta</span> <span class='ocrx_word' id='word_1_121' title='bbox 2718 1120 2857 1169; x_wconf 89' lang='lat' dir='ltr'>sunt</span> <span class='ocrx_word' id='word_1_122' title='bbox 2888 1114 3009 1169; x_wconf 84' lang='lat' dir='ltr'>hac</span> <span class='ocrx_word' id='word_1_123' title='bbox 3038 1112 3268 1184; x_wconf 90' lang='lat' dir='ltr'>publice</span> <span class='ocrx_word' id='word_1_124' title='bbox 3298 1110 3482 1183; x_wconf 88' lang='lat' dir='ltr'>Aquis</span> <span class='ocrx_word' id='word_1_125' title='bbox 3514 1108 3726 1180; x_wconf 86' lang='lat' dir='ltr'>palatio</span> 
     </span>
    </p>
   </div>
   <div class='ocr_carea' id='block_1_22' title="bbox 2082 1198 3728 1273">
    <p class='ocr_par' dir='ltr' id='par_1_22' title="bbox 2082 1198 3728 1273">
     <span class='ocr_line' id='line_1_22' title="bbox 2082 1198 3728 1273; baseline -0.008 -10"><span class='ocrx_word' id='word_1_126' title='bbox 2082 1210 2176 1263; x_wconf 90' lang='lat' dir='ltr'>die</span> <span class='ocrx_word' id='word_1_127' title='bbox 2228 1225 2263 1261; x_wconf 78' lang='grc' dir='ltr'><strong>ιι</strong></span> <span class='ocrx_word' id='word_1_128' title='bbox 2314 1206 2555 1260; x_wconf 85' lang='lat' dir='ltr'>Kalend.</span> <span class='ocrx_word' id='word_1_129' title='bbox 2607 1202 2966 1268; x_wconf 82' lang='lat' dir='ltr'>Novembris,</span> <span class='ocrx_word' id='word_1_130' title='bbox 3007 1207 3286 1273; x_wconf 83' lang='lat' dir='ltr'>regnante</span> <span class='ocrx_word' id='word_1_131' title='bbox 3334 1215 3467 1269; x_wconf 90' lang='lat' dir='ltr'>rege</span> <span class='ocrx_word' id='word_1_132' title='bbox 3520 1198 3728 1252; x_wconf 88' lang='lat' dir='ltr'>Ottone</span> 
     </span>
    </p>
   </div>
   <div class='ocr_carea' id='block_1_23' title="bbox 2084 1290 3419 1359">
    <p class='ocr_par' dir='ltr' id='par_1_23' title="bbox 2084 1290 3419 1359">
     <span class='ocr_line' id='line_1_23' title="bbox 2084 1290 3419 1359; baseline -0.005 -10"><span class='ocrx_word' id='word_1_133' title='bbox 2084 1298 2261 1351; x_wconf 84' lang='lat' dir='ltr'>fratre</span> <span class='ocrx_word' id='word_1_134' title='bbox 2292 1300 2509 1359; x_wconf 89' lang='lat' dir='ltr'>nostro,</span> <span class='ocrx_word' id='word_1_135' title='bbox 2543 1310 2693 1348; x_wconf 91' lang='lat' dir='ltr'>anno</span> <span class='ocrx_word' id='word_1_136' title='bbox 2722 1310 2880 1357; x_wconf 79' lang='lat' dir='ltr'>xvui,</span> <span class='ocrx_word' id='word_1_137' title='bbox 2914 1290 3223 1346; x_wconf 90' lang='lat' dir='ltr'>Godefrido</span> <span class='ocrx_word' id='word_1_138' title='bbox 3254 1290 3419 1343; x_wconf 90' lang='lat' dir='ltr'>duce.</span> 
     </span>
    </p>
   </div>
   <div class='ocr_carea' id='block_1_24' title="bbox 1655 1553 2391 1593">
    <p class='ocr_par' dir='ltr' id='par_1_24' title="bbox 1655 1553 2391 1593">
     <span class='ocr_line' id='line_1_24' title="bbox 1655 1553 2391 1593; baseline -0.004 0"><span class='ocrx_word' id='word_1_139' title='bbox 1655 1556 1807 1593; x_wconf 78' lang='lat' dir='ltr'>ANNO</span> <span class='ocrx_word' id='word_1_140' title='bbox 1846 1555 2051 1593; x_wconf 84' lang='lat' dir='ltr'><strong>DOMINI</strong></span> <span class='ocrx_word' id='word_1_141' title='bbox 2092 1553 2391 1592; x_wconf 75' lang='lat' dir='ltr'>DCCCCLXV.</span> 
     </span>
    </p>
   </div>
   <div class='ocr_carea' id='block_1_25' title="bbox 1057 1684 2990 1816">
    <p class='ocr_par' dir='ltr' id='par_1_25' title="bbox 1057 1684 2990 1816">
     <span class='ocr_line' id='line_1_25' title="bbox 1057 1684 2990 1816; baseline -0.007 0"><span class='ocrx_word' id='word_1_142' title='bbox 1057 1689 1442 1816; x_wconf 82' lang='lat' dir='ltr'>LEO</span> <span class='ocrx_word' id='word_1_143' title='bbox 1536 1685 1885 1812; x_wconf 78' lang='lat' dir='ltr'><strong>VIII</strong></span> <span class='ocrx_word' id='word_1_144' title='bbox 1986 1684 2990 1809; x_wconf 75' lang='lat' dir='ltr'>AN&#39;I‘IPAPA</span> 
     </span>
    </p>
   </div>
   <div class='ocr_carea' id='block_1_26' title="bbox 1527 1980 2511 2064">
    <p class='ocr_par' dir='ltr' id='par_1_26' title="bbox 1527 1980 2511 2064">
     <span class='ocr_line' id='line_1_26' title="bbox 1527 1980 2511 2064; baseline -0.004 0"><span class='ocrx_word' id='word_1_145' title='bbox 1527 1990 1923 2064; x_wconf 84' lang='lat' dir='ltr'><strong>NOTITIA</strong></span> <span class='ocrx_word' id='word_1_146' title='bbox 1974 1980 2476 2063; x_wconf 84' lang='lat' dir='ltr'>HISTORICA</span> <span class='ocrx_word' id='word_1_147' title='bbox 2496 2045 2511 2059; x_wconf 91' lang='lat'>.</span> 
     </span>
    </p>
   </div>
   <div class='ocr_carea' id='block_1_27' title="bbox 1056 2138 3002 2215">
    <p class='ocr_par' dir='ltr' id='par_1_27' title="bbox 1056 2138 3002 2215">
     <span class='ocr_line' id='line_1_27' title="bbox 1056 2138 3002 2215; baseline -0.003 -16"><span class='ocrx_word' id='word_1_148' title='bbox 1056 2143 1484 2215; x_wconf 90' lang='lat' dir='ltr'>(Gocquelines,</span> <span class='ocrx_word' id='word_1_149' title='bbox 1520 2143 1754 2211; x_wconf 89' lang='lat' dir='ltr'>bullar.,</span> <span class='ocrx_word' id='word_1_150' title='bbox 1788 2142 2051 2215; x_wconf 92' lang='lat' dir='ltr'>privileg.</span> <span class='ocrx_word' id='word_1_151' title='bbox 2086 2159 2303 2198; x_wconf 89' lang='lat' dir='ltr'>summ.</span> <span class='ocrx_word' id='word_1_152' title='bbox 2338 2146 2497 2213; x_wconf 91' lang='lat' dir='ltr'>pont.</span> <span class='ocrx_word' id='word_1_153' title='bbox 2532 2140 2711 2213; x_wconf 89' lang='lat' dir='ltr'>ampl.</span> <span class='ocrx_word' id='word_1_154' title='bbox 2746 2138 3002 2207; x_wconf 87' lang='lat' dir='ltr'>Collect.)</span> 
     </span>
    </p>
   </div>
   <div class='ocr_carea' id='block_1_28' title="bbox 406 2341 3735 2422">
    <p class='ocr_par' dir='ltr' id='par_1_28' title="bbox 406 2341 3735 2422">
     <span class='ocr_line' id='line_1_28' title="bbox 406 2341 3735 2422; baseline -0.004 -17"><span class='ocrx_word' id='word_1_155' title='bbox 406 2354 466 2405; x_wconf 91' lang='lat' dir='ltr'>In</span> <span class='ocrx_word' id='word_1_156' title='bbox 502 2351 766 2405; x_wconf 85' lang='lat' dir='ltr'>Romana</span> <span class='ocrx_word' id='word_1_157' title='bbox 794 2349 1023 2422; x_wconf 81' lang='lat' dir='ltr'>Synodo</span> <span class='ocrx_word' id='word_1_158' title='bbox 1050 2349 1311 2422; x_wconf 89' lang='lat' dir='ltr'>deposito</span> <span class='ocrx_word' id='word_1_159' title='bbox 1343 2353 1565 2403; x_wconf 89' lang='lat' dir='ltr'>Joanne</span> <span class='ocrx_word' id='word_1_160' title='bbox 1597 2349 1691 2404; x_wconf 80' lang='grc' dir='ltr'>ΧΠ</span> <span class='ocrx_word' id='word_1_161' title='bbox 1722 2354 1933 2404; x_wconf 85' lang='lat' dir='ltr'>sancta</span> <span class='ocrx_word' id='word_1_162' title='bbox 1976 2350 2243 2404; x_wconf 81' lang='lat' dir='ltr'>Romana</span> <span class='ocrx_word' id='word_1_163' title='bbox 2278 2347 2543 2403; x_wconf 80' lang='lat' dir='ltr'>Ecclesia</span> <span class='ocrx_word' id='word_1_164' title='bbox 2576 2346 2669 2422; x_wconf 81' lang='lat' dir='ltr'>die</span> <span class='ocrx_word' id='word_1_165' title='bbox 2698 2363 2751 2401; x_wconf 77' lang='lat' dir='ltr'>vr</span> <span class='ocrx_word' id='word_1_166' title='bbox 2802 2343 3138 2422; x_wconf 79' lang='lat' dir='ltr'>Decembris</span> <span class='ocrx_word' id='word_1_167' title='bbox 3168 2342 3301 2397; x_wconf 89' lang='lat' dir='ltr'>anni</span> <span class='ocrx_word' id='word_1_168' title='bbox 3328 2342 3459 2422; x_wconf 69' lang='lat'>963,</span> <span class='ocrx_word' id='word_1_169' title='bbox 3494 2341 3607 2395; x_wconf 88' lang='lat' dir='ltr'>Leo</span> <span class='ocrx_word' id='word_1_170' title='bbox 3635 2355 3735 2422; x_wconf 65' lang='lat' dir='ltr'>vni</span> 
     </span>
    </p>
   </div>
   <div class='ocr_carea' id='block_1_29' title="bbox 331 2413 3739 2492">
    <p class='ocr_par' dir='ltr' id='par_1_29' title="bbox 331 2413 3739 2492">
     <span class='ocr_line' id='line_1_29' title="bbox 331 2413 3739 2492; baseline -0.003 -16"><span class='ocrx_word' id='word_1_171' title='bbox 331 2413 852 2492; x_wconf 76' lang='lat' dir='ltr'>protoscriniarius</span> <span class='ocrx_word' id='word_1_172' title='bbox 874 2422 931 2475; x_wconf 92' lang='lat' dir='ltr'>in</span> <span class='ocrx_word' id='word_1_173' title='bbox 964 2422 1091 2491; x_wconf 88' lang='lat' dir='ltr'>ejus</span> <span class='ocrx_word' id='word_1_174' title='bbox 1121 2413 1315 2475; x_wconf 82' lang='lat' dir='ltr'>locum</span> <span class='ocrx_word' id='word_1_175' title='bbox 1347 2422 1648 2475; x_wconf 85' lang='lat' dir='ltr'>ordinatus</span> <span class='ocrx_word' id='word_1_176' title='bbox 1679 2426 1784 2490; x_wconf 87' lang='lat' dir='ltr'>est,</span> <span class='ocrx_word' id='word_1_177' title='bbox 1820 2436 1993 2491; x_wconf 88' lang='lat' dir='ltr'>quem</span> <span class='ocrx_word' id='word_1_178' title='bbox 2027 2425 2219 2474; x_wconf 90' lang='lat' dir='ltr'>tamen</span> <span class='ocrx_word' id='word_1_179' title='bbox 2252 2424 2493 2473; x_wconf 80' lang='lat' dir='ltr'>Romam</span> <span class='ocrx_word' id='word_1_180' title='bbox 2536 2420 2786 2492; x_wconf 84' lang='lat' dir='ltr'>rediens,</span> <span class='ocrx_word' id='word_1_181' title='bbox 2816 2415 3287 2492; x_wconf 79' lang='lat' dir='ltr'>sequentianno,</span> <span class='ocrx_word' id='word_1_182' title='bbox 3317 2413 3577 2492; x_wconf 76' lang='lat' dir='ltr'>Joannes</span> <span class='ocrx_word' id='word_1_183' title='bbox 3608 2414 3739 2492; x_wconf 79' lang='lat' dir='ltr'>post</span> 
     </span>
    </p>
   </div>
   <div class='ocr_carea' id='block_1_30' title="bbox 331 2482 3732 2573">
    <p class='ocr_par' dir='ltr' id='par_1_30' title="bbox 331 2482 3732 2573">
     <span class='ocr_line' id='line_1_30' title="bbox 331 2482 3732 2573; baseline -0.004 -25"><span class='ocrx_word' id='word_1_184' title='bbox 331 2482 1300 2573; x_wconf 36' lang='lat' dir='ltr'>Othonis.imperatorisvrecessum</span> <span class='ocrx_word' id='word_1_185' title='bbox 1349 2493 1547 2573; x_wconf 73' lang='lat' dir='ltr'>fugere</span> <span class='ocrx_word' id='word_1_186' title='bbox 1580 2482 1788 2573; x_wconf 66' lang='lat' dir='ltr'>coegit,</span> <span class='ocrx_word' id='word_1_187' title='bbox 1825 2482 2288 2573; x_wconf 72' lang='lat' dir='ltr'>usurpatamque</span> <span class='ocrx_word' id='word_1_188' title='bbox 2339 2492 2631 2573; x_wconf 69' lang='lat' dir='ltr'>dimittere</span> <span class='ocrx_word' id='word_1_189' title='bbox 2672 2482 3037 2570; x_wconf 36' lang='lat' dir='ltr'>dig—nitatem.</span> <span class='ocrx_word' id='word_1_190' title='bbox 3074 2488 3140 2541; x_wconf 89' lang='lat' dir='ltr'>At</span> <span class='ocrx_word' id='word_1_191' title='bbox 3166 2502 3305 2573; x_wconf 75' lang='lat' dir='ltr'>cum</span> <span class='ocrx_word' id='word_1_192' title='bbox 3353 2485 3608 2573; x_wconf 77' lang='lat' dir='ltr'>Joannes</span> <span class='ocrx_word' id='word_1_193' title='bbox 3638 2482 3732 2536; x_wconf 91' lang='lat' dir='ltr'>die</span> 
     </span>
    </p>
   </div>
   <div class='ocr_carea' id='block_1_31' title="bbox 328 2556 3732 2634">
    <p class='ocr_par' dir='ltr' id='par_1_31' title="bbox 328 2556 3732 2634">
     <span class='ocr_line' id='line_1_31' title="bbox 328 2556 3732 2634; baseline -0.003 -15"><span class='ocrx_word' id='word_1_194' title='bbox 328 2582 424 2619; x_wconf 69' lang='lat' dir='ltr'>xxv</span> <span class='ocrx_word' id='word_1_195' title='bbox 454 2564 590 2619; x_wconf 90' lang='lat' dir='ltr'>Maii</span> <span class='ocrx_word' id='word_1_196' title='bbox 622 2556 885 2627; x_wconf 79' lang='lat' dir='ltr'>obiisset,</span> <span class='ocrx_word' id='word_1_197' title='bbox 919 2564 1161 2619; x_wconf 82' lang='lat' dir='ltr'>Romani</span> <span class='ocrx_word' id='word_1_198' title='bbox 1194 2556 1590 2631; x_wconf 67' lang='lat' dir='ltr'>Benedictum,</span> <span class='ocrx_word' id='word_1_199' title='bbox 1623 2556 1715 2617; x_wconf 46' lang='lat' dir='ltr'>de&quot;</span> <span class='ocrx_word' id='word_1_200' title='bbox 1738 2556 1853 2634; x_wconf 86' lang='lat' dir='ltr'>quo</span> <span class='ocrx_word' id='word_1_201' title='bbox 1886 2556 2018 2617; x_wconf 77' lang='lat' dir='ltr'>mox</span> <span class='ocrx_word' id='word_1_202' title='bbox 2048 2556 2330 2627; x_wconf 84' lang='lat' dir='ltr'>dicemus,</span> <span class='ocrx_word' id='word_1_203' title='bbox 2364 2563 2487 2617; x_wconf 89' lang='lat' dir='ltr'>sine</span> <span class='ocrx_word' id='word_1_204' title='bbox 2532 2556 2777 2634; x_wconf 73' lang='lat' dir='ltr'>Othonis</span> <span class='ocrx_word' id='word_1_205' title='bbox 2808 2573 3097 2615; x_wconf 89' lang='lat' dir='ltr'>consensu</span> <span class='ocrx_word' id='word_1_206' title='bbox 3129 2556 3529 2634; x_wconf 73' lang='lat' dir='ltr'>etvoluntate,</span> <span class='ocrx_word' id='word_1_207' title='bbox 3564 2570 3732 2634; x_wconf 72' lang='lat' dir='ltr'>apos-</span> 
     </span>
    </p>
   </div>
   <div class='ocr_carea' id='block_1_32' title="bbox 330 2625 3727 2706">
    <p class='ocr_par' dir='ltr' id='par_1_32' title="bbox 330 2625 3727 2706">
     <span class='ocr_line' id='line_1_32' title="bbox 330 2625 3727 2706; baseline -0.004 -16"><span class='ocrx_word' id='word_1_208' title='bbox 330 2635 516 2690; x_wconf 80' lang='lat' dir='ltr'>tolica</span> <span class='ocrx_word' id='word_1_209' title='bbox 549 2636 670 2689; x_wconf 89' lang='lat' dir='ltr'>sedi</span> <span class='ocrx_word' id='word_1_210' title='bbox 702 2625 1127 2706; x_wconf 87' lang='lat' dir='ltr'>imposuerunt.</span> <span class='ocrx_word' id='word_1_211' title='bbox 1162 2636 1347 2698; x_wconf 87' lang='lat' dir='ltr'>Quare</span> <span class='ocrx_word' id='word_1_212' title='bbox 1380 2625 1696 2706; x_wconf 82' lang='lat' dir='ltr'>imperator</span> <span class='ocrx_word' id='word_1_213' title='bbox 1726 2625 1856 2689; x_wconf 72' lang='lat' dir='ltr'>cum</span> <span class='ocrx_word' id='word_1_214' title='bbox 1889 2635 2075 2706; x_wconf 89' lang='lat' dir='ltr'>Leone</span> <span class='ocrx_word' id='word_1_215' title='bbox 2106 2625 2349 2687; x_wconf 80' lang='lat' dir='ltr'>Romam</span> <span class='ocrx_word' id='word_1_216' title='bbox 2403 2635 2673 2706; x_wconf 81' lang='lat' dir='ltr'>perrexit,</span> <span class='ocrx_word' id='word_1_217' title='bbox 2708 2633 2973 2702; x_wconf 87' lang='lat' dir='ltr'>factoque</span> <span class='ocrx_word' id='word_1_218' title='bbox 3000 2627 3424 2706; x_wconf 75' lang='lat' dir='ltr'>conciliabulo,</span> <span class='ocrx_word' id='word_1_219' title='bbox 3459 2628 3569 2706; x_wconf 88' lang='lat' dir='ltr'>L_eo</span> <span class='ocrx_word' id='word_1_220' title='bbox 3599 2625 3727 2706; x_wconf 22' lang='lat' dir='ltr'>pall-</span> 
     </span>
    </p>
   </div>
   <div class='ocr_carea' id='block_1_33' title="bbox 327 2697 3730 2777">
    <p class='ocr_par' dir='ltr' id='par_1_33' title="bbox 327 2697 3730 2777">
     <span class='ocr_line' id='line_1_33' title="bbox 327 2697 3730 2777; baseline -0.003 -18"><span class='ocrx_word' id='word_1_221' title='bbox 327 2706 475 2760; x_wconf 90' lang='lat' dir='ltr'>lium</span> <span class='ocrx_word' id='word_1_222' title='bbox 509 2697 813 2762; x_wconf 77' lang='lat' dir='ltr'>Benedicto</span> <span class='ocrx_word' id='word_1_223' title='bbox 846 2706 1108 2776; x_wconf 84' lang='lat' dir='ltr'>abstulit,</span> <span class='ocrx_word' id='word_1_224' title='bbox 1145 2697 1200 2761; x_wconf 82' lang='lat' dir='ltr'>et</span> <span class='ocrx_word' id='word_1_225' title='bbox 1231 2705 1405 2761; x_wconf 89' lang='lat' dir='ltr'>simul</span> <span class='ocrx_word' id='word_1_226' title='bbox 1438 2697 1824 2777; x_wconf 69' lang='lat' dir='ltr'>pontiﬁcalem</span> <span class='ocrx_word' id='word_1_227' title='bbox 1858 2705 2125 2774; x_wconf 82' lang='lat' dir='ltr'>ferulam,</span> <span class='ocrx_word' id='word_1_228' title='bbox 2158 2721 2335 2775; x_wconf 90' lang='lat' dir='ltr'>quam</span> <span class='ocrx_word' id='word_1_229' title='bbox 2360 2697 2531 2776; x_wconf 55' lang='lat' dir='ltr'>fr&#39;egit</span> <span class='ocrx_word' id='word_1_230' title='bbox 2560 2708 2615 2759; x_wconf 92' lang='lat' dir='ltr'>et</span> <span class='ocrx_word' id='word_1_231' title='bbox 2644 2704 2855 2758; x_wconf 79' lang='lat' dir='ltr'>iterum</span> <span class='ocrx_word' id='word_1_232' title='bbox 2877 2697 3235 2775; x_wconf 83' lang='lat' dir='ltr'>pontiﬁciam</span> <span class='ocrx_word' id='word_1_233' title='bbox 3269 2700 3466 2755; x_wconf 88' lang='lat' dir='ltr'>sedem</span> <span class='ocrx_word' id='word_1_234' title='bbox 3498 2697 3730 2763; x_wconf 86' lang='lat' dir='ltr'>invasit,</span> 
     </span>
    </p>
   </div>
   <div class='ocr_carea' id='block_1_34' title="bbox 330 2777 1742 2862">
    <p class='ocr_par' dir='ltr' id='par_1_34' title="bbox 330 2777 1742 2862">
     <span class='ocr_line' id='line_1_34' title="bbox 330 2777 1742 2862; baseline -0.001 -30"><span class='ocrx_word' id='word_1_235' title='bbox 330 2794 505 2849; x_wconf 89' lang='lat' dir='ltr'>quam</span> <span class='ocrx_word' id='word_1_236' title='bbox 541 2794 723 2862; x_wconf 83' lang='lat' dir='ltr'>unum</span> <span class='ocrx_word' id='word_1_237' title='bbox 758 2794 978 2833; x_wconf 89' lang='lat' dir='ltr'>annum</span> <span class='ocrx_word' id='word_1_238' title='bbox 1010 2777 1197 2832; x_wconf 86' lang='lat' dir='ltr'>tenuit</span> <span class='ocrx_word' id='word_1_239' title='bbox 1228 2782 1459 2847; x_wconf 89' lang='lat' dir='ltr'>tresque</span> <span class='ocrx_word' id='word_1_240' title='bbox 1492 2793 1742 2831; x_wconf 88' lang='lat' dir='ltr'>menses.</span> 
     </span>
    </p>
   </div>
   <div class='ocr_carea' id='block_1_35' title="bbox 1448 3022 2627 3155">
    <p class='ocr_par' dir='ltr' id='par_1_35' title="bbox 1448 3022 2627 3155">
     <span class='ocr_line' id='line_1_35' title="bbox 1448 3022 2627 3155; baseline -0.002 -5"><span class='ocrx_word' id='word_1_241' title='bbox 1448 3022 2178 3155; x_wconf 83' lang='lat' dir='ltr'>LEONIS</span> <span class='ocrx_word' id='word_1_242' title='bbox 2266 3026 2627 3150; x_wconf 83' lang='lat' dir='ltr'><strong>VIII</strong></span> 
     </span>
    </p>
   </div>
   <div class='ocr_carea' id='block_1_36' title="bbox 1855 3224 2211 3279">
    <p class='ocr_par' dir='ltr' id='par_1_36' title="bbox 1855 3224 2211 3279">
     <span class='ocr_line' id='line_1_36' title="bbox 1855 3224 2211 3279; baseline 0.003 -1"><span class='ocrx_word' id='word_1_243' title='bbox 1855 3225 1948 3279; x_wconf 88' lang='lat' dir='ltr'><strong><em>AN</em></strong></span> <span class='ocrx_word' id='word_1_244' title='bbox 1950 3224 2211 3279; x_wconf 78' lang='lat' dir='ltr'>TlPAP/E</span> 
     </span>
    </p>
   </div>
   <div class='ocr_carea' id='block_1_37' title="bbox 955 3347 3111 3481">
    <p class='ocr_par' dir='ltr' id='par_1_37' title="bbox 955 3347 3111 3481">
     <span class='ocr_line' id='line_1_37' title="bbox 955 3347 3111 3481; baseline -0.002 -38"><span class='ocrx_word' id='word_1_245' title='bbox 955 3350 1683 3445; x_wconf 85' lang='lat' dir='ltr'>PRIVILEGIA</span> <span class='ocrx_word' id='word_1_246' title='bbox 1764 3350 1919 3442; x_wconf 90' lang='lat' dir='ltr'>ET</span> <span class='ocrx_word' id='word_1_247' title='bbox 1987 3347 3111 3481; x_wconf 15' lang='lat' dir='ltr'>‘CONSTITUTIONES.</span> 
     </span>
    </p>
   </div>
   <div class='ocr_carea' id='block_1_38' title="bbox 1828 3536 2253 3547">
    <p class='ocr_par' dir='ltr' id='par_1_38' title="bbox 1828 3536 2253 3547">
     <span class='ocr_line' id='line_1_38' title="bbox 1828 3536 2253 3547; baseline -0.002 -1"><span class='ocrx_word' id='word_1_248' title='bbox 1828 3536 2253 3547; x_wconf 79' lang='lat'>———-—-——</span> 
     </span>
    </p>
   </div>
   <div class='ocr_carea' id='block_1_39' title="bbox 1128 3636 1169 3689">
    <p class='ocr_par' dir='ltr' id='par_1_39' title="bbox 1128 3636 1169 3689">
     <span class='ocr_line' id='line_1_39' title="bbox 1128 3636 1169 3689; baseline 0.049 -2"><span class='ocrx_word' id='word_1_249' title='bbox 1128 3636 1169 3689; x_wconf 92' lang='grc' dir='ltr'>Ι.</span> 
     </span>
    </p>
   </div>
   <div class='ocr_carea' id='block_1_40' title="bbox 327 3738 1975 3780">
    <p class='ocr_par' dir='ltr' id='par_1_40' title="bbox 327 3738 1975 3780">
     <span class='ocr_line' id='line_1_40' title="bbox 327 3738 1975 3780; baseline 0.002 -4"><span class='ocrx_word' id='word_1_250' title='bbox 327 3738 521 3779; x_wconf 71' lang='grc' dir='ltr'>ιεοΝιε</span> <span class='ocrx_word' id='word_1_251' title='bbox 576 3740 678 3778; x_wconf 81' lang='lat' dir='ltr'><strong>VIII</strong></span> <span class='ocrx_word' id='word_1_252' title='bbox 734 3739 1000 3779; x_wconf 78' lang='lat' dir='ltr'>EPISTOLA</span> <span class='ocrx_word' id='word_1_253' title='bbox 1039 3738 1111 3777; x_wconf 79' lang='lat' dir='ltr'>AD</span> <span class='ocrx_word' id='word_1_254' title='bbox 1170 3738 1518 3779; x_wconf 79' lang='lat' dir='ltr'>RODOALDUM</span> <span class='ocrx_word' id='word_1_255' title='bbox 1573 3740 1975 3780; x_wconf 78' lang='lat' dir='ltr'>PATRIARCHAM</span> 
     </span>
    </p>
   </div>
   <div class='ocr_carea' id='block_1_41' title="bbox 926 3810 1369 3856">
    <p class='ocr_par' dir='ltr' id='par_1_41' title="bbox 926 3810 1369 3856">
     <span class='ocr_line' id='line_1_41' title="bbox 926 3810 1369 3856; baseline -0.005 -7"><span class='ocrx_word' id='word_1_256' title='bbox 926 3810 1369 3856; x_wconf 73' lang='lat' dir='ltr'>AQUILEIBNSEM.</span> 
     </span>
    </p>
   </div>
   <div class='ocr_carea' id='block_1_42' title="bbox 965 3881 1335 3951">
    <p class='ocr_par' dir='ltr' id='par_1_42' title="bbox 965 3881 1335 3951">
     <span class='ocr_line' id='line_1_42' title="bbox 965 3881 1335 3951; baseline 0.003 -17"><span class='ocrx_word' id='word_1_257' title='bbox 965 3881 1157 3951; x_wconf 87' lang='lat' dir='ltr'>(Anno</span> <span class='ocrx_word' id='word_1_258' title='bbox 1185 3881 1335 3947; x_wconf 84' lang='lat'>963.)</span> 
     </span>
    </p>
   </div>
   <div class='ocr_carea' id='block_1_43' title="bbox 859 3969 1439 4039">
    <p class='ocr_par' dir='ltr' id='par_1_43' title="bbox 859 3969 1439 4039">
     <span class='ocr_line' id='line_1_43' title="bbox 859 3969 1439 4039; baseline 0.002 -16"><span class='ocrx_word' id='word_1_259' title='bbox 859 3970 951 4023; x_wconf 89' lang='lat' dir='ltr'>Illi</span> <span class='ocrx_word' id='word_1_260' title='bbox 978 3969 1216 4039; x_wconf 81' lang='lat' dir='ltr'>pallium</span> <span class='ocrx_word' id='word_1_261' title='bbox 1245 3971 1439 4024; x_wconf 76' lang='lat' dir='ltr'>mittil.</span> 
     </span>
    </p>
   </div>
   <div class='ocr_carea' id='block_1_44' title="bbox 589 4056 1725 4130">
    <p class='ocr_par' dir='ltr' id='par_1_44' title="bbox 589 4056 1725 4130">
     <span class='ocr_line' id='line_1_44' title="bbox 589 4056 1725 4130; baseline 0.001 -18"><span class='ocrx_word' id='word_1_262' title='bbox 589 4058 777 4129; x_wconf 81' lang='lat' dir='ltr'>[Apud</span> <span class='ocrx_word' id='word_1_263' title='bbox 808 4056 1057 4130; x_wconf 86' lang='lat' dir='ltr'>Ughelli,</span> <span class='ocrx_word' id='word_1_264' title='bbox 1090 4058 1260 4113; x_wconf 82' lang='lat' dir='ltr'>Italia</span> <span class='ocrx_word' id='word_1_265' title='bbox 1290 4074 1476 4126; x_wconf 81' lang='lat' dir='ltr'>sacra,</span> <span class='ocrx_word' id='word_1_266' title='bbox 1510 4062 1577 4126; x_wconf 92' lang='lat' dir='ltr'>V,</span> <span class='ocrx_word' id='word_1_267' title='bbox 1614 4059 1725 4128; x_wconf 66' lang='lat'>114.]</span> 
     </span>
    </p>
   </div>
   <div class='ocr_carea' id='block_1_45' title="bbox 404 4164 1976 4235">
    <p class='ocr_par' dir='ltr' id='par_1_45' title="bbox 404 4164 1976 4235">
     <span class='ocr_line' id='line_1_45' title="bbox 404 4164 1976 4235; baseline 0.002 -16"><span class='ocrx_word' id='word_1_268' title='bbox 404 4166 513 4219; x_wconf 74' lang='lat' dir='ltr'>Leo</span> <span class='ocrx_word' id='word_1_269' title='bbox 543 4164 872 4235; x_wconf 90' lang='lat' dir='ltr'>episcopus,</span> <span class='ocrx_word' id='word_1_270' title='bbox 906 4180 1107 4219; x_wconf 89' lang='lat' dir='ltr'>servus</span> <span class='ocrx_word' id='word_1_271' title='bbox 1139 4181 1435 4219; x_wconf 89' lang='lat' dir='ltr'>servorum</span> <span class='ocrx_word' id='word_1_272' title='bbox 1471 4166 1591 4230; x_wconf 91' lang='lat' dir='ltr'>Dei,</span> <span class='ocrx_word' id='word_1_273' title='bbox 1617 4167 1976 4221; x_wconf 87' lang='lat' dir='ltr'>reverendis-</span> 
     </span>
    </p>
   </div>
   <div class='ocr_carea' id='block_1_46' title="bbox 328 4251 1974 4319">
    <p class='ocr_par' dir='ltr' id='par_1_46' title="bbox 328 4251 1974 4319">
     <span class='ocr_line' id='line_1_46' title="bbox 328 4251 1974 4319; baseline 0.001 -11"><span class='ocrx_word' id='word_1_274' title='bbox 328 4253 477 4308; x_wconf 91' lang='lat' dir='ltr'>simo</span> <span class='ocrx_word' id='word_1_275' title='bbox 508 4269 573 4307; x_wconf 91' lang='lat' dir='ltr'>ac</span> <span class='ocrx_word' id='word_1_276' title='bbox 595 4251 968 4307; x_wconf 88' lang='lat' dir='ltr'>sanctissimo</span> <span class='ocrx_word' id='word_1_277' title='bbox 985 4252 1261 4307; x_wconf 87' lang='lat' dir='ltr'>confratri</span> <span class='ocrx_word' id='word_1_278' title='bbox 1283 4256 1480 4307; x_wconf 90' lang='lat' dir='ltr'>nostro</span> <span class='ocrx_word' id='word_1_279' title='bbox 1499 4255 1821 4319; x_wconf 57' lang='lat' dir='ltr'>Ronoawo,</span> <span class='ocrx_word' id='word_1_280' title='bbox 1840 4272 1974 4309; x_wconf 86' lang='lat' dir='ltr'>san-</span> 
     </span>
    </p>
   </div>
   <div class='ocr_carea' id='block_1_47' title="bbox 328 4338 1542 4412">
    <p class='ocr_par' dir='ltr' id='par_1_47' title="bbox 328 4338 1542 4412">
     <span class='ocr_line' id='line_1_47' title="bbox 328 4338 1542 4412; baseline -0.002 -15"><span class='ocrx_word' id='word_1_281' title='bbox 328 4346 429 4397; x_wconf 85' lang='lat' dir='ltr'>cta</span> <span class='ocrx_word' id='word_1_282' title='bbox 460 4339 850 4411; x_wconf 84' lang='lat' dir='ltr'>Aquileiensis</span> <span class='ocrx_word' id='word_1_283' title='bbox 881 4338 1149 4395; x_wconf 88' lang='lat' dir='ltr'>Ecclesia</span> <span class='ocrx_word' id='word_1_284' title='bbox 1181 4341 1542 4412; x_wconf 88' lang='lat' dir='ltr'>patriarcha.</span> 
     </span>
    </p>
   </div>
   <div class='ocr_carea' id='block_1_48' title="bbox 399 4427 1977 4501">
    <p class='ocr_par' dir='ltr' id='par_1_48' title="bbox 399 4427 1977 4501">
     <span class='ocr_line' id='line_1_48' title="bbox 399 4427 1977 4501; baseline 0.001 -18"><span class='ocrx_word' id='word_1_285' title='bbox 399 4429 456 4483; x_wconf 90' lang='lat' dir='ltr'>Si</span> <span class='ocrx_word' id='word_1_286' title='bbox 490 4432 753 4498; x_wconf 90' lang='lat' dir='ltr'>pastores</span> <span class='ocrx_word' id='word_1_287' title='bbox 780 4428 976 4482; x_wconf 89' lang='lat' dir='ltr'>ovium</span> <span class='ocrx_word' id='word_1_288' title='bbox 1008 4428 1190 4482; x_wconf 90' lang='lat' dir='ltr'>solem</span> <span class='ocrx_word' id='word_1_289' title='bbox 1222 4427 1473 4499; x_wconf 86' lang='lat' dir='ltr'>geluque</span> <span class='ocrx_word' id='word_1_290' title='bbox 1506 4446 1608 4500; x_wconf 91' lang='lat' dir='ltr'>pro</span> <span class='ocrx_word' id='word_1_291' title='bbox 1662 4430 1857 4501; x_wconf 88' lang='lat' dir='ltr'>gregis</span> <span class='ocrx_word' id='word_1_292' title='bbox 1884 4432 1977 4485; x_wconf 90' lang='lat' dir='ltr'>sui</span> 
     </span>
    </p>
   </div>
   <div class='ocr_carea' id='block_1_49' title="bbox 327 4517 1977 4585">
    <p class='ocr_par' dir='ltr' id='par_1_49' title="bbox 327 4517 1977 4585">
     <span class='ocr_line' id='line_1_49' title="bbox 327 4517 1977 4585; baseline 0.001 -12"><span class='ocrx_word' id='word_1_293' title='bbox 327 4517 591 4573; x_wconf 89' lang='lat' dir='ltr'>custodia</span> <span class='ocrx_word' id='word_1_294' title='bbox 621 4517 713 4572; x_wconf 87' lang='lat' dir='ltr'>die</span> <span class='ocrx_word' id='word_1_295' title='bbox 743 4533 809 4571; x_wconf 90' lang='lat' dir='ltr'>ac</span> <span class='ocrx_word' id='word_1_296' title='bbox 839 4521 1009 4571; x_wconf 91' lang='lat' dir='ltr'>nocte</span> <span class='ocrx_word' id='word_1_297' title='bbox 1038 4517 1185 4583; x_wconf 83' lang='lat' dir='ltr'>ferre</span> <span class='ocrx_word' id='word_1_298' title='bbox 1233 4517 1489 4572; x_wconf 86' lang='lat' dir='ltr'>contenti</span> <span class='ocrx_word' id='word_1_299' title='bbox 1524 4521 1682 4585; x_wconf 89' lang='lat' dir='ltr'>sunt,</span> <span class='ocrx_word' id='word_1_300' title='bbox 1722 4524 1779 4573; x_wconf 90' lang='lat' dir='ltr'>et</span> <span class='ocrx_word' id='word_1_301' title='bbox 1809 4524 1873 4573; x_wconf 89' lang='lat' dir='ltr'>ut</span> <span class='ocrx_word' id='word_1_302' title='bbox 1908 4537 1977 4574; x_wconf 90' lang='lat' dir='ltr'>ne</span> 
     </span>
    </p>
   </div>
   <div class='ocr_carea' id='block_1_50' title="bbox 329 4605 1979 4680">
    <p class='ocr_par' dir='ltr' id='par_1_50' title="bbox 329 4605 1979 4680">
     <span class='ocr_line' id='line_1_50' title="bbox 329 4605 1979 4680; baseline 0.001 -18"><span class='ocrx_word' id='word_1_303' title='bbox 329 4624 445 4680; x_wconf 89' lang='lat' dir='ltr'>qua</span> <span class='ocrx_word' id='word_1_304' title='bbox 476 4624 546 4661; x_wconf 84' lang='lat' dir='ltr'>ex</span> <span class='ocrx_word' id='word_1_305' title='bbox 574 4605 658 4661; x_wconf 91' lang='lat' dir='ltr'>eis</span> <span class='ocrx_word' id='word_1_306' title='bbox 690 4609 792 4659; x_wconf 90' lang='lat' dir='ltr'>aut</span> <span class='ocrx_word' id='word_1_307' title='bbox 828 4606 1074 4661; x_wconf 90' lang='lat' dir='ltr'>errando</span> <span class='ocrx_word' id='word_1_308' title='bbox 1128 4610 1343 4676; x_wconf 84' lang='lat' dir='ltr'>pereat,</span> <span class='ocrx_word' id='word_1_309' title='bbox 1377 4612 1479 4661; x_wconf 88' lang='lat' dir='ltr'>aut</span> <span class='ocrx_word' id='word_1_310' title='bbox 1529 4606 1729 4661; x_wconf 92' lang='lat' dir='ltr'>ferinis</span> <span class='ocrx_word' id='word_1_311' title='bbox 1759 4606 1979 4665; x_wconf 89' lang='lat' dir='ltr'>laniata</span> 
     </span>
    </p>
   </div>
   <div class='ocr_carea' id='block_1_51' title="bbox 330 4693 1980 4766">
    <p class='ocr_par' dir='ltr' id='par_1_51' title="bbox 330 4693 1980 4766">
     <span class='ocr_line' id='line_1_51' title="bbox 330 4693 1980 4766; baseline -0.001 -14"><span class='ocrx_word' id='word_1_312' title='bbox 330 4695 625 4752; x_wconf 88' lang='lat' dir='ltr'>morsibus</span> <span class='ocrx_word' id='word_1_313' title='bbox 656 4693 938 4765; x_wconf 82' lang='lat' dir='ltr'>rapiatur,</span> <span class='ocrx_word' id='word_1_314' title='bbox 972 4693 1155 4749; x_wconf 91' lang='lat' dir='ltr'>oculis</span> <span class='ocrx_word' id='word_1_315' title='bbox 1173 4711 1405 4766; x_wconf 88' lang='lat' dir='ltr'>semper</span> <span class='ocrx_word' id='word_1_316' title='bbox 1433 4695 1855 4766; x_wconf 88' lang='lat' dir='ltr'>vigilitantibus</span> <span class='ocrx_word' id='word_1_317' title='bbox 1874 4698 1980 4752; x_wconf 88' lang='lat' dir='ltr'>cir-</span> 
     </span>
    </p>
   </div>
   <div class='ocr_carea' id='block_1_52' title="bbox 330 4784 1981 4855">
    <p class='ocr_par' dir='ltr' id='par_1_52' title="bbox 330 4784 1981 4855">
     <span class='ocr_line' id='line_1_52' title="bbox 330 4784 1981 4855; baseline 0 -16"><span class='ocrx_word' id='word_1_318' title='bbox 330 4788 760 4855; x_wconf 85' lang='lat' dir='ltr'>cumspectant,</span> <span class='ocrx_word' id='word_1_319' title='bbox 792 4786 1008 4854; x_wconf 90' lang='lat' dir='ltr'>quanto</span> <span class='ocrx_word' id='word_1_320' title='bbox 1058 4799 1165 4837; x_wconf 92' lang='lat' dir='ltr'>nos</span> <span class='ocrx_word' id='word_1_321' title='bbox 1198 4784 1410 4838; x_wconf 90' lang='lat' dir='ltr'>sudore</span> <span class='ocrx_word' id='word_1_322' title='bbox 1460 4789 1798 4855; x_wconf 85' lang='lat' dir='ltr'>quantaque</span> <span class='ocrx_word' id='word_1_323' title='bbox 1841 4801 1981 4840; x_wconf 89' lang='lat' dir='ltr'>cura</span> 
     </span>
    </p>
   </div>
   <div class='ocr_carea' id='block_1_53' title="bbox 330 4870 1982 4943">
    <p class='ocr_par' dir='ltr' id='par_1_53' title="bbox 330 4870 1982 4943">
     <span class='ocr_line' id='line_1_53' title="bbox 330 4870 1982 4943; baseline 0 -16"><span class='ocrx_word' id='word_1_324' title='bbox 330 4873 611 4928; x_wconf 85' lang='lat' dir='ltr'>debemus</span> <span class='ocrx_word' id='word_1_325' title='bbox 634 4887 760 4927; x_wconf 79' lang='lat' dir='ltr'>esse</span> <span class='ocrx_word' id='word_1_326' title='bbox 783 4870 1109 4943; x_wconf 85' lang='lat' dir='ltr'>pervigiles,</span> <span class='ocrx_word' id='word_1_327' title='bbox 1135 4870 1233 4940; x_wconf 89' lang='lat' dir='ltr'>qui</span> <span class='ocrx_word' id='word_1_328' title='bbox 1257 4876 1517 4941; x_wconf 88' lang='lat' dir='ltr'>pastores</span> <span class='ocrx_word' id='word_1_329' title='bbox 1543 4872 1874 4928; x_wconf 89' lang='lat' dir='ltr'>animarum</span> <span class='ocrx_word' id='word_1_330' title='bbox 1898 4874 1982 4927; x_wconf 83' lang='lat' dir='ltr'>di-</span> 
     </span>
    </p>
   </div>
   <div class='ocr_carea' id='block_1_54' title="bbox 2008 3635 3732 3708">
    <p class='ocr_par' dir='ltr' id='par_1_54' title="bbox 2008 3635 3732 3708">
     <span class='ocr_line' id='line_1_54' title="bbox 2008 3635 3732 3708; baseline -0.003 -17"><span class='ocrx_word' id='word_1_331' title='bbox 2008 3638 2057 3703; x_wconf 91' lang='lat' dir='ltr'><strong>B</strong></span> <span class='ocrx_word' id='word_1_332' title='bbox 2090 3653 2266 3708; x_wconf 90' lang='lat' dir='ltr'>quam</span> <span class='ocrx_word' id='word_1_333' title='bbox 2298 3635 2753 3706; x_wconf 82' lang='lat' dir='ltr'>pradecessores</span> <span class='ocrx_word' id='word_1_334' title='bbox 2782 3635 3232 3704; x_wconf 90' lang='lat' dir='ltr'>decessoresque</span> <span class='ocrx_word' id='word_1_335' title='bbox 3274 3636 3405 3687; x_wconf 88' lang='lat' dir='ltr'>tuos</span> <span class='ocrx_word' id='word_1_336' title='bbox 3436 3647 3574 3687; x_wconf 91' lang='lat' dir='ltr'>usos</span> <span class='ocrx_word' id='word_1_337' title='bbox 3604 3646 3732 3686; x_wconf 90' lang='lat' dir='ltr'>esse</span> 
     </span>
    </p>
   </div>
   <div class='ocr_carea' id='block_1_55' title="bbox 2088 3717 3737 3796">
    <p class='ocr_par' dir='ltr' id='par_1_55' title="bbox 2088 3717 3737 3796">
     <span class='ocr_line' id='line_1_55' title="bbox 2088 3717 3737 3796; baseline -0.004 -16"><span class='ocrx_word' id='word_1_338' title='bbox 2088 3725 2455 3796; x_wconf 88' lang='lat' dir='ltr'>incognitum</span> <span class='ocrx_word' id='word_1_339' title='bbox 2488 3741 2601 3779; x_wconf 89' lang='lat' dir='ltr'>non</span> <span class='ocrx_word' id='word_1_340' title='bbox 2633 3723 3083 3793; x_wconf 69' lang='lat' dir='ltr'>hal»etis.Cujus</span> <span class='ocrx_word' id='word_1_341' title='bbox 3111 3721 3386 3793; x_wconf 89' lang='lat' dir='ltr'>quoniam</span> <span class='ocrx_word' id='word_1_342' title='bbox 3405 3717 3737 3775; x_wconf 89' lang='lat' dir='ltr'>indumenti</span> 
     </span>
    </p>
   </div>
   <div class='ocr_carea' id='block_1_56' title="bbox 2087 3810 3733 3874">
    <p class='ocr_par' dir='ltr' id='par_1_56' title="bbox 2087 3810 3733 3874">
     <span class='ocr_line' id='line_1_56' title="bbox 2087 3810 3733 3874; baseline -0.003 -7"><span class='ocrx_word' id='word_1_343' title='bbox 2087 3814 2272 3868; x_wconf 91' lang='lat' dir='ltr'>honor</span> <span class='ocrx_word' id='word_1_344' title='bbox 2324 3814 2587 3867; x_wconf 89' lang='lat' dir='ltr'>modesta</span> <span class='ocrx_word' id='word_1_345' title='bbox 2634 3817 2875 3867; x_wconf 85' lang='lat' dir='ltr'>actuum</span> <span class='ocrx_word' id='word_1_346' title='bbox 2922 3811 3225 3866; x_wconf 88' lang='lat' dir='ltr'>vivacitate</span> <span class='ocrx_word' id='word_1_347' title='bbox 3272 3810 3594 3865; x_wconf 87' lang='lat' dir='ltr'>servandus</span> <span class='ocrx_word' id='word_1_348' title='bbox 3624 3814 3733 3874; x_wconf 88' lang='lat' dir='ltr'>est,</span> 
     </span>
    </p>
   </div>
   <div class='ocr_carea' id='block_1_57' title="bbox 2086 3902 3732 3956">
    <p class='ocr_par' dir='ltr' id='par_1_57' title="bbox 2086 3902 3732 3956">
     <span class='ocr_line' id='line_1_57' title="bbox 2086 3902 3732 3956; baseline -0.003 -1"><span class='ocrx_word' id='word_1_349' title='bbox 2086 3902 2392 3956; x_wconf 89' lang='lat' dir='ltr'>hortamur</span> <span class='ocrx_word' id='word_1_350' title='bbox 2423 3906 2487 3954; x_wconf 94' lang='lat' dir='ltr'>ut</span> <span class='ocrx_word' id='word_1_351' title='bbox 2517 3908 2574 3954; x_wconf 91' lang='lat' dir='ltr'>et</span> <span class='ocrx_word' id='word_1_352' title='bbox 2605 3916 2835 3954; x_wconf 89' lang='lat' dir='ltr'>morum</span> <span class='ocrx_word' id='word_1_353' title='bbox 2884 3903 3118 3954; x_wconf 89' lang='lat' dir='ltr'>tuorum</span> <span class='ocrx_word' id='word_1_354' title='bbox 3152 3902 3495 3953; x_wconf 88' lang='lat' dir='ltr'>ornamenta</span> <span class='ocrx_word' id='word_1_355' title='bbox 3524 3912 3732 3951; x_wconf 88' lang='lat' dir='ltr'>conve-</span> 
     </span>
    </p>
   </div>
   <div class='ocr_carea' id='block_1_58' title="bbox 2088 3984 3734 4058">
    <p class='ocr_par' dir='ltr' id='par_1_58' title="bbox 2088 3984 3734 4058">
     <span class='ocr_line' id='line_1_58' title="bbox 2088 3984 3734 4058; baseline -0.003 -14"><span class='ocrx_word' id='word_1_356' title='bbox 2088 3990 2589 4058; x_wconf 88' lang='lat' dir='ltr'>niant,quatenus,</span> <span class='ocrx_word' id='word_1_357' title='bbox 2614 3992 2847 4042; x_wconf 88' lang='lat' dir='ltr'>auctore</span> <span class='ocrx_word' id='word_1_358' title='bbox 2870 3992 3003 4057; x_wconf 88' lang='lat' dir='ltr'>Deo,</span> <span class='ocrx_word' id='word_1_359' title='bbox 3018 3991 3170 4041; x_wconf 91' lang='lat' dir='ltr'>recte</span> <span class='ocrx_word' id='word_1_360' title='bbox 3192 3986 3521 4057; x_wconf 88' lang='lat' dir='ltr'>utrobique,</span> <span class='ocrx_word' id='word_1_361' title='bbox 3544 3984 3734 4056; x_wconf 87' lang='lat' dir='ltr'>possis</span> 
     </span>
    </p>
   </div>
   <div class='ocr_carea' id='block_1_59' title="bbox 2088 4073 3728 4147">
    <p class='ocr_par' dir='ltr' id='par_1_59' title="bbox 2088 4073 3728 4147">
     <span class='ocr_line' id='line_1_59' title="bbox 2088 4073 3728 4147; baseline -0.001 -14"><span class='ocrx_word' id='word_1_362' title='bbox 2088 4094 2215 4133; x_wconf 89' lang='lat' dir='ltr'>esse</span> <span class='ocrx_word' id='word_1_363' title='bbox 2233 4076 2607 4147; x_wconf 88' lang='lat' dir='ltr'>conspicuus.</span> <span class='ocrx_word' id='word_1_364' title='bbox 2624 4077 2823 4146; x_wconf 84' lang='lat' dir='ltr'>Itaque</span> <span class='ocrx_word' id='word_1_365' title='bbox 2844 4074 2960 4129; x_wconf 85' lang='lat' dir='ltr'>vita</span> <span class='ocrx_word' id='word_1_366' title='bbox 2980 4080 3084 4129; x_wconf 88' lang='lat' dir='ltr'>tua</span> <span class='ocrx_word' id='word_1_367' title='bbox 3105 4073 3243 4128; x_wconf 89' lang='lat' dir='ltr'>ﬁliis</span> <span class='ocrx_word' id='word_1_368' title='bbox 3264 4074 3385 4129; x_wconf 89' lang='lat' dir='ltr'>tuis</span> <span class='ocrx_word' id='word_1_369' title='bbox 3406 4073 3483 4129; x_wconf 87' lang='lat' dir='ltr'>sit</span> <span class='ocrx_word' id='word_1_370' title='bbox 3507 4073 3728 4145; x_wconf 86' lang='lat' dir='ltr'>regula.</span> 
     </span>
    </p>
   </div>
   <div class='ocr_carea' id='block_1_60' title="bbox 2088 4162 3729 4236">
    <p class='ocr_par' dir='ltr' id='par_1_60' title="bbox 2088 4162 3729 4236">
     <span class='ocr_line' id='line_1_60' title="bbox 2088 4162 3729 4236; baseline -0.001 -17"><span class='ocrx_word' id='word_1_371' title='bbox 2088 4168 2150 4220; x_wconf 91' lang='lat' dir='ltr'>In</span> <span class='ocrx_word' id='word_1_372' title='bbox 2181 4166 2393 4236; x_wconf 88' lang='lat' dir='ltr'>ipsa,si</span> <span class='ocrx_word' id='word_1_373' title='bbox 2427 4181 2543 4235; x_wconf 90' lang='lat' dir='ltr'>qua</span> <span class='ocrx_word' id='word_1_374' title='bbox 2565 4164 2841 4219; x_wconf 77' lang='lat' dir='ltr'>fortitudo</span> <span class='ocrx_word' id='word_1_375' title='bbox 2861 4162 3207 4233; x_wconf 85' lang='lat' dir='ltr'>illisinjecta</span> <span class='ocrx_word' id='word_1_376' title='bbox 3236 4168 3343 4224; x_wconf 87' lang='lat' dir='ltr'>est,</span> <span class='ocrx_word' id='word_1_377' title='bbox 3368 4162 3729 4233; x_wconf 83' lang='lat' dir='ltr'>dirigantur;</span> 
     </span>
    </p>
   </div>
   <div class='ocr_carea' id='block_1_61' title="bbox 2088 4252 3733 4323">
    <p class='ocr_par' dir='ltr' id='par_1_61' title="bbox 2088 4252 3733 4323">
     <span class='ocr_line' id='line_1_61' title="bbox 2088 4252 3733 4323; baseline -0.002 -15"><span class='ocrx_word' id='word_1_378' title='bbox 2088 4254 2145 4309; x_wconf 89' lang='lat' dir='ltr'>in</span> <span class='ocrx_word' id='word_1_379' title='bbox 2178 4271 2245 4309; x_wconf 89' lang='lat' dir='ltr'>ea</span> <span class='ocrx_word' id='word_1_380' title='bbox 2282 4254 2437 4323; x_wconf 91' lang='lat' dir='ltr'>quod</span> <span class='ocrx_word' id='word_1_381' title='bbox 2486 4253 2794 4308; x_wconf 89' lang='lat' dir='ltr'>imitentur</span> <span class='ocrx_word' id='word_1_382' title='bbox 2842 4252 3164 4323; x_wconf 79' lang='lat' dir='ltr'>aspiciant;</span> <span class='ocrx_word' id='word_1_383' title='bbox 3218 4252 3276 4305; x_wconf 93' lang='lat' dir='ltr'>in</span> <span class='ocrx_word' id='word_1_384' title='bbox 3328 4252 3453 4322; x_wconf 90' lang='lat' dir='ltr'>ipsa</span> <span class='ocrx_word' id='word_1_385' title='bbox 3501 4266 3733 4321; x_wconf 89' lang='lat' dir='ltr'>semper</span> 
     </span>
    </p>
   </div>
   <div class='ocr_carea' id='block_1_62' title="bbox 2088 4340 3729 4412">
    <p class='ocr_par' dir='ltr' id='par_1_62' title="bbox 2088 4340 3729 4412">
     <span class='ocr_line' id='line_1_62' title="bbox 2088 4340 3729 4412; baseline -0.002 -15"><span class='ocrx_word' id='word_1_386' title='bbox 2088 4343 2509 4397; x_wconf 86' lang='lat' dir='ltr'>considerando</span> <span class='ocrx_word' id='word_1_387' title='bbox 2542 4342 2867 4412; x_wconf 87' lang='lat' dir='ltr'>proﬁciant,</span> <span class='ocrx_word' id='word_1_388' title='bbox 2883 4346 2947 4395; x_wconf 90' lang='lat' dir='ltr'>ut</span> <span class='ocrx_word' id='word_1_389' title='bbox 2976 4347 3142 4396; x_wconf 91' lang='lat' dir='ltr'>tuum</span> <span class='ocrx_word' id='word_1_390' title='bbox 3163 4345 3295 4412; x_wconf 92' lang='lat' dir='ltr'>post</span> <span class='ocrx_word' id='word_1_391' title='bbox 3324 4345 3505 4395; x_wconf 86' lang='lat' dir='ltr'>Deum</span> <span class='ocrx_word' id='word_1_392' title='bbox 3535 4340 3729 4395; x_wconf 88' lang='lat' dir='ltr'>videa-</span> 
     </span>
    </p>
   </div>
   <div class='ocr_carea' id='block_1_63' title="bbox 2088 4430 3731 4501">
    <p class='ocr_par' dir='ltr' id='par_1_63' title="bbox 2088 4430 3731 4501">
     <span class='ocr_line' id='line_1_63' title="bbox 2088 4430 3731 4501; baseline -0.002 -15"><span class='ocrx_word' id='word_1_393' title='bbox 2088 4437 2185 4487; x_wconf 90' lang='lat' dir='ltr'>tur</span> <span class='ocrx_word' id='word_1_394' title='bbox 2215 4447 2342 4486; x_wconf 89' lang='lat' dir='ltr'>esse</span> <span class='ocrx_word' id='word_1_395' title='bbox 2382 4432 2527 4485; x_wconf 89' lang='lat' dir='ltr'>bene</span> <span class='ocrx_word' id='word_1_396' title='bbox 2576 4431 2729 4501; x_wconf 90' lang='lat' dir='ltr'>quod</span> <span class='ocrx_word' id='word_1_397' title='bbox 2763 4431 3027 4485; x_wconf 82' lang='lat' dir='ltr'>vixerint.</span> <span class='ocrx_word' id='word_1_398' title='bbox 3060 4430 3169 4484; x_wconf 91' lang='lat' dir='ltr'>Cor</span> <span class='ocrx_word' id='word_1_399' title='bbox 3197 4446 3333 4500; x_wconf 83' lang='lat' dir='ltr'>ergo</span> <span class='ocrx_word' id='word_1_400' title='bbox 3384 4445 3570 4499; x_wconf 91' lang='lat' dir='ltr'>neque</span> <span class='ocrx_word' id='word_1_401' title='bbox 3601 4445 3731 4500; x_wconf 90' lang='lat' dir='ltr'>pro-</span> 
     </span>
    </p>
   </div>
   <div class='ocr_carea' id='block_1_64' title="bbox 2088 4517 3729 4592">
    <p class='ocr_par' dir='ltr' id='par_1_64' title="bbox 2088 4517 3729 4592">
     <span class='ocr_line' id='line_1_64' title="bbox 2088 4517 3729 4592; baseline -0.003 -15"><span class='ocrx_word' id='word_1_402' title='bbox 2088 4537 2278 4592; x_wconf 88' lang='lat' dir='ltr'>spera,</span> <span class='ocrx_word' id='word_1_403' title='bbox 2304 4537 2430 4590; x_wconf 82' lang='lat' dir='ltr'>qua</span> <span class='ocrx_word' id='word_1_404' title='bbox 2452 4519 2849 4590; x_wconf 83' lang='lat' dir='ltr'>temporaliter</span> <span class='ocrx_word' id='word_1_405' title='bbox 2866 4518 3270 4583; x_wconf 88' lang='lat' dir='ltr'>blandiuntur,</span> <span class='ocrx_word' id='word_1_406' title='bbox 3296 4517 3598 4583; x_wconf 81' lang='lat' dir='ltr'>extollant,</span> <span class='ocrx_word' id='word_1_407' title='bbox 3631 4534 3729 4572; x_wconf 91' lang='lat' dir='ltr'>ne-</span> 
     </span>
    </p>
   </div>
   <div class='ocr_carea' id='block_1_65' title="bbox 2090 4606 3729 4680">
    <p class='ocr_par' dir='ltr' id='par_1_65' title="bbox 2090 4606 3729 4680">
     <span class='ocr_line' id='line_1_65' title="bbox 2090 4606 3729 4680; baseline -0.002 -16"><span class='ocrx_word' id='word_1_408' title='bbox 2090 4627 2201 4680; x_wconf 92' lang='lat' dir='ltr'>que</span> <span class='ocrx_word' id='word_1_409' title='bbox 2248 4610 2491 4664; x_wconf 89' lang='lat' dir='ltr'>adversa</span> <span class='ocrx_word' id='word_1_410' title='bbox 2538 4608 2830 4677; x_wconf 80' lang='lat' dir='ltr'>dejiciant.</span> <span class='ocrx_word' id='word_1_411' title='bbox 2881 4608 2991 4662; x_wconf 91' lang='lat' dir='ltr'>Sed</span> <span class='ocrx_word' id='word_1_412' title='bbox 3023 4607 3309 4678; x_wconf 90' lang='lat' dir='ltr'>quidquid</span> <span class='ocrx_word' id='word_1_413' title='bbox 3359 4606 3500 4661; x_wconf 90' lang='lat' dir='ltr'>illud</span> <span class='ocrx_word' id='word_1_414' title='bbox 3535 4607 3729 4672; x_wconf 89' lang='lat' dir='ltr'>fuerit,</span> 
     </span>
    </p>
   </div>
   <div class='ocr_carea' id='block_1_66' title="bbox 2089 4695 3730 4769">
    <p class='ocr_par' dir='ltr' id='par_1_66' title="bbox 2089 4695 3730 4769">
     <span class='ocr_line' id='line_1_66' title="bbox 2089 4695 3730 4769; baseline -0.002 -15"><span class='ocrx_word' id='word_1_415' title='bbox 2089 4699 2301 4755; x_wconf 89' lang='lat' dir='ltr'>virtute</span> <span class='ocrx_word' id='word_1_416' title='bbox 2326 4696 2617 4769; x_wconf 88' lang='lat' dir='ltr'>patientia</span> <span class='ocrx_word' id='word_1_417' title='bbox 2640 4696 2998 4751; x_wconf 90' lang='lat' dir='ltr'>devincatur.</span> <span class='ocrx_word' id='word_1_418' title='bbox 3023 4695 3261 4750; x_wconf 89' lang='lat' dir='ltr'>Nullum</span> <span class='ocrx_word' id='word_1_419' title='bbox 3286 4696 3440 4767; x_wconf 88' lang='lat' dir='ltr'>apud</span> <span class='ocrx_word' id='word_1_420' title='bbox 3462 4701 3517 4751; x_wconf 90' lang='lat' dir='ltr'>te</span> <span class='ocrx_word' id='word_1_421' title='bbox 3538 4696 3730 4751; x_wconf 90' lang='lat' dir='ltr'>locum</span> 
     </span>
    </p>
   </div>
   <div class='ocr_carea' id='block_1_67' title="bbox 2089 4785 3731 4851">
    <p class='ocr_par' dir='ltr' id='par_1_67' title="bbox 2089 4785 3731 4851">
     <span class='ocr_line' id='line_1_67' title="bbox 2089 4785 3731 4851; baseline -0.001 -9"><span class='ocrx_word' id='word_1_422' title='bbox 2089 4788 2241 4851; x_wconf 90' lang='lat' dir='ltr'>odia,</span> <span class='ocrx_word' id='word_1_423' title='bbox 2268 4786 2494 4841; x_wconf 91' lang='lat' dir='ltr'>nullum</span> <span class='ocrx_word' id='word_1_424' title='bbox 2520 4786 2677 4841; x_wconf 88' lang='lat' dir='ltr'>favor</span> <span class='ocrx_word' id='word_1_425' title='bbox 2709 4786 3056 4841; x_wconf 90' lang='lat' dir='ltr'>indiscretus</span> <span class='ocrx_word' id='word_1_426' title='bbox 3076 4786 3353 4841; x_wconf 89' lang='lat' dir='ltr'>inveniat.</span> <span class='ocrx_word' id='word_1_427' title='bbox 3387 4785 3731 4841; x_wconf 88' lang='lat' dir='ltr'>Districtum</span> 
     </span>
    </p>
   </div>
   <div class='ocr_carea' id='block_1_68' title="bbox 2090 4873 3731 4947">
    <p class='ocr_par' dir='ltr' id='par_1_68' title="bbox 2090 4873 3731 4947">
     <span class='ocr_line' id='line_1_68' title="bbox 2090 4873 3731 4947; baseline -0.002 -17"><span class='ocrx_word' id='word_1_428' title='bbox 2090 4875 2228 4931; x_wconf 90' lang='lat' dir='ltr'>mali</span> <span class='ocrx_word' id='word_1_429' title='bbox 2262 4881 2634 4946; x_wconf 88' lang='lat' dir='ltr'>cognoscant.</span> <span class='ocrx_word' id='word_1_430' title='bbox 2661 4876 2957 4930; x_wconf 90' lang='lat' dir='ltr'>Insontem</span> <span class='ocrx_word' id='word_1_431' title='bbox 2978 4874 3131 4945; x_wconf 88' lang='lat' dir='ltr'>apud</span> <span class='ocrx_word' id='word_1_432' title='bbox 3164 4879 3219 4929; x_wconf 89' lang='lat' dir='ltr'>te</span> <span class='ocrx_word' id='word_1_433' title='bbox 3247 4874 3543 4947; x_wconf 88' lang='lat' dir='ltr'>suggestio</span> <span class='ocrx_word' id='word_1_434' title='bbox 3576 4873 3731 4928; x_wconf 88' lang='lat' dir='ltr'>mala</span> 
     </span>
    </p>
   </div>
   <div class='ocr_carea' id='block_1_69' title="bbox 331 4960 3731 5064">
    <p class='ocr_par' dir='ltr' id='par_1_69' title="bbox 331 4960 3731 5064">
     <span class='ocr_line' id='line_1_69' title="bbox 331 4960 3731 5064; baseline -0.001 -47"><span class='ocrx_word' id='word_1_435' title='bbox 331 4961 541 5017; x_wconf 86' lang='lat' dir='ltr'>cimur.</span> <span class='ocrx_word' id='word_1_436' title='bbox 566 4960 973 5031; x_wconf 88' lang='lat' dir='ltr'>Attendamus,</span> <span class='ocrx_word' id='word_1_437' title='bbox 989 4963 1046 5014; x_wconf 91' lang='lat' dir='ltr'>et</span> <span class='ocrx_word' id='word_1_438' title='bbox 1062 4966 1401 5029; x_wconf 90' lang='lat' dir='ltr'>susceptum</span> <span class='ocrx_word' id='word_1_439' title='bbox 1426 4961 1687 5017; x_wconf 89' lang='lat' dir='ltr'>ofﬁcium</span> <span class='ocrx_word' id='word_1_440' title='bbox 1711 4962 1979 5019; x_wconf 84' lang='lat' dir='ltr'>exhibere</span> <span class='ocrx_word' id='word_1_441' title='bbox 2009 4998 2052 5064; x_wconf 68' lang='grc' dir='ltr'><strong>ρ</strong></span> <span class='ocrx_word' id='word_1_442' title='bbox 2093 4982 2209 5020; x_wconf 91' lang='lat' dir='ltr'>non</span> <span class='ocrx_word' id='word_1_443' title='bbox 2263 4965 2455 5019; x_wconf 90' lang='lat' dir='ltr'>faciat.</span> <span class='ocrx_word' id='word_1_444' title='bbox 2504 4964 2818 5018; x_wconf 89' lang='lat' dir='ltr'>Nocentem</span> <span class='ocrx_word' id='word_1_445' title='bbox 2849 4964 3037 5035; x_wconf 89' lang='lat' dir='ltr'>gratia</span> <span class='ocrx_word' id='word_1_446' title='bbox 3066 4980 3181 5018; x_wconf 92' lang='lat' dir='ltr'>non</span> <span class='ocrx_word' id='word_1_447' title='bbox 3215 4970 3483 5029; x_wconf 84' lang='lat' dir='ltr'>excuset;</span> <span class='ocrx_word' id='word_1_448' title='bbox 3519 4962 3731 5016; x_wconf 90' lang='lat' dir='ltr'>remis-</span> 
     </span>
    </p>
   </div>
   <div class='ocr_carea' id='block_1_70' title="bbox 330 5048 1975 5123">
    <p class='ocr_par' dir='ltr' id='par_1_70' title="bbox 330 5048 1975 5123">
     <span class='ocr_line' id='line_1_70' title="bbox 330 5048 1975 5123; baseline 0.001 -18"><span class='ocrx_word' id='word_1_449' title='bbox 330 5066 469 5123; x_wconf 87' lang='lat' dir='ltr'>erga</span> <span class='ocrx_word' id='word_1_450' title='bbox 485 5049 816 5106; x_wconf 87' lang='lat' dir='ltr'>custodiam</span> <span class='ocrx_word' id='word_1_451' title='bbox 838 5048 1277 5104; x_wconf 89' lang='lat' dir='ltr'>Dominicarum</span> <span class='ocrx_word' id='word_1_452' title='bbox 1298 5048 1492 5103; x_wconf 89' lang='lat' dir='ltr'>ovium</span> <span class='ocrx_word' id='word_1_453' title='bbox 1512 5066 1624 5103; x_wconf 90' lang='lat' dir='ltr'>non</span> <span class='ocrx_word' id='word_1_454' title='bbox 1657 5066 1975 5123; x_wconf 88' lang='lat' dir='ltr'>cessemus,</span> 
     </span>
    </p>
   </div>
   <div class='ocr_carea' id='block_1_71' title="bbox 331 5136 1983 5209">
    <p class='ocr_par' dir='ltr' id='par_1_71' title="bbox 331 5136 1983 5209">
     <span class='ocr_line' id='line_1_71' title="bbox 331 5136 1983 5209; baseline 0.001 -15"><span class='ocrx_word' id='word_1_455' title='bbox 331 5156 404 5196; x_wconf 91' lang='lat' dir='ltr'>ne</span> <span class='ocrx_word' id='word_1_456' title='bbox 432 5141 492 5194; x_wconf 91' lang='lat' dir='ltr'>in</span> <span class='ocrx_word' id='word_1_457' title='bbox 524 5138 616 5194; x_wconf 90' lang='lat' dir='ltr'>die</span> <span class='ocrx_word' id='word_1_458' title='bbox 662 5137 841 5193; x_wconf 90' lang='lat' dir='ltr'>divini</span> <span class='ocrx_word' id='word_1_459' title='bbox 891 5136 1176 5194; x_wconf 85' lang='lat' dir='ltr'>examinis</span> <span class='ocrx_word' id='word_1_460' title='bbox 1210 5154 1314 5209; x_wconf 90' lang='lat' dir='ltr'>pro</span> <span class='ocrx_word' id='word_1_461' title='bbox 1347 5138 1572 5192; x_wconf 90' lang='lat' dir='ltr'>desidia</span> <span class='ocrx_word' id='word_1_462' title='bbox 1620 5142 1821 5194; x_wconf 89' lang='lat' dir='ltr'>nostra</span> <span class='ocrx_word' id='word_1_463' title='bbox 1850 5145 1983 5196; x_wconf 90' lang='lat' dir='ltr'>ante</span> 
     </span>
    </p>
   </div>
   <div class='ocr_carea' id='block_1_72' title="bbox 326 5225 1977 5299">
    <p class='ocr_par' dir='ltr' id='par_1_72' title="bbox 326 5225 1977 5299">
     <span class='ocr_line' id='line_1_72' title="bbox 326 5225 1977 5299; baseline 0.001 -15"><span class='ocrx_word' id='word_1_464' title='bbox 326 5242 629 5284; x_wconf 89' lang='lat' dir='ltr'>summum</span> <span class='ocrx_word' id='word_1_465' title='bbox 660 5230 961 5282; x_wconf 83' lang='lat' dir='ltr'>Pastorem</span> <span class='ocrx_word' id='word_1_466' title='bbox 1008 5225 1373 5299; x_wconf 86' lang='lat' dir='ltr'>negligentia</span> <span class='ocrx_word' id='word_1_467' title='bbox 1418 5231 1619 5282; x_wconf 88' lang='lat' dir='ltr'>reatus</span> <span class='ocrx_word' id='word_1_468' title='bbox 1667 5230 1977 5297; x_wconf 82' lang='lat' dir='ltr'>excruciet,</span> 
     </span>
    </p>
   </div>
   <div class='ocr_carea' id='block_1_73' title="bbox 333 5314 1983 5374">
    <p class='ocr_par' dir='ltr' id='par_1_73' title="bbox 333 5314 1983 5374">
     <span class='ocr_line' id='line_1_73' title="bbox 333 5314 1983 5374; baseline 0.001 -2"><span class='ocrx_word' id='word_1_469' title='bbox 333 5317 489 5373; x_wconf 91' lang='lat' dir='ltr'>unde</span> <span class='ocrx_word' id='word_1_470' title='bbox 535 5316 708 5372; x_wconf 89' lang='lat' dir='ltr'>modo</span> <span class='ocrx_word' id='word_1_471' title='bbox 753 5314 994 5371; x_wconf 88' lang='lat' dir='ltr'>honoris</span> <span class='ocrx_word' id='word_1_472' title='bbox 1042 5315 1361 5370; x_wconf 85' lang='lat' dir='ltr'>reverentia</span> <span class='ocrx_word' id='word_1_473' title='bbox 1407 5314 1782 5371; x_wconf 89' lang='lat' dir='ltr'>sublimiores</span> <span class='ocrx_word' id='word_1_474' title='bbox 1830 5318 1983 5374; x_wconf 91' lang='lat' dir='ltr'>inter</span> 
     </span>
    </p>
   </div>
   <div class='ocr_carea' id='block_1_74' title="bbox 328 5402 1979 5476">
    <p class='ocr_par' dir='ltr' id='par_1_74' title="bbox 328 5402 1979 5476">
     <span class='ocr_line' id='line_1_74' title="bbox 328 5402 1979 5476; baseline 0 -14"><span class='ocrx_word' id='word_1_475' title='bbox 328 5410 566 5462; x_wconf 81' lang='lat' dir='ltr'>cateros</span> <span class='ocrx_word' id='word_1_476' title='bbox 588 5404 947 5476; x_wconf 88' lang='lat' dir='ltr'>judicamur.</span> <span class='ocrx_word' id='word_1_477' title='bbox 982 5402 1231 5458; x_wconf 88' lang='lat' dir='ltr'>Pallium</span> <span class='ocrx_word' id='word_1_478' title='bbox 1262 5408 1458 5459; x_wconf 87' lang='lat' dir='ltr'>autem</span> <span class='ocrx_word' id='word_1_479' title='bbox 1503 5405 1849 5460; x_wconf 88' lang='lat' dir='ltr'>fraternitati</span> <span class='ocrx_word' id='word_1_480' title='bbox 1881 5424 1979 5463; x_wconf 86' lang='lat' dir='ltr'>ve-</span> 
     </span>
    </p>
   </div>
   <div class='ocr_carea' id='block_1_75' title="bbox 330 5492 1982 5550">
    <p class='ocr_par' dir='ltr' id='par_1_75' title="bbox 330 5492 1982 5550">
     <span class='ocr_line' id='line_1_75' title="bbox 330 5492 1982 5550; baseline 0.001 -2"><span class='ocrx_word' id='word_1_481' title='bbox 330 5498 465 5548; x_wconf 85' lang='lat' dir='ltr'>stra</span> <span class='ocrx_word' id='word_1_482' title='bbox 493 5508 561 5547; x_wconf 86' lang='lat' dir='ltr'>ex</span> <span class='ocrx_word' id='word_1_483' title='bbox 610 5507 769 5547; x_wconf 91' lang='lat' dir='ltr'>more</span> <span class='ocrx_word' id='word_1_484' title='bbox 818 5492 890 5547; x_wconf 92' lang='lat' dir='ltr'>ad</span> <span class='ocrx_word' id='word_1_485' title='bbox 938 5492 1250 5547; x_wconf 88' lang='lat' dir='ltr'>missarum</span> <span class='ocrx_word' id='word_1_486' title='bbox 1308 5492 1593 5548; x_wconf 89' lang='lat' dir='ltr'>solemnia</span> <span class='ocrx_word' id='word_1_487' title='bbox 1638 5494 1982 5550; x_wconf 87' lang='lat' dir='ltr'>celebranda</span> 
     </span>
    </p>
   </div>
   <div class='ocr_carea' id='block_1_76' title="bbox 329 5580 1977 5655">
    <p class='ocr_par' dir='ltr' id='par_1_76' title="bbox 329 5580 1977 5655">
     <span class='ocr_line' id='line_1_76' title="bbox 329 5580 1977 5655; baseline 0.003 -20"><span class='ocrx_word' id='word_1_488' title='bbox 329 5581 803 5647; x_wconf 86' lang='lat' dir='ltr'>transmisimus;</span> <span class='ocrx_word' id='word_1_489' title='bbox 830 5596 945 5651; x_wconf 91' lang='lat' dir='ltr'>quo</span> <span class='ocrx_word' id='word_1_490' title='bbox 972 5580 1077 5634; x_wconf 91' lang='lat' dir='ltr'>tibi</span> <span class='ocrx_word' id='word_1_491' title='bbox 1099 5597 1213 5635; x_wconf 91' lang='lat' dir='ltr'>non</span> <span class='ocrx_word' id='word_1_492' title='bbox 1239 5580 1425 5650; x_wconf 89' lang='lat' dir='ltr'>aliter,</span> <span class='ocrx_word' id='word_1_493' title='bbox 1446 5581 1707 5638; x_wconf 80' lang='lat' dir='ltr'>Ecclesia</span> <span class='ocrx_word' id='word_1_494' title='bbox 1732 5589 1841 5639; x_wconf 79' lang='lat' dir='ltr'>tua</span> <span class='ocrx_word' id='word_1_495' title='bbox 1861 5585 1977 5655; x_wconf 88' lang='lat' dir='ltr'>pri-</span> 
     </span>
    </p>
   </div>
   <div class='ocr_carea' id='block_1_77' title="bbox 328 5668 1973 5743">
    <p class='ocr_par' dir='ltr' id='par_1_77' title="bbox 328 5668 1973 5743">
     <span class='ocr_line' id='line_1_77' title="bbox 328 5668 1973 5743; baseline 0.003 -18"><span class='ocrx_word' id='word_1_496' title='bbox 328 5669 555 5743; x_wconf 89' lang='lat' dir='ltr'>vilegiis</span> <span class='ocrx_word' id='word_1_497' title='bbox 586 5668 645 5725; x_wconf 91' lang='lat' dir='ltr'>in</span> <span class='ocrx_word' id='word_1_498' title='bbox 697 5672 795 5724; x_wconf 90' lang='lat' dir='ltr'>tuo</span> <span class='ocrx_word' id='word_1_499' title='bbox 828 5672 982 5725; x_wconf 88' lang='lat' dir='ltr'>statu</span> <span class='ocrx_word' id='word_1_500' title='bbox 1030 5670 1429 5741; x_wconf 87' lang='lat' dir='ltr'>manentibus,</span> <span class='ocrx_word' id='word_1_501' title='bbox 1462 5671 1545 5727; x_wconf 91' lang='lat' dir='ltr'>uti</span> <span class='ocrx_word' id='word_1_502' title='bbox 1578 5671 1973 5743; x_wconf 87' lang='lat' dir='ltr'>concedimus,</span> 
     </span>
    </p>
   </div>
   <div class='ocr_carea' id='block_1_78' title="bbox 2093 5049 3733 5123">
    <p class='ocr_par' dir='ltr' id='par_1_78' title="bbox 2093 5049 3733 5123">
     <span class='ocr_line' id='line_1_78' title="bbox 2093 5049 3733 5123; baseline -0.003 -15"><span class='ocrx_word' id='word_1_503' title='bbox 2093 5070 2224 5108; x_wconf 90' lang='lat' dir='ltr'>sum</span> <span class='ocrx_word' id='word_1_504' title='bbox 2256 5060 2310 5107; x_wconf 89' lang='lat' dir='ltr'>te</span> <span class='ocrx_word' id='word_1_505' title='bbox 2328 5051 2808 5123; x_wconf 89' lang='lat' dir='ltr'>delinquentibus</span> <span class='ocrx_word' id='word_1_506' title='bbox 2839 5069 2952 5106; x_wconf 92' lang='lat' dir='ltr'>non</span> <span class='ocrx_word' id='word_1_507' title='bbox 2980 5053 3363 5119; x_wconf 88' lang='lat' dir='ltr'>ostendas,ne</span> <span class='ocrx_word' id='word_1_508' title='bbox 3388 5050 3540 5121; x_wconf 90' lang='lat' dir='ltr'>quod</span> <span class='ocrx_word' id='word_1_509' title='bbox 3574 5049 3733 5104; x_wconf 91' lang='lat' dir='ltr'>ultus</span> 
     </span>
    </p>
   </div>
   <div class='ocr_carea' id='block_1_79' title="bbox 2093 5138 3733 5211">
    <p class='ocr_par' dir='ltr' id='par_1_79' title="bbox 2093 5138 3733 5211">
     <span class='ocr_line' id='line_1_79' title="bbox 2093 5138 3733 5211; baseline -0.002 -15"><span class='ocrx_word' id='word_1_510' title='bbox 2093 5158 2206 5196; x_wconf 89' lang='lat' dir='ltr'>non</span> <span class='ocrx_word' id='word_1_511' title='bbox 2232 5140 2431 5207; x_wconf 90' lang='lat' dir='ltr'>fueris,</span> <span class='ocrx_word' id='word_1_512' title='bbox 2466 5139 2785 5211; x_wconf 87' lang='lat' dir='ltr'>perpetrari</span> <span class='ocrx_word' id='word_1_513' title='bbox 2819 5140 3152 5209; x_wconf 88' lang='lat' dir='ltr'>permittas;</span> <span class='ocrx_word' id='word_1_514' title='bbox 3179 5140 3253 5193; x_wconf 89' lang='lat' dir='ltr'>sit</span> <span class='ocrx_word' id='word_1_515' title='bbox 3279 5139 3338 5192; x_wconf 92' lang='lat' dir='ltr'>in</span> <span class='ocrx_word' id='word_1_516' title='bbox 3370 5144 3425 5193; x_wconf 94' lang='lat' dir='ltr'>te</span> <span class='ocrx_word' id='word_1_517' title='bbox 3456 5138 3592 5193; x_wconf 92' lang='lat' dir='ltr'>boni</span> <span class='ocrx_word' id='word_1_518' title='bbox 3624 5142 3733 5193; x_wconf 86' lang='lat' dir='ltr'>Pa-</span> 
     </span>
    </p>
   </div>
   <div class='ocr_carea' id='block_1_80' title="bbox 2092 5226 3734 5298">
    <p class='ocr_par' dir='ltr' id='par_1_80' title="bbox 2092 5226 3734 5298">
     <span class='ocr_line' id='line_1_80' title="bbox 2092 5226 3734 5298; baseline -0.002 -12"><span class='ocrx_word' id='word_1_519' title='bbox 2092 5230 2266 5286; x_wconf 90' lang='lat' dir='ltr'>storis</span> <span class='ocrx_word' id='word_1_520' title='bbox 2288 5228 2533 5283; x_wconf 89' lang='lat' dir='ltr'>dulcedo</span> <span class='ocrx_word' id='word_1_521' title='bbox 2555 5246 2567 5295; x_wconf 87' lang='lat'>;</span> <span class='ocrx_word' id='word_1_522' title='bbox 2597 5227 2671 5283; x_wconf 91' lang='lat' dir='ltr'>sit</span> <span class='ocrx_word' id='word_1_523' title='bbox 2692 5232 2748 5283; x_wconf 90' lang='lat' dir='ltr'>et</span> <span class='ocrx_word' id='word_1_524' title='bbox 2762 5228 2982 5298; x_wconf 82' lang='lat' dir='ltr'>judicis</span> <span class='ocrx_word' id='word_1_525' title='bbox 3006 5244 3204 5283; x_wconf 88' lang='lat' dir='ltr'>severa</span> <span class='ocrx_word' id='word_1_526' title='bbox 3225 5226 3734 5282; x_wconf 90' lang='lat' dir='ltr'>districtio.Unum</span> 
     </span>
    </p>
   </div>
   <div class='ocr_carea' id='block_1_81' title="bbox 2092 5315 3733 5388">
    <p class='ocr_par' dir='ltr' id='par_1_81' title="bbox 2092 5315 3733 5388">
     <span class='ocr_line' id='line_1_81' title="bbox 2092 5315 3733 5388; baseline -0.002 -13"><span class='ocrx_word' id='word_1_527' title='bbox 2092 5319 2311 5375; x_wconf 90' lang='lat' dir='ltr'>scilicet</span> <span class='ocrx_word' id='word_1_528' title='bbox 2332 5319 2488 5388; x_wconf 90' lang='lat' dir='ltr'>quod</span> <span class='ocrx_word' id='word_1_529' title='bbox 2510 5317 2850 5372; x_wconf 89' lang='lat' dir='ltr'>innocenter</span> <span class='ocrx_word' id='word_1_530' title='bbox 2873 5317 3129 5371; x_wconf 90' lang='lat' dir='ltr'>viventes</span> <span class='ocrx_word' id='word_1_531' title='bbox 3153 5316 3358 5381; x_wconf 88' lang='lat' dir='ltr'>foveat,</span> <span class='ocrx_word' id='word_1_532' title='bbox 3382 5315 3541 5369; x_wconf 89' lang='lat' dir='ltr'>aliud</span> <span class='ocrx_word' id='word_1_533' title='bbox 3576 5317 3733 5387; x_wconf 90' lang='lat' dir='ltr'>quod</span> 
     </span>
    </p>
   </div>
   <div class='ocr_carea' id='block_1_82' title="bbox 2090 5404 3735 5480">
    <p class='ocr_par' dir='ltr' id='par_1_82' title="bbox 2090 5404 3735 5480">
     <span class='ocr_line' id='line_1_82' title="bbox 2090 5404 3735 5480; baseline -0.002 -17"><span class='ocrx_word' id='word_1_534' title='bbox 2090 5408 2382 5480; x_wconf 89' lang='lat' dir='ltr'>inquietos</span> <span class='ocrx_word' id='word_1_535' title='bbox 2414 5406 2753 5461; x_wconf 89' lang='lat' dir='ltr'>ferocientes</span> <span class='ocrx_word' id='word_1_536' title='bbox 2775 5423 2803 5459; x_wconf 87' lang='lat' dir='ltr'>a</span> <span class='ocrx_word' id='word_1_537' title='bbox 2830 5404 3053 5459; x_wconf 89' lang='lat' dir='ltr'>feritate</span> <span class='ocrx_word' id='word_1_538' title='bbox 3084 5408 3434 5475; x_wconf 91' lang='lat' dir='ltr'>compescat.</span> <span class='ocrx_word' id='word_1_539' title='bbox 3459 5405 3567 5459; x_wconf 92' lang='lat' dir='ltr'>Sed</span> <span class='ocrx_word' id='word_1_540' title='bbox 3596 5422 3735 5477; x_wconf 88' lang='lat' dir='ltr'>quo-</span> 
     </span>
    </p>
   </div>
   <div class='ocr_carea' id='block_1_83' title="bbox 2091 5492 3732 5565">
    <p class='ocr_par' dir='ltr' id='par_1_83' title="bbox 2091 5492 3732 5565">
     <span class='ocr_line' id='line_1_83' title="bbox 2091 5492 3732 5565; baseline -0.002 -14"><span class='ocrx_word' id='word_1_541' title='bbox 2091 5497 2247 5551; x_wconf 89' lang='lat' dir='ltr'>niam</span> <span class='ocrx_word' id='word_1_542' title='bbox 2274 5510 2697 5565; x_wconf 89' lang='lat' dir='ltr'>nonnunquam</span> <span class='ocrx_word' id='word_1_543' title='bbox 2722 5492 3162 5564; x_wconf 72' lang='lat' dir='ltr'>praepositorum</span> <span class='ocrx_word' id='word_1_544' title='bbox 3190 5492 3515 5559; x_wconf 84' lang='lat' dir='ltr'>zelus,dum</span> <span class='ocrx_word' id='word_1_545' title='bbox 3539 5494 3732 5549; x_wconf 89' lang='lat' dir='ltr'>distri-</span> 
     </span>
    </p>
   </div>
   <div class='ocr_carea' id='block_1_84' title="bbox 2091 5581 3732 5650">
    <p class='ocr_par' dir='ltr' id='par_1_84' title="bbox 2091 5581 3732 5650">
     <span class='ocr_line' id='line_1_84' title="bbox 2091 5581 3732 5650; baseline -0.002 -9"><span class='ocrx_word' id='word_1_546' title='bbox 2091 5591 2217 5641; x_wconf 88' lang='lat' dir='ltr'>ctus</span> <span class='ocrx_word' id='word_1_547' title='bbox 2240 5584 2528 5640; x_wconf 89' lang='lat' dir='ltr'>malorum</span> <span class='ocrx_word' id='word_1_548' title='bbox 2552 5582 2673 5636; x_wconf 79' lang='lat' dir='ltr'>vult</span> <span class='ocrx_word' id='word_1_549' title='bbox 2694 5581 2900 5635; x_wconf 83' lang='lat' dir='ltr'>vindex</span> <span class='ocrx_word' id='word_1_550' title='bbox 2919 5581 3421 5650; x_wconf 54' lang='lat' dir='ltr'>existere,,transit</span> <span class='ocrx_word' id='word_1_551' title='bbox 3442 5582 3501 5637; x_wconf 91' lang='lat' dir='ltr'>in</span> <span class='ocrx_word' id='word_1_552' title='bbox 3523 5582 3732 5637; x_wconf 85' lang='lat' dir='ltr'>crude-</span> 
     </span>
    </p>
   </div>
   <div class='ocr_carea' id='block_1_85' title="bbox 2088 5668 3727 5743">
    <p class='ocr_par' dir='ltr' id='par_1_85' title="bbox 2088 5668 3727 5743">
     <span class='ocr_line' id='line_1_85' title="bbox 2088 5668 3727 5743; baseline -0.002 -15"><span class='ocrx_word' id='word_1_553' title='bbox 2088 5673 2312 5731; x_wconf 88' lang='lat' dir='ltr'>litatem</span> <span class='ocrx_word' id='word_1_554' title='bbox 2351 5671 2656 5743; x_wconf 88' lang='lat' dir='ltr'>correptio,</span> <span class='ocrx_word' id='word_1_555' title='bbox 2690 5669 2838 5725; x_wconf 86' lang='lat' dir='ltr'>iram</span> <span class='ocrx_word' id='word_1_556' title='bbox 2863 5668 3082 5739; x_wconf 88' lang='lat' dir='ltr'>judicio</span> <span class='ocrx_word' id='word_1_557' title='bbox 3116 5670 3360 5741; x_wconf 88' lang='lat' dir='ltr'>refrena,</span> <span class='ocrx_word' id='word_1_558' title='bbox 3394 5677 3451 5728; x_wconf 86' lang='lat' dir='ltr'>et</span> <span class='ocrx_word' id='word_1_559' title='bbox 3481 5687 3727 5728; x_wconf 87' lang='lat' dir='ltr'>censura</span> 
     </span>
    </p>
   </div>
  </div>
