4060 6190
291 299 451 365 1005

1534 294 1638 357 DE
1683 291 1875 354 VITA
1921 290 1987 352 S.
2034 291 2481 356 ARBOGASTI

3553 299 3708 367 1006

287 431 650 491 sionisfacto
674 446 823 504 opus
845 428 943 498 sit,
968 434 1026 487 et
1051 430 1343 504 quomodo
1376 429 1529 504 regis
1552 427 1812 484 dolorem
1837 426 1946 482 mi-
1977 425 2031 492 Α
2133 426 2187 481 6.
2225 426 2408 500 Igitur
2429 426 2528 497 qui
2552 426 2648 483 hic
2669 428 2863 488 ofﬁcio
2886 429 3127 488 aderant
3155 428 3464 494 clamorem
3503 437 3679 512 gaudi

286 524 573 595 tigarent,
593 538 726 577 cum
750 537 950 576 secum
974 527 1321 592 quaererent,
1342 521 1579 576 tandem
1604 515 1847 572 consilio
1863 517 1946 571 in-

286 618 489 681 vento,
512 616 577 665 ut
606 610 918 681 episcopus
942 609 1222 665 invitetur
1248 610 1367 681 regi
1398 610 1727 680 suggerunt
1754 622 1765 661 :
1791 606 1943 677 quod

288 702 391 757 ille
412 700 788 757 devotissime
808 697 1190 771 amplectens,
1211 715 1343 754 mox
1357 699 1482 753 sine
1501 695 1778 752 dilatione
1798 694 1948 767 lega-

288 792 372 847 tis
402 789 662 856 directis,
696 794 763 842 ut
799 789 869 843 ad
901 804 961 844 se
985 787 1297 859 episcopus
1320 786 1477 842 omni
1505 784 1848 841 festinantia
1869 785 1948 839 fa-

289 880 481 951 tigare
510 894 573 933 se
603 878 881 949 dignetur
922 878 1201 949 exposcit.

365 969 417 1022 4.
454 968 568 1021 Nec
603 981 786 1033 mora,
822 966 1279 1036 faciuntjussa:
1332 966 1672 1037 episcopum
1707 964 1947 1028 adeunt,

288 1072 533 1113 causam
565 1056 931 1111 invitationis
964 1073 1079 1111 non
1112 1056 1237 1110 sine
1280 1055 1440 1109 luctu
1492 1057 1812 1125 exponunt.
1848 1052 1947 1107 Ille

288 1162 447 1212 vero,
482 1144 679 1199 audito
711 1161 847 1199 casu
883 1143 1078 1214 amici,
1114 1148 1274 1198 totus
1305 1143 1517 1215 spiritu
1541 1142 1944 1209 conturbatus,

289 1234 440 1290 ﬂens
472 1232 848 1303 multumque
879 1249 1142 1304 gemens,
1174 1236 1375 1286 vocato
1407 1231 1720 1299 comitatu,
1744 1230 1944 1285 statim

288 1338 604 1395 properare
635 1338 747 1376 non
780 1321 1033 1375 distulit.
1084 1321 1199 1377 Nec
1250 1322 1447 1375 minus
1498 1321 1722 1374 interea
1751 1336 1846 1373 rex
1876 1319 1945 1372 ad

286 1411 610 1466 adventum
627 1410 924 1481 pontiﬁcis
938 1409 1580 1481 impatiens,egressus,
1598 1424 1793 1462 senem
1811 1407 1948 1461 emi-

286 1515 406 1555 nus
430 1498 802 1555 festinantem
838 1499 1242 1570 conspicatus,
1283 1498 1430 1552 fusis
1454 1497 1748 1569 lacrymis,
1763 1495 1948 1551 velato

290 1586 505 1659 capite,
533 1587 955 1642 comitantibus
1018 1586 1222 1641 multis
1275 1590 1449 1657 atque
1493 1584 1949 1658 lacrymantibus

292 1676 554 1747 stipatus
575 1675 846 1731 occurrit.
868 1675 1131 1739 Quicum
1152 1691 1214 1730 se
1233 1674 1480 1729 invicem
1503 1673 1670 1729 solito
1694 1672 1948 1729 salutare

2056 516 2282 573 diutius
2305 517 2574 573 cohibere
2599 535 2718 575 non
2742 526 3040 591 poterant:
3064 523 3205 594 quin
3230 523 3407 580 libere
3431 534 3700 599 eruptum

2056 606 2296 678 atrium,
2327 623 2683 679 omnemque
2717 609 2913 665 aulam
2944 612 3095 684 regis
3114 613 3426 669 vociferatu
3448 618 3697 675 maxime

2055 695 2396 768 implebant.
2426 698 2547 761 Quo
2571 713 2780 754 omnes
2807 716 2840 754 a
2875 716 3079 756 somno
3109 703 3359 769 excussi,
3391 702 3504 759 huc
3534 704 3698 761 illuc-

2057 803 2168 857 que
2200 785 2629 850 discurrebant,
2663 804 2901 844 causam
2927 790 3075 844 tanti
3097 791 3699 864 sonitusignorantes.

2054 875 2289 931 Necnon
2312 876 2436 944 ipse
2454 890 2573 941 rex,
2598 877 2698 947 qui
2723 882 2861 932 tunc
2880 872 3131 947 primum
3148 897 3352 951 parum
3376 881 3567 936 somni
3584 900 3702 938 car-

2057 965 2249 1035 pebat,
2275 963 2609 1033 exterritus,
2637 982 2773 1020 nam
2799 967 3047 1021 nimium
3076 969 3264 1024 tristis
3283 973 3404 1024 tota
3424 975 3589 1026 nocte
3608 972 3701 1042 ja-

2056 1051 2913 1125 cebatinsomnis,cubioulum,
2934 1056 3032 1111 ubi
3046 1061 3247 1112 tantus
3264 1058 3703 1130 fragorexortus

2057 1146 2163 1208 est,
2192 1141 2443 1196 festinus
2468 1140 2735 1198 incurrit.
2761 1145 2986 1207 Quanta
3008 1145 3207 1201 lretitia
3228 1162 3326 1201 cor
3354 1147 3481 1218 ejus
3504 1148 3703 1219 pulsa-

2055 1231 2220 1300 verit,
2245 1231 2388 1284 fusae
2411 1247 2513 1300 pro
2537 1231 2752 1301 gaudio
2804 1232 3069 1304 lacrymaa
3116 1239 3427 1306 testantur,
3452 1252 3585 1291 cum
3616 1253 3704 1291 re-

2056 1320 2337 1374 viviscere
2358 1319 2503 1372 vidit
2524 1336 2629 1390 pro
2656 1336 2793 1390 quo,
2826 1321 2875 1375 si
2909 1337 3039 1376 eum
3066 1324 3367 1395 reciperet,
3398 1324 3526 1396 ipse
3555 1324 3705 1380 mori

2058 1408 2414 1479 concupivit.
2436 1408 2650 1463 Vocata
2668 1414 2853 1464 mater
2870 1412 2938 1464 ad
2961 1412 3104 1465 tanti
3127 1412 3228 1466 viri
3249 1414 3429 1484 pedes
3444 1413 3706 1485 festinat,

2059 1498 2197 1568 quia
2226 1514 2325 1552 cor
2354 1498 2482 1567 ejus
2511 1497 2676 1552 triste
2720 1498 2875 1555 ﬁlius
2921 1499 3087 1554 vivus
3136 1500 3446 1571 mulcebat,
3479 1517 3706 1559 necnon

2060 1603 2263 1641 omnes
2282 1586 2383 1657 qui
2407 1587 2477 1640 ad
2501 1587 2680 1641 funus
2698 1588 3029 1642 deﬂendum
3055 1589 3469 1658 conﬂuxerant,
3490 1588 3705 1662 gaudio

2060 1674 2262 1745 repleti
2294 1676 2367 1729 ad
2401 1674 2849 1730 admirationem
2895 1678 3249 1748 resurgentis
3288 1679 3451 1748 pueri
3484 1680 3707 1752 quique

293 1769 593 1838 pararent,
618 1781 734 1835 pre
754 1764 934 1819 nimio
958 1763 1158 1819 dolore
1182 1763 1373 1819 cordis
1407 1780 1515 1818 vox
1548 1763 1717 1819 btesit
1736 1763 1794 1817 in
1817 1766 1947 1833 gut-
1981 1797 2029 1862 B
2062 1779 2165 1834 pro
2196 1763 2328 1818 aliis
2357 1763 2438 1818 ire
2480 1764 2854 1819 festinabant.

300 1858 449 1909 ture.
466 1852 1171 1925 Quantumlacrymarum
1194 1868 1262 1906 ex
1282 1856 1527 1923 utraque
1550 1856 1711 1923 parte
1725 1852 1947 1919 ﬂueret,

298 1941 450 1998 nulli
483 1940 782 2013 cognitum
829 1957 959 1996 esse
1002 1940 1236 2013 poterit.
1290 1942 1548 1996 Tandem
1582 1940 1744 1995 luctu
1773 1940 1950 1995 satia-

296 2033 339 2086 ti
381 2033 458 2103 (9)
516 2035 810 2086 transacto
869 2030 1047 2102 longo
1108 2028 1316 2099 spatio,
1378 2029 1549 2085 tersis
1601 2028 1949 2100 luminibus,

294 2123 482 2175 ruunt
512 2118 567 2174 in
600 2118 799 2174 oscula
829 2119 1041 2175 amicis
1069 2118 1486 2175 salutantibus.
1513 2120 1599 2173 Ad
1626 2119 1951 2174 orationem

290 2208 561 2283 procedit
580 2208 889 2281 episcopus
935 2225 1038 2264 rex
1053 2224 1187 2263 cum
1210 2208 1335 2263 suis
1353 2207 1573 2280 alonge
1588 2211 1949 2263 estsecutus.

286 2299 406 2354 Nec
432 2299 632 2353 minus
654 2297 874 2369 regina,
898 2302 1203 2369 comperto
1226 2296 1413 2352 sancti
1446 2297 1552 2351 viri
1578 2297 1851 2362 adventu,
1887 2301 1951 2350 ut

286 2387 529 2442 Martha
547 2386 634 2441 vel
660 2386 843 2441 Maria
859 2403 965 2458 pro
995 2386 1193 2454 fratre,
1219 2387 1349 2441 fusa
1369 2386 1663 2457 lacrymis,
1686 2384 1950 2457 singultu

284 2481 499 2549 pectus
522 2475 838 2547 quatiente,
865 2476 967 2531 sed
1014 2476 1341 2530 verecundo
1364 2476 1582 2546 pudore
1606 2474 1772 2529 vultu
1806 2475 1951 2529 sub-

288 2565 497 2631 misso,
522 2565 593 2620 ad
616 2563 868 2636 episcopi
894 2564 1155 2619 ﬂectitur
1175 2580 1384 2635 genua,
1403 2580 1504 2635 pro
1521 2562 1637 2618 filio
1656 2567 1946 2633 rogatura.

294 2655 485 2717 Quam
516 2653 613 2709 ille
643 2653 983 2709 submissus
1013 2669 1193 2707 manu
1225 2653 1473 2723 erigens,
1503 2652 1643 2723 quid
1678 2651 1813 2707 velit
1835 2669 1947 2706 non

293 2746 485 2813 rogat,
519 2742 610 2814 pie
633 2743 951 2797 admodum
988 2740 1322 2810 intelligens
1344 2741 1481 2809 quid
1510 2739 1808 2809 singultus
1839 2740 1948 2793 im-

296 2831 503 2902 plorat.
1470 2824 1473 2829 ’

368 2920 420 2972 4.
460 2918 715 2989 Deniqus
738 2919 981 2988 jejunus
1013 2933 1147 2970 mox
1188 2915 1491 2971 ecclesiam
1534 2914 1856 2986 ingressus,
1890 2917 1947 2970 in

297 3007 562 3062 oratione
594 3004 977 3077 pernoctavit,
1004 3003 1312 3058 Dominum
1340 3020 1439 3075 pro
1475 3019 1653 3074 puero
1674 3004 1945 3074 depreca-

298 3100 491 3151 turus.
525 3094 849 3159 Quomodo,
895 3097 997 3148 aut
1046 3093 1263 3163 quibus
1311 3092 1502 3146 verbis
1530 3092 1798 3159 oraverit,
1834 3110 1947 3147 non

2130 1854 2184 1907 7.
2216 1854 2335 1909 Rex
2356 1869 2511 1924 ergo,
2540 1870 2612 1907 ne
2635 1869 2857 1909 moram
2890 1854 3101 1909 faceret
3145 1854 3415 1926 episcopo
3437 1855 3703 1929 domum,

2063 1942 2536 1998 nelaudaretura
2557 1943 2770 2014 populo
2792 1943 3111 2011 festinanti,
3134 1940 3448 1998 consilium
3470 1960 3606 1999 cum
3622 1962 3707 2001 re-

2062 2031 2199 2102 gina
2230 2031 2395 2085 duxit
2423 2032 2713 2102 quomodo
2739 2036 3009 2087 sanctum
3039 2037 3457 2101 remuneraret,
3490 2032 3593 2105 qui
3619 2033 3707 2089 eis

2063 2126 2227 2176 tanta
2259 2122 2540 2177 beneficia
2568 2123 2710 2177 adeo
2743 2127 3060 2194 praestaret.
3095 2123 3339 2187 Aurum,
3370 2127 3704 2195 argentum,

2062 2226 2426 2281 quaecunque
2455 2210 2934 2282 concupiscibilia
2962 2215 3018 2267 et
3034 2211 3188 2283 regis
3208 2212 3380 2266 domo
3402 2211 3711 2269 honorabi-

2062 2297 2205 2353 liora
2226 2299 2285 2353 in
2308 2299 2603 2354 thesauris
2626 2299 2884 2355 invenire
2900 2303 3184 2370 poterant,
3200 2299 3549 2371 gratissimas
3569 2314 3711 2371 pras-

2062 2388 2214 2457 cepit
2235 2388 2446 2452 offerri,
2477 2386 2778 2443 humiliter
2793 2389 3131 2461 deprecans,
3147 2392 3210 2442 ut
3230 2387 3490 2459 accipere
3502 2387 3711 2461 digna-

2063 2481 2259 2542 retur;
2296 2493 2423 2546 quze
2450 2482 2689 2531 sanctus
2737 2476 2823 2531 vir
2873 2455 3131 2548 accipere
3181 2477 3468 2542 devitans,
3500 2472 3617 2532 ait:
3651 2476 3710 2532 8i

2061 2564 2281 2634 aliquid
2305 2581 2407 2635 pro
2433 2565 2753 2636 gratiarum
2772 2565 2999 2620 actione
3015 2565 3129 2621 Deo
3147 2566 3351 2621 offerre
3369 2569 3425 2621 te
3441 2564 3711 2635 delectet,

2061 2653 2131 2707 ad
2156 2654 2487 2725 augendum
2512 2653 2612 2708 Dei
2639 2653 2897 2709 officium
2918 2653 2978 2707 in
3020 2653 3273 2709 ecclesiae
3306 2655 3484 2710 beata:
3508 2655 3709 2711 Matris

2060 2741 2298 2811 Christi,
2324 2743 2494 2811 cujus
2518 2743 2741 2797 meritis
2764 2742 2951 2796 filium
2972 2741 3166 2796 vivum
3190 2739 3479 2813 recepisti,
3502 2743 3708 2798 termi-

2062 2846 2167 2883 nos
2192 2830 2337 2899 ejus,
2363 2829 2463 2899 qui
2487 2830 2718 2900 angusti
2738 2834 2875 2883 sunt
2894 2830 2964 2883 ad
2984 2833 3215 2883 tantum
3238 2826 3540 2883 servitium
3564 2830 3707 2887 dila-

2059 2923 2185 2972 tare
2240 2917 2439 2989 aliqua
2471 2921 2630 2989 parte
2653 2918 2814 2989 regni
2842 2917 2951 2983 tui,
2981 2919 3045 2971 ut
3070 2916 3146 2971 sit
3174 2915 3233 2971 in
3266 2917 3706 2974 usufructuario

2058 3006 2137 3060 ibi
2170 3005 2558 3061 servientibus
2590 3006 2856 3077 Domino,
2885 3006 2935 3060 si
2968 3004 3050 3061 ita
3074 3004 3243 3076 regia;
3266 3004 3559 3075 majestati
3585 3004 3709 3077 pla-

2064 3099 2174 3159 cet,
2210 3094 2425 3166 poteris
2456 3112 2468 3149 :
2502 3095 2640 3165 quia
2667 3095 2894 3149 firmius
2925 3094 3033 3149 hoc
3091 3109 3156 3148 ac
3215 3092 3488 3149 stabilius
3518 3097 3607 3150 est
3636 3096 3709 3150 ad

297 3188 458 3256 patet
487 3201 499 3251 ;
526 3183 666 3254 quid
692 3188 889 3237 autem
914 3162 1333 3253 impetraverit,
1359 3197 1470 3235 non
1496 3180 1658 3235 latet.
1702 3181 1845 3236 Nam
1881 3182 1947 3235 ﬁ-
1982 3162 2024 3227 C
2064 3162 2485 3250 beati—tudinem
2516 3162 2701 3253 tuam,
2734 3187 3088 3254 tuorumque
3137 3182 3578 3253 procedentium
3608 3199 3710 3254 pa-

299 3273 421 3328 nita
451 3271 712 3327 oratione
742 3273 855 3342 (10)
886 3270 1000 3325 diei
1047 3269 1414 3325 advenientis
1446 3270 1786 3340 crepusculo
1818 3286 1951 3325 cum

299 3378 473 3433 sopor
501 3358 891 3431 gravissimus
936 3358 1216 3413 mortales
1265 3357 1413 3413 solet
1462 3373 1766 3427 occupare,
1798 3360 1951 3413 lento

298 3451 440 3522 pede
464 3449 534 3504 ad
560 3464 807 3520 puerum
832 3447 1157 3517 ingressus,
1177 3447 1376 3517 ejectis
1399 3446 1674 3500 omnibus
1698 3447 1767 3501 ad
1791 3463 1950 3501 exse-

301 3539 467 3610 quias
493 3536 899 3609 vigilantibus,
922 3535 1083 3589 ﬂexis
1106 3535 1373 3606 genibus,
1404 3534 1714 3589 committit
1734 3551 1793 3588 se
1816 3534 1949 3589 bea-

301 3631 369 3682 tze
397 3627 589 3683 Mariae
606 3622 943 3697 patrociniis
958 3628 1021 3677 ut
1041 3624 1160 3690 illa,
1183 3641 1308 3695 quae
1330 3623 1507 3678 vitam
1531 3624 1751 3695 genuit,
1773 3624 1948 3677 vitam

303 3732 481 3787 puero
511 3715 853 3786 impetraret
886 3728 919 3767 a
954 3712 1093 3767 Filio
1126 3713 1237 3784 (11)
1268 3727 1281 3767 :
1336 3729 1471 3767 nam
1524 3710 1690 3767 aliter
1719 3729 1831 3767 non
1864 3717 1952 3768 est

305 3820 486 3858 ausus
512 3802 626 3857 tale
648 3802 868 3873 aliquid
910 3806 1136 3856 tentare
1159 3802 1271 3855 nisi
1294 3801 1395 3855 illa
1416 3818 1519 3870 pro
1544 3817 1605 3854 se
1635 3801 1947 3856 Dominum

304 3891 644 3962 dignaretur
666 3889 951 3945 invocare.
976 3889 1123 3955 Quid
1150 3888 1306 3943 enim
1332 3887 1574 3959 ageret?
1604 3889 1755 3941 Inter
1785 3904 1947 3957 spem

306 3984 651 4051 metumque
680 3979 965 4051 trepidus,
999 3983 1264 4051 optatum
1301 3976 1549 4031 instanti
1579 3975 1947 4031 orationcex-

304 4073 527 4141 spectat
557 4067 862 4125 auxilium.
911 4069 1025 4123 Nec
1073 4066 1382 4138 suspendit
1428 4064 1650 4120 diutius
1681 4064 1812 4136 pius
1844 4072 1946 4119 Ar-

307 4158 525 4213 chiater
546 4156 834 4212 famulum
860 4174 1034 4211 suum
1060 4156 1160 4229 qui
1184 4156 1267 4210 ita
1297 4154 1668 4226 sperantibus
1692 4154 1747 4208 in
1775 4170 1835 4209 se
1856 4171 1945 4210 so-

301 4245 470 4302 litum
494 4247 717 4302 confert
740 4246 1085 4301 remedium.
1112 4246 1269 4302 Inter
1289 4244 1575 4300 orandum
1594 4242 1747 4298 enim
1783 4259 1945 4313 puer,

302 4335 471 4408 quasi
522 4336 591 4390 de
641 4335 802 4407 gravi
853 4351 1058 4390 somno
1119 4332 1428 4396 excitatus,
1485 4338 1657 4404 caput
1708 4333 1944 4399 extulit;

301 4425 571 4491 somniet,
605 4441 678 4478 an
709 4422 928 4497 vigilet,
960 4424 1345 4495 stupefactus.
1380 4422 1634 4477 Sanctus
1655 4438 1789 4492 ergo
1813 4438 1945 4475 cum

2063 3276 2241 3339 trum,
2273 3274 2330 3325 et
2386 3271 2760 3343 sequentium
2820 3274 3185 3343 posterorum
3235 3271 3713 3340 promerendam,

2062 3376 2242 3432 quam
2276 3377 2508 3429 aurum,
2541 3358 2691 3429 quod
2726 3358 2948 3429 oculos,
2998 3375 3131 3413 cum
3161 3358 3413 3426 videtur,
3443 3357 3715 3427 delectat,

2065 3454 2121 3503 et
2151 3464 2267 3517 cor,
2302 3465 2432 3503 cum
2469 3438 2760 3519 perditum
2794 3447 2988 3515 fuerit,
3030 3445 3354 3502 contristat.

2133 3539 2186 3590 8.
2217 3537 2399 3600 Quam
2425 3536 2883 3608 propositionem
2908 3533 3200 3607 pontiﬁcis
3227 3550 3323 3588 rex
3346 3534 3711 3607 gratulanter

2061 3624 2417 3696 amplectens
2449 3650 2461 3693 ;
2495 3626 2617 3689 ubi,
2650 3624 2860 3696 inquit,
2891 3624 3149 3678 invenire
3172 3625 3494 3693 poterimus
3515 3623 3709 3680 locum

2060 3713 2258 3783 talem,
2277 3714 2376 3785 qui
2393 3718 2673 3785 congruat
2687 3714 2757 3768 ad
2775 3713 3144 3768 serviendum
3160 3711 3328 3767 Matri
3343 3711 3593 3769 scelestis
3608 3712 3713 3769 Re-

2060 3803 2169 3872 gis,
2206 3804 2375 3872 cujus
2407 3806 2547 3856 sunt
2576 3802 2849 3856 universa
2870 3802 2930 3854 in
2952 3800 3114 3855 caelis
3134 3804 3191 3855 et
3210 3800 3269 3853 in
3292 3801 3466 3855 terris
3485 3801 3513 3854 ?
3533 3802 3706 3857 Cum-

2062 3905 2173 3959 que
2204 3888 2325 3944 haec
2356 3904 2554 3945 secum
2604 3888 2881 3958 volveret,
2929 3891 3302 3957 mentemque
3340 3902 3444 3959 per
3470 3903 3703 3944 omnem

2058 3976 2348 4032 Alsaciam
2382 3980 2701 4048 spargeret,
2730 3976 2915 4031 sicubi
2948 3974 3081 4030 talis
3114 3974 3259 4031 forte
3289 3974 3454 4030 locns
3483 3975 3705 4031 inveni-

2060 4070 2238 4133 retur,
2255 4065 2353 4138 qui
2368 4068 2539 4120 tantae
2554 4063 2886 4120 donationis
2904 4067 3075 4136 aptus
3088 4062 3703 4132 haberetur;occurrit-

2058 4154 2251 4210 animo
2284 4154 2644 4210 Rubiacbam
2704 4154 2815 4226 (12)
2874 4152 3152 4225 oppidum
3212 4151 3438 4208 cunctis
3468 4151 3697 4219 usibus,

2058 4244 2114 4297 id
2140 4249 2248 4311 est,
2267 4248 2426 4317 agrts
2451 4242 2721 4311 ammnis,
2741 4242 2987 4314 campis,
3007 4240 3188 4309 silvis,
3204 4240 3395 4313 aquis,
3415 4240 3698 4313 (adificiis,

2058 4333 2290 4405 populis
2321 4332 2858 4405 opulentissimum,
2891 4347 3139 4386 summa
3169 4330 3380 4402 reginis
3415 4330 3474 4384 in
3506 4331 3702 4386 dotem

2058 4422 2385 4478 convenire.
2418 4423 2532 4476 Nec
2564 4420 2793 4475 distulit
2837 4437 2952 4488 rex,
2999 4426 3128 4474 voto
3176 4420 3413 4475 tandem
3444 4418 3700 4487 invento,

302 4512 424 4584 spei
445 4511 569 4567 ﬁxae
590 4511 649 4565 in
679 4513 856 4566 Deum
880 4512 1148 4584 cognovit
1169 4509 1640 4579 eventum,laetus
1659 4511 1939 4579 accessit;
1972 4522 2019 4587 D
2056 4511 2401 4567 cancellario
2434 4527 2565 4565 mox
2591 4510 2773 4565 accito
2805 4509 2917 4580 (13)
2951 4524 3145 4563 coram
3169 4507 3554 4578 optimatibus
3577 4507 3703 4564 suis

303 4618 550 4674 puerum
573 4601 769 4655 vivum
789 4600 967 4656 erexit
992 4617 1003 4657 :
1029 4601 1248 4658 vocatis
1271 4599 1639 4665 ofﬁcialibus,
1663 4598 1826 4653 illum
1850 4601 1941 4653 in-

305 4688 601 4745 dumentis
622 4688 751 4744 exui
767 4688 939 4759 jubet
960 4689 1323 4759 funebribus,
1346 4694 1402 4744 et
1418 4688 1634 4760 quibus
1652 4694 1786 4743 ante
1802 4705 1944 4745 usus

302 4784 391 4834 est
420 4778 782 4834 indumentis
812 4777 977 4833 indui
1026 4777 1334 4849 regalibus.

373 4902 449 4974 (9)
482 4903 644 4965 Quod
675 4902 942 4973 sequitur
999 4918 1183 4973 usque
1242 4902 1313 4956 ad
1373 4903 1664 4974 Quomodo,
1698 4905 1793 4956 aut
1820 4904 1941 4972 qui-

304 4975 398 5029 bus
436 4975 614 5029 verbis
644 4976 901 5038 oraverit,
934 4975 1300 5029 desideratur
1330 4974 1387 5027 in
1438 4973 1567 5029 Vita
1615 4975 1939 5044 impressa:

301 5046 654 5101 conveniunt
710 5050 905 5101 tamen
968 5046 1061 5101 hic
1120 5046 1271 5100 inter
1336 5062 1398 5099 se
1455 5045 1793 5117 apographa
1846 5062 1943 5099 no-

302 5121 483 5259 mafl)
520 5189 601 5242 Ita
630 5192 955 5243 consonant
986 5204 1131 5242 mss.
1165 5187 1266 5241 sed
1304 5186 1383 5259 fin
1444 5185 1751 5257 impressis
1781 5186 1942 5242 Actis

301 5258 466 5315 deest
497 5259 649 5330 quod
691 5259 960 5331 sequitur
1018 5274 1205 5329 usque
1250 5258 1343 5313 ad.
1391 5301 1402 5312 .
1448 5299 1459 5312 .
1506 5300 1519 5314 .
1552 5260 1733 5329 ejectis
1761 5260 1944 5313 omni-

303 5333 483 5473 mfin
511 5400 655 5457 Hinc
711 5418 897 5472 usque
955 5403 1024 5457 ad
1083 5400 1343 5473 initium,
1376 5399 1944 5473 sequentisgnumeri

307 5470 581 5546 pleraque
608 5470 959 5546 omittuntur
988 5475 1047 5529 in
1080 5472 1383 5544 impressis
1411 5498 1423 5538 ;
1459 5470 1741 5546 nonnulla
1767 5470 1942 5526 etiam

305 5541 645 5617 variantur:
680 5545 1032 5617 exemplaria
1062 5541 1255 5599 tamen
1288 5561 1429 5617 mss.
1462 5541 1830 5617 conveniunt.

377 5616 487 5687 (12)
515 5614 701 5688 Vulgo
732 5613 965 5687 Rufdch,
999 5618 1069 5673 de
1108 5632 1223 5687 quo
1270 5616 1399 5672 vide
1447 5615 1716 5672 Coccium
1746 5614 1805 5669 in
1837 5613 1944 5669 Da-

2054 4617 2362 4656 assensum
2387 4605 2505 4655 tam
2531 4601 2681 4654 bono
2721 4596 3359 4669 consilioprmbentibus
3381 4599 3697 4653 testamen-

2051 4695 2177 4745 tum
2204 4690 2359 4759 facit,
2375 4693 2439 4744 ut
2452 4687 2895 4743 Rubiachaoum
2910 4686 3184 4741 omnibus
3197 4684 3558 4758 appendiciis
3571 4685 3703 4742 suis

2052 4779 2498 4849 conﬁnibusque
2520 4777 2591 4831 ad
2616 4793 2677 4831 se
2698 4774 3143 4847 pertinentibus,
3167 4773 3341 4830 etiam
3363 4789 3497 4828 cum
3517 4772 3692 4842 villis,

2052 4903 2314 4973 goberto,
2346 4918 2473 4973 cap.
2504 4900 2720 4973 21,,ubi
2755 4902 2813 4954 et
2841 4899 2912 4953 de
2932 4899 3148 4969 templo
3170 4896 3491 4971 parochiali
3512 4897 3569 4951 S.
3593 4898 3694 4950 Ar-

2049 4971 2280 5046 Bogasti
2298 4971 2487 5046 titulo,
2504 4971 2802 5043 insignito.

2124 5035 2237 5115 (’13)
2271 5035 2785 5115 Cancellariovmox
2832 5041 3019 5110 accito,
3072 5057 3187 5096 non
3220 5043 3308 5094 est
3337 5038 3396 5115 i_n
3424 5035 3688 5115 Vita‘im-

2053 5107 2292 5189 pressa;
2327 5120 2415 5170 est
2444 5121 2638 5169 tamen
2671 5113 2728 5166 in
2789 5107 3037 5189 utroque
3068 5107 3417 5189 .apograpbo
3450 5109 3687 5187 nostro;

2053 5184 2321 5257 quamvis
2367 5193 2555 5241 autem
2615 5201 2721 5239 vox
2773 5184 3140 5257 _caneella_rius
3188 5184 3292 5257 _vix
3317 5184 3458 5232 tunc
3488 5184 3547 5257 in
3579 5190 3693 5257 usu

2054 5249 2601 5322 fuerit,‘communis
2625 5255 2814 5330 evenit
2833 5253 3066 5330 quando
3088 5249 3396 5330 scripsisse
3417 5251 3695 5330 putamus

2055 5336 2349 5385 auctorem
2385 5334 2648 5384 nostrum
2708 5327 2821 5397 qui,
2855 5323 3080 5397 usitata
3130 5338 3195 5397 ac
3229 5323 3517 5397 nota‘suis
3546 5323 3695 5397 tem:

2056 5402 2295 5473 poribus
2327 5400 2709 5473 appellatione
2726 5390 3168 5473 'oljficiunrillud
3200 5391 3510 5473 significat,
3540 5390 3697 5473 quod

2056 5463 2167 5527 alio
2200 5463 2651 5541 prius-nomine,
2703 5467 2799 5523 sed
2854 5467 2979 5536 jam
3039 5463 3694 5534 exoleto’nuncupatum

2053 5544 2259 5600 fuerat.
