4064 6188
396 247 549 315 1009

1712 245 1970 311 LUDUS
2014 242 2491 307 CLERIGALIS.

3640 244 3796 313 1010

394 383 531 439 ﬂdis
559 383 617 440 et
638 397 742 455 spe
767 378 905 440 boni
926 381 1259 443 carentibus
1280 384 1407 444 alea
1428 391 1653 460 reperta
1674 392 1847 459 atque
1870 405 2041 459 prave
2072 381 2126 447 Α
2157 381 2333 448 rium,
2361 379 2475 434 nisi
2500 378 2981 448 sanctiﬁcatricis,
3006 384 3062 437 et
3092 380 3152 437 in
3183 380 3465 454 ejusdem,
3492 381 3792 441 redeuntis

399 472 615 529 usitata
635 475 745 540 est)
773 476 838 527 ut
859 472 1234 547 discordiam,
1259 477 1515 548 perjuria
1540 483 1858 548 caeteraque
1882 477 2045 541 vitia,

398 570 639 627 clericos
661 570 953 627 interdicit
978 571 1262 630 aleatores
1286 576 1423 645 fore,
1449 576 1659 648 oppido
1689 578 1963 631 condecet
1983 580 2047 629 ut

401 658 619 715 relictis
638 658 792 713 vitiis
806 662 1166 717 examussim
1185 663 1296 717 sibi
1316 663 1530 735 quique
1548 665 1789 719 virtutes
1808 664 2049 719 sortian-

400 752 517 802 tur.
570 747 731 802 Libet
782 748 979 819 itaque
1031 765 1099 804 ex
1150 752 1352 807 eadem
1403 770 1518 823 qua
1566 753 1787 823 praefati
1840 769 2047 807 sumus

404 837 548 903 alea,
573 835 888 906 quemdam
923 836 1270 907 clericalem,
1305 845 1361 895 et
1391 845 1455 895 ut
1485 842 1565 895 ita
1594 841 1932 907 dixerimus,
1962 857 2046 895 re-

403 923 686 996 gularem,
713 942 827 979 non
859 925 1170 981 cavillandi
1202 927 1456 999 aliquem
1488 946 1684 993 causa,
1709 930 1809 984 sed
1840 928 2049 983 exerci-

401 1012 563 1068 tandi
616 1013 824 1084 gratia,
858 1030 1085 1069 comere
1134 1016 1363 1071 ludum.
1398 1017 1750 1073 Charitatem
1783 1018 2047 1072 omnium

403 1099 799 1171 principatum
853 1103 1113 1158 obtinere
1159 1105 1465 1174 virtutum,
1508 1123 1680 1161 nemo
1728 1106 1827 1177 qui
1876 1105 2049 1158 verbo

407 1188 699 1260 Evangelii
726 1190 974 1245 dicentis
1004 1209 1018 1249 :
1044 1195 1105 1247 In
1128 1192 1214 1248 his
1242 1194 1450 1250 duobus
1477 1198 1731 1250 universa
1751 1196 1838 1249 lea:
1859 1193 2051 1264 pendet

404 1282 455 1333 et
494 1278 776 1350 prophetae
823 1280 1031 1351 (Matth.
1064 1299 1201 1349 xxu,
1233 1284 1344 1353 40),
1379 1284 1668 1355 intelligit,
1704 1283 1906 1337 nescit.
1943 1282 2049 1336 Ubi

405 1383 541 1435 ergo
570 1372 733 1423 tanta
760 1370 1129 1439 profunditas
1162 1376 1378 1435 manet,
1410 1376 1632 1426 vastam
1666 1370 2049 1425 uberrimam-

409 1472 524 1527 que
552 1457 833 1513 virtutum
867 1459 1246 1530 propaginem
1270 1460 1340 1514 de
1372 1478 1431 1515 se
1454 1461 1689 1531 profert.
1714 1464 1915 1531 Itaque
1946 1476 2047 1530 po-

410 1561 622 1601 namus
640 1546 983 1602 charitatem
1006 1563 1138 1602 cum
1154 1565 1262 1604 sua
1276 1547 1627 1603 multimoda
1646 1548 1841 1603 sobole
1857 1546 2049 1602 nomi-

411 1637 632 1703 natam,
666 1639 723 1690 et
765 1634 1083 1707 singularis
1122 1637 1455 1707 quibusque
1485 1653 1761 1691 numeros
1791 1636 2049 1691 sortibus

408 1722 509 1777 tali
527 1722 922 1780 moderamine
935 1740 1222 1796 congruos
1238 1729 1600 1797 aptemus,ut
1614 1726 1727 1781 isto
1741 1725 2047 1793 contineri,
2079 1751 2127 1815 B

408 1820 565 1890 quod
595 1818 696 1874 illa
723 1820 1077 1889 examinare,
1108 1838 1299 1893 neque
1328 1823 1436 1878 hac
1466 1823 1715 1891 ostendi,
1750 1824 1904 1894 quod
1951 1822 2046 1876 hic

406 1905 495 1962 fas
516 1906 611 1974 sit,
636 1912 884 1979 nequeat
910 1907 1171 1965 invenire
1192 1910 1332 1981 (sic).
1357 1912 1396 1965 A
1428 1910 1734 1983 principali
1756 1910 2047 1982 siquidem

408 1993 751 2065 principalis
801 1996 1154 2068 principium
1206 1998 1447 2055 initians
1497 2016 1713 2071 perque
1753 1999 2051 2055 binarium

411 2098 478 2136 ac
509 2086 744 2139 ceteros
775 2100 962 2155 usque
989 2086 1060 2140 ad
1091 2087 1391 2143 senarium
1423 2104 1684 2157 currens,
1709 2089 1925 2143 suimet
1957 2104 2050 2143 eo-

410 2186 663 2242 rumque
683 2171 1039 2229 revolutione
1062 2175 1372 2248 tripertita,
1391 2178 1595 2249 viginti
1618 2181 1830 2233 sanctae
1850 2178 2055 2234 matris

412 2259 708 2317 contineat
758 2260 931 2333 ﬁlios,
985 2268 1042 2318 et
1086 2263 1146 2319 in
1196 2265 1482 2336 sapientia
1528 2266 1759 2322 limitet.
1802 2273 2056 2339 Postque

414 2348 681 2405 binarius
712 2352 1158 2422 compunctione
1199 2353 1506 2422 inchoans,
1536 2355 1870 2426 quindecim
1902 2358 2054 2426 ejus-

414 2437 547 2492 dem
575 2439 927 2504 reverentiaa,
952 2439 1088 2495 hinc
1118 2442 1409 2497 ternarius
1441 2460 1471 2497 a
1504 2444 1790 2515 principio
1820 2445 2056 2516 pietatis

411 2526 611 2581 decem
638 2527 1136 2600 exomologeseos;
1163 2530 1363 2602 sicque
1385 2532 1792 2602 quaternarius
1818 2549 1852 2587 a
1873 2538 2057 2587 matu-

411 2613 583 2669 ritate
605 2632 662 2670 νι
694 2616 864 2671 ﬂetus
890 2633 902 2670 :
939 2618 1010 2672 ab
1041 2618 1335 2674 hilaritate
1359 2637 1591 2692 quoque
1611 2622 1915 2691 quinarius
1938 2626 2056 2677 tres

409 2702 821 2774 complectens,
856 2707 1227 2762 continentiae
1276 2709 1390 2763 ﬁne
1422 2708 1743 2764 claudetur.
1779 2711 2055 2766 Senarius

404 2806 538 2845 vero
561 2790 808 2846 ultimus
832 2810 845 2847 :
881 2797 946 2848 ut
968 2793 1217 2865 primus,
1241 2794 1615 2866 simplicitate
1639 2798 1926 2869 gaudens,
1950 2816 2056 2853 cu-

405 2879 633 2933 stodem
654 2878 939 2934 virtutum
964 2882 1264 2952 possideat
1286 2883 1703 2953 humilitatem,
1730 2902 1854 2954 quae
1879 2887 2056 2939 simul

397 2967 622 3036 junctae
674 2968 1103 3039 quinquaginta
1150 2985 1249 3024 sex
1296 2970 1465 3025 ﬁunt.
1499 2972 1567 3025 Et
1615 2972 1664 3025 si
1720 2972 2057 3043 diligentius

406 3054 810 3125 respiciamus,
836 3055 1223 3126 intuebimur,
1249 3058 1403 3128 quod
1436 3059 1556 3113 haec
1577 3061 1907 3131 progressio
1941 3078 2052 3115 nu-

2116 3117 2127 3137 ἱ

503 3111 520 3125 ι
796 3111 809 3124 ’
1212 3111 1283 3128 ιι
1341 3111 1384 3112 έν
1438 3111 2019 3131 —‘"‘L'—‘0—""'—'—
2116 3117 2127 3137 ,

409 3159 727 3209 merorum,
748 3160 781 3197 a
806 3144 1058 3199 ternario
1080 3146 1454 3201 ccdenarium
1480 3148 1787 3218 scandens,
1808 3149 2052 3220 singulae
2086 3111 2127 3177 Ω

406 3230 519 3286 sibi
535 3233 1097 3297 virtutum,virtutes
1120 3233 1495 3307 legat.Prima
1511 3236 2051 3307 quidem,secunda,

406 3318 615 3375 ultima
645 3325 702 3375 et
733 3319 1061 3391 penultima
1082 3320 1365 3393 singulas.
1390 3324 1580 3379 Tertia
1601 3329 1659 3379 et
1690 3330 1823 3380 ante
1850 3326 2053 3398 penul-

404 3408 569 3477 tima,
587 3409 794 3465 trinas.
810 3410 1063 3481 Quaeque
1080 3409 1236 3466 intra
1256 3412 1384 3483 ipsa
1401 3416 1540 3467 sunt
1557 3413 1830 3470 similiter
1848 3432 1881 3469 a
1900 3416 2054 3486 prin-

402 3497 550 3568 cipio
604 3502 662 3553 et
710 3497 826 3553 ﬁne
870 3513 1058 3569 usque
1107 3500 1180 3554 ad
1232 3505 1483 3571 quatuor
1512 3502 1853 3573 mediasque
1884 3521 2053 3559 senas

395 3588 614 3658 junctae
650 3591 868 3655 ternas,
905 3590 1239 3658 quaternas,
1263 3588 1353 3644 vel
1385 3590 1596 3660 quinas
1630 3591 1920 3663 recipiunt
1948 3594 2056 3647 vir-

400 3679 577 3746 tutes,
601 3681 657 3732 et
677 3676 1022 3732 vicesimum
1047 3676 1328 3747 primum,
1352 3678 1409 3731 in
1438 3694 1565 3734 sese
1590 3697 1603 3734 :
1634 3679 1880 3735 invicem
1905 3697 2053 3735 sem-

403 3780 507 3835 per
534 3765 870 3836 exprimunt
900 3782 1235 3820 numerum.
1271 3767 1419 3821 Sunt
1448 3768 1629 3838 igitur
1656 3786 1741 3832 ιιι,
1779 3774 2049 3840 quatuor,

404 3853 605 3907 decem
623 3868 725 3917 v11,
741 3855 799 3906 et
819 3852 1018 3905 decem
1042 3855 1099 3905 et
1122 3856 1272 3918 octo,
1289 3852 1388 3922 qui
1410 3852 1677 3924 singulas
1700 3857 2050 3910 metiuntur:

402 3939 760 3996 Charitatem
782 3937 1072 4006 videlicet,
1096 3938 1290 4009 fidem,
1317 3939 1757 4008 continentiam,
1782 3946 1839 3996 et
1860 3941 2051 3997 humi-

402 4029 646 4096 litatem,
671 4027 936 4099 quinque
959 4032 1016 4083 et
1035 4045 1129 4082 xvx
1156 4028 1254 4099 qui
1277 4028 1447 4084 binas
1470 4046 1481 4084 :
1505 4046 1669 4100 spem
1693 4035 1747 4085 et
1770 4030 2055 4085 fortitudi-

403 4134 561 4185 nem,
592 4119 797 4173 ﬂetum
831 4122 887 4172 et
916 4117 1382 4187 compassionem
1410 4136 1423 4186 ;
1456 4136 1512 4173 v1
1562 4124 1617 4173 et
1658 4136 1731 4173 xv
1759 4138 1771 4186 ;
1806 4124 2001 4174 ternas
2038 4138 2050 4175 :

394 4206 719 4279 justitiam,
771 4222 999 4279 pacem,
1043 4210 1101 4261 et
1147 4208 1653 4278 compunctionem
1684 4230 1697 4277 ;
1732 4208 2053 4263 confessio-

403 4311 559 4363 nem,
602 4294 1058 4366 suspirationem
1110 4299 1169 4350 et
1217 4295 1619 4351 hilaritatem:
1671 4313 1745 4351 vn
1798 4302 1854 4351 et
1907 4314 2049 4352 XIIII.

402 4394 771 4457 Quaternas:
829 4392 1231 4461 Prudentiam,
1273 4393 1624 4460 castitatem,
1674 4394 1944 4449 timorem
2000 4390 2056 4448 et

2154 468 2421 539 principii
2446 470 2753 539 unitatem,
2778 471 3124 527 vocabulum
3148 472 3512 544 signabimus
3535 473 3789 529 Trinita-

2154 559 2279 612 tis?
2326 560 2473 622 Quid
2525 564 2719 613 autem
2772 578 2872 631 per
2914 562 3351 630 quaternarium
3388 562 3503 615 nisi
3536 567 3794 634 quatuor

2156 647 2642 719 evangelistarum
2664 649 2833 705 tubas
2846 649 2872 703 ‘?
2886 650 2951 703 Hi
2971 649 3143 703 simul
3163 648 3351 704 collati
3374 649 3533 705 illam
3554 652 3797 707 sanctis-

2158 737 2368 791 simam
2419 737 2649 806 plenam
2699 738 2866 791 donis
2918 738 3358 809 charismatum,
3394 741 3793 811 scptiformem

2158 826 2429 896 gratiam,
2445 826 2847 880 demonstrant
2868 844 2879 880 ε
2900 827 3273 898 Septenarius
3294 844 3424 882 vero
3447 829 3536 883 bis
3559 829 3794 896 ductus,

2158 927 2215 977 et
2238 940 2370 977 assu
2382 927 2541 993 mpto
2558 926 2810 979 ternario
2827 940 2963 991 xvu,
2980 928 3466 997 quaternarioque
3481 945 3638 983 XVIII.
3655 929 3797 983 Ecce

2160 1010 2410 1081 qualiter
2433 1030 2492 1066 ιιι
2525 1016 2581 1066 et
2610 1030 2731 1082 vm,
2762 1018 2934 1084 atque
2962 1033 3022 1068 ιιι
3056 1015 3112 1069 in
3138 1032 3265 1070 sese
3291 1017 3553 1071 redeunt.
3576 1022 3795 1071 Possu-

2159 1116 2291 1154 mus
2323 1100 2495 1154 etiam
2529 1102 2749 1168 decem,
2780 1102 3046 1175 Decalogi
3088 1106 3449 1168 mandatum,
3483 1107 3638 1174 quod
3686 1106 3795 1160 sub

2161 1188 2284 1259 lege
2315 1190 2632 1260 quondam,
2668 1196 2722 1244 et
2753 1209 2906 1246 nunc
2939 1194 3047 1246 sub
3077 1193 3264 1263 gratia
3296 1198 3586 1264 operatur,
3611 1199 3667 1249 et
3695 1211 3796 1248 νιιι

2159 1282 2439 1341 octavam,
2458 1295 2584 1349 quae
2607 1280 2851 1333 necdum
2873 1280 3083 1351 agitur,
3098 1286 3323 1336 aetatem
3342 1283 3799 1338 asscribere.Sed

2160 1365 2279 1419 haec
2310 1366 2423 1420 tria
2452 1368 2624 1421 modo
2649 1368 2901 1439 amplius
2924 1370 3115 1423 decuit
3144 1387 3621 1427 commemorare.
3652 1372 3797 1444 Ergo

2160 1454 2489 1525 clangorem
2522 1457 2707 1511 sancti
2729 1457 3025 1527 Evangelii
3046 1458 3345 1525 tubarum,
3373 1461 3471 1531 qui
3504 1477 3643 1516 aure
3662 1477 3793 1515 cor-

2160 1543 2248 1597 dis
2282 1548 2547 1599 sanctam
2576 1544 2917 1599 Trinitatem
2949 1546 3155 1601 intimo
3196 1564 3390 1602 amore
3422 1548 3632 1620 diligit,
3665 1564 3797 1619 gra-

2159 1631 2355 1702 tiaque
2384 1632 2707 1703 septiformi
2732 1635 3018 1689 ﬁnetenus
3048 1636 3197 1690 tueri
3228 1638 3407 1707 cupit,
3429 1637 3795 1707 charitatem,

2159 1718 2215 1772 in
2239 1736 2355 1791 qua
2376 1720 2644 1776 universa
2666 1721 2756 1776 lex
2775 1722 3072 1793 impletur,
3095 1724 3271 1778 fidem
3293 1723 3418 1779 sine
3440 1741 3555 1795 qua
3576 1724 3803 1795 impos-

2160 1807 2327 1863 sibile
2366 1813 2455 1863 est
2502 1808 2731 1880 placere
2761 1810 2897 1875 Deo,
2929 1811 3365 1877 continentiam,
3399 1817 3463 1867 ut
3510 1813 3800 1871 abstineat

2158 1914 2220 1953 se
2251 1914 2285 1953 a
2313 1897 2491 1968 vitiis,
2525 1915 2639 1969 quo
2668 1899 2915 1955 virtutes
2943 1900 3237 1955 continere
3265 1900 3475 1969 valeat,
3498 1902 3797 1959 humilita-

2162 1991 2299 2057 tem,
2324 2004 2440 2057 qua
2461 1987 2585 2042 sine
2612 1987 2713 2058 qui
2737 1988 2980 2043 virtutes
3003 1994 3335 2061 congregat,
3360 1991 3529 2059 quasi
3552 1991 3609 2046 in
3630 1996 3799 2049 vento

2161 2075 2457 2147 pulverem
2481 2076 2918 2147 portat,habere
2942 2082 3193 2148 quaerat:
3216 2077 3416 2133 habita
3437 2078 3801 2151 charitative,

2162 2165 2429 2234 fideliter,
2454 2164 2838 2231 continenter,
2863 2170 3037 2236 atque
3066 2166 3366 2222 humiliter
3389 2184 3650 2223 exercere
3680 2172 3797 2224 sat-

2164 2260 2317 2327 agat,
2352 2259 2415 2309 ut
2446 2254 2517 2308 ad
2549 2270 2749 2309 eorum
2780 2256 3083 2309 cumulum
3116 2256 3414 2327 pervenire
3445 2263 3638 2328 queat.
3667 2259 3802 2324 Qui-

2166 2344 2327 2399 nario
2362 2359 2624 2407 numero,
2658 2342 2915 2414 quinque
2946 2360 3155 2399 sensus
3193 2346 3547 2417 conjungere
3596 2364 3802 2417 possu-

2166 2431 2435 2501 mus,qui
2459 2431 2649 2485 fluiter
2670 2432 2975 2497 ductus,et
2996 2431 3218 2487 unitate
3240 2438 3477 2504 sumpta
3496 2434 3555 2489 in
3578 2439 3806 2491 sextum

2167 2519 2459 2575 decimum
2478 2520 2687 2589 surgit.
2706 2519 2764 2573 Si
2785 2522 2939 2575 enim
2962 2520 3067 2575 hos
3086 2522 3345 2592 quinque
3358 2539 3461 2593 per
3481 2523 3804 2595 physicam,

2165 2610 2436 2680 logicam,
2479 2612 2535 2663 et
2580 2608 2831 2663 ethicam
2881 2608 3259 2681 castigamus,
3292 2615 3355 2665 ut
3403 2612 3473 2665 ad
3522 2612 3805 2668 unitatem

2167 2697 2489 2763 charitatis,
2524 2714 2647 2766 quas
2694 2697 2847 2751 Deus
2896 2702 3002 2761 est,
3046 2714 3275 2767 semper
3323 2699 3668 2767 redeamus;
3701 2700 3808 2757 has

2168 2787 2423 2856 profecto
2445 2784 2710 2849 virtutes,
2736 2801 2862 2854 quze
2896 2785 2952 2838 iu
2984 2786 3213 2839 duobus
3236 2788 3495 2841 numeris
3518 2786 3808 2859 insignitae

2167 2882 2457 2945 videntur,
2481 2879 2842 2949 naturaliter,
2858 2879 3219 2934 rationaliter
3237 2881 3651 2953 moraliterque
3672 2900 3805 2955 pos-

2167 2967 2509 3023 sidebimus.
2543 2968 2839 3037 Senarius,
2873 2969 3041 3038 cujus
3076 2972 3237 3023 sexta
3265 2986 3421 3039 pars,
3457 2989 3491 3037 ι,
3533 2976 3591 3025 et
3637 2973 3809 3027 tertia

2168 3058 2475 3121 medietas,
2501 3075 2583 3125 III,
2608 3056 2744 3127 quia
2766 3057 3054 3128 perfectus
3075 3060 3162 3111 est
3184 3073 3486 3128 numerus,
3510 3059 3633 3113 suis
3660 3060 3808 3117 bene

2169 3151 2446 3201 constans
2503 3145 2788 3217 partibus,
2846 3144 3119 3216 perfectio
3170 3146 3360 3217 operis
3411 3147 3462 3201 ei
3517 3147 3808 3218 deputarii

2164 3240 2375 3306 potest.
2401 3234 2501 3289 His
2524 3234 2704 3304 igitur
2728 3233 2837 3287 sibi
2864 3232 3174 3305 replicatis,
3198 3234 3451 3289 ternario
3483 3236 3703 3304 addito,
3736 3256 3808 3293 xv

2165 3324 2324 3378 facit.
2360 3323 2554 3376 Simus
2585 3338 2719 3393 ergo
2752 3321 2989 3393 perfecti
3022 3321 3294 3393 operibus
3326 3323 3491 3377 bona:
3537 3323 3803 3393 actionis,

2164 3417 2220 3468 et
2246 3413 2504 3466 nitamur
2526 3411 2913 3466 conscendere
2932 3428 3004 3465 xv
3031 3410 3467 3484 Psalmographi
3488 3413 3726 3484 gradus,
3743 3425 3808 3469 ut

2164 3506 2423 3557 sanctam
2458 3499 2801 3554 Trinitatem
2840 3500 2899 3553 in
2933 3500 3069 3554 Sion
3102 3516 3334 3554 cernere
3366 3516 3715 3569 mereamur,
3750 3507 3808 3557 et

2164 3590 2372 3645 horum
2404 3588 2605 3660 procul
2638 3588 2813 3642 dubio
2839 3604 3218 3643 numerorum
3241 3593 3501 3659 expertes
3522 3590 3804 3645 virtutum

2164 3696 2277 3734 non
2301 3679 2543 3733 erimus.
2566 3678 2744 3732 Adest
2764 3677 2974 3732 iterum
2996 3694 3071 3731 vu
3094 3676 3280 3749 gratia
3304 3677 3594 3749 spirituali
3626 3680 3807 3735 refer-

2161 3773 2277 3830 tus,
2312 3784 2407 3820 xxv
2437 3767 2785 3835 depromens
2816 3781 2918 3835 per
2948 3764 3261 3819 binarium.
3295 3767 3576 3821 Eumdem
3609 3766 3806 3837 itaque

2163 3870 2469 3927 precemur
2490 3852 2793 3924 Spiritum,
2821 3857 2885 3906 ut
2914 3869 3015 3923 per
3035 3852 3351 3922 practicam
3383 3854 3453 3907 ad
3486 3853 3803 3910 theoricam

2161 3944 2338 3999 vitam
2366 3944 2663 4013 pervenire
2692 3940 2995 4012 largiatur,
3020 3944 3308 4011 quatenus
3338 3940 3649 3996 virtutibus
3676 3944 3804 4013 ejus

2164 4038 2371 4094 ascisci
2395 4052 2744 4092 mereamur.
2774 4036 2879 4091 Sed
2906 4036 3045 4106 quia
3067 4052 3245 4107 supra
3266 4035 3575 4091 retulimus
3600 4054 3613 4104 ;
3648 4041 3803 4093 octa-

2160 4144 2295 4182 vam
2314 4130 2542 4181 aetatem
2563 4126 2633 4180 de
2652 4142 2766 4195 qua
2784 4122 2991 4178 titulus
3011 4122 3222 4194 psalmi
3242 4140 3294 4177 ιν
3313 4123 3503 4193 inquit
3522 4142 3535 4180 :
3556 4126 3618 4179 In
3638 4126 3804 4195 ﬁnem

2161 4232 2260 4287 pro
2302 4224 2507 4281 octava,
2542 4213 2838 4269 octonario
2888 4228 3059 4283 posse
3104 4211 3373 4279 conferri,
3406 4212 3557 4267 sicut
3603 4214 3803 4269 decem

2167 4304 2412 4359 inferius
2444 4303 2639 4358 adfore
2672 4302 2960 4357 indicatur
2989 4317 3002 4355 :
3037 4300 3171 4355 huic
3203 4300 3403 4371 utique
3433 4300 3483 4355 si
3514 4301 3806 4356 addantur

2161 4411 2215 4463 v,
2267 4410 2386 4456 xm,
2439 4390 2828 4462 explicabunt.
2864 4390 3011 4444 Bene
3056 4389 3236 4455 etiam
3285 4389 3545 4459 quinque
3594 4404 3805 4445 sensus

404 4480 687 4554 gaudium
716 4496 728 4533 :
763 4481 1171 4551 reverentiam,
1195 4482 1625 4551 contritionem,
1646 4482 2055 4548 constantiam,
2087 4479 2133 4541 D
2166 4487 2376 4537 octavae
2404 4480 2530 4534 vitae
2560 4482 2990 4550 supponuntur,
3015 4478 3154 4548 quia
3175 4494 3291 4532 non
3316 4476 3507 4533 solum
3531 4476 3805 4545 haec,nisi

408 4573 465 4625 et
484 4567 867 4625 intellectum.
891 4586 992 4625 vui
1018 4576 1075 4625 et
1094 4586 1216 4624 ιιιιι.
1238 4588 1293 4625 ν.
1311 4572 1800 4642 Temperantiam,
1827 4570 2052 4626 miseri-

415 4658 698 4727 cordiam,
730 4657 1174 4729 providentiam,
1210 4659 1581 4715 sobrietatem
1631 4664 1688 4713 et
1737 4660 2051 4726 astutiam;

403 4754 1761 4827 sapientiam,virginitatem,mortiﬁcationem,
1785 4758 2056 4812 innocen-

414 4843 557 4898 tiam
613 4847 670 4897 et
724 4841 1202 4898 sollicitudinem.
1256 4861 1314 4897 ιχ
1360 4848 1416 4898 et
1462 4863 1516 4914 ιι,
1550 4863 1603 4899 x1
1655 4850 1711 4900 et
1754 4863 1829 4900 χιι
1882 4862 2054 4901 senas

409 4933 789 4988 discernunt:
816 4932 1229 4997 obedientiam,
1254 4932 1686 5000 discretionem,
1709 4935 2052 5003 bonitatem,

410 5019 881 5086 delectationem,
910 5020 1372 5091 simplicitatem,
1396 5025 1452 5075 et
1473 5022 1765 5091 pietatem,
1793 5039 2051 5094 perseve-

416 5109 689 5176 rantiam,
724 5108 1094 5179 modestiam,
1148 5108 1515 5179 suavitatem,
1570 5109 2051 5180 hospitalitatem,

405 5198 777 5272 patientiam,
803 5196 1021 5253 scilicet
1050 5201 1106 5253 et
1138 5198 1560 5269 indulgentiam
1586 5216 1597 5253 :
1634 5198 2049 5270 longanimita-

404 5290 550 5352 tem,
566 5286 1103 5357 mansuetudinem,
1128 5286 1492 5357 parcitatem,
1508 5285 1716 5353 zelum,
1733 5289 2050 5343 orationem

409 5390 645 5447 quoque
697 5378 754 5428 et
790 5373 1106 5444 judicium,
1153 5374 1595 5445 benignitatem,
1630 5382 2050 5446 paupertatem,

406 5462 733 5529 lenitatem,
766 5477 1048 5529 amorem,
1079 5462 1439 5535 vigilantiam
1473 5466 1674 5535 utique
1713 5481 1778 5519 ac
1810 5466 2050 5520 maturi-

402 5554 613 5608 tatem.
640 5549 707 5606 Et
734 5553 799 5605 ut
818 5564 921 5622 per
944 5550 1177 5624 singula
1197 5553 1524 5625 redeamus,
1548 5554 1718 5623 cujus
1740 5571 1841 5627 per
1861 5558 2051 5611 terna-

2165 4568 2548 4639 voluptuosus
2570 4583 2769 4622 eorum
2796 4565 3111 4638 appetitus,
3134 4565 3342 4621 chamo
3365 4570 3421 4619 et
3447 4565 3606 4621 freno
3630 4565 3802 4637 spiri-

2167 4657 2339 4711 tualis
2374 4657 2544 4710 modo
2567 4655 2887 4726 disciplinae
2911 4658 3278 4709 coerceatur:
3313 4655 3413 4709 sed
3443 4670 3547 4708 nec
3577 4671 3643 4709 ea
3674 4670 3803 4725 quas

2164 4747 2235 4801 ab
2250 4745 2391 4799 Abel
2418 4744 2782 4815 singularum
2806 4743 3038 4797 datione
3060 4742 3550 4809 stolarum,donec
3568 4744 3802 4813 justitia

2163 4838 2531 4889 convertatur
2554 4834 2611 4886 in
2630 4832 2945 4900 judicium,
2970 4832 3271 4901 sanctique
3293 4832 3351 4885 in
3374 4835 3527 4886 terra
3547 4829 3803 4900 duplicia

2164 4933 2523 5003 possideant,
2557 4931 2772 5001 agitur,
2808 4933 3080 4984 meretur.
3115 4928 3278 4985 Nunc
3309 4931 3502 4982 autem
3547 4942 3623 4994 Ix,
3655 4942 3712 4991 x,
3743 4942 3800 4979 ιιι

2162 5027 2218 5076 et
2268 5039 2346 5074 x11
2398 5020 2655 5091 supremi
2697 5021 3018 5073 remanent.
3051 5018 3306 5081 Quorum
3339 5015 3562 5082 primus
3594 5027 3799 5067 novem

2163 5109 2553 5165 caelicolarum
2587 5107 2913 5171 ordinibus,
2948 5106 3239 5160 secundus
3270 5102 3469 5155 decem
3516 5099 3801 5171 legalibus

2160 5198 2371 5265 verbis,
2397 5198 2605 5251 tertius
2628 5196 2821 5267 dignis
2846 5192 3194 5267 poenitentiae
3218 5189 3531 5254 fructibus,
3555 5192 3800 5259 quartus

2162 5288 2303 5342 Novi
2337 5286 2622 5341 duodenis
2664 5282 3015 5340 Testamenti
3068 5279 3430 5351 praeconibus
3478 5279 3802 5334 consecrati

2162 5376 2456 5446 effulgent.
2492 5376 2758 5440 Quintus,
2794 5369 3093 5442 quoniam,
3128 5378 3192 5421 ut
3236 5367 3520 5437 scriptum
3570 5371 3658 5421 est
3690 5383 3703 5421 :
3739 5369 3801 5421 In

2160 5466 2352 5520 multis
2382 5463 2780 5535 delinquimus
2821 5474 3024 5514 omnes
3073 5458 3206 5528 (Jac.
3260 5474 3343 5527 ιιι,
3394 5459 3449 5522 2,
3497 5457 3557 5510 in
3610 5455 3798 5510 multis

2161 5555 2487 5626 oﬂcndz’mus
2517 5551 2763 5623 omnes),
2788 5546 3057 5619 quisquis
3086 5545 3355 5603 instituta
3383 5563 3419 5601 x
3461 5548 3798 5617 praetergre-
