  <div class='ocr_page' id='page_1' title='image "/cluster/home/n/w/nwhite01/storage/ocr_20150623/134/hvd.32044023361702/511.png"; bbox 0 0 4074 6190; ppageno 0'>
   <div class='ocr_carea' id='block_1_1' title="bbox 370 329 521 394">
    <p class='ocr_par' dir='ltr' id='par_1_1' title="bbox 370 329 521 394">
     <span class='ocr_line' id='line_1_1' title="bbox 370 329 521 394; baseline -0.007 -4"><span class='ocrx_word' id='word_1_1' title='bbox 370 329 521 394; x_wconf 87' lang='grc'><strong>1011</strong></span> 
     </span>
    </p>
   </div>
   <div class='ocr_carea' id='block_1_2' title="bbox 1379 326 2764 390">
    <p class='ocr_par' dir='ltr' id='par_1_2' title="bbox 1379 326 2764 390">
     <span class='ocr_line' id='line_1_2' title="bbox 1379 326 2764 390; baseline 0 -2"><span class='ocrx_word' id='word_1_2' title='bbox 1379 327 1722 390; x_wconf 86' lang='lat' dir='ltr'>WlBOLDI</span> <span class='ocrx_word' id='word_1_3' title='bbox 1765 326 2366 390; x_wconf 83' lang='lat' dir='ltr'>CAMERACENSIS</span> <span class='ocrx_word' id='word_1_4' title='bbox 2410 326 2764 389; x_wconf 85' lang='lat' dir='ltr'>EPISCOPI</span> 
     </span>
    </p>
   </div>
   <div class='ocr_carea' id='block_1_3' title="bbox 3616 323 3792 388">
    <p class='ocr_par' dir='ltr' id='par_1_3' title="bbox 3616 323 3792 388">
     <span class='ocr_line' id='line_1_3' title="bbox 3616 323 3792 388; baseline 0.006 -2"><span class='ocrx_word' id='word_1_5' title='bbox 3616 323 3792 388; x_wconf 72' lang='grc'><strong>1012</strong></span> 
     </span>
    </p>
   </div>
   <div class='ocr_carea' id='block_1_4' title="bbox 371 458 3787 534">
    <p class='ocr_par' dir='ltr' id='par_1_4' title="bbox 371 458 3787 534">
     <span class='ocr_line' id='line_1_4' title="bbox 371 458 3787 534; baseline -0.001 -14"><span class='ocrx_word' id='word_1_6' title='bbox 371 464 560 534; x_wconf 89' lang='lat' dir='ltr'>diens,</span> <span class='ocrx_word' id='word_1_7' title='bbox 585 461 642 518; x_wconf 89' lang='lat' dir='ltr'>in</span> <span class='ocrx_word' id='word_1_8' title='bbox 665 479 719 518; x_wconf 77' lang='grc' dir='ltr'><strong>ιι</strong></span> <span class='ocrx_word' id='word_1_9' title='bbox 744 460 1004 532; x_wconf 82' lang='lat' dir='ltr'>offendit,</span> <span class='ocrx_word' id='word_1_10' title='bbox 1029 459 1338 531; x_wconf 85' lang='lat' dir='ltr'>splendore</span> <span class='ocrx_word' id='word_1_11' title='bbox 1357 477 1437 515; x_wconf 84' lang='lat' dir='ltr'>xu</span> <span class='ocrx_word' id='word_1_12' title='bbox 1460 476 1827 532; x_wconf 79' lang='lat' dir='ltr'>gemmarum</span> <span class='ocrx_word' id='word_1_13' title='bbox 1844 461 2013 532; x_wconf 89' lang='lat' dir='ltr'>juba-</span> <span class='ocrx_word' id='word_1_14' title='bbox 2042 463 2095 529; x_wconf 75' lang='grc' dir='ltr'>Α</span> <span class='ocrx_word' id='word_1_15' title='bbox 2127 476 2300 516; x_wconf 90' lang='lat' dir='ltr'>senas</span> <span class='ocrx_word' id='word_1_16' title='bbox 2353 459 2528 516; x_wconf 82' lang='lat' dir='ltr'>facies</span> <span class='ocrx_word' id='word_1_17' title='bbox 2574 460 2828 514; x_wconf 81' lang='lat' dir='ltr'>habeant</span> <span class='ocrx_word' id='word_1_18' title='bbox 2865 458 3040 514; x_wconf 88' lang='lat' dir='ltr'>variis</span> <span class='ocrx_word' id='word_1_19' title='bbox 3071 461 3304 515; x_wconf 89' lang='lat' dir='ltr'>notatas</span> <span class='ocrx_word' id='word_1_20' title='bbox 3335 459 3615 516; x_wconf 78' lang='lat' dir='ltr'>numeris.</span> <span class='ocrx_word' id='word_1_21' title='bbox 3647 460 3787 524; x_wconf 91' lang='lat' dir='ltr'>Quo</span> 
     </span>
    </p>
   </div>
   <div class='ocr_carea' id='block_1_5' title="bbox 373 549 2015 621">
    <p class='ocr_par' dir='ltr' id='par_1_5' title="bbox 373 549 2015 621">
     <span class='ocr_line' id='line_1_5' title="bbox 373 549 2015 621; baseline -0.004 -12"><span class='ocrx_word' id='word_1_22' title='bbox 373 553 454 609; x_wconf 88' lang='lat' dir='ltr'>ris</span> <span class='ocrx_word' id='word_1_23' title='bbox 486 550 809 617; x_wconf 79' lang='lat' dir='ltr'>redimitus,</span> <span class='ocrx_word' id='word_1_24' title='bbox 842 555 907 604; x_wconf 91' lang='lat' dir='ltr'>ut</span> <span class='ocrx_word' id='word_1_25' title='bbox 938 549 1009 604; x_wconf 91' lang='lat' dir='ltr'>ad</span> <span class='ocrx_word' id='word_1_26' title='bbox 1043 550 1369 621; x_wconf 87' lang='lat' dir='ltr'>reparanda</span> <span class='ocrx_word' id='word_1_27' title='bbox 1417 567 1473 604; x_wconf 87' lang='lat' dir='ltr'>1x</span> <span class='ocrx_word' id='word_1_28' title='bbox 1525 551 1771 621; x_wconf 88' lang='lat' dir='ltr'>pristina</span> <span class='ocrx_word' id='word_1_29' title='bbox 1800 551 2015 605; x_wconf 90' lang='lat' dir='ltr'>damna</span> 
     </span>
    </p>
   </div>
   <div class='ocr_carea' id='block_1_6' title="bbox 374 638 2016 710">
    <p class='ocr_par' dir='ltr' id='par_1_6' title="bbox 374 638 2016 710">
     <span class='ocr_line' id='line_1_6' title="bbox 374 638 2016 710; baseline -0.002 -15"><span class='ocrx_word' id='word_1_30' title='bbox 374 643 764 704; x_wconf 89' lang='lat' dir='ltr'>succrescant,</span> <span class='ocrx_word' id='word_1_31' title='bbox 791 655 894 710; x_wconf 89' lang='lat' dir='ltr'>per</span> <span class='ocrx_word' id='word_1_32' title='bbox 914 638 1135 692; x_wconf 86' lang='lat' dir='ltr'>denarii</span> <span class='ocrx_word' id='word_1_33' title='bbox 1160 639 1436 693; x_wconf 88' lang='lat' dir='ltr'>mandata</span> <span class='ocrx_word' id='word_1_34' title='bbox 1459 639 1812 710; x_wconf 81' lang='lat' dir='ltr'>regrediens,</span> <span class='ocrx_word' id='word_1_35' title='bbox 1839 639 2016 693; x_wconf 90' lang='lat' dir='ltr'>unde-</span> 
     </span>
    </p>
   </div>
   <div class='ocr_carea' id='block_1_7' title="bbox 375 726 2016 799">
    <p class='ocr_par' dir='ltr' id='par_1_7' title="bbox 375 726 2016 799">
     <span class='ocr_line' id='line_1_7' title="bbox 375 726 2016 799; baseline -0.002 -15"><span class='ocrx_word' id='word_1_36' title='bbox 375 729 466 784; x_wconf 89' lang='lat' dir='ltr'>nis</span> <span class='ocrx_word' id='word_1_37' title='bbox 480 726 745 783; x_wconf 59' lang='lat' dir='ltr'>Ecclesia:</span> <span class='ocrx_word' id='word_1_38' title='bbox 767 726 1015 782; x_wconf 91' lang='lat' dir='ltr'>cilicinis</span> <span class='ocrx_word' id='word_1_39' title='bbox 1035 728 1332 799; x_wconf 88' lang='lat' dir='ltr'>operiatur</span> <span class='ocrx_word' id='word_1_40' title='bbox 1353 727 1530 798; x_wconf 83' lang='lat' dir='ltr'>sagis,</span> <span class='ocrx_word' id='word_1_41' title='bbox 1548 732 1609 781; x_wconf 90' lang='lat' dir='ltr'>ut</span> <span class='ocrx_word' id='word_1_42' title='bbox 1633 728 1815 797; x_wconf 89' lang='lat' dir='ltr'>possit</span> <span class='ocrx_word' id='word_1_43' title='bbox 1837 743 2016 797; x_wconf 82' lang='lat' dir='ltr'>quan-</span> 
     </span>
    </p>
   </div>
   <div class='ocr_carea' id='block_1_8' title="bbox 373 815 2015 887">
    <p class='ocr_par' dir='ltr' id='par_1_8' title="bbox 373 815 2015 887">
     <span class='ocr_line' id='line_1_8' title="bbox 373 815 2015 887; baseline -0.001 -16"><span class='ocrx_word' id='word_1_44' title='bbox 373 817 565 887; x_wconf 89' lang='lat' dir='ltr'>doque</span> <span class='ocrx_word' id='word_1_45' title='bbox 595 816 784 871; x_wconf 88' lang='lat' dir='ltr'>dicere</span> <span class='ocrx_word' id='word_1_46' title='bbox 817 832 949 870; x_wconf 92' lang='lat' dir='ltr'>cum</span> <span class='ocrx_word' id='word_1_47' title='bbox 984 815 1295 871; x_wconf 89' lang='lat' dir='ltr'>Psalmista</span> <span class='ocrx_word' id='word_1_48' title='bbox 1330 832 1342 868; x_wconf 92' lang='lat'><strong>:</strong></span> <span class='ocrx_word' id='word_1_49' title='bbox 1380 815 1707 870; x_wconf 77' lang='lat' dir='ltr'>Convertistz&#39;</span> <span class='ocrx_word' id='word_1_50' title='bbox 1731 815 2015 886; x_wconf 83' lang='lat' dir='ltr'>planctum</span> 
     </span>
    </p>
   </div>
   <div class='ocr_carea' id='block_1_9' title="bbox 371 903 2011 975">
    <p class='ocr_par' dir='ltr' id='par_1_9' title="bbox 371 903 2011 975">
     <span class='ocr_line' id='line_1_9' title="bbox 371 903 2011 975; baseline -0.002 -15"><span class='ocrx_word' id='word_1_51' title='bbox 371 920 556 960; x_wconf 86' lang='lat' dir='ltr'>meum</span> <span class='ocrx_word' id='word_1_52' title='bbox 585 906 648 960; x_wconf 78' lang='lat' dir='ltr'>in</span> <span class='ocrx_word' id='word_1_53' title='bbox 676 903 942 973; x_wconf 79' lang='lat' dir='ltr'>gaudium</span> <span class='ocrx_word' id='word_1_54' title='bbox 968 905 1128 972; x_wconf 78' lang='lat' dir='ltr'>mihi,</span> <span class='ocrx_word' id='word_1_55' title='bbox 1163 911 1219 960; x_wconf 92' lang='lat' dir='ltr'>et</span> <span class='ocrx_word' id='word_1_56' title='bbox 1257 903 1482 975; x_wconf 90' lang='lat' dir='ltr'>reliqua</span> <span class='ocrx_word' id='word_1_57' title='bbox 1511 904 1684 974; x_wconf 81' lang='lat' dir='ltr'>(Psal.</span> <span class='ocrx_word' id='word_1_58' title='bbox 1718 921 1870 970; x_wconf 81' lang='lat' dir='ltr'>xx1x,</span> <span class='ocrx_word' id='word_1_59' title='bbox 1904 904 2011 974; x_wconf 78' lang='grc'><strong>12).</strong></span> 
     </span>
    </p>
   </div>
   <div class='ocr_carea' id='block_1_10' title="bbox 372 992 2013 1066">
    <p class='ocr_par' dir='ltr' id='par_1_10' title="bbox 372 992 2013 1066">
     <span class='ocr_line' id='line_1_10' title="bbox 372 992 2013 1066; baseline -0.001 -17"><span class='ocrx_word' id='word_1_60' title='bbox 372 993 561 1066; x_wconf 82' lang='lat' dir='ltr'>Igitur</span> <span class='ocrx_word' id='word_1_61' title='bbox 579 993 714 1063; x_wconf 90' lang='lat' dir='ltr'>quia</span> <span class='ocrx_word' id='word_1_62' title='bbox 734 993 997 1059; x_wconf 80' lang='lat' dir='ltr'>virtutes,</span> <span class='ocrx_word' id='word_1_63' title='bbox 1014 1009 1406 1064; x_wconf 87' lang='lat' dir='ltr'>numerosque</span> <span class='ocrx_word' id='word_1_64' title='bbox 1423 992 1815 1065; x_wconf 85' lang='lat' dir='ltr'>qualicunque</span> <span class='ocrx_word' id='word_1_65' title='bbox 1841 993 2013 1047; x_wconf 90' lang='lat' dir='ltr'>modo</span> 
     </span>
    </p>
   </div>
   <div class='ocr_carea' id='block_1_11' title="bbox 371 1081 2014 1153">
    <p class='ocr_par' dir='ltr' id='par_1_11' title="bbox 371 1081 2014 1153">
     <span class='ocr_line' id='line_1_11' title="bbox 371 1081 2014 1153; baseline -0.001 -15"><span class='ocrx_word' id='word_1_66' title='bbox 371 1081 792 1146; x_wconf 88' lang='lat' dir='ltr'>ordinavimus,</span> <span class='ocrx_word' id='word_1_67' title='bbox 814 1081 1062 1153; x_wconf 88' lang='lat' dir='ltr'>qualiter</span> <span class='ocrx_word' id='word_1_68' title='bbox 1092 1098 1245 1138; x_wconf 90' lang='lat' dir='ltr'>nunc</span> <span class='ocrx_word' id='word_1_69' title='bbox 1276 1082 1467 1138; x_wconf 89' lang='lat' dir='ltr'>sortiri</span> <span class='ocrx_word' id='word_1_70' title='bbox 1492 1083 1742 1137; x_wconf 89' lang='lat' dir='ltr'>debeant</span> <span class='ocrx_word' id='word_1_71' title='bbox 1774 1098 2014 1137; x_wconf 87' lang='lat' dir='ltr'>censea-</span> 
     </span>
    </p>
   </div>
   <div class='ocr_carea' id='block_1_12' title="bbox 373 1169 2014 1243">
    <p class='ocr_par' dir='ltr' id='par_1_12' title="bbox 373 1169 2014 1243">
     <span class='ocr_line' id='line_1_12' title="bbox 373 1169 2014 1243; baseline -0.002 -16"><span class='ocrx_word' id='word_1_72' title='bbox 373 1187 526 1227; x_wconf 89' lang='lat' dir='ltr'>mus.</span> <span class='ocrx_word' id='word_1_73' title='bbox 560 1171 702 1228; x_wconf 86' lang='lat' dir='ltr'>Tres</span> <span class='ocrx_word' id='word_1_74' title='bbox 730 1171 928 1243; x_wconf 86' lang='lat' dir='ltr'>itaque</span> <span class='ocrx_word' id='word_1_75' title='bbox 960 1187 1267 1228; x_wconf 88' lang='lat' dir='ltr'>sumamus</span> <span class='ocrx_word' id='word_1_76' title='bbox 1296 1175 1569 1238; x_wconf 86' lang='lat' dir='ltr'>tesseras,</span> <span class='ocrx_word' id='word_1_77' title='bbox 1603 1187 1729 1243; x_wconf 74' lang='lat' dir='ltr'>quae</span> <span class='ocrx_word' id='word_1_78' title='bbox 1775 1169 2014 1242; x_wconf 81' lang='lat' dir='ltr'>singulae</span> 
     </span>
    </p>
   </div>
   <div class='ocr_carea' id='block_1_13' title="bbox 2125 548 3785 620">
    <p class='ocr_par' dir='ltr' id='par_1_13' title="bbox 2125 548 3785 620">
     <span class='ocr_line' id='line_1_13' title="bbox 2125 548 3785 620; baseline 0 -16"><span class='ocrx_word' id='word_1_79' title='bbox 2125 551 2312 620; x_wconf 88' lang='lat' dir='ltr'>major</span> <span class='ocrx_word' id='word_1_80' title='bbox 2335 549 2626 617; x_wconf 88' lang='lat' dir='ltr'>senarius,</span> <span class='ocrx_word' id='word_1_81' title='bbox 2653 548 2750 603; x_wconf 89' lang='lat' dir='ltr'>alii</span> <span class='ocrx_word' id='word_1_82' title='bbox 2783 549 2840 603; x_wconf 92' lang='lat' dir='ltr'>in</span> <span class='ocrx_word' id='word_1_83' title='bbox 2873 548 3095 604; x_wconf 60' lang='lat' dir='ltr'>caneris</span> <span class='ocrx_word' id='word_1_84' title='bbox 3122 565 3235 603; x_wconf 90' lang='lat' dir='ltr'>uno</span> <span class='ocrx_word' id='word_1_85' title='bbox 3258 565 3490 620; x_wconf 88' lang='lat' dir='ltr'>semper</span> <span class='ocrx_word' id='word_1_86' title='bbox 3515 549 3785 604; x_wconf 85' lang='lat' dir='ltr'>minores</span> 
     </span>
    </p>
   </div>
   <div class='ocr_carea' id='block_1_14' title="bbox 2125 637 3785 709">
    <p class='ocr_par' dir='ltr' id='par_1_14' title="bbox 2125 637 3785 709">
     <span class='ocr_line' id='line_1_14' title="bbox 2125 637 3785 709; baseline -0.001 -16"><span class='ocrx_word' id='word_1_87' title='bbox 2125 655 2312 709; x_wconf 92' lang='lat' dir='ltr'>usque</span> <span class='ocrx_word' id='word_1_88' title='bbox 2335 639 2404 693; x_wconf 92' lang='lat' dir='ltr'>ad</span> <span class='ocrx_word' id='word_1_89' title='bbox 2429 654 2644 706; x_wconf 86' lang='lat' dir='ltr'>assem,</span> <span class='ocrx_word' id='word_1_90' title='bbox 2668 639 2768 708; x_wconf 87' lang='lat' dir='ltr'>qui</span> <span class='ocrx_word' id='word_1_91' title='bbox 2793 637 2967 692; x_wconf 91' lang='lat' dir='ltr'>simul</span> <span class='ocrx_word' id='word_1_92' title='bbox 2999 637 3148 692; x_wconf 80' lang='lat' dir='ltr'>ﬁunt</span> <span class='ocrx_word' id='word_1_93' title='bbox 3174 654 3266 692; x_wconf 65' lang='grc' dir='ltr'>χχι</span> <span class='ocrx_word' id='word_1_94' title='bbox 3288 641 3345 692; x_wconf 91' lang='lat' dir='ltr'>et</span> <span class='ocrx_word' id='word_1_95' title='bbox 3370 637 3587 693; x_wconf 83' lang='lat' dir='ltr'>nostris</span> <span class='ocrx_word' id='word_1_96' title='bbox 3610 654 3785 693; x_wconf 85' lang='lat' dir='ltr'>voca-</span> 
     </span>
    </p>
   </div>
   <div class='ocr_carea' id='block_1_15' title="bbox 2125 724 3783 797">
    <p class='ocr_par' dir='ltr' id='par_1_15' title="bbox 2125 724 3783 797">
     <span class='ocr_line' id='line_1_15' title="bbox 2125 724 3783 797; baseline -0.001 -16"><span class='ocrx_word' id='word_1_97' title='bbox 2125 727 2279 782; x_wconf 89' lang='lat' dir='ltr'>libus</span> <span class='ocrx_word' id='word_1_98' title='bbox 2306 744 2377 794; x_wconf 90' lang='lat' dir='ltr'>v;</span> <span class='ocrx_word' id='word_1_99' title='bbox 2412 727 2674 782; x_wconf 89' lang='lat' dir='ltr'>videlicet</span> <span class='ocrx_word' id='word_1_100' title='bbox 2702 728 2767 790; x_wconf 90' lang='lat' dir='ltr'>A,</span> <span class='ocrx_word' id='word_1_101' title='bbox 2801 727 2863 791; x_wconf 90' lang='lat' dir='ltr'>E,</span> <span class='ocrx_word' id='word_1_102' title='bbox 2900 726 2942 791; x_wconf 92' lang='grc' dir='ltr'>Ι,</span> <span class='ocrx_word' id='word_1_103' title='bbox 2975 726 3039 794; x_wconf 89' lang='grc' dir='ltr'>Ο,</span> <span class='ocrx_word' id='word_1_104' title='bbox 3078 725 3117 780; x_wconf 92' lang='lat' dir='ltr'>U</span> <span class='ocrx_word' id='word_1_105' title='bbox 3150 724 3411 797; x_wconf 88' lang='lat' dir='ltr'>singulas</span> <span class='ocrx_word' id='word_1_106' title='bbox 3437 727 3639 782; x_wconf 91' lang='lat' dir='ltr'>eodem</span> <span class='ocrx_word' id='word_1_107' title='bbox 3678 743 3783 781; x_wconf 86' lang='lat' dir='ltr'>or-</span> 
     </span>
    </p>
   </div>
   <div class='ocr_carea' id='block_1_16' title="bbox 2126 815 3786 887">
    <p class='ocr_par' dir='ltr' id='par_1_16' title="bbox 2126 815 3786 887">
     <span class='ocr_line' id='line_1_16' title="bbox 2126 815 3786 887; baseline -0.001 -16"><span class='ocrx_word' id='word_1_108' title='bbox 2126 817 2258 871; x_wconf 90' lang='lat' dir='ltr'>dine</span> <span class='ocrx_word' id='word_1_109' title='bbox 2275 815 2757 886; x_wconf 89' lang='lat' dir='ltr'>depingamus,ut</span> <span class='ocrx_word' id='word_1_110' title='bbox 2775 820 2981 886; x_wconf 83' lang='lat' dir='ltr'>quater</span> <span class='ocrx_word' id='word_1_111' title='bbox 2997 815 3285 887; x_wconf 65' lang='lat' dir='ltr'>replicata</span> <span class='ocrx_word' id='word_1_112' title='bbox 3305 816 3574 870; x_wconf 91' lang='lat' dir='ltr'>eumdem</span> <span class='ocrx_word' id='word_1_113' title='bbox 3597 815 3786 887; x_wconf 54' lang='lat' dir='ltr'>aequi-</span> 
     </span>
    </p>
   </div>
   <div class='ocr_carea' id='block_1_17' title="bbox 2125 903 3785 976">
    <p class='ocr_par' dir='ltr' id='par_1_17' title="bbox 2125 903 3785 976">
     <span class='ocr_line' id='line_1_17' title="bbox 2125 903 3785 976; baseline 0 -17"><span class='ocrx_word' id='word_1_114' title='bbox 2125 909 2326 976; x_wconf 90' lang='lat' dir='ltr'>parent</span> <span class='ocrx_word' id='word_1_115' title='bbox 2353 921 2366 972; x_wconf 89' lang='lat'><strong>;</strong></span> <span class='ocrx_word' id='word_1_116' title='bbox 2400 920 2466 959; x_wconf 92' lang='lat' dir='ltr'>eo</span> <span class='ocrx_word' id='word_1_117' title='bbox 2489 909 2684 958; x_wconf 89' lang='lat' dir='ltr'>tamen</span> <span class='ocrx_word' id='word_1_118' title='bbox 2707 909 2926 971; x_wconf 89' lang='lat' dir='ltr'>tenore,</span> <span class='ocrx_word' id='word_1_119' title='bbox 2952 908 3016 957; x_wconf 90' lang='lat' dir='ltr'>ut</span> <span class='ocrx_word' id='word_1_120' title='bbox 3036 903 3093 958; x_wconf 91' lang='lat' dir='ltr'>in</span> <span class='ocrx_word' id='word_1_121' title='bbox 3121 905 3310 976; x_wconf 88' lang='lat' dir='ltr'>prima</span> <span class='ocrx_word' id='word_1_122' title='bbox 3336 910 3402 974; x_wconf 86' lang='lat' dir='ltr'>A,</span> <span class='ocrx_word' id='word_1_123' title='bbox 3427 905 3485 958; x_wconf 90' lang='lat' dir='ltr'>in</span> <span class='ocrx_word' id='word_1_124' title='bbox 3511 905 3785 959; x_wconf 87' lang='lat' dir='ltr'>secunda</span> 
     </span>
    </p>
   </div>
   <div class='ocr_carea' id='block_1_18' title="bbox 2126 991 3784 1064">
    <p class='ocr_par' dir='ltr' id='par_1_18' title="bbox 2126 991 3784 1064">
     <span class='ocr_line' id='line_1_18' title="bbox 2126 991 3784 1064; baseline 0.001 -17"><span class='ocrx_word' id='word_1_125' title='bbox 2126 993 2186 1060; x_wconf 90' lang='lat' dir='ltr'>E,</span> <span class='ocrx_word' id='word_1_126' title='bbox 2217 993 2276 1046; x_wconf 91' lang='lat' dir='ltr'>in</span> <span class='ocrx_word' id='word_1_127' title='bbox 2299 993 2469 1047; x_wconf 89' lang='lat' dir='ltr'>tertia</span> <span class='ocrx_word' id='word_1_128' title='bbox 2492 993 2533 1058; x_wconf 92' lang='lat' dir='ltr'>l,</span> <span class='ocrx_word' id='word_1_129' title='bbox 2556 992 2626 1046; x_wconf 90' lang='lat' dir='ltr'>ab</span> <span class='ocrx_word' id='word_1_130' title='bbox 2655 1009 2784 1047; x_wconf 88' lang='lat' dir='ltr'>asse</span> <span class='ocrx_word' id='word_1_131' title='bbox 2809 991 3116 1063; x_wconf 88' lang='lat' dir='ltr'>incipiens,</span> <span class='ocrx_word' id='word_1_132' title='bbox 3133 993 3353 1048; x_wconf 90' lang='lat' dir='ltr'>directo</span> <span class='ocrx_word' id='word_1_133' title='bbox 3378 1009 3613 1064; x_wconf 86' lang='lat' dir='ltr'>semper</span> <span class='ocrx_word' id='word_1_134' title='bbox 3634 993 3784 1048; x_wconf 86' lang='lat' dir='ltr'>scri-</span> 
     </span>
    </p>
   </div>
   <div class='ocr_carea' id='block_1_19' title="bbox 2123 1079 3553 1152">
    <p class='ocr_par' dir='ltr' id='par_1_19' title="bbox 2123 1079 3553 1152">
     <span class='ocr_line' id='line_1_19' title="bbox 2123 1079 3553 1152; baseline 0 -16"><span class='ocrx_word' id='word_1_135' title='bbox 2123 1081 2298 1137; x_wconf 86' lang='lat' dir='ltr'>batur</span> <span class='ocrx_word' id='word_1_136' title='bbox 2325 1079 2596 1148; x_wconf 89' lang='lat' dir='ltr'>tramine,</span> <span class='ocrx_word' id='word_1_137' title='bbox 2627 1085 2682 1137; x_wconf 91' lang='lat' dir='ltr'>et</span> <span class='ocrx_word' id='word_1_138' title='bbox 2712 1081 2916 1136; x_wconf 91' lang='lat' dir='ltr'>eodem</span> <span class='ocrx_word' id='word_1_139' title='bbox 2945 1081 3108 1152; x_wconf 88' lang='lat' dir='ltr'>apice</span> <span class='ocrx_word' id='word_1_140' title='bbox 3142 1081 3422 1138; x_wconf 79' lang='lat' dir='ltr'>ﬁniantur</span> <span class='ocrx_word' id='word_1_141' title='bbox 3451 1081 3553 1138; x_wconf 91' lang='lat' dir='ltr'>ita.</span> 
     </span>
    </p>
   </div>
   <div class='ocr_carea' id='block_1_20' title="bbox 1251 1381 2927 1862">
    <p class='ocr_par' dir='ltr' id='par_1_20' title="bbox 1256 1391 2921 1593">
     <span class='ocr_line' id='line_1_20' title="bbox 1256 1391 2921 1458; baseline -0.002 -1"><span class='ocrx_word' id='word_1_142' title='bbox 1256 1391 1288 1430; x_wconf 61' lang='grc' dir='ltr'>Γ</span> <span class='ocrx_word' id='word_1_143' title='bbox 1440 1422 1469 1457; x_wconf 82' lang='lat'>0</span> <span class='ocrx_word' id='word_1_144' title='bbox 1570 1423 1595 1458; x_wconf 73' lang='grc' dir='ltr'><strong>δ</strong></span> <span class='ocrx_word' id='word_1_145' title='bbox 1669 1424 1697 1458; x_wconf 86' lang='lat' dir='ltr'>c</span> <span class='ocrx_word' id='word_1_146' title='bbox 2056 1423 2086 1457; x_wconf 93' lang='lat' dir='ltr'>u</span> <span class='ocrx_word' id='word_1_147' title='bbox 2183 1407 2298 1456; x_wconf 85' lang='lat' dir='ltr'>e‘i</span> <span class='ocrx_word' id='word_1_148' title='bbox 2653 1422 2680 1454; x_wconf 67' lang='grc' dir='ltr'><em>υ</em></span> <span class='ocrx_word' id='word_1_149' title='bbox 2785 1405 2921 1455; x_wconf 62' lang='lat' dir='ltr'>iu&#39;</span> 
     </span>
     <span class='ocr_line' id='line_1_21' title="bbox 1327 1472 2866 1526; baseline -0.003 -2"><span class='ocrx_word' id='word_1_150' title='bbox 1327 1489 1355 1524; x_wconf 84' lang='lat' dir='ltr'>a</span> <span class='ocrx_word' id='word_1_151' title='bbox 1474 1491 1502 1525; x_wconf 85' lang='grc' dir='ltr'>υ</span> <span class='ocrx_word' id='word_1_152' title='bbox 1623 1474 1634 1524; x_wconf 92' lang='lat' dir='ltr'>i</span> <span class='ocrx_word' id='word_1_153' title='bbox 1944 1490 1972 1526; x_wconf 84' lang='lat' dir='ltr'>e</span> <span class='ocrx_word' id='word_1_154' title='bbox 2092 1490 2120 1526; x_wconf 87' lang='lat' dir='ltr'>a</span> <span class='ocrx_word' id='word_1_155' title='bbox 2236 1488 2268 1525; x_wconf 91' lang='grc' dir='ltr'>ο</span> <span class='ocrx_word' id='word_1_156' title='bbox 2545 1472 2558 1521; x_wconf 87' lang='lat' dir='ltr'>i</span> <span class='ocrx_word' id='word_1_157' title='bbox 2688 1486 2717 1522; x_wconf 87' lang='lat' dir='ltr'>c</span> <span class='ocrx_word' id='word_1_158' title='bbox 2834 1486 2866 1520; x_wconf 86' lang='grc' dir='ltr'><strong>υ</strong></span> 
     </span>
     <span class='ocr_line' id='line_1_22' title="bbox 1509 1539 2902 1593; baseline 0 -3"><span class='ocrx_word' id='word_1_159' title='bbox 1509 1554 1694 1591; x_wconf 76' lang='lat' dir='ltr'>aou</span> <span class='ocrx_word' id='word_1_160' title='bbox 2127 1557 2298 1593; x_wconf 83' lang='lat' dir='ltr'>eua</span> <span class='ocrx_word' id='word_1_161' title='bbox 2736 1539 2902 1590; x_wconf 82' lang='lat' dir='ltr'>iac</span> 
     </span>
    </p>

    <p class='ocr_par' dir='ltr' id='par_1_21' title="bbox 1278 1629 2912 1822">
     <span class='ocr_line' id='line_1_23' title="bbox 1278 1629 2912 1693; baseline -0.002 -7"><span class='ocrx_word' id='word_1_162' title='bbox 1278 1644 1307 1686; x_wconf 87' lang='lat' dir='ltr'>e</span> <span class='ocrx_word' id='word_1_163' title='bbox 1437 1637 1697 1687; x_wconf 83' lang='lat' dir='ltr'>ciae</span> <span class='ocrx_word' id='word_1_164' title='bbox 1891 1634 1907 1693; x_wconf 79' lang='grc' dir='ltr'><strong>ἱ</strong></span> <span class='ocrx_word' id='word_1_165' title='bbox 2059 1629 2300 1686; x_wconf 78' lang='lat' dir='ltr'>ioei</span> <span class='ocrx_word' id='word_1_166' title='bbox 2488 1647 2521 1683; x_wconf 76' lang='grc' dir='ltr'><strong>υ</strong></span> <span class='ocrx_word' id='word_1_167' title='bbox 2657 1632 2912 1690; x_wconf 70' lang='grc' dir='ltr'>ο,υἰο’</span> 
     </span>
     <span class='ocr_line' id='line_1_24' title="bbox 1571 1703 2910 1756; baseline -0.004 -2"><span class='ocrx_word' id='word_1_168' title='bbox 1571 1703 1700 1756; x_wconf 87' lang='lat' dir='ltr'>i’o</span> <span class='ocrx_word' id='word_1_169' title='bbox 2182 1713 2302 1751; x_wconf 89' lang='lat' dir='ltr'>ou</span> <span class='ocrx_word' id='word_1_170' title='bbox 2786 1713 2910 1750; x_wconf 67' lang='lat' dir='ltr'>ua</span> 
     </span>
     <span class='ocr_line' id='line_1_25' title="bbox 1398 1767 2901 1822; baseline -0.002 -2"><span class='ocrx_word' id='word_1_171' title='bbox 1398 1771 1699 1822; x_wconf 83' lang='lat' dir='ltr'>iouua</span> <span class='ocrx_word' id='word_1_172' title='bbox 1995 1780 2303 1820; x_wconf 82' lang='lat' dir='ltr'>ouaae</span> <span class='ocrx_word' id='word_1_173' title='bbox 2593 1767 2901 1819; x_wconf 80' lang='lat' dir='ltr'>naeei</span> 
     </span>
    </p>
   </div>
   <div class='ocr_carea' id='block_1_21' title="bbox 457 1994 3783 2070">
    <p class='ocr_par' dir='ltr' id='par_1_22' title="bbox 457 1994 3783 2070">
     <span class='ocr_line' id='line_1_26' title="bbox 457 1994 3783 2070; baseline 0.001 -19"><span class='ocrx_word' id='word_1_174' title='bbox 457 1995 553 2052; x_wconf 86' lang='lat' dir='ltr'>His</span> <span class='ocrx_word' id='word_1_175' title='bbox 575 1995 772 2068; x_wconf 87' lang='lat' dir='ltr'>itaque</span> <span class='ocrx_word' id='word_1_176' title='bbox 795 1995 1398 2070; x_wconf 87' lang='lat' dir='ltr'>dispositis,volumus</span> <span class='ocrx_word' id='word_1_177' title='bbox 1423 2000 1488 2050; x_wconf 93' lang='lat' dir='ltr'>ut</span> <span class='ocrx_word' id='word_1_178' title='bbox 1509 2011 1610 2068; x_wconf 91' lang='lat' dir='ltr'>per</span> <span class='ocrx_word' id='word_1_179' title='bbox 1629 1995 1736 2052; x_wconf 92' lang='lat' dir='ltr'>has</span> <span class='ocrx_word' id='word_1_180' title='bbox 1755 1995 2021 2062; x_wconf 89' lang='lat' dir='ltr'>tres,sic-</span> <span class='ocrx_word' id='word_1_181' title='bbox 2053 1999 2102 2064; x_wconf 87' lang='lat' dir='ltr'><strong>B</strong></span> <span class='ocrx_word' id='word_1_182' title='bbox 2134 1999 2456 2050; x_wconf 85' lang='lat' dir='ltr'>revertatur</span> <span class='ocrx_word' id='word_1_183' title='bbox 2505 1995 2576 2050; x_wconf 89' lang='lat' dir='ltr'>ad</span> <span class='ocrx_word' id='word_1_184' title='bbox 2626 1995 2942 2052; x_wconf 88' lang='lat' dir='ltr'>Dominum</span> <span class='ocrx_word' id='word_1_185' title='bbox 2999 1995 3100 2069; x_wconf 93' lang='lat' dir='ltr'>qui</span> <span class='ocrx_word' id='word_1_186' title='bbox 3152 1994 3311 2052; x_wconf 89' lang='lat' dir='ltr'>dedit</span> <span class='ocrx_word' id='word_1_187' title='bbox 3366 1995 3534 2052; x_wconf 90' lang='lat' dir='ltr'>illum</span> <span class='ocrx_word' id='word_1_188' title='bbox 3584 1997 3783 2070; x_wconf 83' lang='lat' dir='ltr'>(Eccli.</span> 
     </span>
    </p>
   </div>
   <div class='ocr_carea' id='block_1_22' title="bbox 384 2085 2024 2158">
    <p class='ocr_par' dir='ltr' id='par_1_23' title="bbox 384 2085 2024 2158">
     <span class='ocr_line' id='line_1_27' title="bbox 384 2085 2024 2158; baseline 0 -18"><span class='ocrx_word' id='word_1_189' title='bbox 384 2089 450 2140; x_wconf 91' lang='lat' dir='ltr'>ut</span> <span class='ocrx_word' id='word_1_190' title='bbox 478 2090 536 2141; x_wconf 91' lang='lat' dir='ltr'>et</span> <span class='ocrx_word' id='word_1_191' title='bbox 566 2085 626 2141; x_wconf 91' lang='lat' dir='ltr'>in</span> <span class='ocrx_word' id='word_1_192' title='bbox 656 2087 892 2156; x_wconf 63' lang='lat' dir='ltr'>praefato</span> <span class='ocrx_word' id='word_1_193' title='bbox 925 2085 1070 2142; x_wconf 89' lang='lat' dir='ltr'>solet</span> <span class='ocrx_word' id='word_1_194' title='bbox 1098 2085 1259 2154; x_wconf 90' lang='lat' dir='ltr'>ludo,</span> <span class='ocrx_word' id='word_1_195' title='bbox 1284 2085 1512 2141; x_wconf 91' lang='lat' dir='ltr'>numeri</span> <span class='ocrx_word' id='word_1_196' title='bbox 1533 2087 1633 2157; x_wconf 90' lang='lat' dir='ltr'>qui</span> <span class='ocrx_word' id='word_1_197' title='bbox 1665 2085 2024 2158; x_wconf 91' lang='lat' dir='ltr'>supputandi</span> 
     </span>
    </p>
   </div>
   <div class='ocr_carea' id='block_1_23' title="bbox 385 2173 2026 2247">
    <p class='ocr_par' dir='ltr' id='par_1_24' title="bbox 385 2173 2026 2247">
     <span class='ocr_line' id='line_1_28' title="bbox 385 2173 2026 2247; baseline -0.001 -17"><span class='ocrx_word' id='word_1_198' title='bbox 385 2178 542 2240; x_wconf 91' lang='lat' dir='ltr'>sunt,</span> <span class='ocrx_word' id='word_1_199' title='bbox 558 2179 730 2247; x_wconf 84' lang='lat' dir='ltr'>prout</span> <span class='ocrx_word' id='word_1_200' title='bbox 749 2191 875 2230; x_wconf 89' lang='lat' dir='ltr'>sors</span> <span class='ocrx_word' id='word_1_201' title='bbox 899 2175 1218 2243; x_wconf 86' lang='lat' dir='ltr'>dictaverit,</span> <span class='ocrx_word' id='word_1_202' title='bbox 1234 2192 1338 2230; x_wconf 90' lang='lat' dir='ltr'>suo</span> <span class='ocrx_word' id='word_1_203' title='bbox 1365 2191 1596 2246; x_wconf 90' lang='lat' dir='ltr'>semper</span> <span class='ocrx_word' id='word_1_204' title='bbox 1615 2175 1816 2230; x_wconf 90' lang='lat' dir='ltr'>ordine</span> <span class='ocrx_word' id='word_1_205' title='bbox 1838 2173 2026 2245; x_wconf 88' lang='lat' dir='ltr'>requi-</span> 
     </span>
    </p>
   </div>
   <div class='ocr_carea' id='block_1_24' title="bbox 384 2263 2024 2335">
    <p class='ocr_par' dir='ltr' id='par_1_25' title="bbox 384 2263 2024 2335">
     <span class='ocr_line' id='line_1_29' title="bbox 384 2263 2024 2335; baseline -0.001 -17"><span class='ocrx_word' id='word_1_206' title='bbox 384 2267 608 2318; x_wconf 90' lang='lat' dir='ltr'>rantur.</span> <span class='ocrx_word' id='word_1_207' title='bbox 657 2263 705 2318; x_wconf 93' lang='lat' dir='ltr'><strong>Y</strong></span> <span class='ocrx_word' id='word_1_208' title='bbox 752 2280 884 2318; x_wconf 88' lang='lat' dir='ltr'>vero</span> <span class='ocrx_word' id='word_1_209' title='bbox 919 2269 1141 2318; x_wconf 86' lang='lat' dir='ltr'>sextam</span> <span class='ocrx_word' id='word_1_210' title='bbox 1173 2263 1567 2334; x_wconf 86' lang='lat' dir='ltr'>Achivamque</span> <span class='ocrx_word' id='word_1_211' title='bbox 1597 2264 1853 2319; x_wconf 85' lang='lat' dir='ltr'>vocalem</span> <span class='ocrx_word' id='word_1_212' title='bbox 1887 2264 2024 2335; x_wconf 89' lang='lat' dir='ltr'>(non</span> 
     </span>
    </p>
   </div>
   <div class='ocr_carea' id='block_1_25' title="bbox 387 2351 2028 2425">
    <p class='ocr_par' dir='ltr' id='par_1_26' title="bbox 387 2351 2028 2425">
     <span class='ocr_line' id='line_1_30' title="bbox 387 2351 2028 2425; baseline 0 -19"><span class='ocrx_word' id='word_1_213' title='bbox 387 2351 577 2407; x_wconf 91' lang='lat' dir='ltr'>solum</span> <span class='ocrx_word' id='word_1_214' title='bbox 601 2353 756 2423; x_wconf 92' lang='lat' dir='ltr'>quod</span> <span class='ocrx_word' id='word_1_215' title='bbox 780 2353 952 2407; x_wconf 90' lang='lat' dir='ltr'>modo</span> <span class='ocrx_word' id='word_1_216' title='bbox 975 2353 1174 2408; x_wconf 90' lang='lat' dir='ltr'>eadem</span> <span class='ocrx_word' id='word_1_217' title='bbox 1199 2351 1442 2407; x_wconf 90' lang='lat' dir='ltr'>minime</span> <span class='ocrx_word' id='word_1_218' title='bbox 1464 2353 1796 2425; x_wconf 79' lang='lat' dir='ltr'>indigemus</span> <span class='ocrx_word' id='word_1_219' title='bbox 1827 2351 2028 2423; x_wconf 82' lang='lat' dir='ltr'>lingua</span> 
     </span>
    </p>
   </div>
   <div class='ocr_carea' id='block_1_26' title="bbox 387 2440 2025 2513">
    <p class='ocr_par' dir='ltr' id='par_1_27' title="bbox 387 2440 2025 2513">
     <span class='ocr_line' id='line_1_31' title="bbox 387 2440 2025 2513; baseline 0.001 -19"><span class='ocrx_word' id='word_1_220' title='bbox 387 2443 445 2494; x_wconf 86' lang='lat' dir='ltr'>et</span> <span class='ocrx_word' id='word_1_221' title='bbox 476 2443 802 2496; x_wconf 89' lang='lat' dir='ltr'>nostratum</span> <span class='ocrx_word' id='word_1_222' title='bbox 835 2440 1068 2512; x_wconf 89' lang='lat' dir='ltr'>regulas</span> <span class='ocrx_word' id='word_1_223' title='bbox 1098 2441 1625 2513; x_wconf 89' lang='lat' dir='ltr'>orthograpborum</span> <span class='ocrx_word' id='word_1_224' title='bbox 1666 2443 1735 2496; x_wconf 91' lang='lat' dir='ltr'>ad</span> <span class='ocrx_word' id='word_1_225' title='bbox 1787 2442 2025 2513; x_wconf 87' lang='lat' dir='ltr'>plenum</span> 
     </span>
    </p>
   </div>
   <div class='ocr_carea' id='block_1_27' title="bbox 390 2529 2026 2602">
    <p class='ocr_par' dir='ltr' id='par_1_28' title="bbox 390 2529 2026 2602">
     <span class='ocr_line' id='line_1_32' title="bbox 390 2529 2026 2602; baseline 0.002 -21"><span class='ocrx_word' id='word_1_226' title='bbox 390 2543 504 2582; x_wconf 92' lang='lat' dir='ltr'>non</span> <span class='ocrx_word' id='word_1_227' title='bbox 537 2529 1042 2599; x_wconf 86' lang='lat' dir='ltr'>observamus,sed</span> <span class='ocrx_word' id='word_1_228' title='bbox 1075 2530 1213 2601; x_wconf 88' lang='lat' dir='ltr'>quia</span> <span class='ocrx_word' id='word_1_229' title='bbox 1241 2530 1650 2602; x_wconf 88' lang='lat' dir='ltr'>compendiose</span> <span class='ocrx_word' id='word_1_230' title='bbox 1680 2531 1871 2602; x_wconf 89' lang='lat' dir='ltr'>operis</span> <span class='ocrx_word' id='word_1_231' title='bbox 1903 2535 2026 2585; x_wconf 89' lang='lat' dir='ltr'>stu-</span> 
     </span>
    </p>
   </div>
   <div class='ocr_carea' id='block_1_28' title="bbox 389 2616 2027 2691">
    <p class='ocr_par' dir='ltr' id='par_1_29' title="bbox 389 2616 2027 2691">
     <span class='ocr_line' id='line_1_33' title="bbox 389 2616 2027 2691; baseline 0.002 -21"><span class='ocrx_word' id='word_1_232' title='bbox 389 2616 617 2682; x_wconf 90' lang='lat' dir='ltr'>demus,</span> <span class='ocrx_word' id='word_1_233' title='bbox 661 2617 1096 2691; x_wconf 89' lang='lat' dir='ltr'>vulgariterque</span> <span class='ocrx_word' id='word_1_234' title='bbox 1145 2620 1325 2675; x_wconf 86' lang='lat' dir='ltr'>nostri</span> <span class='ocrx_word' id='word_1_235' title='bbox 1376 2618 1689 2674; x_wconf 89' lang='lat' dir='ltr'>ridiculum</span> <span class='ocrx_word' id='word_1_236' title='bbox 1744 2622 2027 2691; x_wconf 81' lang='lat' dir='ltr'>exercere)</span> 
     </span>
    </p>
   </div>
   <div class='ocr_carea' id='block_1_29' title="bbox 387 2707 2023 2781">
    <p class='ocr_par' dir='ltr' id='par_1_30' title="bbox 387 2707 2023 2781">
     <span class='ocr_line' id='line_1_34' title="bbox 387 2707 2023 2781; baseline 0.003 -22"><span class='ocrx_word' id='word_1_237' title='bbox 387 2707 886 2776; x_wconf 77' lang='lat' dir='ltr'>praetermisimus.</span> <span class='ocrx_word' id='word_1_238' title='bbox 947 2710 1231 2764; x_wconf 64' lang='lat' dir='ltr'>Ceterum</span> <span class='ocrx_word' id='word_1_239' title='bbox 1291 2714 1696 2776; x_wconf 88' lang='lat' dir='ltr'>consonantes,</span> <span class='ocrx_word' id='word_1_240' title='bbox 1747 2711 2023 2781; x_wconf 91' lang='lat' dir='ltr'>quoniam</span> 
     </span>
    </p>
   </div>
   <div class='ocr_carea' id='block_1_30' title="bbox 392 2793 2024 2869">
    <p class='ocr_par' dir='ltr' id='par_1_31' title="bbox 392 2793 2024 2869">
     <span class='ocr_line' id='line_1_35' title="bbox 392 2793 2024 2869; baseline 0.004 -23"><span class='ocrx_word' id='word_1_241' title='bbox 392 2793 679 2848; x_wconf 86' lang='lat' dir='ltr'>sexdecim</span> <span class='ocrx_word' id='word_1_242' title='bbox 724 2795 780 2848; x_wconf 90' lang='lat' dir='ltr'>in</span> <span class='ocrx_word' id='word_1_243' title='bbox 829 2795 1139 2866; x_wconf 85' lang='lat' dir='ltr'>alphabeto</span> <span class='ocrx_word' id='word_1_244' title='bbox 1173 2803 1470 2852; x_wconf 88' lang='lat' dir='ltr'>remanent</span> <span class='ocrx_word' id='word_1_245' title='bbox 1499 2803 1736 2869; x_wconf 85' lang='lat' dir='ltr'>excepta</span> <span class='ocrx_word' id='word_1_246' title='bbox 1764 2815 1815 2869; x_wconf 88' lang='lat' dir='ltr'>q,</span> <span class='ocrx_word' id='word_1_247' title='bbox 1849 2815 2024 2868; x_wconf 90' lang='lat' dir='ltr'>quam</span> 
     </span>
    </p>
   </div>
   <div class='ocr_carea' id='block_1_31' title="bbox 389 2881 2027 2956">
    <p class='ocr_par' dir='ltr' id='par_1_32' title="bbox 389 2881 2027 2956">
     <span class='ocr_line' id='line_1_36' title="bbox 389 2881 2027 2956; baseline 0.005 -23"><span class='ocrx_word' id='word_1_248' title='bbox 389 2881 753 2949; x_wconf 81' lang='lat' dir='ltr'>grammatici</span> <span class='ocrx_word' id='word_1_249' title='bbox 779 2898 1202 2953; x_wconf 89' lang='lat' dir='ltr'>supervacuam</span> <span class='ocrx_word' id='word_1_250' title='bbox 1227 2884 1550 2949; x_wconf 88' lang='lat' dir='ltr'>nominant,</span> <span class='ocrx_word' id='word_1_251' title='bbox 1574 2901 1871 2956; x_wconf 91' lang='lat' dir='ltr'>quamque</span> <span class='ocrx_word' id='word_1_252' title='bbox 1900 2885 2027 2941; x_wconf 94' lang='lat' dir='ltr'>ideo</span> 
     </span>
    </p>
   </div>
   <div class='ocr_carea' id='block_1_32' title="bbox 390 2970 2026 3044">
    <p class='ocr_par' dir='ltr' id='par_1_33' title="bbox 390 2970 2026 3044">
     <span class='ocr_line' id='line_1_37' title="bbox 390 2970 2026 3044; baseline 0.002 -19"><span class='ocrx_word' id='word_1_253' title='bbox 390 2986 504 3025; x_wconf 90' lang='lat' dir='ltr'>non</span> <span class='ocrx_word' id='word_1_254' title='bbox 539 2970 1074 3037; x_wconf 89' lang='lat' dir='ltr'>annumeravimus,</span> <span class='ocrx_word' id='word_1_255' title='bbox 1109 2970 1244 3044; x_wconf 89' lang='lat' dir='ltr'>quia</span> <span class='ocrx_word' id='word_1_256' title='bbox 1274 2989 1342 3027; x_wconf 84' lang='lat' dir='ltr'>ex</span> <span class='ocrx_word' id='word_1_257' title='bbox 1371 2979 1637 3028; x_wconf 89' lang='lat' dir='ltr'>currente</span> <span class='ocrx_word' id='word_1_258' title='bbox 1683 2974 1796 3028; x_wconf 89' lang='lat' dir='ltr'>sibi</span> <span class='ocrx_word' id='word_1_259' title='bbox 1849 2974 2026 3040; x_wconf 90' lang='lat' dir='ltr'>socia,</span> 
     </span>
    </p>
   </div>
   <div class='ocr_carea' id='block_1_33' title="bbox 387 3057 2030 3134">
    <p class='ocr_par' dir='ltr' id='par_1_34' title="bbox 387 3057 2030 3134">
     <span class='ocr_line' id='line_1_38' title="bbox 387 3057 2030 3134; baseline 0.004 -23"><span class='ocrx_word' id='word_1_260' title='bbox 387 3057 658 3112; x_wconf 88' lang='lat' dir='ltr'>videlicet</span> <span class='ocrx_word' id='word_1_261' title='bbox 704 3075 761 3127; x_wconf 77' lang='grc' dir='ltr'>α,</span> <span class='ocrx_word' id='word_1_262' title='bbox 809 3057 934 3114; x_wconf 90' lang='lat' dir='ltr'>sine</span> <span class='ocrx_word' id='word_1_263' title='bbox 966 3076 1082 3130; x_wconf 91' lang='lat' dir='ltr'>qua</span> <span class='ocrx_word' id='word_1_264' title='bbox 1109 3061 1224 3115; x_wconf 90' lang='lat' dir='ltr'>vim</span> <span class='ocrx_word' id='word_1_265' title='bbox 1259 3060 1461 3115; x_wconf 72' lang='lat' dir='ltr'>litterae</span> <span class='ocrx_word' id='word_1_266' title='bbox 1491 3062 1727 3126; x_wconf 89' lang='lat' dir='ltr'>amittit,</span> <span class='ocrx_word' id='word_1_267' title='bbox 1761 3063 2030 3134; x_wconf 81' lang='lat' dir='ltr'>perfacile</span> 
     </span>
    </p>
   </div>
   <div class='ocr_carea' id='block_1_34' title="bbox 388 3144 2028 3221">
    <p class='ocr_par' dir='ltr' id='par_1_35' title="bbox 388 3144 2028 3221">
     <span class='ocr_line' id='line_1_39' title="bbox 388 3144 2028 3221; baseline 0.004 -21"><span class='ocrx_word' id='word_1_268' title='bbox 388 3144 482 3201; x_wconf 89' lang='lat' dir='ltr'>hic</span> <span class='ocrx_word' id='word_1_269' title='bbox 512 3145 924 3217; x_wconf 90' lang='lat' dir='ltr'>comprehendi</span> <span class='ocrx_word' id='word_1_270' title='bbox 958 3153 1166 3220; x_wconf 90' lang='lat' dir='ltr'>potest,</span> <span class='ocrx_word' id='word_1_271' title='bbox 1198 3153 1255 3204; x_wconf 92' lang='lat' dir='ltr'>et</span> <span class='ocrx_word' id='word_1_272' title='bbox 1306 3155 1584 3221; x_wconf 91' lang='lat' dir='ltr'>septenus</span> <span class='ocrx_word' id='word_1_273' title='bbox 1626 3150 1887 3207; x_wconf 88' lang='lat' dir='ltr'>decimus</span> <span class='ocrx_word' id='word_1_274' title='bbox 1921 3169 2028 3206; x_wconf 92' lang='lat' dir='ltr'>nu-</span> 
     </span>
    </p>
   </div>
   <div class='ocr_carea' id='block_1_35' title="bbox 389 3235 2027 3310">
    <p class='ocr_par' dir='ltr' id='par_1_36' title="bbox 389 3235 2027 3310">
     <span class='ocr_line' id='line_1_40' title="bbox 389 3235 2027 3310; baseline 0.004 -22"><span class='ocrx_word' id='word_1_275' title='bbox 389 3250 589 3290; x_wconf 89' lang='lat' dir='ltr'>merus</span> <span class='ocrx_word' id='word_1_276' title='bbox 619 3235 690 3290; x_wconf 89' lang='lat' dir='ltr'>ad</span> <span class='ocrx_word' id='word_1_277' title='bbox 724 3237 1119 3308; x_wconf 88' lang='lat' dir='ltr'>peragendum</span> <span class='ocrx_word' id='word_1_278' title='bbox 1144 3239 1299 3308; x_wconf 91' lang='lat' dir='ltr'>quod</span> <span class='ocrx_word' id='word_1_279' title='bbox 1323 3237 1681 3308; x_wconf 82' lang='lat' dir='ltr'>volebamus,</span> <span class='ocrx_word' id='word_1_280' title='bbox 1706 3239 1873 3310; x_wconf 88' lang='lat' dir='ltr'>quasi</span> <span class='ocrx_word' id='word_1_281' title='bbox 1907 3257 2027 3295; x_wconf 89' lang='lat' dir='ltr'>em-</span> 
     </span>
    </p>
   </div>
   <div class='ocr_carea' id='block_1_36' title="bbox 387 3321 2023 3400">
    <p class='ocr_par' dir='ltr' id='par_1_37' title="bbox 387 3321 2023 3400">
     <span class='ocr_line' id='line_1_41' title="bbox 387 3321 2023 3400; baseline 0.005 -24"><span class='ocrx_word' id='word_1_282' title='bbox 387 3321 676 3379; x_wconf 91' lang='lat' dir='ltr'>bolismus</span> <span class='ocrx_word' id='word_1_283' title='bbox 697 3323 1018 3380; x_wconf 90' lang='lat' dir='ltr'>videbatur.</span> <span class='ocrx_word' id='word_1_284' title='bbox 1044 3325 1226 3398; x_wconf 89' lang='lat' dir='ltr'>Igitur</span> <span class='ocrx_word' id='word_1_285' title='bbox 1255 3326 1408 3381; x_wconf 91' lang='lat' dir='ltr'>sicut</span> <span class='ocrx_word' id='word_1_286' title='bbox 1435 3325 1659 3382; x_wconf 89' lang='lat' dir='ltr'>vocales</span> <span class='ocrx_word' id='word_1_287' title='bbox 1685 3321 2023 3400; x_wconf 88' lang='lat' dir='ltr'>tetragonis,</span> 
     </span>
    </p>
   </div>
   <div class='ocr_carea' id='block_1_37' title="bbox 388 3409 2025 3488">
    <p class='ocr_par' dir='ltr' id='par_1_38' title="bbox 388 3409 2025 3488">
     <span class='ocr_line' id='line_1_42' title="bbox 388 3409 2025 3488; baseline 0.005 -24"><span class='ocrx_word' id='word_1_288' title='bbox 388 3409 470 3465; x_wconf 89' lang='lat' dir='ltr'>ita</span> <span class='ocrx_word' id='word_1_289' title='bbox 490 3418 878 3468; x_wconf 87' lang='lat' dir='ltr'>consonantes</span> <span class='ocrx_word' id='word_1_290' title='bbox 899 3414 999 3468; x_wconf 90' lang='lat' dir='ltr'>uni</span> <span class='ocrx_word' id='word_1_291' title='bbox 1024 3415 1432 3470; x_wconf 89' lang='lat' dir='ltr'>tantummodo</span> <span class='ocrx_word' id='word_1_292' title='bbox 1455 3415 1694 3487; x_wconf 62' lang='lat' dir='ltr'>trigona;</span> <span class='ocrx_word' id='word_1_293' title='bbox 1718 3417 2025 3488; x_wconf 81' lang='lat' dir='ltr'>pyramidi,</span> 
     </span>
    </p>
   </div>
   <div class='ocr_carea' id='block_1_38' title="bbox 388 3502 2026 3578">
    <p class='ocr_par' dir='ltr' id='par_1_39' title="bbox 388 3502 2026 3578">
     <span class='ocr_line' id='line_1_43' title="bbox 388 3502 2026 3578; baseline 0.005 -25"><span class='ocrx_word' id='word_1_294' title='bbox 388 3515 515 3570; x_wconf 84' lang='lat' dir='ltr'>quae</span> <span class='ocrx_word' id='word_1_295' title='bbox 547 3505 800 3572; x_wconf 88' lang='lat' dir='ltr'>quatuor</span> <span class='ocrx_word' id='word_1_296' title='bbox 827 3502 1165 3574; x_wconf 80' lang='lat' dir='ltr'>superficies</span> <span class='ocrx_word' id='word_1_297' title='bbox 1201 3503 1460 3570; x_wconf 89' lang='lat' dir='ltr'>haberet,</span> <span class='ocrx_word' id='word_1_298' title='bbox 1491 3503 1746 3560; x_wconf 91' lang='lat' dir='ltr'>inserere</span> <span class='ocrx_word' id='word_1_299' title='bbox 1779 3509 2026 3578; x_wconf 91' lang='lat' dir='ltr'>oportet,</span> 
     </span>
    </p>
   </div>
   <div class='ocr_carea' id='block_1_39' title="bbox 387 3587 517 3643">
    <p class='ocr_par' dir='ltr' id='par_1_40' title="bbox 387 3587 517 3643">
     <span class='ocr_line' id='line_1_44' title="bbox 387 3587 517 3643; baseline 0.008 -1"><span class='ocrx_word' id='word_1_300' title='bbox 387 3587 474 3642; x_wconf 90' lang='lat' dir='ltr'>ita</span> <span class='ocrx_word' id='word_1_301' title='bbox 504 3605 517 3643; x_wconf 92' lang='lat'>:</span> 
     </span>
    </p>
   </div>
   <div class='ocr_carea' id='block_1_40' title="bbox 827 3897 1642 4304">
    <p class='ocr_par' dir='ltr' id='par_1_41' title="bbox 827 3900 1033 3971">
     <span class='ocr_line' id='line_1_45' title="bbox 827 3900 1033 3971; baseline 0.005 -1"><span class='ocrx_word' id='word_1_302' title='bbox 827 3900 1033 3971; x_wconf 40' lang='lat' dir='ltr'>Emme</span> 
     </span>
    </p>

    <p class='ocr_par' dir='ltr' id='par_1_42' title="bbox 827 3903 1638 4300">
     <span class='ocr_line' id='line_1_46' title="bbox 889 4008 1498 4092; baseline -0.003 -34"><span class='ocrx_word' id='word_1_303' title='bbox 889 4008 920 4058; x_wconf 75' lang='grc' dir='ltr'>(Ι</span> <span class='ocrx_word' id='word_1_304' title='bbox 1014 4069 1018 4072; x_wconf 26' lang='grc'>.</span> <span class='ocrx_word' id='word_1_305' title='bbox 1080 4037 1108 4087; x_wconf 64' lang='lat'><strong>8</strong></span> <span class='ocrx_word' id='word_1_306' title='bbox 1481 4051 1498 4092; x_wconf 60' lang='grc' dir='ltr'>ι</span> 
     </span>
     <span class='ocr_line' id='line_1_47' title="bbox 827 3903 1621 4282; baseline -0.004 -38"><span class='ocrx_word' id='word_1_307' title='bbox 827 4076 1012 4264; x_wconf 63' lang='lat' dir='ltr'>\V</span> <span class='ocrx_word' id='word_1_308' title='bbox 1078 4121 1107 4172; x_wconf 67' lang='grc' dir='ltr'>δ</span> <span class='ocrx_word' id='word_1_309' title='bbox 1472 4143 1503 4181; x_wconf 69' lang='grc' dir='ltr'><strong>ι</strong></span> <span class='ocrx_word' id='word_1_310' title='bbox 1575 4082 1621 4252; x_wconf 87' lang='lat'>\</span> 
     </span>
     <span class='ocr_line' id='line_1_48' title="bbox 861 4207 1638 4300; baseline 0.028 -22"><span class='ocrx_word' id='word_1_311' title='bbox 861 4207 1262 4294; x_wconf 41' lang='grc' dir='ltr'>κιρ-ἶῗηνᾎ,</span> 
     </span>
    </p>
   </div>
   <div class='ocr_carea' id='block_1_41' title="bbox 461 4549 2026 4623">
    <p class='ocr_par' dir='ltr' id='par_1_43' title="bbox 461 4549 2026 4623">
     <span class='ocr_line' id='line_1_49' title="bbox 461 4549 2026 4623; baseline 0.004 -18"><span class='ocrx_word' id='word_1_312' title='bbox 461 4552 594 4616; x_wconf 79' lang='lat' dir='ltr'>Quae</span> <span class='ocrx_word' id='word_1_313' title='bbox 623 4554 819 4606; x_wconf 90' lang='lat' dir='ltr'>tamen</span> <span class='ocrx_word' id='word_1_314' title='bbox 842 4549 944 4606; x_wconf 90' lang='lat' dir='ltr'>tali</span> <span class='ocrx_word' id='word_1_315' title='bbox 968 4551 1090 4623; x_wconf 87' lang='lat' dir='ltr'>lege</span> <span class='ocrx_word' id='word_1_316' title='bbox 1116 4551 1429 4621; x_wconf 89' lang='lat' dir='ltr'>tenebitur,</span> <span class='ocrx_word' id='word_1_317' title='bbox 1458 4558 1522 4609; x_wconf 94' lang='lat' dir='ltr'>ut</span> <span class='ocrx_word' id='word_1_318' title='bbox 1552 4555 1601 4609; x_wconf 91' lang='lat' dir='ltr'>si</span> <span class='ocrx_word' id='word_1_319' title='bbox 1632 4554 1718 4610; x_wconf 91' lang='lat' dir='ltr'>vel</span> <span class='ocrx_word' id='word_1_320' title='bbox 1752 4572 1867 4611; x_wconf 90' lang='lat' dir='ltr'>una</span> <span class='ocrx_word' id='word_1_321' title='bbox 1888 4555 2026 4611; x_wconf 87' lang='lat' dir='ltr'>infe-</span> 
     </span>
    </p>
   </div>
   <div class='ocr_carea' id='block_1_42' title="bbox 388 4639 2026 4716">
    <p class='ocr_par' dir='ltr' id='par_1_44' title="bbox 388 4639 2026 4716">
     <span class='ocr_line' id='line_1_50' title="bbox 388 4639 2026 4716; baseline 0.006 -25"><span class='ocrx_word' id='word_1_322' title='bbox 388 4639 607 4694; x_wconf 89' lang='lat' dir='ltr'>riorum</span> <span class='ocrx_word' id='word_1_323' title='bbox 635 4641 763 4710; x_wconf 88' lang='lat' dir='ltr'>ejus</span> <span class='ocrx_word' id='word_1_324' title='bbox 789 4640 1237 4696; x_wconf 91' lang='lat' dir='ltr'>consonantium</span> <span class='ocrx_word' id='word_1_325' title='bbox 1269 4641 1327 4696; x_wconf 90' lang='lat' dir='ltr'>in</span> <span class='ocrx_word' id='word_1_326' title='bbox 1361 4643 1596 4699; x_wconf 90' lang='lat' dir='ltr'>nomine</span> <span class='ocrx_word' id='word_1_327' title='bbox 1621 4644 1872 4715; x_wconf 89' lang='lat' dir='ltr'>virtutis,</span> <span class='ocrx_word' id='word_1_328' title='bbox 1897 4661 2026 4716; x_wconf 75' lang='lat' dir='ltr'>quae</span> 
     </span>
    </p>
   </div>
   <div class='ocr_carea' id='block_1_43' title="bbox 2134 2083 3784 2155">
    <p class='ocr_par' dir='ltr' id='par_1_45' title="bbox 2134 2083 3784 2155">
     <span class='ocr_line' id='line_1_51' title="bbox 2134 2083 3784 2155; baseline 0.001 -16"><span class='ocrx_word' id='word_1_329' title='bbox 2134 2101 2236 2153; x_wconf 81' lang='lat' dir='ltr'>xu,</span> <span class='ocrx_word' id='word_1_330' title='bbox 2257 2085 2335 2154; x_wconf 88' lang='lat'>7).</span> <span class='ocrx_word' id='word_1_331' title='bbox 2363 2084 2457 2138; x_wconf 90' lang='lat' dir='ltr'>Sic</span> <span class='ocrx_word' id='word_1_332' title='bbox 2483 2083 2757 2155; x_wconf 84' lang='lat' dir='ltr'>projectis</span> <span class='ocrx_word' id='word_1_333' title='bbox 2783 2084 2958 2139; x_wconf 87' lang='lat' dir='ltr'>simul</span> <span class='ocrx_word' id='word_1_334' title='bbox 2990 2103 3021 2140; x_wconf 93' lang='lat' dir='ltr'>e</span> <span class='ocrx_word' id='word_1_335' title='bbox 3047 2103 3223 2140; x_wconf 91' lang='lat' dir='ltr'>manu</span> <span class='ocrx_word' id='word_1_336' title='bbox 3250 2085 3414 2141; x_wconf 88' lang='lat' dir='ltr'>cubis</span> <span class='ocrx_word' id='word_1_337' title='bbox 3438 2102 3572 2141; x_wconf 89' lang='lat' dir='ltr'>cum</span> <span class='ocrx_word' id='word_1_338' title='bbox 3602 2087 3784 2142; x_wconf 87' lang='lat' dir='ltr'>trian-</span> 
     </span>
    </p>
   </div>
   <div class='ocr_carea' id='block_1_44' title="bbox 2135 2172 3794 2248">
    <p class='ocr_par' dir='ltr' id='par_1_46' title="bbox 2135 2172 3794 2248">
     <span class='ocr_line' id='line_1_52' title="bbox 2135 2172 3794 2248; baseline 0.002 -20"><span class='ocrx_word' id='word_1_339' title='bbox 2135 2173 2296 2245; x_wconf 86' lang='lat' dir='ltr'>gulo,</span> <span class='ocrx_word' id='word_1_340' title='bbox 2319 2189 2641 2244; x_wconf 90' lang='lat' dir='ltr'>eorumque</span> <span class='ocrx_word' id='word_1_341' title='bbox 2669 2172 3008 2245; x_wconf 85' lang='lat' dir='ltr'>singillatim</span> <span class='ocrx_word' id='word_1_342' title='bbox 3042 2173 3251 2230; x_wconf 88' lang='lat' dir='ltr'>litteris</span> <span class='ocrx_word' id='word_1_343' title='bbox 3283 2175 3625 2248; x_wconf 88' lang='lat' dir='ltr'>perspectis,</span> <span class='ocrx_word' id='word_1_344' title='bbox 3651 2193 3794 2232; x_wconf 81' lang='lat' dir='ltr'>mox</span> 
     </span>
    </p>
   </div>
   <div class='ocr_carea' id='block_1_45' title="bbox 2136 2261 3790 2335">
    <p class='ocr_par' dir='ltr' id='par_1_47' title="bbox 2136 2261 3790 2335">
     <span class='ocr_line' id='line_1_53' title="bbox 2136 2261 3790 2335; baseline 0.002 -19"><span class='ocrx_word' id='word_1_345' title='bbox 2136 2261 2554 2317; x_wconf 90' lang='lat' dir='ltr'>recurrendum</span> <span class='ocrx_word' id='word_1_346' title='bbox 2579 2261 2686 2316; x_wconf 87' lang='lat' dir='ltr'>erit</span> <span class='ocrx_word' id='word_1_347' title='bbox 2709 2263 2778 2316; x_wconf 89' lang='lat' dir='ltr'>ad</span> <span class='ocrx_word' id='word_1_348' title='bbox 2805 2264 3127 2335; x_wconf 87' lang='lat' dir='ltr'>marginem</span> <span class='ocrx_word' id='word_1_349' title='bbox 3152 2280 3427 2320; x_wconf 86' lang='lat' dir='ltr'>numeros</span> <span class='ocrx_word' id='word_1_350' title='bbox 3452 2280 3586 2320; x_wconf 90' lang='lat' dir='ltr'>cum</span> <span class='ocrx_word' id='word_1_351' title='bbox 3607 2265 3790 2321; x_wconf 87' lang='lat' dir='ltr'>virtu-</span> 
     </span>
    </p>
   </div>
   <div class='ocr_carea' id='block_1_46' title="bbox 2134 2351 3790 2423">
    <p class='ocr_par' dir='ltr' id='par_1_48' title="bbox 2134 2351 3790 2423">
     <span class='ocr_line' id='line_1_54' title="bbox 2134 2351 3790 2423; baseline 0.003 -19"><span class='ocrx_word' id='word_1_352' title='bbox 2134 2351 2292 2405; x_wconf 91' lang='lat' dir='ltr'>tibus</span> <span class='ocrx_word' id='word_1_353' title='bbox 2315 2351 2735 2406; x_wconf 86' lang='lat' dir='ltr'>continentem.</span> <span class='ocrx_word' id='word_1_354' title='bbox 2757 2351 3114 2423; x_wconf 90' lang='lat' dir='ltr'>Eodemque,</span> <span class='ocrx_word' id='word_1_355' title='bbox 3139 2357 3202 2406; x_wconf 87' lang='lat' dir='ltr'>ut</span> <span class='ocrx_word' id='word_1_356' title='bbox 3232 2352 3542 2423; x_wconf 77' lang='lat' dir='ltr'>praefatum</span> <span class='ocrx_word' id='word_1_357' title='bbox 3563 2359 3673 2421; x_wconf 89' lang='lat' dir='ltr'>est,</span> <span class='ocrx_word' id='word_1_358' title='bbox 3697 2355 3790 2409; x_wconf 89' lang='lat' dir='ltr'>di-</span> 
     </span>
    </p>
   </div>
   <div class='ocr_carea' id='block_1_47' title="bbox 2138 2439 3789 2514">
    <p class='ocr_par' dir='ltr' id='par_1_49' title="bbox 2138 2439 3789 2514">
     <span class='ocr_line' id='line_1_55' title="bbox 2138 2439 3789 2514; baseline 0.004 -22"><span class='ocrx_word' id='word_1_359' title='bbox 2138 2440 2487 2495; x_wconf 89' lang='lat' dir='ltr'>scretionem</span> <span class='ocrx_word' id='word_1_360' title='bbox 2519 2439 2702 2494; x_wconf 85' lang='lat' dir='ltr'>vocali</span> <span class='ocrx_word' id='word_1_361' title='bbox 2736 2440 2837 2496; x_wconf 88' lang='lat' dir='ltr'>uni</span> <span class='ocrx_word' id='word_1_362' title='bbox 2867 2439 3136 2496; x_wconf 89' lang='lat' dir='ltr'>similiter</span> <span class='ocrx_word' id='word_1_363' title='bbox 3175 2442 3486 2513; x_wconf 62' lang='lat' dir='ltr'>tripartite;</span> <span class='ocrx_word' id='word_1_364' title='bbox 3535 2447 3789 2514; x_wconf 87' lang='lat' dir='ltr'>reperto,</span> 
     </span>
    </p>
   </div>
   <div class='ocr_carea' id='block_1_48' title="bbox 2137 2528 3788 2599">
    <p class='ocr_par' dir='ltr' id='par_1_50' title="bbox 2137 2528 3788 2599">
     <span class='ocr_line' id='line_1_56' title="bbox 2137 2528 3788 2599; baseline 0.004 -18"><span class='ocrx_word' id='word_1_365' title='bbox 2137 2528 2407 2584; x_wconf 90' lang='lat' dir='ltr'>virtutem</span> <span class='ocrx_word' id='word_1_366' title='bbox 2433 2545 2558 2597; x_wconf 84' lang='lat' dir='ltr'>quae</span> <span class='ocrx_word' id='word_1_367' title='bbox 2588 2528 2763 2584; x_wconf 89' lang='lat' dir='ltr'>latere</span> <span class='ocrx_word' id='word_1_368' title='bbox 2784 2529 3042 2596; x_wconf 86' lang='lat' dir='ltr'>habebit,</span> <span class='ocrx_word' id='word_1_369' title='bbox 3061 2534 3257 2585; x_wconf 87' lang='lat' dir='ltr'>notare</span> <span class='ocrx_word' id='word_1_370' title='bbox 3279 2531 3567 2586; x_wconf 87' lang='lat' dir='ltr'>debemus</span> <span class='ocrx_word' id='word_1_371' title='bbox 3588 2549 3604 2599; x_wconf 84' lang='lat'><strong>;</strong></span> <span class='ocrx_word' id='word_1_372' title='bbox 3625 2548 3788 2587; x_wconf 87' lang='lat' dir='ltr'>voca-</span> 
     </span>
    </p>
   </div>
   <div class='ocr_carea' id='block_1_49' title="bbox 2139 2615 3786 2690">
    <p class='ocr_par' dir='ltr' id='par_1_51' title="bbox 2139 2615 3786 2690">
     <span class='ocr_line' id='line_1_57' title="bbox 2139 2615 3786 2690; baseline 0.002 -20"><span class='ocrx_word' id='word_1_373' title='bbox 2139 2615 2341 2686; x_wconf 91' lang='lat' dir='ltr'>lesque</span> <span class='ocrx_word' id='word_1_374' title='bbox 2371 2615 2528 2670; x_wconf 80' lang='lat' dir='ltr'>illius</span> <span class='ocrx_word' id='word_1_375' title='bbox 2561 2617 3000 2688; x_wconf 87' lang='lat' dir='ltr'>apparentibus,</span> <span class='ocrx_word' id='word_1_376' title='bbox 3031 2617 3078 2672; x_wconf 91' lang='lat' dir='ltr'>si</span> <span class='ocrx_word' id='word_1_377' title='bbox 3117 2615 3406 2687; x_wconf 89' lang='lat' dir='ltr'>valemus,</span> <span class='ocrx_word' id='word_1_378' title='bbox 3438 2634 3786 2690; x_wconf 84' lang='lat' dir='ltr'>componere</span> 
     </span>
    </p>
   </div>
   <div class='ocr_carea' id='block_1_50' title="bbox 2137 2703 3783 2777">
    <p class='ocr_par' dir='ltr' id='par_1_52' title="bbox 2137 2703 3783 2777">
     <span class='ocr_line' id='line_1_58' title="bbox 2137 2703 3783 2777; baseline 0.001 -19"><span class='ocrx_word' id='word_1_379' title='bbox 2137 2703 2457 2771; x_wconf 88' lang='lat' dir='ltr'>vocalibus,</span> <span class='ocrx_word' id='word_1_380' title='bbox 2492 2710 2548 2759; x_wconf 92' lang='lat' dir='ltr'>et</span> <span class='ocrx_word' id='word_1_381' title='bbox 2600 2703 2680 2759; x_wconf 88' lang='lat' dir='ltr'>ita</span> <span class='ocrx_word' id='word_1_382' title='bbox 2719 2705 3013 2776; x_wconf 86' lang='lat' dir='ltr'>privatim,</span> <span class='ocrx_word' id='word_1_383' title='bbox 3046 2711 3343 2776; x_wconf 88' lang='lat' dir='ltr'>compotes</span> <span class='ocrx_word' id='word_1_384' title='bbox 3380 2709 3505 2777; x_wconf 84' lang='lat' dir='ltr'>ejus</span> <span class='ocrx_word' id='word_1_385' title='bbox 3535 2723 3682 2771; x_wconf 89' lang='lat' dir='ltr'>esse,</span> <span class='ocrx_word' id='word_1_386' title='bbox 3719 2711 3783 2761; x_wconf 90' lang='lat' dir='ltr'>ut</span> 
     </span>
    </p>
   </div>
   <div class='ocr_carea' id='block_1_51' title="bbox 2140 2793 3774 2864">
    <p class='ocr_par' dir='ltr' id='par_1_53' title="bbox 2140 2793 3774 2864">
     <span class='ocr_line' id='line_1_59' title="bbox 2140 2793 3774 2864; baseline 0.002 -18"><span class='ocrx_word' id='word_1_387' title='bbox 2140 2809 2310 2864; x_wconf 90' lang='lat' dir='ltr'>pares</span> <span class='ocrx_word' id='word_1_388' title='bbox 2334 2793 2639 2847; x_wconf 90' lang='lat' dir='ltr'>nobiscum</span> <span class='ocrx_word' id='word_1_389' title='bbox 2665 2794 2930 2847; x_wconf 89' lang='lat' dir='ltr'>ludentes</span> <span class='ocrx_word' id='word_1_390' title='bbox 2956 2811 3321 2864; x_wconf 87' lang='lat' dir='ltr'>nequaquam</span> <span class='ocrx_word' id='word_1_391' title='bbox 3344 2796 3602 2849; x_wconf 87' lang='lat' dir='ltr'>eamdem</span> <span class='ocrx_word' id='word_1_392' title='bbox 3635 2795 3774 2849; x_wconf 78' lang='lat' dir='ltr'>ulte-</span> 
     </span>
    </p>
   </div>
   <div class='ocr_carea' id='block_1_52' title="bbox 2138 2879 3774 2936">
    <p class='ocr_par' dir='ltr' id='par_1_54' title="bbox 2138 2879 3774 2936">
     <span class='ocr_line' id='line_1_60' title="bbox 2138 2879 3774 2936; baseline 0 0"><span class='ocrx_word' id='word_1_393' title='bbox 2138 2881 2261 2936; x_wconf 89' lang='lat' dir='ltr'>rius</span> <span class='ocrx_word' id='word_1_394' title='bbox 2289 2879 2347 2935; x_wconf 89' lang='lat' dir='ltr'>in</span> <span class='ocrx_word' id='word_1_395' title='bbox 2374 2882 2572 2936; x_wconf 91' lang='lat' dir='ltr'>eodem</span> <span class='ocrx_word' id='word_1_396' title='bbox 2606 2880 2744 2934; x_wconf 89' lang='lat' dir='ltr'>ludo</span> <span class='ocrx_word' id='word_1_397' title='bbox 2779 2880 2885 2935; x_wconf 90' lang='lat' dir='ltr'>sibi</span> <span class='ocrx_word' id='word_1_398' title='bbox 2919 2881 3153 2936; x_wconf 89' lang='lat' dir='ltr'>valeant</span> <span class='ocrx_word' id='word_1_399' title='bbox 3174 2882 3473 2936; x_wconf 86' lang='lat' dir='ltr'>vindicare.</span> <span class='ocrx_word' id='word_1_400' title='bbox 3493 2882 3622 2936; x_wconf 86' lang='lat' dir='ltr'>Tali</span> <span class='ocrx_word' id='word_1_401' title='bbox 3649 2882 3774 2936; x_wconf 81' lang='lat' dir='ltr'>uti-</span> 
     </span>
    </p>
   </div>
   <div class='ocr_carea' id='block_1_53' title="bbox 2140 2969 3784 3042">
    <p class='ocr_par' dir='ltr' id='par_1_55' title="bbox 2140 2969 3784 3042">
     <span class='ocr_line' id='line_1_61' title="bbox 2140 2969 3784 3042; baseline 0.002 -20"><span class='ocrx_word' id='word_1_402' title='bbox 2140 2986 2251 3041; x_wconf 89' lang='lat' dir='ltr'>que</span> <span class='ocrx_word' id='word_1_403' title='bbox 2281 2969 2701 3040; x_wconf 87' lang='lat' dir='ltr'>disceptatione</span> <span class='ocrx_word' id='word_1_404' title='bbox 2732 2969 2994 3024; x_wconf 87' lang='lat' dir='ltr'>vicissim</span> <span class='ocrx_word' id='word_1_405' title='bbox 3026 2969 3364 3025; x_wconf 87' lang='lat' dir='ltr'>alternando</span> <span class='ocrx_word' id='word_1_406' title='bbox 3407 2971 3784 3042; x_wconf 78' lang='lat' dir='ltr'>gyraudoque</span> 
     </span>
    </p>
   </div>
   <div class='ocr_carea' id='block_1_54' title="bbox 2131 3058 3816 3130">
    <p class='ocr_par' dir='ltr' id='par_1_56' title="bbox 2131 3058 3816 3130">
     <span class='ocr_line' id='line_1_62' title="bbox 2131 3058 3816 3130; baseline 0 -18"><span class='ocrx_word' id='word_1_407' title='bbox 2131 3060 2418 3128; x_wconf 89' lang='lat' dir='ltr'>jocantes,</span> <span class='ocrx_word' id='word_1_408' title='bbox 2452 3058 2699 3114; x_wconf 88' lang='lat' dir='ltr'>virtutes</span> <span class='ocrx_word' id='word_1_409' title='bbox 2731 3074 2934 3112; x_wconf 89' lang='lat' dir='ltr'>omnes</span> <span class='ocrx_word' id='word_1_410' title='bbox 2966 3058 3222 3114; x_wconf 88' lang='lat' dir='ltr'>sortibus</span> <span class='ocrx_word' id='word_1_411' title='bbox 3253 3059 3600 3130; x_wconf 88' lang='lat' dir='ltr'>partiantur.</span> <span class='ocrx_word' id='word_1_412' title='bbox 3634 3060 3704 3114; x_wconf 85' lang='lat' dir='ltr'>Et</span> <span class='ocrx_word' id='word_1_413' title='bbox 3735 3059 3816 3114; x_wconf 86' lang='lat' dir='ltr'>si.</span> 
     </span>
    </p>
   </div>
   <div class='ocr_carea' id='block_1_55' title="bbox 2139 3145 3788 3218">
    <p class='ocr_par' dir='ltr' id='par_1_57' title="bbox 2139 3145 3788 3218">
     <span class='ocr_line' id='line_1_63' title="bbox 2139 3145 3788 3218; baseline 0.002 -18"><span class='ocrx_word' id='word_1_414' title='bbox 2139 3163 2255 3201; x_wconf 89' lang='lat' dir='ltr'>non</span> <span class='ocrx_word' id='word_1_415' title='bbox 2289 3163 2455 3216; x_wconf 73' lang='lat' dir='ltr'>aequa</span> <span class='ocrx_word' id='word_1_416' title='bbox 2485 3145 2652 3201; x_wconf 90' lang='lat' dir='ltr'>lance</span> <span class='ocrx_word' id='word_1_417' title='bbox 2682 3151 2887 3202; x_wconf 90' lang='lat' dir='ltr'>mutuo</span> <span class='ocrx_word' id='word_1_418' title='bbox 2917 3145 3276 3212; x_wconf 89' lang='lat' dir='ltr'>dividuntur,</span> <span class='ocrx_word' id='word_1_419' title='bbox 3314 3146 3375 3201; x_wconf 87' lang='lat' dir='ltr'>bi</span> <span class='ocrx_word' id='word_1_420' title='bbox 3406 3147 3504 3218; x_wconf 92' lang='lat' dir='ltr'>qui</span> <span class='ocrx_word' id='word_1_421' title='bbox 3535 3146 3620 3202; x_wconf 88' lang='lat' dir='ltr'>vel</span> <span class='ocrx_word' id='word_1_422' title='bbox 3667 3165 3788 3204; x_wconf 89' lang='lat' dir='ltr'>una</span> 
     </span>
    </p>
   </div>
   <div class='ocr_carea' id='block_1_56' title="bbox 2139 3233 3789 3307">
    <p class='ocr_par' dir='ltr' id='par_1_58' title="bbox 2139 3233 3789 3307">
     <span class='ocr_line' id='line_1_64' title="bbox 2139 3233 3789 3307; baseline 0.001 -18"><span class='ocrx_word' id='word_1_423' title='bbox 2139 3234 2360 3290; x_wconf 68' lang='lat' dir='ltr'>caeteris</span> <span class='ocrx_word' id='word_1_424' title='bbox 2417 3234 2671 3307; x_wconf 89' lang='lat' dir='ltr'>amplius</span> <span class='ocrx_word' id='word_1_425' title='bbox 2723 3233 3238 3306; x_wconf 87' lang='lat' dir='ltr'>superabundavit,</span> <span class='ocrx_word' id='word_1_426' title='bbox 3292 3234 3667 3306; x_wconf 70' lang='lat' dir='ltr'>praelaturam</span> <span class='ocrx_word' id='word_1_427' title='bbox 3725 3253 3789 3291; x_wconf 81' lang='lat' dir='ltr'>in</span> 
     </span>
    </p>
   </div>
   <div class='ocr_carea' id='block_1_57' title="bbox 2139 3322 3790 3396">
    <p class='ocr_par' dir='ltr' id='par_1_59' title="bbox 2139 3322 3790 3396">
     <span class='ocr_line' id='line_1_65' title="bbox 2139 3322 3790 3396; baseline 0.001 -18"><span class='ocrx_word' id='word_1_428' title='bbox 2139 3324 2361 3378; x_wconf 68' lang='lat' dir='ltr'>caeteris</span> <span class='ocrx_word' id='word_1_429' title='bbox 2383 3322 2495 3377; x_wconf 90' lang='lat' dir='ltr'>sibi</span> <span class='ocrx_word' id='word_1_430' title='bbox 2525 3323 2773 3378; x_wconf 89' lang='lat' dir='ltr'>cessisse</span> <span class='ocrx_word' id='word_1_431' title='bbox 2795 3323 3106 3396; x_wconf 87' lang='lat' dir='ltr'>gaudeant.</span> <span class='ocrx_word' id='word_1_432' title='bbox 3135 3324 3220 3378; x_wconf 91' lang='lat' dir='ltr'>Ita</span> <span class='ocrx_word' id='word_1_433' title='bbox 3249 3323 3535 3379; x_wconf 80' lang='lat' dir='ltr'>duntaxat</span> <span class='ocrx_word' id='word_1_434' title='bbox 3565 3329 3629 3379; x_wconf 89' lang='lat' dir='ltr'>ut</span> <span class='ocrx_word' id='word_1_435' title='bbox 3650 3323 3790 3379; x_wconf 84' lang='lat' dir='ltr'>cha-</span> 
     </span>
    </p>
   </div>
   <div class='ocr_carea' id='block_1_58' title="bbox 2139 3411 3789 3484">
    <p class='ocr_par' dir='ltr' id='par_1_60' title="bbox 2139 3411 3789 3484">
     <span class='ocr_line' id='line_1_66' title="bbox 2139 3411 3789 3484; baseline 0.002 -18"><span class='ocrx_word' id='word_1_436' title='bbox 2139 3411 2302 3479; x_wconf 89' lang='lat' dir='ltr'>ritas,</span> <span class='ocrx_word' id='word_1_437' title='bbox 2333 3428 2460 3482; x_wconf 80' lang='lat' dir='ltr'>quas</span> <span class='ocrx_word' id='word_1_438' title='bbox 2493 3411 2727 3484; x_wconf 89' lang='lat' dir='ltr'>gemina</span> <span class='ocrx_word' id='word_1_439' title='bbox 2769 3415 2876 3477; x_wconf 90' lang='lat' dir='ltr'>est,</span> <span class='ocrx_word' id='word_1_440' title='bbox 2919 3411 2968 3467; x_wconf 90' lang='lat' dir='ltr'>si</span> <span class='ocrx_word' id='word_1_441' title='bbox 3020 3412 3366 3483; x_wconf 84' lang='lat' dir='ltr'>Oportuerit,</span> <span class='ocrx_word' id='word_1_442' title='bbox 3399 3429 3503 3483; x_wconf 90' lang='lat' dir='ltr'>pro</span> <span class='ocrx_word' id='word_1_443' title='bbox 3555 3413 3789 3469; x_wconf 89' lang='lat' dir='ltr'>duabus</span> 
     </span>
    </p>
   </div>
   <div class='ocr_carea' id='block_1_59' title="bbox 2137 3499 3795 3572">
    <p class='ocr_par' dir='ltr' id='par_1_61' title="bbox 2137 3499 3795 3572">
     <span class='ocr_line' id='line_1_67' title="bbox 2137 3499 3795 3572; baseline 0.002 -18"><span class='ocrx_word' id='word_1_444' title='bbox 2137 3504 2510 3572; x_wconf 89' lang='lat' dir='ltr'>computetur</span> <span class='ocrx_word' id='word_1_445' title='bbox 2530 3499 2864 3568; x_wconf 90' lang='lat' dir='ltr'>virtutibus,</span> <span class='ocrx_word' id='word_1_446' title='bbox 2892 3516 3020 3572; x_wconf 64' lang='lat' dir='ltr'>qua</span> <span class='ocrx_word' id='word_1_447' title='bbox 3042 3499 3214 3554; x_wconf 89' lang='lat' dir='ltr'>etiam</span> <span class='ocrx_word' id='word_1_448' title='bbox 3239 3500 3311 3555; x_wconf 93' lang='lat' dir='ltr'>ob</span> <span class='ocrx_word' id='word_1_449' title='bbox 3335 3499 3515 3556; x_wconf 85' lang='lat' dir='ltr'>unius</span> <span class='ocrx_word' id='word_1_450' title='bbox 3534 3505 3795 3558; x_wconf 88' lang='lat' dir='ltr'>tantum-</span> 
     </span>
    </p>
   </div>
   <div class='ocr_carea' id='block_1_60' title="bbox 2138 3587 3793 3660">
    <p class='ocr_par' dir='ltr' id='par_1_62' title="bbox 2138 3587 3793 3660">
     <span class='ocr_line' id='line_1_68' title="bbox 2138 3587 3793 3660; baseline -0.001 -14"><span class='ocrx_word' id='word_1_451' title='bbox 2138 3590 2312 3646; x_wconf 88' lang='lat' dir='ltr'>modo</span> <span class='ocrx_word' id='word_1_452' title='bbox 2330 3587 2537 3643; x_wconf 75' lang='lat' dir='ltr'>litterze</span> <span class='ocrx_word' id='word_1_453' title='bbox 2556 3587 2797 3660; x_wconf 82' lang='lat' dir='ltr'>eclysin,</span> <span class='ocrx_word' id='word_1_454' title='bbox 2813 3587 2978 3655; x_wconf 87' lang='lat' dir='ltr'>IetA,</span> <span class='ocrx_word' id='word_1_455' title='bbox 2993 3588 3134 3644; x_wconf 88' lang='lat' dir='ltr'>bina</span> <span class='ocrx_word' id='word_1_456' title='bbox 3149 3593 3280 3660; x_wconf 90' lang='lat' dir='ltr'>post</span> <span class='ocrx_word' id='word_1_457' title='bbox 3301 3589 3552 3660; x_wconf 88' lang='lat' dir='ltr'>primam</span> <span class='ocrx_word' id='word_1_458' title='bbox 3570 3590 3793 3645; x_wconf 83' lang='lat' dir='ltr'>exami-</span> 
     </span>
    </p>
   </div>
   <div class='ocr_carea' id='block_1_61' title="bbox 2136 3675 3783 3747">
    <p class='ocr_par' dir='ltr' id='par_1_63' title="bbox 2136 3675 3783 3747">
     <span class='ocr_line' id='line_1_69' title="bbox 2136 3675 3783 3747; baseline 0 -17"><span class='ocrx_word' id='word_1_459' title='bbox 2136 3681 2310 3730; x_wconf 90' lang='lat' dir='ltr'>netur</span> <span class='ocrx_word' id='word_1_460' title='bbox 2331 3676 2707 3747; x_wconf 83' lang='lat' dir='ltr'>proiectione,</span> <span class='ocrx_word' id='word_1_461' title='bbox 2732 3676 2888 3747; x_wconf 90' lang='lat' dir='ltr'>quod</span> <span class='ocrx_word' id='word_1_462' title='bbox 2921 3677 2992 3732; x_wconf 92' lang='lat' dir='ltr'>de</span> <span class='ocrx_word' id='word_1_463' title='bbox 3021 3675 3243 3732; x_wconf 66' lang='lat' dir='ltr'>caeteris</span> <span class='ocrx_word' id='word_1_464' title='bbox 3273 3677 3623 3732; x_wconf 90' lang='lat' dir='ltr'>omnimodis</span> <span class='ocrx_word' id='word_1_465' title='bbox 3653 3678 3783 3733; x_wconf 84' lang='lat' dir='ltr'>ﬁeri</span> 
     </span>
    </p>
   </div>
   <div class='ocr_carea' id='block_1_62' title="bbox 2135 3763 3782 3836">
    <p class='ocr_par' dir='ltr' id='par_1_64' title="bbox 2135 3763 3782 3836">
     <span class='ocr_line' id='line_1_70' title="bbox 2135 3763 3782 3836; baseline 0.002 -19"><span class='ocrx_word' id='word_1_466' title='bbox 2135 3763 2491 3819; x_wconf 90' lang='lat' dir='ltr'>inhibemus.</span> <span class='ocrx_word' id='word_1_467' title='bbox 2528 3763 2598 3818; x_wconf 90' lang='lat' dir='ltr'>Et</span> <span class='ocrx_word' id='word_1_468' title='bbox 2631 3779 2818 3834; x_wconf 90' lang='lat' dir='ltr'>usque</span> <span class='ocrx_word' id='word_1_469' title='bbox 2850 3764 2920 3819; x_wconf 91' lang='lat' dir='ltr'>ad</span> <span class='ocrx_word' id='word_1_470' title='bbox 2952 3764 3158 3819; x_wconf 90' lang='lat' dir='ltr'>horam</span> <span class='ocrx_word' id='word_1_471' title='bbox 3188 3763 3342 3820; x_wconf 90' lang='lat' dir='ltr'>illius</span> <span class='ocrx_word' id='word_1_472' title='bbox 3375 3765 3490 3819; x_wconf 90' lang='lat' dir='ltr'>diei</span> <span class='ocrx_word' id='word_1_473' title='bbox 3531 3769 3782 3836; x_wconf 79' lang='lat' dir='ltr'>sextam,</span> 
     </span>
    </p>
   </div>
   <div class='ocr_carea' id='block_1_63' title="bbox 2135 3847 3785 3924">
    <p class='ocr_par' dir='ltr' id='par_1_65' title="bbox 2135 3847 3785 3924">
     <span class='ocr_line' id='line_1_71' title="bbox 2135 3847 3785 3924; baseline 0.001 -17"><span class='ocrx_word' id='word_1_474' title='bbox 2135 3851 2572 3918; x_wconf 88' lang='lat' dir='ltr'>eminentiores,</span> <span class='ocrx_word' id='word_1_475' title='bbox 2614 3851 2918 3907; x_wconf 88' lang='lat' dir='ltr'>inferiores</span> <span class='ocrx_word' id='word_1_476' title='bbox 2973 3853 3064 3907; x_wconf 92' lang='lat' dir='ltr'>sui</span> <span class='ocrx_word' id='word_1_477' title='bbox 3119 3850 3440 3924; x_wconf 90' lang='lat' dir='ltr'>discipulos</span> <span class='ocrx_word' id='word_1_478' title='bbox 3485 3847 3785 3922; x_wconf 76' lang='lat' dir='ltr'>vocantes,</span> 
     </span>
    </p>
   </div>
   <div class='ocr_carea' id='block_1_64' title="bbox 2137 3940 3784 4011">
    <p class='ocr_par' dir='ltr' id='par_1_66' title="bbox 2137 3940 3784 4011">
     <span class='ocr_line' id='line_1_72' title="bbox 2137 3940 3784 4011; baseline 0 -14"><span class='ocrx_word' id='word_1_479' title='bbox 2137 3940 2384 3997; x_wconf 89' lang='lat' dir='ltr'>suadere</span> <span class='ocrx_word' id='word_1_480' title='bbox 2407 3940 2722 4007; x_wconf 88' lang='lat' dir='ltr'>debebunt,</span> <span class='ocrx_word' id='word_1_481' title='bbox 2751 3944 2816 3995; x_wconf 89' lang='lat' dir='ltr'>ut</span> <span class='ocrx_word' id='word_1_482' title='bbox 2844 3940 3090 3996; x_wconf 88' lang='lat' dir='ltr'>virtutes</span> <span class='ocrx_word' id='word_1_483' title='bbox 3111 3957 3238 4011; x_wconf 71' lang='lat' dir='ltr'>quas</span> <span class='ocrx_word' id='word_1_484' title='bbox 3265 3940 3349 3996; x_wconf 91' lang='lat' dir='ltr'>eis</span> <span class='ocrx_word' id='word_1_485' title='bbox 3371 3946 3524 3997; x_wconf 88' lang='lat' dir='ltr'>sorte</span> <span class='ocrx_word' id='word_1_486' title='bbox 3548 3941 3784 4011; x_wconf 87' lang='lat' dir='ltr'>desunt,</span> 
     </span>
    </p>
   </div>
   <div class='ocr_carea' id='block_1_65' title="bbox 2136 4028 3786 4102">
    <p class='ocr_par' dir='ltr' id='par_1_67' title="bbox 2136 4028 3786 4102">
     <span class='ocr_line' id='line_1_73' title="bbox 2136 4028 3786 4102; baseline 0.001 -18"><span class='ocrx_word' id='word_1_487' title='bbox 2136 4029 2304 4084; x_wconf 90' lang='lat' dir='ltr'>bonis</span> <span class='ocrx_word' id='word_1_488' title='bbox 2323 4028 2585 4084; x_wconf 88' lang='lat' dir='ltr'>moribus</span> <span class='ocrx_word' id='word_1_489' title='bbox 2603 4034 2876 4102; x_wconf 86' lang='lat' dir='ltr'>satagant</span> <span class='ocrx_word' id='word_1_490' title='bbox 2889 4028 3539 4100; x_wconf 87' lang='lat' dir='ltr'>impetrare.lnferiores</span> <span class='ocrx_word' id='word_1_491' title='bbox 3553 4047 3786 4102; x_wconf 91' lang='lat' dir='ltr'>quoque</span> 
     </span>
    </p>
   </div>
   <div class='ocr_carea' id='block_1_66' title="bbox 2135 4118 3781 4191">
    <p class='ocr_par' dir='ltr' id='par_1_68' title="bbox 2135 4118 3781 4191">
     <span class='ocr_line' id='line_1_74' title="bbox 2135 4118 3781 4191; baseline 0.002 -19"><span class='ocrx_word' id='word_1_492' title='bbox 2135 4118 2278 4172; x_wconf 89' lang='lat' dir='ltr'>niati</span> <span class='ocrx_word' id='word_1_493' title='bbox 2310 4118 2435 4190; x_wconf 80' lang='lat' dir='ltr'>(sic)</span> <span class='ocrx_word' id='word_1_494' title='bbox 2463 4122 2695 4174; x_wconf 71' lang='lat' dir='ltr'>tesserae</span> <span class='ocrx_word' id='word_1_495' title='bbox 2725 4122 3164 4191; x_wconf 89' lang='lat' dir='ltr'>cognoscentes,</span> <span class='ocrx_word' id='word_1_496' title='bbox 3187 4135 3252 4174; x_wconf 91' lang='lat' dir='ltr'>ac</span> <span class='ocrx_word' id='word_1_497' title='bbox 3283 4118 3464 4174; x_wconf 90' lang='lat' dir='ltr'>veluti</span> <span class='ocrx_word' id='word_1_498' title='bbox 3497 4118 3605 4175; x_wconf 91' lang='lat' dir='ltr'>sibi</span> <span class='ocrx_word' id='word_1_499' title='bbox 3637 4136 3781 4190; x_wconf 69' lang='lat' dir='ltr'>pra-</span> 
     </span>
    </p>
   </div>
   <div class='ocr_carea' id='block_1_67' title="bbox 2136 4206 3778 4280">
    <p class='ocr_par' dir='ltr' id='par_1_69' title="bbox 2136 4206 3778 4280">
     <span class='ocr_line' id='line_1_75' title="bbox 2136 4206 3778 4280; baseline 0.002 -21"><span class='ocrx_word' id='word_1_500' title='bbox 2136 4206 2290 4262; x_wconf 87' lang='lat' dir='ltr'>latis.</span> <span class='ocrx_word' id='word_1_501' title='bbox 2336 4249 2348 4260; x_wconf 93' lang='lat'>.</span> <span class='ocrx_word' id='word_1_502' title='bbox 2399 4249 2412 4261; x_wconf 94' lang='lat'>.</span> <span class='ocrx_word' id='word_1_503' title='bbox 2459 4250 2471 4262; x_wconf 91' lang='lat'>.</span> <span class='ocrx_word' id='word_1_504' title='bbox 2519 4247 2530 4258; x_wconf 93' lang='lat'>.</span> <span class='ocrx_word' id='word_1_505' title='bbox 2579 4250 2590 4262; x_wconf 95' lang='lat'>.</span> <span class='ocrx_word' id='word_1_506' title='bbox 2641 4250 2654 4261; x_wconf 94' lang='lat'>.</span> <span class='ocrx_word' id='word_1_507' title='bbox 2695 4207 3028 4280; x_wconf 70' lang='lat' dir='ltr'>paedagogis</span> <span class='ocrx_word' id='word_1_508' title='bbox 3058 4223 3174 4262; x_wconf 90' lang='lat' dir='ltr'>non</span> <span class='ocrx_word' id='word_1_509' title='bbox 3205 4207 3373 4263; x_wconf 89' lang='lat' dir='ltr'>aliter</span> <span class='ocrx_word' id='word_1_510' title='bbox 3412 4223 3510 4264; x_wconf 91' lang='lat' dir='ltr'>eos</span> <span class='ocrx_word' id='word_1_511' title='bbox 3556 4224 3778 4263; x_wconf 88' lang='lat' dir='ltr'>nuncu-</span> 
     </span>
    </p>
   </div>
   <div class='ocr_carea' id='block_1_68' title="bbox 2136 4295 3780 4369">
    <p class='ocr_par' dir='ltr' id='par_1_70' title="bbox 2136 4295 3780 4369">
     <span class='ocr_line' id='line_1_76' title="bbox 2136 4295 3780 4369; baseline 0.001 -19"><span class='ocrx_word' id='word_1_512' title='bbox 2136 4311 2272 4366; x_wconf 87' lang='lat' dir='ltr'>pare</span> <span class='ocrx_word' id='word_1_513' title='bbox 2303 4295 2577 4363; x_wconf 88' lang='lat' dir='ltr'>audeant,</span> <span class='ocrx_word' id='word_1_514' title='bbox 2614 4312 2792 4367; x_wconf 90' lang='lat' dir='ltr'>quam</span> <span class='ocrx_word' id='word_1_515' title='bbox 2824 4295 3163 4368; x_wconf 85' lang='lat' dir='ltr'>magistros.</span> <span class='ocrx_word' id='word_1_516' title='bbox 3186 4299 3258 4352; x_wconf 89' lang='lat' dir='ltr'>At</span> <span class='ocrx_word' id='word_1_517' title='bbox 3288 4297 3338 4354; x_wconf 89' lang='lat' dir='ltr'>si</span> <span class='ocrx_word' id='word_1_518' title='bbox 3370 4295 3691 4369; x_wconf 82' lang='lat' dir='ltr'>contigerit,</span> <span class='ocrx_word' id='word_1_519' title='bbox 3712 4301 3780 4352; x_wconf 90' lang='lat' dir='ltr'>ut</span> 
     </span>
    </p>
   </div>
   <div class='ocr_carea' id='block_1_69' title="bbox 2134 4383 3780 4456">
    <p class='ocr_par' dir='ltr' id='par_1_71' title="bbox 2134 4383 3780 4456">
     <span class='ocr_line' id='line_1_77' title="bbox 2134 4383 3780 4456; baseline 0.002 -19"><span class='ocrx_word' id='word_1_520' title='bbox 2134 4387 2342 4438; x_wconf 90' lang='lat' dir='ltr'>neuter</span> <span class='ocrx_word' id='word_1_521' title='bbox 2372 4389 2646 4439; x_wconf 90' lang='lat' dir='ltr'>neutrum</span> <span class='ocrx_word' id='word_1_522' title='bbox 2679 4400 2958 4455; x_wconf 86' lang='lat' dir='ltr'>superare</span> <span class='ocrx_word' id='word_1_523' title='bbox 2991 4389 3189 4455; x_wconf 84' lang='lat' dir='ltr'>queat,</span> <span class='ocrx_word' id='word_1_524' title='bbox 3211 4400 3417 4440; x_wconf 90' lang='lat' dir='ltr'>omnes</span> <span class='ocrx_word' id='word_1_525' title='bbox 3439 4383 3780 4456; x_wconf 66' lang='lat' dir='ltr'>aequanimi-</span> 
     </span>
    </p>
   </div>
   <div class='ocr_carea' id='block_1_70' title="bbox 2134 4471 3784 4544">
    <p class='ocr_par' dir='ltr' id='par_1_72' title="bbox 2134 4471 3784 4544">
     <span class='ocr_line' id='line_1_78' title="bbox 2134 4471 3784 4544; baseline 0.004 -21"><span class='ocrx_word' id='word_1_526' title='bbox 2134 4473 2223 4526; x_wconf 91' lang='lat' dir='ltr'>ter</span> <span class='ocrx_word' id='word_1_527' title='bbox 2253 4471 2487 4543; x_wconf 90' lang='lat' dir='ltr'>utrique</span> <span class='ocrx_word' id='word_1_528' title='bbox 2517 4472 2577 4526; x_wconf 91' lang='lat' dir='ltr'>in</span> <span class='ocrx_word' id='word_1_529' title='bbox 2611 4471 2960 4527; x_wconf 89' lang='lat' dir='ltr'>alterutrum</span> <span class='ocrx_word' id='word_1_530' title='bbox 2992 4473 3358 4544; x_wconf 89' lang='lat' dir='ltr'>possidentes</span> <span class='ocrx_word' id='word_1_531' title='bbox 3379 4473 3641 4542; x_wconf 83' lang='lat' dir='ltr'>virtutes,</span> <span class='ocrx_word' id='word_1_532' title='bbox 3665 4489 3784 4530; x_wconf 88' lang='lat' dir='ltr'>una</span> 
     </span>
    </p>
   </div>
   <div class='ocr_carea' id='block_1_71' title="bbox 2136 4559 3781 4634">
    <p class='ocr_par' dir='ltr' id='par_1_73' title="bbox 2136 4559 3781 4634">
     <span class='ocr_line' id='line_1_79' title="bbox 2136 4559 3781 4634; baseline 0.001 -20"><span class='ocrx_word' id='word_1_533' title='bbox 2136 4575 2368 4630; x_wconf 89' lang='lat' dir='ltr'>semper</span> <span class='ocrx_word' id='word_1_534' title='bbox 2398 4559 2515 4614; x_wconf 90' lang='lat' dir='ltr'>sint</span> <span class='ocrx_word' id='word_1_535' title='bbox 2547 4559 2830 4615; x_wconf 88' lang='lat' dir='ltr'>charitate</span> <span class='ocrx_word' id='word_1_536' title='bbox 2856 4561 3189 4627; x_wconf 91' lang='lat' dir='ltr'>concordes,</span> <span class='ocrx_word' id='word_1_537' title='bbox 3212 4565 3270 4616; x_wconf 89' lang='lat' dir='ltr'>et</span> <span class='ocrx_word' id='word_1_538' title='bbox 3299 4561 3551 4616; x_wconf 85' lang='lat' dir='ltr'>fraterno</span> <span class='ocrx_word' id='word_1_539' title='bbox 3581 4566 3781 4634; x_wconf 89' lang='lat' dir='ltr'>gratu-</span> 
     </span>
    </p>
   </div>
   <div class='ocr_carea' id='block_1_72' title="bbox 2136 4647 3784 4705">
    <p class='ocr_par' dir='ltr' id='par_1_74' title="bbox 2136 4647 3784 4705">
     <span class='ocr_line' id='line_1_80' title="bbox 2136 4647 3784 4705; baseline 0.002 -5"><span class='ocrx_word' id='word_1_540' title='bbox 2136 4647 2328 4701; x_wconf 90' lang='lat' dir='ltr'>lentur</span> <span class='ocrx_word' id='word_1_541' title='bbox 2360 4647 2614 4702; x_wconf 91' lang='lat' dir='ltr'>nomine.</span> <span class='ocrx_word' id='word_1_542' title='bbox 2646 4651 2839 4703; x_wconf 86' lang='lat' dir='ltr'>Potest</span> <span class='ocrx_word' id='word_1_543' title='bbox 2869 4649 3020 4703; x_wconf 92' lang='lat' dir='ltr'>idem</span> <span class='ocrx_word' id='word_1_544' title='bbox 3056 4653 3113 4703; x_wconf 95' lang='lat' dir='ltr'>et</span> <span class='ocrx_word' id='word_1_545' title='bbox 3145 4647 3258 4704; x_wconf 92' lang='lat' dir='ltr'>alio</span> <span class='ocrx_word' id='word_1_546' title='bbox 3292 4649 3464 4705; x_wconf 91' lang='lat' dir='ltr'>modo</span> <span class='ocrx_word' id='word_1_547' title='bbox 3493 4649 3784 4705; x_wconf 83' lang='lat' dir='ltr'>efficacior</span> 
     </span>
    </p>
   </div>
   <div class='ocr_carea' id='block_1_73' title="bbox 385 4728 3781 4810">
    <p class='ocr_par' dir='ltr' id='par_1_75' title="bbox 385 4728 3781 4810">
     <span class='ocr_line' id='line_1_81' title="bbox 385 4728 3781 4810; baseline 0.004 -32"><span class='ocrx_word' id='word_1_548' title='bbox 385 4728 614 4782; x_wconf 87' lang='lat' dir='ltr'>vocales</span> <span class='ocrx_word' id='word_1_549' title='bbox 636 4729 897 4795; x_wconf 86' lang='lat' dir='ltr'>secrevit,</span> <span class='ocrx_word' id='word_1_550' title='bbox 922 4735 1147 4800; x_wconf 90' lang='lat' dir='ltr'>reperta</span> <span class='ocrx_word' id='word_1_551' title='bbox 1170 4731 1362 4796; x_wconf 81' lang='lat' dir='ltr'>fuerit,</span> <span class='ocrx_word' id='word_1_552' title='bbox 1387 4748 1488 4802; x_wconf 89' lang='lat' dir='ltr'>pro</span> <span class='ocrx_word' id='word_1_553' title='bbox 1512 4732 1730 4788; x_wconf 58' lang='lat' dir='ltr'>casteria</span> <span class='ocrx_word' id='word_1_554' title='bbox 1753 4734 2028 4788; x_wconf 88' lang='lat' dir='ltr'>omnibus</span> <span class='ocrx_word' id='word_1_555' title='bbox 2059 4728 2106 4793; x_wconf 91' lang='lat' dir='ltr'><strong>D</strong></span> <span class='ocrx_word' id='word_1_556' title='bbox 2137 4734 2544 4806; x_wconf 91' lang='lat' dir='ltr'>lubentiorque</span> <span class='ocrx_word' id='word_1_557' title='bbox 2575 4736 2819 4790; x_wconf 84' lang='lat' dir='ltr'>fortasse</span> <span class='ocrx_word' id='word_1_558' title='bbox 2850 4736 3147 4807; x_wconf 84' lang='lat' dir='ltr'>aliquibus</span> <span class='ocrx_word' id='word_1_559' title='bbox 3192 4737 3336 4807; x_wconf 83' lang='lat' dir='ltr'>fieri,</span> <span class='ocrx_word' id='word_1_560' title='bbox 3369 4753 3486 4808; x_wconf 91' lang='lat' dir='ltr'>quo</span> <span class='ocrx_word' id='word_1_561' title='bbox 3531 4738 3781 4810; x_wconf 90' lang='lat' dir='ltr'>quisque</span> 
     </span>
    </p>
   </div>
   <div class='ocr_carea' id='block_1_74' title="bbox 385 4819 2023 4893">
    <p class='ocr_par' dir='ltr' id='par_1_76' title="bbox 385 4819 2023 4893">
     <span class='ocr_line' id='line_1_82' title="bbox 385 4819 2023 4893; baseline 0.004 -23"><span class='ocrx_word' id='word_1_562' title='bbox 385 4820 776 4886; x_wconf 89' lang='lat' dir='ltr'>computetur,</span> <span class='ocrx_word' id='word_1_563' title='bbox 799 4823 854 4872; x_wconf 90' lang='lat' dir='ltr'>et</span> <span class='ocrx_word' id='word_1_564' title='bbox 885 4819 1036 4889; x_wconf 90' lang='lat' dir='ltr'>quod</span> <span class='ocrx_word' id='word_1_565' title='bbox 1070 4819 1357 4891; x_wconf 88' lang='lat' dir='ltr'>tetragoni</span> <span class='ocrx_word' id='word_1_566' title='bbox 1388 4821 1478 4875; x_wconf 92' lang='lat' dir='ltr'>sui</span> <span class='ocrx_word' id='word_1_567' title='bbox 1512 4821 1819 4892; x_wconf 83' lang='lat' dir='ltr'>superﬁcie</span> <span class='ocrx_word' id='word_1_568' title='bbox 1852 4839 2023 4893; x_wconf 90' lang='lat' dir='ltr'>supe-</span> 
     </span>
    </p>
   </div>
   <div class='ocr_carea' id='block_1_75' title="bbox 383 4903 2022 4981">
    <p class='ocr_par' dir='ltr' id='par_1_77' title="bbox 383 4903 2022 4981">
     <span class='ocr_line' id='line_1_83' title="bbox 383 4903 2022 4981; baseline 0.004 -22"><span class='ocrx_word' id='word_1_569' title='bbox 383 4903 544 4969; x_wconf 92' lang='lat' dir='ltr'>riori,</span> <span class='ocrx_word' id='word_1_570' title='bbox 579 4903 688 4960; x_wconf 93' lang='lat' dir='ltr'>hoc</span> <span class='ocrx_word' id='word_1_571' title='bbox 743 4905 856 4959; x_wconf 90' lang='lat' dir='ltr'>ista</span> <span class='ocrx_word' id='word_1_572' title='bbox 901 4907 1178 4976; x_wconf 89' lang='lat' dir='ltr'>inferiori,</span> <span class='ocrx_word' id='word_1_573' title='bbox 1212 4908 1268 4964; x_wconf 91' lang='lat' dir='ltr'>id</span> <span class='ocrx_word' id='word_1_574' title='bbox 1317 4913 1406 4964; x_wconf 90' lang='lat' dir='ltr'>est</span> <span class='ocrx_word' id='word_1_575' title='bbox 1447 4909 1572 4964; x_wconf 88' lang='lat' dir='ltr'>basi</span> <span class='ocrx_word' id='word_1_576' title='bbox 1619 4927 1747 4981; x_wconf 85' lang='lat' dir='ltr'>sua,</span> <span class='ocrx_word' id='word_1_577' title='bbox 1780 4911 2022 4966; x_wconf 86' lang='lat' dir='ltr'>demon-</span> 
     </span>
    </p>
   </div>
   <div class='ocr_carea' id='block_1_76' title="bbox 385 4993 616 5050">
    <p class='ocr_par' dir='ltr' id='par_1_78' title="bbox 385 4993 616 5050">
     <span class='ocr_line' id='line_1_84' title="bbox 385 4993 616 5050; baseline -0.009 0"><span class='ocrx_word' id='word_1_578' title='bbox 385 4993 616 5050; x_wconf 84' lang='lat' dir='ltr'>strabit.</span> 
     </span>
    </p>
   </div>
   <div class='ocr_carea' id='block_1_77' title="bbox 455 5080 2024 5158">
    <p class='ocr_par' dir='ltr' id='par_1_79' title="bbox 455 5080 2024 5158">
     <span class='ocr_line' id='line_1_85' title="bbox 455 5080 2024 5158; baseline 0.003 -22"><span class='ocrx_word' id='word_1_579' title='bbox 455 5087 571 5138; x_wconf 90' lang='lat' dir='ltr'>Nec</span> <span class='ocrx_word' id='word_1_580' title='bbox 589 5081 900 5147; x_wconf 88' lang='lat' dir='ltr'>immerito,</span> <span class='ocrx_word' id='word_1_581' title='bbox 915 5080 1132 5153; x_wconf 91' lang='lat' dir='ltr'>quippe</span> <span class='ocrx_word' id='word_1_582' title='bbox 1149 5098 1280 5138; x_wconf 89' lang='lat' dir='ltr'>cum</span> <span class='ocrx_word' id='word_1_583' title='bbox 1298 5101 1530 5156; x_wconf 90' lang='lat' dir='ltr'>corpus,</span> <span class='ocrx_word' id='word_1_584' title='bbox 1549 5087 1718 5157; x_wconf 89' lang='lat' dir='ltr'>cujus</span> <span class='ocrx_word' id='word_1_585' title='bbox 1737 5087 1880 5153; x_wconf 67' lang='lat' dir='ltr'>istze,</span> <span class='ocrx_word' id='word_1_586' title='bbox 1898 5103 2024 5158; x_wconf 72' lang='lat' dir='ltr'>quae</span> 
     </span>
    </p>
   </div>
   <div class='ocr_carea' id='block_1_78' title="bbox 385 5169 2024 5247">
    <p class='ocr_par' dir='ltr' id='par_1_80' title="bbox 385 5169 2024 5247">
     <span class='ocr_line' id='line_1_86' title="bbox 385 5169 2024 5247; baseline 0.001 -20"><span class='ocrx_word' id='word_1_587' title='bbox 385 5171 833 5228; x_wconf 89' lang='lat' dir='ltr'>similitudinem</span> <span class='ocrx_word' id='word_1_588' title='bbox 881 5169 1000 5226; x_wconf 90' lang='lat' dir='ltr'>illis</span> <span class='ocrx_word' id='word_1_589' title='bbox 1047 5169 1254 5224; x_wconf 73' lang='lat' dir='ltr'>animae</span> <span class='ocrx_word' id='word_1_590' title='bbox 1298 5173 1686 5242; x_wconf 84' lang='lat' dir='ltr'>ﬁgurantibus</span> <span class='ocrx_word' id='word_1_591' title='bbox 1718 5175 2024 5247; x_wconf 84' lang='lat' dir='ltr'>retineant,</span> 
     </span>
    </p>
   </div>
   <div class='ocr_carea' id='block_1_79' title="bbox 385 5259 2023 5330">
    <p class='ocr_par' dir='ltr' id='par_1_81' title="bbox 385 5259 2023 5330">
     <span class='ocr_line' id='line_1_87' title="bbox 385 5259 2023 5330; baseline 0.002 -14"><span class='ocrx_word' id='word_1_592' title='bbox 385 5261 503 5316; x_wconf 83' lang='lat' dir='ltr'>sive</span> <span class='ocrx_word' id='word_1_593' title='bbox 534 5259 786 5316; x_wconf 83' lang='lat' dir='ltr'>naturali</span> <span class='ocrx_word' id='word_1_594' title='bbox 817 5259 1240 5330; x_wconf 89' lang='lat' dir='ltr'>compositione</span> <span class='ocrx_word' id='word_1_595' title='bbox 1287 5260 1377 5314; x_wconf 90' lang='lat' dir='ltr'>sui</span> <span class='ocrx_word' id='word_1_596' title='bbox 1427 5263 1694 5317; x_wconf 87' lang='lat' dir='ltr'>decenter</span> <span class='ocrx_word' id='word_1_597' title='bbox 1730 5269 2023 5330; x_wconf 89' lang='lat' dir='ltr'>ornatum,</span> 
     </span>
    </p>
   </div>
   <div class='ocr_carea' id='block_1_80' title="bbox 387 5346 2028 5420">
    <p class='ocr_par' dir='ltr' id='par_1_82' title="bbox 387 5346 2028 5420">
     <span class='ocr_line' id='line_1_88' title="bbox 387 5346 2028 5420; baseline 0.003 -17"><span class='ocrx_word' id='word_1_598' title='bbox 387 5365 486 5404; x_wconf 88' lang='lat' dir='ltr'>seu</span> <span class='ocrx_word' id='word_1_599' title='bbox 517 5352 714 5420; x_wconf 83' lang='lat' dir='ltr'>aliqua</span> <span class='ocrx_word' id='word_1_600' title='bbox 735 5348 998 5420; x_wconf 89' lang='lat' dir='ltr'>portione</span> <span class='ocrx_word' id='word_1_601' title='bbox 1019 5346 1401 5413; x_wconf 90' lang='lat' dir='ltr'>diminutum,</span> <span class='ocrx_word' id='word_1_602' title='bbox 1421 5350 1512 5403; x_wconf 91' lang='lat' dir='ltr'>sui</span> <span class='ocrx_word' id='word_1_603' title='bbox 1541 5357 1912 5408; x_wconf 87' lang='lat' dir='ltr'>monstruosa</span> <span class='ocrx_word' id='word_1_604' title='bbox 1934 5369 2028 5408; x_wconf 85' lang='lat' dir='ltr'>su-</span> 
     </span>
    </p>
   </div>
   <div class='ocr_carea' id='block_1_81' title="bbox 385 5436 2022 5514">
    <p class='ocr_par' dir='ltr' id='par_1_83' title="bbox 385 5436 2022 5514">
     <span class='ocr_line' id='line_1_89' title="bbox 385 5436 2022 5514; baseline 0.004 -24"><span class='ocrx_word' id='word_1_605' title='bbox 385 5439 711 5510; x_wconf 82' lang='lat' dir='ltr'>perﬂuitate</span> <span class='ocrx_word' id='word_1_606' title='bbox 743 5441 1210 5508; x_wconf 88' lang='lat' dir='ltr'>augmentatum,</span> <span class='ocrx_word' id='word_1_607' title='bbox 1244 5436 1516 5508; x_wconf 91' lang='lat' dir='ltr'>spiritum</span> <span class='ocrx_word' id='word_1_608' title='bbox 1559 5442 1658 5492; x_wconf 89' lang='lat' dir='ltr'>aut</span> <span class='ocrx_word' id='word_1_609' title='bbox 1704 5442 2022 5514; x_wconf 88' lang='lat' dir='ltr'>integrum,</span> 
     </span>
    </p>
   </div>
   <div class='ocr_carea' id='block_1_82' title="bbox 384 5524 2025 5598">
    <p class='ocr_par' dir='ltr' id='par_1_84' title="bbox 384 5524 2025 5598">
     <span class='ocr_line' id='line_1_90' title="bbox 384 5524 2025 5598; baseline 0.002 -16"><span class='ocrx_word' id='word_1_610' title='bbox 384 5530 484 5582; x_wconf 81' lang='lat' dir='ltr'>aut</span> <span class='ocrx_word' id='word_1_611' title='bbox 515 5527 742 5581; x_wconf 89' lang='lat' dir='ltr'>nullum</span> <span class='ocrx_word' id='word_1_612' title='bbox 775 5525 986 5580; x_wconf 89' lang='lat' dir='ltr'>habere</span> <span class='ocrx_word' id='word_1_613' title='bbox 1015 5524 1315 5580; x_wconf 89' lang='lat' dir='ltr'>videatur:</span> <span class='ocrx_word' id='word_1_614' title='bbox 1350 5529 1406 5581; x_wconf 91' lang='lat' dir='ltr'>et</span> <span class='ocrx_word' id='word_1_615' title='bbox 1436 5541 1500 5581; x_wconf 92' lang='lat' dir='ltr'>eo</span> <span class='ocrx_word' id='word_1_616' title='bbox 1531 5527 1882 5598; x_wconf 89' lang='lat' dir='ltr'>discedente,</span> <span class='ocrx_word' id='word_1_617' title='bbox 1915 5529 2025 5585; x_wconf 92' lang='lat' dir='ltr'>hoc</span> 
     </span>
    </p>
   </div>
   <div class='ocr_carea' id='block_1_83' title="bbox 383 5613 2024 5686">
    <p class='ocr_par' dir='ltr' id='par_1_85' title="bbox 383 5613 2024 5686">
     <span class='ocr_line' id='line_1_91' title="bbox 383 5613 2024 5686; baseline 0.002 -17"><span class='ocrx_word' id='word_1_618' title='bbox 383 5615 591 5684; x_wconf 89' lang='lat' dir='ltr'>imum,</span> <span class='ocrx_word' id='word_1_619' title='bbox 621 5615 774 5671; x_wconf 88' lang='lat' dir='ltr'>unde</span> <span class='ocrx_word' id='word_1_620' title='bbox 803 5616 1104 5686; x_wconf 90' lang='lat' dir='ltr'>sumptum</span> <span class='ocrx_word' id='word_1_621' title='bbox 1137 5617 1247 5678; x_wconf 87' lang='lat' dir='ltr'>est,</span> <span class='ocrx_word' id='word_1_622' title='bbox 1280 5618 1500 5686; x_wconf 82' lang='lat' dir='ltr'>repetat</span> <span class='ocrx_word' id='word_1_623' title='bbox 1526 5613 1904 5686; x_wconf 87' lang='lat' dir='ltr'>elementum,</span> <span class='ocrx_word' id='word_1_624' title='bbox 1926 5617 2024 5673; x_wconf 89' lang='lat' dir='ltr'>ille</span> 
     </span>
    </p>
   </div>
   <div class='ocr_carea' id='block_1_84' title="bbox 2137 4824 3780 4895">
    <p class='ocr_par' dir='ltr' id='par_1_86' title="bbox 2137 4824 3780 4895">
     <span class='ocr_line' id='line_1_92' title="bbox 2137 4824 3780 4895; baseline 0.002 -18"><span class='ocrx_word' id='word_1_625' title='bbox 2137 4824 2412 4895; x_wconf 87' lang='lat' dir='ltr'>projectis</span> <span class='ocrx_word' id='word_1_626' title='bbox 2442 4825 2628 4879; x_wconf 88' lang='lat' dir='ltr'>tribus</span> <span class='ocrx_word' id='word_1_627' title='bbox 2660 4826 3070 4880; x_wconf 85' lang='lat' dir='ltr'>tantummodo</span> <span class='ocrx_word' id='word_1_628' title='bbox 3101 4825 3360 4892; x_wconf 87' lang='lat' dir='ltr'>tesseris,</span> <span class='ocrx_word' id='word_1_629' title='bbox 3394 4843 3508 4882; x_wconf 88' lang='lat' dir='ltr'>non</span> <span class='ocrx_word' id='word_1_630' title='bbox 3543 4828 3614 4882; x_wconf 90' lang='lat' dir='ltr'>ad</span> <span class='ocrx_word' id='word_1_631' title='bbox 3662 4827 3780 4881; x_wconf 90' lang='lat' dir='ltr'>vim</span> 
     </span>
    </p>
   </div>
   <div class='ocr_carea' id='block_1_85' title="bbox 2136 4912 3782 4987">
    <p class='ocr_par' dir='ltr' id='par_1_87' title="bbox 2136 4912 3782 4987">
     <span class='ocr_line' id='line_1_93' title="bbox 2136 4912 3782 4987; baseline 0.001 -20"><span class='ocrx_word' id='word_1_632' title='bbox 2136 4912 2578 4981; x_wconf 86' lang='lat' dir='ltr'>elementorum,</span> <span class='ocrx_word' id='word_1_633' title='bbox 2595 4913 2693 4967; x_wconf 90' lang='lat' dir='ltr'>sed</span> <span class='ocrx_word' id='word_1_634' title='bbox 2716 4913 2785 4966; x_wconf 91' lang='lat' dir='ltr'>ad</span> <span class='ocrx_word' id='word_1_635' title='bbox 2807 4929 3100 4969; x_wconf 89' lang='lat' dir='ltr'>summam</span> <span class='ocrx_word' id='word_1_636' title='bbox 3120 4913 3297 4968; x_wconf 90' lang='lat' dir='ltr'>simul</span> <span class='ocrx_word' id='word_1_637' title='bbox 3315 4914 3584 4972; x_wconf 89' lang='lat' dir='ltr'>collatam</span> <span class='ocrx_word' id='word_1_638' title='bbox 3605 4916 3782 4987; x_wconf 89' lang='lat' dir='ltr'>respi-</span> 
     </span>
    </p>
   </div>
   <div class='ocr_carea' id='block_1_86' title="bbox 2135 4999 3777 5073">
    <p class='ocr_par' dir='ltr' id='par_1_88' title="bbox 2135 4999 3777 5073">
     <span class='ocr_line' id='line_1_94' title="bbox 2135 4999 3777 5073; baseline 0.003 -19"><span class='ocrx_word' id='word_1_639' title='bbox 2135 4999 2313 5067; x_wconf 88' lang='lat' dir='ltr'>ciens,</span> <span class='ocrx_word' id='word_1_640' title='bbox 2347 5004 2633 5072; x_wconf 89' lang='lat' dir='ltr'>quotquot</span> <span class='ocrx_word' id='word_1_641' title='bbox 2679 4999 2780 5055; x_wconf 87' lang='lat' dir='ltr'>tali</span> <span class='ocrx_word' id='word_1_642' title='bbox 2834 5003 3131 5072; x_wconf 90' lang='lat' dir='ltr'>repererit,</span> <span class='ocrx_word' id='word_1_643' title='bbox 3166 5007 3229 5057; x_wconf 91' lang='lat' dir='ltr'>ut</span> <span class='ocrx_word' id='word_1_644' title='bbox 3272 5002 3633 5073; x_wconf 66' lang='lat' dir='ltr'>prmlibatum</span> <span class='ocrx_word' id='word_1_645' title='bbox 3665 5009 3777 5072; x_wconf 90' lang='lat' dir='ltr'>est,</span> 
     </span>
    </p>
   </div>
   <div class='ocr_carea' id='block_1_87' title="bbox 2135 5082 3780 5163">
    <p class='ocr_par' dir='ltr' id='par_1_89' title="bbox 2135 5082 3780 5163">
     <span class='ocr_line' id='line_1_95' title="bbox 2135 5082 3780 5163; baseline 0.002 -19"><span class='ocrx_word' id='word_1_646' title='bbox 2135 5105 2377 5144; x_wconf 88' lang='lat' dir='ltr'>numero</span> <span class='ocrx_word' id='word_1_647' title='bbox 2401 5089 2726 5156; x_wconf 83' lang='lat' dir='ltr'>redimitae,</span> <span class='ocrx_word' id='word_1_648' title='bbox 2745 5088 3091 5160; x_wconf 88' lang='lat' dir='ltr'>gloriabitur</span> <span class='ocrx_word' id='word_1_649' title='bbox 3112 5107 3174 5146; x_wconf 91' lang='lat' dir='ltr'>se</span> <span class='ocrx_word' id='word_1_650' title='bbox 3196 5091 3493 5163; x_wconf 90' lang='lat' dir='ltr'>possidere</span> <span class='ocrx_word' id='word_1_651' title='bbox 3512 5082 3780 5148; x_wconf 74' lang='lat' dir='ltr'>virtutes.</span> 
     </span>
    </p>
   </div>
   <div class='ocr_carea' id='block_1_88' title="bbox 2207 5177 3781 5251">
    <p class='ocr_par' dir='ltr' id='par_1_90' title="bbox 2207 5177 3781 5251">
     <span class='ocr_line' id='line_1_96' title="bbox 2207 5177 3781 5251; baseline 0.002 -19"><span class='ocrx_word' id='word_1_652' title='bbox 2207 5178 2334 5232; x_wconf 64' lang='lat' dir='ltr'>Haec</span> <span class='ocrx_word' id='word_1_653' title='bbox 2364 5177 2559 5233; x_wconf 90' lang='lat' dir='ltr'>taliter</span> <span class='ocrx_word' id='word_1_654' title='bbox 2589 5178 2720 5246; x_wconf 90' lang='lat' dir='ltr'>tibi,</span> <span class='ocrx_word' id='word_1_655' title='bbox 2753 5177 2954 5246; x_wconf 89' lang='lat' dir='ltr'>lector,</span> <span class='ocrx_word' id='word_1_656' title='bbox 2988 5178 3395 5251; x_wconf 86' lang='lat' dir='ltr'>proponimus,</span> <span class='ocrx_word' id='word_1_657' title='bbox 3427 5184 3492 5235; x_wconf 89' lang='lat' dir='ltr'>ut</span> <span class='ocrx_word' id='word_1_658' title='bbox 3539 5179 3588 5235; x_wconf 87' lang='lat' dir='ltr'>si</span> <span class='ocrx_word' id='word_1_659' title='bbox 3638 5179 3781 5251; x_wconf 88' lang='lat' dir='ltr'>quid</span> 
     </span>
    </p>
   </div>
   <div class='ocr_carea' id='block_1_89' title="bbox 2135 5265 3781 5341">
    <p class='ocr_par' dir='ltr' id='par_1_91' title="bbox 2135 5265 3781 5341">
     <span class='ocr_line' id='line_1_97' title="bbox 2135 5265 3781 5341; baseline 0.002 -20"><span class='ocrx_word' id='word_1_660' title='bbox 2135 5265 2318 5338; x_wconf 76' lang='lat' dir='ltr'>stylus</span> <span class='ocrx_word' id='word_1_661' title='bbox 2347 5265 2541 5336; x_wconf 86' lang='lat' dir='ltr'>exigit,</span> <span class='ocrx_word' id='word_1_662' title='bbox 2579 5265 2802 5320; x_wconf 89' lang='lat' dir='ltr'>utiliter</span> <span class='ocrx_word' id='word_1_663' title='bbox 2835 5273 3132 5330; x_wconf 88' lang='lat' dir='ltr'>annectas,</span> <span class='ocrx_word' id='word_1_664' title='bbox 3166 5273 3268 5323; x_wconf 91' lang='lat' dir='ltr'>aut</span> <span class='ocrx_word' id='word_1_665' title='bbox 3308 5269 3650 5341; x_wconf 82' lang='lat' dir='ltr'>corrigendo</span> <span class='ocrx_word' id='word_1_666' title='bbox 3682 5271 3781 5324; x_wconf 88' lang='lat' dir='ltr'>de-</span> 
     </span>
    </p>
   </div>
   <div class='ocr_carea' id='block_1_90' title="bbox 2133 5353 3780 5426">
    <p class='ocr_par' dir='ltr' id='par_1_92' title="bbox 2133 5353 3780 5426">
     <span class='ocr_line' id='line_1_98' title="bbox 2133 5353 3780 5426; baseline 0.002 -16"><span class='ocrx_word' id='word_1_667' title='bbox 2133 5355 2332 5410; x_wconf 87' lang='lat' dir='ltr'>trahas</span> <span class='ocrx_word' id='word_1_668' title='bbox 2358 5379 2371 5420; x_wconf 86' lang='lat'><strong>;</strong></span> <span class='ocrx_word' id='word_1_669' title='bbox 2405 5354 2549 5408; x_wconf 89' lang='lat' dir='ltr'>nihil</span> <span class='ocrx_word' id='word_1_670' title='bbox 2573 5360 2768 5409; x_wconf 88' lang='lat' dir='ltr'>tamen</span> <span class='ocrx_word' id='word_1_671' title='bbox 2798 5353 3176 5426; x_wconf 71' lang='lat' dir='ltr'>blasphemiae</span> <span class='ocrx_word' id='word_1_672' title='bbox 3199 5356 3454 5425; x_wconf 86' lang='lat' dir='ltr'>inferas;</span> <span class='ocrx_word' id='word_1_673' title='bbox 3488 5362 3543 5413; x_wconf 89' lang='lat' dir='ltr'>et</span> <span class='ocrx_word' id='word_1_674' title='bbox 3573 5362 3622 5413; x_wconf 89' lang='lat' dir='ltr'>si</span> <span class='ocrx_word' id='word_1_675' title='bbox 3653 5357 3780 5413; x_wconf 86' lang='lat' dir='ltr'>lau-</span> 
     </span>
    </p>
   </div>
   <div class='ocr_carea' id='block_1_91' title="bbox 2134 5441 3778 5514">
    <p class='ocr_par' dir='ltr' id='par_1_93' title="bbox 2134 5441 3778 5514">
     <span class='ocr_line' id='line_1_99' title="bbox 2134 5441 3778 5514; baseline 0.004 -18"><span class='ocrx_word' id='word_1_676' title='bbox 2134 5444 2269 5497; x_wconf 88' lang='lat' dir='ltr'>dare</span> <span class='ocrx_word' id='word_1_677' title='bbox 2297 5441 2575 5507; x_wconf 88' lang='lat' dir='ltr'>nolueris,</span> <span class='ocrx_word' id='word_1_678' title='bbox 2601 5458 2672 5496; x_wconf 90' lang='lat' dir='ltr'>ne</span> <span class='ocrx_word' id='word_1_679' title='bbox 2705 5442 3028 5513; x_wconf 88' lang='lat' dir='ltr'>disperdas.</span> <span class='ocrx_word' id='word_1_680' title='bbox 3057 5445 3219 5509; x_wconf 87' lang='lat' dir='ltr'>Quod</span> <span class='ocrx_word' id='word_1_681' title='bbox 3248 5443 3296 5499; x_wconf 90' lang='lat' dir='ltr'>si</span> <span class='ocrx_word' id='word_1_682' title='bbox 3328 5443 3508 5502; x_wconf 88' lang='lat' dir='ltr'>ludus</span> <span class='ocrx_word' id='word_1_683' title='bbox 3534 5445 3778 5514; x_wconf 86' lang='lat' dir='ltr'>vilescit,</span> 
     </span>
    </p>
   </div>
   <div class='ocr_carea' id='block_1_92' title="bbox 2134 5531 3780 5603">
    <p class='ocr_par' dir='ltr' id='par_1_94' title="bbox 2134 5531 3780 5603">
     <span class='ocr_line' id='line_1_100' title="bbox 2134 5531 3780 5603; baseline 0.004 -18"><span class='ocrx_word' id='word_1_684' title='bbox 2134 5536 2234 5585; x_wconf 91' lang='lat' dir='ltr'>aut</span> <span class='ocrx_word' id='word_1_685' title='bbox 2265 5531 2458 5586; x_wconf 88' lang='lat' dir='ltr'>animo</span> <span class='ocrx_word' id='word_1_686' title='bbox 2480 5531 2716 5586; x_wconf 83' lang='lat' dir='ltr'>taedium</span> <span class='ocrx_word' id='word_1_687' title='bbox 2740 5531 2947 5603; x_wconf 85' lang='lat' dir='ltr'>gignit,</span> <span class='ocrx_word' id='word_1_688' title='bbox 2977 5531 3182 5588; x_wconf 86' lang='lat' dir='ltr'>saltem</span> <span class='ocrx_word' id='word_1_689' title='bbox 3206 5550 3591 5591; x_wconf 90' lang='lat' dir='ltr'>numerorum</span> <span class='ocrx_word' id='word_1_690' title='bbox 3615 5534 3780 5592; x_wconf 91' lang='lat' dir='ltr'>utilis</span> 
     </span>
    </p>
   </div>
   <div class='ocr_carea' id='block_1_93' title="bbox 2135 5619 3779 5696">
    <p class='ocr_par' dir='ltr' id='par_1_95' title="bbox 2135 5619 3779 5696">
     <span class='ocr_line' id='line_1_101' title="bbox 2135 5619 3779 5696; baseline 0.002 -20"><span class='ocrx_word' id='word_1_691' title='bbox 2135 5619 2406 5692; x_wconf 86' lang='lat' dir='ltr'>coaptatio</span> <span class='ocrx_word' id='word_1_692' title='bbox 2416 5619 2817 5692; x_wconf 89' lang='lat' dir='ltr'>virtutumque</span> <span class='ocrx_word' id='word_1_693' title='bbox 2829 5619 3134 5692; x_wconf 86' lang='lat' dir='ltr'>diligibilis</span> <span class='ocrx_word' id='word_1_694' title='bbox 3147 5621 3584 5696; x_wconf 87' lang='lat' dir='ltr'>inquisitio,nec</span> <span class='ocrx_word' id='word_1_695' title='bbox 3597 5625 3779 5684; x_wconf 81' lang='lat' dir='ltr'>otiosa</span> 
     </span>
    </p>
   </div>
  </div>
