4030 5310
352 287 419 347 Η
1332 288 1670 349 ATTONIS
1716 287 2305 349 VERCELLENSIS
2350 288 2772 350 EPISCOPUS
3687 290 3764 347 12

348 445 543 518 aliquo
575 448 832 518 repetere
865 446 997 517 quis
1029 462 1198 517 posse
1236 447 1496 504 videtur:
1531 464 1665 502 nam
1698 464 1764 502 ex
1798 447 1986 519 ipsius
2016 450 2069 514 Α
2102 447 2452 502 exstinctum
2487 446 2775 511 incendio,
2827 462 2929 500 nec
2989 462 3386 502 successorem
3442 451 3766 519 propterea

350 539 720 603 testamento,
753 536 908 606 quod
934 552 1094 591 num.
1125 536 1191 589 10
1213 538 1550 603 referemus,
1577 542 1733 608 patet
1755 538 1990 591 fratrem

350 624 399 679 ei
425 624 605 678 fuisse
627 628 947 693 Aupertum
968 624 1223 691 nomine,
1244 629 1299 679 et
1320 625 1833 695 Longobardorum
1858 625 1993 697 legi-

352 714 463 768 bus
493 729 561 767 ex
586 712 820 767 natione
839 712 1050 768 vixisse
1077 728 1089 768 :
1113 714 1273 784 atqui
1303 714 1552 779 Attonis,
1585 714 1847 785 Auperti,
1881 715 1993 769 his-

352 817 465 873 que
496 800 714 855 similia
757 801 995 855 nomina
1042 809 1273 871 gentem
1324 803 1482 856 illam
1528 804 1799 873 sapiunt:
1834 804 2019 874 leges‘

298 906 327 947 ὀ
383 890 547 957 tiam,
581 895 637 944 et
659 906 868 959 mores,
893 892 1107 961 quibus
1130 892 1262 961 quis
1284 892 1440 958 vivit,
1468 909 1585 963 qua
1606 893 1674 947 de
1699 898 1867 963 gente
1892 893 1987 961 sit,

351 976 586 1049 aliquod
616 977 805 1033 solent
836 979 1088 1050 prabere
1118 978 1421 1035 indicium.

421 1066 518 1122 III.
551 1065 696 1122 Illud
720 1083 890 1138 porro
912 1067 1307 1123 indubitatum
1330 1074 1437 1134 est,
1464 1074 1738 1125 Attonem
1766 1068 1990 1124 Vercel-

350 1154 537 1211 larum
551 1155 892 1228 episcopum
907 1162 1165 1212 creatum
1182 1158 1361 1213 fuisse
1379 1174 1530 1213 anno
1549 1158 1990 1230 nongentesimo

346 1243 627 1317 vigesimo
661 1248 888 1316 quarto,
920 1245 1323 1317 Ragemberto,
1359 1246 1449 1302 cui
1475 1248 1734 1319 proxime
1766 1262 1991 1302 succes-

347 1333 443 1401 sit,
476 1340 679 1403 quarto
712 1335 848 1389 ldus
889 1335 1082 1389 Martii
1113 1336 1374 1406 ejusdem
1426 1336 1561 1390 anni
1597 1336 1804 1406 Papia,
1843 1336 1990 1390 facto

347 1424 418 1478 ab
450 1423 740 1495 Hungaris
771 1422 1057 1487 incendio,
1092 1440 1122 1478 e
1155 1424 1296 1478 vivis
1329 1425 1559 1480 sublato
1592 1426 1687 1496 (2).

417 1511 609 1567 Sacris
638 1510 841 1566 infulis
863 1529 928 1566 eo
960 1529 1111 1567 anno
1133 1513 1469 1567 decoratum
1494 1517 1762 1568 Attonem
1798 1513 1990 1568 Eccle-

345 1599 442 1656 sia
477 1605 685 1655 nostra
716 1600 1051 1655 cathedram
1085 1603 1439 1667 ascendisse,
1484 1604 1695 1657 invicto
1729 1608 1867 1657 sunt
1898 1619 1989 1657 ar-

346 1695 643 1761 gumento,
677 1689 1039 1761 autographa
1089 1690 1478 1746 instrumenta
1526 1693 1855 1746 donationis
1888 1693 1989 1762 (3),

349 1795 465 1850 qua
493 1779 695 1834 eadem
728 1778 876 1832 hanc
925 1778 1242 1834 Ecclesiam
1273 1780 1614 1849 cumulavit,
1648 1781 1989 1850 consignata

350 1884 500 1923 anno
516 1867 1252 1923 incarnationisDominica
1268 1869 1734 1941 nongentissimo
1752 1870 1903 1940 quad
1914 1885 1997 1923 ra-

349 1956 571 2030 gesimo
594 1956 819 2027 quinto,
847 1957 1220 2026 pontificatus
1245 1962 1438 2012 autem
1462 1959 1691 2013 Attonis
1721 1958 1995 2013 vicesimo

350 2044 561 2117 primo.
577 2046 710 2101 Jam
729 2045 906 2112 enim,
927 2046 975 2100 si
998 2062 1064 2100 ex
1080 2047 1391 2118 nongentis
1409 2046 1798 2117 quadraginta
1831 2047 1997 2118 quin-

353 2150 465 2205 que
493 2134 662 2189 annis
695 2150 728 2189 a
754 2134 1056 2189 Dominica
1087 2135 1486 2190 incarnatione
1510 2136 1870 2190 subtraxeris
1900 2153 1997 2189 an-

352 2238 453 2278 nos
470 2222 677 2294 viginti
698 2227 753 2277 et
768 2239 949 2277 unum
964 2224 1357 2293 pontiﬁcatus,
1378 2225 1448 2277 ad
1466 2240 1684 2278 annum
1699 2223 1995 2279 reduceris

352 2310 866 2383 nongentesimum
896 2310 1237 2366 vicesimum
1271 2318 1569 2382 quartum.

421 2400 566 2456 Hinc
594 2400 831 2471 colliges
861 2417 892 2455 a
934 2417 1065 2456 vero
1115 2400 1329 2456 abiisse
1382 2401 1687 2473 Ughellum
1722 2403 1817 2473 (4),
1853 2404 1994 2458 dum

353 2489 707 2545 Vercellensi
740 2489 1001 2543 Ecclesia
1045 2507 1197 2544 anno
1253 2492 1693 2561 nungentesimo
1719 2493 1995 2547 vicesimo

357 2578 560 2650 quinto
593 2578 893 2649 prafuisse
924 2578 1299 2649 Norgandum
1334 2580 1602 2634 asseruit.

430 2667 523 2723 1V.
558 2668 757 2722 Eidem
788 2667 1095 2739 Norgando
1143 2668 1401 2739 proxime
1451 2671 1805 2725 successisse
1837 2673 1997 2725 Atto-

357 2774 514 2823 nem,
548 2757 931 2829 Ragemberto
953 2758 1023 2811 ad
1047 2756 1320 2812 saculum
1346 2758 1758 2813 duodecimum
1792 2760 1996 2827 misso,

357 2853 559 2903 auctor
586 2852 674 2901 est
696 2849 950 2901 Joannes
980 2845 1310 2916 Stephanus
1361 2847 1677 2915 Ferrerius,
1714 2847 1997 2902 Vercella-

357 2952 490 2991 rum
521 2941 576 2991 et
602 2935 725 3006 ipse
746 2934 1055 3006 episcopus
1077 2936 1175 3005 (5),
1203 2936 1587 2990 antecesseris
1612 2937 1702 2989 sui
1735 2936 1998 2990 Bonomii

359 3024 658 3080 Tabellam
687 3024 764 3096 (6)
796 3028 1161 3095 prosecutus,
1182 3024 1395 3093 quibus
1419 3024 1732 3079 novissime
1754 3025 2000 3079 accessit

358 3113 724 3169 clarissimus
757 3113 937 3168 lricus
968 3113 1027 3167 in
1060 3112 1314 3167 Historia
1342 3113 1691 3167 Tridinensi.

2104 534 2379 590 habuisse
2402 538 2669 591 Attonem
2700 536 2901 590 eodem
2959 534 3209 588 incendii
3243 552 3394 590 anno
3427 537 3619 590 sacris
3657 536 3766 590 de-

2104 631 2365 678 coratum
2399 625 2625 679 infulis.

2174 713 2241 768 V.
2282 720 2467 784 Longe
2496 714 2760 784 graviora
2784 717 2921 767 sunt
2952 713 3009 766 in
3038 714 3186 768 hanc
3212 731 3330 768 rem
3367 719 3769 770 monumenta

2104 803 2238 861 duo,
2264 804 2479 872 quibus
2505 810 2699 873 aperte
2722 801 3045 867 conﬁcitur,
3076 803 3529 873 Ragembartum
3560 804 3763 874 proxi-

2105 891 2215 943 mis
2247 897 2379 944 ante
2418 897 2682 945 Attonem
2717 892 2885 945 annis
2921 890 3234 945 Ecclesium
3270 893 3486 948 rexisse
3520 893 3766 948 Vercel-

2102 979 2327 1033 lensem
2351 1004 2364 1045 ;
2392 998 2635 1051 quaque
2661 998 2726 1035 eo
2751 979 3048 1034 lubentius
3076 982 3329 1051 proferre
3350 982 3765 1053 aggredimur,

2104 1068 2256 1138 quod
2280 1069 2506 1123 erudito
2539 1069 2750 1140 cuique
2776 1070 3032 1139 optanda
3064 1070 3269 1125 merito
3300 1070 3632 1125 videantur.

2178 1155 2435 1211 Primum
2467 1161 2555 1212 est
2601 1156 2849 1228 epistola
2896 1158 3147 1213 formata
3193 1175 3366 1229 quam
3410 1175 3477 1214 ex
3509 1159 3767 1231 antiquo

2103 1243 2342 1298 archivii
2376 1245 2556 1300 nostri
2591 1245 2787 1300 codice
2812 1245 2961 1315 sign.
2997 1262 3160 1301 num.
3194 1247 3284 1314 53,
3308 1247 3616 1302 Canonum
3648 1246 3769 1303 col-

2102 1332 2414 1387 lectionem
2447 1352 2563 1387 una
2585 1350 2716 1388 cum
2742 1334 2965 1405 aliquot
2987 1335 3238 1400 Attonis,
3263 1336 3563 1407 opusculis
3598 1353 3767 1391 com-

2102 1423 2385 1491 plectente
2404 1423 2866 1493 desumpsimus,
2896 1440 3191 1494 quamque
3213 1430 3267 1477 et
3289 1426 3500 1480 saculo
3524 1427 3765 1481 decimo

2103 1510 2470 1581 scriptam,et
2493 1513 2721 1565 Attonis
2745 1512 2930 1582 ipsius
2949 1514 3120 1580 jussu
3146 1529 3277 1566 eum
3304 1514 3358 1566 in
3384 1516 3648 1569 codicem
3677 1531 3766 1570 re-

2106 1599 2521 1666 latam,suadet
2536 1602 2719 1655 forma
2734 1601 3133 1655 characterum
3150 1602 3426 1656 saculum
3446 1602 3646 1674 ipsum
3666 1622 3765 1659 sa-

2104 1688 2290 1758 piens,
2318 1695 2373 1741 et
2405 1706 2537 1743 cum
2568 1689 3011 1743 Attonianorum
3045 1706 3289 1760 operum
3315 1693 3766 1748 characteribus

2104 1794 2342 1847 prorsus
2373 1779 2576 1831 eadem
2609 1779 2708 1849 (7),
2744 1778 2824 1832 En
2852 1777 3281 1849 praclarissimi
3305 1781 3601 1853 exemplar
3633 1798 3768 1837 mo-

2110 1866 2374 1919 numenti
2408 1883 2476 1920 ex
2506 1867 2865 1937 autographo
2899 1867 2966 1921 ad
3001 1866 3285 1921 amussim
3315 1876 3613 1922 exaratum
3646 1887 3659 1924 :

2107 1977 2133 2003 ‹‹
2171 1954 2369 2027 Incipit
2400 1956 2650 2025 epistola,
2702 1971 2867 2025 quam
2905 1971 3019 2009 mos
3071 1956 3297 2010 Latinus
3324 1959 3615 2026 formatam
3650 1974 3760 2027 ap-

2176 2026 2367 2149 peflatt,
2400 2044 2432 2080 a
2462 2029 2661 2081 sanctis
2711 2028 2968 2081 Patribus
3018 2028 3075 2080 in
3123 2029 3353 2083 Nicana
3392 2028 3595 2098 synodo
3623 2026 3758 2085 con-

2176 2106 2245 2150 stz
2276 2114 2304 2150 τι
2334 2115 2386 2151 a.

2178 2187 2208 2219 ι
2240 2170 2301 2222 In
2336 2168 2569 2224 nomine
2601 2168 2812 2235 Patris,
2839 2173 2895 2222 et
2927 2168 3073 2235 Filii,
3098 2172 3155 2224 et
3183 2168 3436 2240 Spiritus
3468 2170 3683 2226 sancti.

2528 2333 2553 2360 ‹‹
2588 2314 2909 2365 U‘I‘CHPNAK
2941 2312 3015 2381 (8)
3048 2310 3194 2365 Mille
3222 2257 3331 2366 xxi:

2184 2422 2202 2446 ι
2242 2399 2749 2469 Reverentissimo,
2772 2398 3048 2469 omnique
3071 2416 3236 2453 sacra
3264 2398 3633 2455 veneratione
3660 2418 3761 2457 co-

2104 2486 2272 2541 lendo
2306 2488 2454 2541 Patri
2490 2489 2728 2542 Andrea
2761 2493 2973 2542 sancta
3004 2488 3452 2542 Mediolanensis
3484 2488 3759 2545 Ecclesia

2109 2576 2564 2649 archiepiscopo,
2618 2577 3042 2647 ltagembertus
3093 2583 3304 2630 sancta
3365 2577 3760 2655 Vercellensis

2107 2666 2373 2720 Ecclesia
2403 2665 2643 2720 humilis
2666 2666 2995 2736 episcopus,
3023 2671 3451 2736 prasentem,et
3470 2673 3754 2722 aternam

2107 2755 2163 2806 in
2200 2754 2443 2809 Domino
2473 2754 2830 2809 felicitatem.
2866 2755 3012 2818 Quia
3041 2755 3224 2809 sacris
3250 2755 3513 2825 apicibus
3543 2758 3756 2812 vestris

2107 2841 2471 2897 Walfredum
2528 2843 2793 2898 Ecclesia
2854 2848 3063 2898 nostra
3113 2843 3535 2898 subdiaconum
3588 2846 3757 2901 vobis

2109 2932 2570 2986 consecrandum
2590 2932 2855 2987 Ecclesia
2874 2931 3279 3002 Eporrediensi
3302 2933 3371 2986 ad
3393 2937 3587 2986 votum
3611 2934 3757 2988 cleri

2108 3026 2165 3074 et
2192 3019 2708 3091 populiprasulem
2739 3020 3036 3091 expetistis
3067 3036 3079 3073 :
3107 3020 3316 3075 nefasa
3342 3020 3507 3075 nobis
3531 3020 3756 3092 aliquid

2111 3110 2329 3163 sanctis
2364 3108 2744 3179 petitionibus
2790 3108 2998 3163 vestris
3046 3109 3317 3179 denegari
3350 3110 3755 3177 exstimantes,

429 3202 528 3258 His
561 3202 913 3275 opponimus
944 3201 1425 3273 antiquissimum
1451 3202 1881 3271 Necrologium,
1905 3219 1999 3256 no-
2029 3191 2072 3253 C
2104 3198 2271 3266 juxta
2287 3214 2565 3260 amorem,
2590 3202 2645 3249 et
2670 3198 3049 3249 reverentiam
3066 3198 3355 3247 canonica
3374 3195 3755 3260 deﬁnitionis,

356 3297 569 3361 atrum,
610 3291 708 3345 ubi
757 3291 827 3344 de
883 3290 1192 3359 Norgando
1238 3289 1543 3359 legimus:
1577 3305 1609 3340 ν
1665 3290 1785 3341 Kal.
1838 3290 1993 3342 Mart.

353 3378 839 3437 obiitveneranda
893 3378 1176 3431 memoriae
1230 3376 1551 3445 Norgandus
1609 3375 1770 3447 hujus
1816 3378 1995 3431 Eccle-

348 3469 451 3525 siae
507 3468 802 3538 episcopus,
864 3466 959 3536 qui
1026 3466 1313 3519 canonicos
1371 3464 1666 3531 ordinavit,
1724 3473 1776 3518 et
1833 3464 1998 3531 huius

349 3556 607 3612 Ecclesiae
635 3554 851 3611 ordines
898 3554 1202 3607 nobilitatis
1250 3554 1519 3606 instituit.
1571 3551 1717 3606 Nam
1760 3558 1996 3623 prater-

351 3662 529 3717 quam
561 3644 716 3715 quod
746 3641 1059 3698 verisimile
1092 3658 1205 3696 non
1248 3646 1356 3708 est,
1392 3640 1714 3712 Necrologii
1747 3642 1998 3712 scripto-

352 3752 473 3791 rem
506 3733 874 3805 deploranda
908 3730 1113 3785 mortis
1144 3747 1328 3802 genus
1362 3730 1543 3784 fuisse
1574 3731 1999 3800 pratermissu-

355 3840 510 3891 rum,
558 3823 605 3878 si
664 3820 932 3892 Papiensi
989 3819 1252 3874 incendio
1312 3818 1580 3890 periisset
1629 3818 1997 3889 Norgandus,

358 3912 514 3968 haud
548 3911 797 3966 coharet
843 3909 965 3964 dies
996 3910 1055 3962 in
1102 3908 1437 3979 Necrologio
1490 3913 1688 3961 notata
1719 3924 1851 3961 cum
1885 3909 1998 3977 die,

362 4003 435 4057 ad
468 4016 644 4073 quam
677 3998 1072 4071 Luitprandus
1120 4013 1342 4052 coavus
1386 3996 1636 4068 scriptor
1666 3996 2002 4052 incendium

364 4092 558 4157 refert,
590 4091 662 4146 ad
693 4107 747 4144 ιν
803 4088 1024 4145 scilicet
1054 4087 1191 4141 ldus
1249 4086 1435 4141 Martii
1475 4103 1567 4142 an.
1628 4087 1750 4140 921i.
1788 4089 2002 4151 Quam-

362 4180 563 4237 obrem
594 4183 745 4235 recte
776 4176 1150 4243 concluseris,
1184 4175 1561 4246 Norgandum
1595 4190 1699 4229 nec
1730 4174 2003 4245 praedicto

436 4341 513 4413 (2)
543 4340 675 4395 Vid.
710 4339 989 4395 Frodoad.
1022 4338 1081 4392 in
1114 4336 1349 4407 Chron.,
1395 4341 1451 4391 et
1480 4336 1819 4407 Luitprand.
1853 4336 1982 4391 Hist

367 4414 445 4469 ib.
481 4429 562 4483 III,
596 4428 721 4483 cap.
755 4417 812 4465 et
844 4427 944 4481 seq

434 4454 445 4468 .
481 4429 562 4483 III,
596 4428 721 4483 cap.
755 4427 812 4465 et
844 4427 1005 4535 seqq;

433 4484 508 4555 (3)
537 4486 925 4555 Asservantur
1014 4497 1091 4535 ac
1122 4480 1181 4534 in
1215 4478 1469 4555 archivio
1514 4482 1731 4546 nostro,
1767 4494 2005 4534 eorum-

363 4554 796 4627 que’exemplar
824 4554 1142 4608 referemus
1174 4568 1336 4605 num.
1371 4554 1424 4605 8.

453 4628 505 4696 4)
538 4625 599 4680 In
631 4625 756 4681 Ital.
786 4641 935 4681 sacr.

453 4632 505 4696 4)
538 4632 599 4680 1n
631 4632 756 4681 Ital.
786 4641 935 4681 sacr.

534 4696 694 4801 Idume).
726 4698 958 4761 Euseh.,
1017 4698 1073 4750 et
1104 4695 1231 4765 ejus
1275 4709 1596 4748 successor.
1644 4692 1774 4747 Vita
1807 4690 1997 4746 Roma

359 4770 515 4825 edita
547 4770 704 4824 1602.

430 4842 505 4912 (6)
538 4843 757 4911 Adjcct.
794 4839 864 4912 ad
897 4836 1205 4912 Collectan.
1232 4836 1393 4912 edita
1425 4835 1583 4912 de_S.
1620 4833 1888 4888 Eusebio.

430 4843 484 4912 (6
538 4843 757 4911 Adjcct.
794 4843 864 4893 ad
897 4843 1205 4893 Collectan.
1239 4843 1393 4891 edita
1425 4843 1494 4889 de
1526 4843 1583 4889 δ.
1620 4843 1888 4888 Eusebio.

430 4843 505 4983 (7)
541 4913 599 4966 In
662 4914 773 4966 fine
832 4910 1010 4982 hujus
1062 4908 1277 4963 codicis
1335 4907 1393 4960 hi
1447 4906 1623 4960 etiam
1681 4903 1997 4960 versusle-

360 4990 596 5055 guntur.

422 5092 558 5147 Atto,
590 5089 683 5137 tibi
708 5087 919 5151 prasui,
950 5091 1132 5151 ternos
1162 5099 1259 5145 ego
1296 5083 1513 5131 confero
1544 5082 1722 5139 libros,

486 5152 677 5200 Eusebi
710 5150 925 5213 martyr,
957 5150 1165 5211 suscipe
1197 5152 1337 5213 vota,
1375 5159 1522 5213 rogo.

424 5216 629 5265 Primus
660 5215 819 5262 habet
847 5205 1078 5271 glessas:
1103 5205 1341 5273 psalmos
1365 5210 1654 5273 pertractat
1685 5209 1736 5255 et
1765 5205 1898 5254 alter
1923 5219 1933 5258 :

485 5278 689 5310 Τηνηηα
719 5275 948 5310 ηΗῖι-ἰηιη
982 5271 1185 5310 iliaca—rit
1223 5285 1377 5310 nmnn
1410 5271 1641 5310 Patrum-

2108 3300 2292 3352 usque
2324 3284 2395 3335 ad
2440 3284 2686 3352 gradum
2740 3280 3105 3335 subdiaconii
3154 3286 3486 3334 nostrorum
3534 3283 3755 3352 praede-

2107 3386 2339 3425 cessoru
2353 3387 2404 3423 m
2422 3370 2812 3424 sollicitudine
2827 3374 3159 3438 promutum
3172 3413 3184 3437 ,
3208 3369 3540 3440 paternitati
3553 3377 3755 3425 vestra

2108 3460 2175 3513 ad
2202 3458 2592 3529 epiSCOpalem
2616 3458 2975 3524 cathedram,
3001 3457 3245 3513 Domino
3272 3458 3753 3530 adminiculante,

2108 3549 2483 3602 concedimus
2517 3547 3083 3618 promovendum.Ne
3106 3563 3240 3618 ergo
3266 3548 3334 3601 de
3357 3548 3543 3618 ipsius
3567 3554 3756 3604 trans-

2109 3644 2234 3691 acta
2265 3636 2722 3699 conversatione,
2747 3635 2864 3690 sive
2888 3637 3154 3707 praesenti
3185 3638 3559 3693 concessione
3583 3639 3753 3709 quid-

2110 3725 2263 3798 piam
2297 3725 2543 3780 almitati
2566 3731 2769 3781 vestra
2794 3740 3029 3779 necesse
3053 3724 3129 3779 sit
3152 3724 3465 3797 ambigere,
3500 3743 3753 3797 prasen-

2109 3815 2269 3869 tibus
2300 3814 2653 3867 humilitatis
2676 3818 2885 3867 nostra
2908 3813 3119 3867 litteris
3144 3830 3276 3868 eum
3304 3814 3616 3885 prosecuti,
3648 3832 3751 3870 su-

2113 3921 2284 3971 mus;
2318 3904 2532 3974 quibus
2591 3902 2758 3956 illum
2811 3902 2869 3955 in
2931 3909 3304 3957 sacrosancta
3350 3903 3646 3973 religione,
3692 3903 3753 3957 in

2112 3997 2395 4062 quantum
2430 3991 2845 4059 audivimus,et
2867 3990 3264 4061 cognovimus,
3291 3996 3465 4061 atque
3498 3990 3758 4046 humana

2115 4080 2397 4151 fragilitas
2428 4080 2738 4134 exstimare
2764 4079 3002 4143 sul‘licit,
3034 4078 3318 4133 hactenus
3349 4086 3756 4135 conversatum

2117 4170 2296 4225 fuisse
2316 4170 2977 4236 testiﬁcamur,eumque
2998 4167 3069 4221 ad
3096 4168 3152 4220 id
3176 4166 3571 4222 ministerium
3597 4184 3759 4239 pera-

2179 4294 2230 4344 Si
2269 4294 2389 4356 quis
2416 4292 2553 4356 forte
2585 4303 2750 4353 rapax
2781 4293 2990 4356 par_tem
3019 4289 3331 4356 subduxerit
3358 4290 3539 4352 ullam,

2239 4352 2441 4404 sentiet
2469 4355 2593 4401 hinc
2624 4352 2828 4414 poenas,
2860 4352 3271 4415 Tartareumque
3302 4353 3494 4400 locum.

2181 4420 2325 4469 Alter
2355 4418 2454 4464 erit
2476 4416 2660 4476 Judas)
2693 4414 2898 4463 Dathan
2927 4414 3033 4463 erit
3058 4414 3199 4463 alter
3221 4415 3454 4477 Abyron,

2242 4478 2508 4543 Exspoliat
2537 4480 2578 4525 si
2610 4478 2728 4540 quis
2758 4477 2956 4541 templa
2985 4477 3164 4525 divina
3185 4477 3358 4525 bonis.

3034 4574 3053 4613 1

2181 4633 2256 4705 (8)
2288 4632 2578 4705 Numerus
2610 4628 2701 4681 hic
2741 4629 2913 4705 (mille
2960 4644 3068 4681 xxx
3114 4627 3365 4705 nigriori
3406 4630 3749 4705 atramento,

2111 4698 2471 4771 diversisque
2494 4700 2790 4770 aliquanto
2809 4699 3264 4764 characteribus,
3289 4698 3491 4753 charta
3511 4698 3753 4771 insuper

2113 4770 2409 4845 aliquanto
2442 4788 2618 4841 super
2642 4771 2874 4845 abrasa,
2910 4772 3165 4845 scriptus
3200 4772 3433 4841 legitur,
3467 4770 3563 4825 ubi
3600 4774 3752 4845 _t'or_te

2112 4841 2337 4901 rectiori
2355 4842 2769 4913 supputatione
2791 4842 3092 4912 legebatur
3112 4859 3329 4907 Mvau,
3353 4846 3494 4897 Cum
3520 4842 3673 4896 enim
3692 4841 3748 4895 in

2111 4916 2356 4989 epistola
2377 4913 3020 4989 numerusperlilteras
3043 4931 3353 4989 expressus
3376 4914 3431 4967 in
3453 4928 3750 4989 summam

2110 4984 2321 5043 ductus
2343 4984 2711 5058 ipsislitteris
2742 4984 3505 5058 consequenteradjunctus
3536 4984 3753 5037 innua-

2110 5067 2223 5125 tur;
2244 5061 2321 5113 ibi
2342 5056 2650 5113 numerum
2668 5075 2858 5111 Mvan
2878 5061 3063 5127 primo
3078 5056 3186 5127 legi
3204 5057 3611 5127 debuissejure
3628 5070 3753 5108 sus-

2112 5134 2393 5204 picamur,
2431 5134 2648 5204 cumet
2700 5130 2773 5204 ibi
2804 5126 2985 5193 locus,
3014 5129 3109 5204 ubi
3142 5126 3748 5204 exstiterit,app_areut,

2109 5195 2165 5259 et
2199 5222 2394 5260 revera
2425 5220 2491 5255 ex
2528 5201 2683 5253 hisco
2732 5199 2961 5261 litteris,
2996 5200 3269 5267 adjuncta
3319 5198 3509 5249 littera
3538 5196 3595 5249 Z.
3632 5195 3752 5249 sive

2110 5292 2353 5310 ηιιηπινη
2378 5270 2709 5310 inrlinlinniq
2736 5270 2993 5310 qpntirnm
3028 5270 3117 5310 hin
3145 5284 3424 5310 numer-ni
3446 5268 3749 5310 Pnnllplnl‘-
