4030 5310
335 374 410 436 19
1306 372 1641 437 ATTONIS
1688 374 2275 439 VERCELLENSIS
2324 378 2752 441 EPISCOPUS
3684 374 3763 437 20

410 528 431 557 α
464 504 752 563 Ανωτὶοιιε
783 505 1046 563 notarius
1076 511 1313 579 rogatus
1346 509 1573 563 subscr.

475 619 502 645 ‹‹
535 596 724 651 Judex
755 597 1105 652 domnorum
1140 614 1343 666 regum
1376 602 1497 652 not.
1532 598 1730 653 subsc.

414 708 434 733 ι
472 686 827 742 Giselbertus
863 691 981 741 not.
1017 702 1135 757 reg.
1170 688 1398 741 subscr.

412 796 440 823 ‹‹
469 774 894 845 Ragembertus
926 779 990 828 ut
1021 792 1198 845 supra
1230 792 1348 846 rog.
1388 775 1586 829 subsc.

415 885 442 913 ‹‹
472 862 838 917 Vercellinus
870 864 1192 935 presbyter,
1226 869 1286 919 ut
1319 881 1495 935 supra
1528 864 1978 935 scripsi,etsub—

1516 952 1767 1023 (scripsi.
1805 976 1826 1004 ι

413 1040 649 1095 lX.Cum
672 1057 805 1096 vero
836 1040 1022 1096 multa
1054 1044 1205 1113 apud
1232 1042 1522 1113 principes
1544 1056 1862 1111 eorumque
1885 1040 1985 1094 ad-

342 1129 647 1185 ministros
669 1128 854 1200 gratia
889 1129 1146 1201 polleret,
1180 1147 1247 1184 ea
1277 1147 1389 1184 non
1425 1131 1494 1185 ad
1545 1130 1837 1201 propriam
1900 1130 1985 1182 di-

343 1218 629 1290 gnitatem
665 1217 1138 1289 ampliﬁcandam
1163 1220 1607 1289 augendamque
1630 1219 1686 1271 in
1723 1218 1989 1271 subditos

346 1306 782 1373 auctoritatem,
819 1307 973 1377 quod
1024 1323 1451 1378 nonnunquam
1507 1308 1738 1375 accidit,
1773 1308 1872 1361 sed
1932 1306 1989 1359 in

342 1396 478 1451 cleri
500 1394 881 1467 Ecclesiaeque
900 1394 1145 1449 tutelam
1171 1396 1382 1450 ususin
1409 1396 1613 1466 primis
1638 1397 1745 1449 luit
1772 1414 1784 1462 ;
1815 1413 1991 1466 quam

346 1485 547 1541 obrem
604 1484 853 1556 egregiis
912 1484 1328 1539 donationibus
1388 1490 1619 1539 auctam
1678 1484 1993 1539 Ecclesium

346 1577 609 1629 nostram
640 1572 760 1627 illis
790 1572 1179 1644 temporibus,
1207 1574 1379 1628 certis
1431 1574 1761 1644 accepimus
1818 1574 1995 1627 docu-

347 1662 581 1718 mentis.
617 1666 697 1716 En
730 1678 936 1725 unum,
970 1662 1125 1732 quod
1154 1678 1353 1733 regum
1380 1662 1637 1733 Hugonis
1662 1666 1715 1716 et
1740 1661 1997 1716 Lotharii

348 1751 722 1808 donationem
755 1751 1040 1806 continet.

423 1863 451 1891 ‹‹
481 1839 541 1894 ln
574 1839 807 1895 nomine
837 1844 1048 1894 sanctae
1079 1844 1135 1893 et
1156 1838 1465 1893 individuis
1494 1838 1811 1894 Trinitatis.
1838 1840 2000 1908 IIugo

350 1916 407 1968 et
440 1912 749 1966 Lotharius
781 1912 976 1965 divina
1010 1911 1339 1980 providente
1372 1910 1678 1965 clementia
1720 1928 1901 1981 reges.
1938 1911 1998 1964 Si

356 1984 577 2038 sanctis
612 2000 676 2037 ac
705 1982 1136 2037 venerabilibus
1168 1982 1307 2035 locis
1341 1983 1535 2036 divino
1568 1983 1744 2035 cultui
1780 1982 1999 2036 manci-

354 2055 577 2127 patism
588 2071 684 2109 ore
701 2054 918 2127 bonoru
931 2071 985 2107 m
1000 2054 1075 2107 Ch
1086 2055 1393 2127 ristiauoru
1406 2070 1458 2127 m
1475 2055 1746 2127 devotissi
1760 2071 1849 2107 me
1864 2070 1999 2107 con-

352 2125 664 2181 tulerimus
695 2125 877 2181 nostri
903 2125 1163 2179 muneris
1191 2126 1489 2195 sullragia,
1524 2126 1849 2179 certissime
1879 2141 1999 2178 cre-

353 2198 549 2252 dimus
568 2214 673 2251 nos
687 2206 1066 2267 nostrumque
1082 2212 1322 2265 regnum
1340 2197 1853 2251 intercessionibus
1868 2213 2004 2249 san-

353 2274 581 2325 ctorum
613 2267 827 2323 ccclesti
852 2269 1154 2337 juvamine
1185 2285 1415 2338 semper
1462 2267 1771 2333 sublevari,
1832 2273 2005 2337 atque

355 2340 565 2395 divinis
597 2339 896 2394 beneficiis
924 2338 1251 2403 sublimari,
1286 2340 1565 2403 Quocirca
1606 2340 1828 2393 noverit
1881 2356 2004 2392 om-

358 2410 521 2466 nium
552 2415 764 2465 sanctae
797 2411 892 2465 Dei
928 2410 1193 2464 Ecclesia
1228 2410 1485 2463 lidelium
1536 2427 1600 2463 ac
1674 2417 2004 2463 nostrorum

361 2483 736 2555 praesentium
761 2482 983 2555 scilicet
998 2482 1523 2555 atquefuturorum
1548 2482 1773 2535 devotio
1798 2482 2003 2535 Beren-

364 2552 596 2625 garium
630 2554 811 2608 nostri
849 2553 1076 2607 fidelem
1111 2552 1395 2625 dilectum,
1422 2552 1829 2624 illustremque
1862 2570 2009 2607 mar-

363 2624 632 2681 cbionem
675 2630 933 2679 nostram
995 2624 1291 2677 monuisse
1350 2624 1741 2690 clementiam,
1790 2630 1851 2677 ut
1908 2640 2007 2695 pro

368 2712 564 2753 amore
595 2696 693 2751 Dei
727 2696 1458 2767 omnipotentissanctique
1478 2696 1835 2766 Eusebii,qui
1875 2713 2010 2766 prae-

369 2768 617 2823 dicando
650 2768 821 2821 ﬁdem
853 2768 1199 2821 catholicam
1235 2767 1774 2839 palmammartyrii
1806 2775 1893 2820 est
1917 2770 2010 2819 de-

374 2840 713 2895 centissime
761 2843 1133 2903 consecutus,
1167 2840 1462 2893 canonicis
1496 2838 1877 2893 Vercellensis
1910 2839 2011 2891 Ec-

375 2911 586 2983 clesia,
620 2909 713 2965 cui
736 2909 1081 2983 venerabilis
1114 2916 1245 2983 Atto
1275 2926 1517 2983 praeesse
1549 2910 1771 2983 videtur
1788 2910 2010 2980 episco-

420 2981 724 3048 us,‘alveos
757 2981 1066 3035 ﬂuminum
1099 2982 1297 3035 Sicidaa
1336 2987 1391 3035 et
1440 2982 1600 3035 Sarvi
1669 2981 2014 3050 largiremur

420 3000 508 3048 us,
532 2999 724 3037 alveos
757 2999 1066 3035 numinum
1099 2999 1297 3035 διοιοω
1336 2999 1391 3035 ει
1441 2999 1600 3035 διηεγι
1669 2999 2013 3050 largiremur

376 2999 535 3108 lianc
568 3052 903 3125 petitionem
936 3052 1078 3107 satis
1119 3053 1389 3125 omnibus
1448 3070 1593 3124 pene
1650 3054 2013 3123 principibus

376 3124 741 3195 hujusrcgni
774 3130 958 3179 ratam
993 3124 1506 3195 suscipientes,per
1539 3130 1887 3195 prrcceptum
1913 3142 2012 3178 no-

375 3202 506 3251 stra;
540 3196 906 3250 auctoritatis
932 3195 1123 3250 alveos
1146 3196 1551 3265 pradictorum
1578 3197 1886 3250 ﬂuminum
1920 3213 2013 3250 ca-

370 3269 711 3323 nonicorum
742 3266 1193 3337 vercellensium
1228 3267 1505 3331 dominio,
1543 3273 1712 3338 prout
1760 3268 1921 3334 juste
1963 3271 2019 3319 et

369 3338 630 3409 legaliter
685 3355 1019 3408 possumus,
1084 3338 1528 3409 praesentialiter
1612 3339 2009 3409 concedimus,

366 3408 535 3465 sicuti
571 3410 761 3479 posita
777 3416 913 3479 sunt
936 3409 1127 3478 capita
1152 3408 1567 3479 briiulzenisque
1595 3409 1663 3460 ad
1689 3408 1869 3479 ripam
1888 3424 2011 3476 qua:

366 3485 453 3536 est
480 3478 646 3548 juxta
681 3478 965 3549 capellam
996 3478 1179 3532 sancti
1201 3478 1726 3541 Columbani,intra
1749 3478 2014 3532 hostines

371 3551 743 3607 decurrentia
774 3550 1019 3604 ﬂumina
1052 3565 1185 3603 cum
1220 3549 1428 3603 insulis
1458 3555 1514 3603 et
1537 3551 1659 3603 suis
1685 3550 1825 3619 ripis
1846 3550 2013 3604 nobis

412 3622 799 3677 ertinentibus
831 3621 1121 3691 praedictis
1138 3620 1430 3674 canonicis
1459 3620 1646 3675 sancti
1697 3620 1927 3674 Eusebii
1952 3624 2017 3674 ut

412 3641 799 3677 ertinentibus
831 3641 1430 3691 prmuncuscanomcns
1459 3641 1646 3675 sancu
1698 3641 1927 3674 nusenu
1952 3641 2012 3674 ut

370 3641 591 3749 gictum
625 3698 733 3757 est,
764 3691 1067 3761 largimur,
1103 3691 1341 3762 proinde
1384 3697 1446 3745 ut
1506 3690 1853 3761 piscationes
1914 3709 2012 3745 na-

367 3765 648 3835 viumque
680 3762 1105 3835 redhibitiones‘
1128 3768 1301 3832 atque
1334 3764 1589 3833 riparum
1625 3780 1823 3817 eorum
1859 3763 2017 3817 usui-

370 3832 749 3890 famulentur.
777 3835 1022 3904 Insuper
1035 3832 1206 3887 etiam
1225 3832 1566 3888 confirmam
1579 3852 1645 3888 us
1659 3836 1855 3889 Vercei
1868 3834 2015 3889 lines

371 3912 575 3980 portus
634 3922 735 3976 per
791 3905 899 3960 hoc
954 3910 1324 3980 praeceptum,
1358 3905 1529 3980 veluti
1566 3908 2016 3980 praadeces‘sorcs

371 3972 556 4033 nostri
588 3972 691 4048 pro
722 3993 918 4031 amore
947 3972 1363 4031 ordinaverunt
1393 3979 1461 4031 ad
1496 3972 1667 4032 usum
1709 3972 2018 4032 luminaris

373 4048 629 4105 ecclesiae
662 4048 848 4103 sancti
882 4048 1139 4120 Eusebii,
1166 4050 1220 4101 in
1257 4066 1372 4120 qua
1395 4050 1859 4104 sacratissimum
1889 4052 2015 4117 ejus

377 4137 588 4202 corpus
608 4120 1000 4202 requiescitrt
1017 4118 1803 4202 adfindumenta‘clericorum
1820 4122 2018 4201 ibique

369 4190 593 4264 jugiter
623 4190 1057 4264 famulantium.
1092 4191 1149 4245 Si
1183 4192 1316 4261 quis
1367 4192 1541 4257 igitur
1602 4194 1780 4260 hujus
1834 4190 2013 4264 nostri

376 4262 646 4335 précepti
669 4268 954 4335 statutum
977 4262 1289 4331 aliquando
1313 4263 2019 4335 quomodgocunquerinsti-

376 4334 551 4406 gante
589 4334 821 4389 diabolo
879 4334 1224 4406 infringere
1253 4340 1495 4406 conatus
1532 4334 1749 4406 “fuerit,
1784 4334 1929 4387 sciat
1960 4350 2020 4387 se

378 4404 842 4476 compositurum
875 4405 999 4459 auri
1025 4404 1226 4474 Optimi
1264 4404 1443 4459 libras
1466 4404 2018 4471 mille,medietatem

379 4493 618 4532 cameras
651 4483 886 4542 nostra},
920 4482 975 4530 et
1006 4476 1371 4529 medietatem
1413 4477 1668 4531 ecclesia:
1701 4478 1883 4531 sancti
1910 4477 2018 4529 Eu-

378 4548 544 4615 sebii,
576 4547 817 4618 suisque
847 4546 1091 4609 clericis,
1126 4547 1225 4617 qui
1258 4547 1399 4601 inibi
1434 4566 1535 4619 pro
1580 4553 1840 4619 tempore
1899 4549 2019 4602 fue-

2013 512 2249 575 Aanno
2299 511 2605 566 Dominicae
2664 510 3082 568 incarnationis
3141 511 3271 577 948,
3330 507 3505 582 regni
3566 512 3765 564 autem

2089 599 2341 654 Lotharii
2372 602 2621 671 piissimi
2656 602 2807 671 regis
2854 620 2989 665 xvu,
3051 601 3381 656 indictione
3444 616 3527 654 vu
3587 602 3767 666 (sexla

2089 690 2307 761 Optime
2338 691 2605 745 observat
2637 690 2945 763 legendum
2978 690 3049 745 cl.
3090 691 3339 761 Murat.)

2162 797 2251 850 ΧΙ.
2314 801 2435 861 Qua
2490 796 2884 851 sollicitudine
2928 796 3152 852 clericis
3213 797 3303 852 sui
3362 793 3767 866 Ecclesiisque

2098 888 2224 939 tum
2261 903 2379 939 sua:
2413 891 2535 940 tum
2578 887 2877 940 Parmensi
2913 892 3285 957 prospexerat
3317 884 3765 954 Atto,eamdem

2100 978 2517 1030 testamentum
2550 976 2805 1029 condens
2836 975 3008 1030 etiam
3062 974 3614 1030 Mediolanensibus
3663 971 3766 1026 ad-

2098 1062 2306 1128 hibuit,
2342 1064 2511 1132 cujus
2538 1063 2835 1134 exemplar
2865 1064 3076 1118 habeto
3105 1081 3117 1117 :

2171 1194 2196 1219 ‹‹
2237 1176 2296 1224 In
2330 1171 2563 1226 nomine
2596 1172 2823 1226 Domini
2858 1171 2955 1225 Dei
2981 1177 3034 1225 et
3057 1170 3374 1226 Salvatoris
3402 1168 3595 1224 nostri
3622 1169 3766 1224 Jesu

2101 1284 2127 1310 ‹‹
2162 1260 2708 1315 Christi.Lotharius
2731 1260 2917 1331 gratia
2950 1260 3046 1315 Dei
3078 1277 3193 1328 rex,
3222 1277 3376 1314 anno
3432 1258 3603 1330 regni
3636 1259 3767 1328 ejus

2105 1371 2131 1398 ‹‹
2164 1355 2363 1403 octavo
2394 1349 2641 1415 decimo,
2676 1366 2875 1403 mense
2906 1349 3165 1420 Augusti,
3216 1347 3546 1403 indictione
3608 1352 3773 1402 sexta

2105 1461 2131 1487 ‹‹
2168 1440 2298 1509 (lli).
2325 1439 2471 1492 Dum
2502 1439 2560 1493 in
2595 1444 2746 1492 statu
2781 1439 3049 1493 sanitatis
3082 1438 3352 1492 humana:
3390 1438 3524 1491 vitae
3558 1453 3773 1492 cursus

2106 1552 2132 1577 ‹‹
2168 1528 2482 1599 peragitur,
2516 1532 2571 1582 et
2604 1526 2772 1598 pleno
2806 1528 3001 1583 animo
3036 1527 3249 1581 mentis
3283 1526 3442 1581 ratio
3466 1530 3778 1597 vegetatur

2107 1640 2134 1667 «
2169 1616 2252 1671 sic
2284 1616 2454 1671 debet
2483 1616 2654 1670 homo
2689 1633 2918 1688 semper
2948 1617 3222 1687 cogitare,
3249 1625 3427 1686 atque
3453 1615 3774 1687 disponere

2109 1728 2137 1757 ‹‹
2166 1706 2235 1759 de
2263 1704 2387 1761 suis
2421 1704 2669 1776 propriis
2698 1705 2870 1759 rebus
2903 1722 3004 1776 pro
3031 1705 3237 1760 animae
3285 1721 3404 1759 suae
3469 1705 3767 1770 mercede,

2112 1818 2139 1845 ‹‹
2174 1812 2297 1865 quze
2332 1798 2469 1849 sunt
2502 1796 2898 1865 futura,atque
2922 1811 3219 1863 mansura,
3240 1798 3304 1848 ut
3327 1810 3465 1848 cum
3490 1810 3630 1848 eum
3659 1798 3768 1848 Do-

2033 1881 2078 1944 B
2116 1883 2361 1937 eminus
2392 1884 2461 1936 de
2486 1883 2590 1937 hoc
2624 1883 2833 1937 sreculo
2864 1883 3052 1938 vocari
3089 1884 3346 1951 iusserit,
3385 1900 3501 1937 non
3536 1884 3610 1938 de
3666 1899 3763 1937 ne-

2116 1995 2135 2021 α
2171 1971 2463 2045 gligentiis
2487 1972 2803 2041 judicetur,
2840 1972 2937 2026 sed
2972 1972 3041 2025 de
3073 1972 3221 2026 bono
3271 1970 3569 2041 disposito
3630 1988 3769 2025 con-

2112 2084 2137 2110 ‹‹
2173 2060 2518 2131 gratuletur,
2552 2064 2615 2113 ut
2645 2065 2699 2113 et
2729 2060 2881 2129 pius.
2910 2059 3089 2129 Igitur
3119 2076 3222 2129 ego
3254 2059 3309 2112 in
3362 2059 3468 2113 Dei
3534 2059 3774 2113 nomine

2113 2171 2139 2197 ((
2174 2152 2306 2200 Atto
2338 2147 2645 2217 cpiscopus
2679 2153 2889 2201 sancta:
2921 2147 3305 2201 Vercellensis
3340 2146 3617 2202 Ecclesiae
3671 2147 3769 2218 qui

2114 2260 2141 2285 ‹‹
2177 2237 2473 2306 professus
2506 2253 2637 2289 sum
2670 2253 2736 2289 ex
2769 2237 3000 2291 natione
3036 2253 3184 2299 mea,
3216 2237 3340 2307 lege
3371 2236 3571 2292 vivere
3629 2238 3777 2292 Lon-

2117 2349 2142 2375 ‹‹
2178 2324 2593 2393 gobardorum,
2629 2342 2883 2395 praesens
2915 2326 3296 2395 praesentibus
3349 2326 3467 2379 dixi
3497 2344 3510 2381 :
3544 2326 3679 2381 Vita
3709 2330 3771 2382 et

2120 2435 2146 2463 ‹‹
2182 2430 2335 2467 mors
2368 2415 2423 2467 in
2459 2431 2635 2468 manu
2673 2415 2764 2469 Dei
2799 2421 2905 2477 est,
2942 2414 3149 2469 melius
3180 2420 3267 2469 est
3309 2415 3536 2469 homini
3601 2421 3764 2470 metu

2118 2526 2145 2553 ‹‹
2182 2503 2388 2556 mortis
2420 2503 2821 2574 vivere,quam
2856 2520 2956 2573 spe
2975 2503 3199 2557 vivendi
3236 2508 3418 2558 morte
3453 2504 3775 2559 subitanea

2119 2614 2147 2641 «
2176 2591 2496 2661 prmveniri,
2530 2593 2933 2645 considerante
2968 2608 3057 2645 me
3088 2592 3157 2645 de
3198 2592 3290 2645 Dei
3343 2593 3772 2663 omnipotentis

2120 2703 2145 2729 ‹‹
2183 2679 2615 2745 misericordia;
2650 2686 2704 2733 et
2736 2681 2804 2733 de
2830 2680 3091 2734 mercede
3124 2684 3179 2733 et
3229 2680 3483 2734 remedio
3553 2682 3771 2735 anima)

2121 2792 2145 2817 ‹‹
2183 2785 2345 2833 mere,
2400 2774 2461 2822 ut
2520 2768 2836 2838 aliquantis
2888 2769 3060 2821 rebus
3093 2773 3147 2821 et
3181 2768 3418 2822 familiis
3453 2769 3601 2823 meis
3636 2775 3772 2840 post

2126 2879 2145 2905 «ι
2185 2874 2378 2910 meum
2412 2857 2717 2911 decessum
2750 2856 3095 2910 inordinatis
3120 2873 3231 2910 non
3258 2856 3766 2928 reliquissem,sed

2122 2968 2148 2994 ‹‹
2183 2946 2263 2999 sic
2300 2947 2531 3000 lirmum
2568 2950 2623 2999 et
2654 2945 2975 3000 stabilitum
3013 2945 3451 3016 permansisset,
3512 2945 3773 3015 qualiter

2123 3058 2149 3084 ‹‹
2181 3051 2285 3105 ego
2314 3035 2405 3088 hie
2427 3036 2627 3090 subter
2649 3052 2749 3106 per
2770 3035 3001 3107 singula
3033 3034 3288 3105 capitula
3310 3034 3677 3087 ordinassem
3714 3038 3772 3088 et

2127 3145 2153 3171 ‹‹
2181 3124 2558 3193 judicassem.
2600 3123 2779 3195 Igitur
2807 3123 2934 3179 volo
2967 3124 3261 3193 etjudico,
3296 3128 3468 3194 atque
3495 3123 3770 3190 instituo,

2049 3248 2090 3312 Ο
2133 3232 2158 3262 (ι
2189 3228 2290 3265 seu
2324 3230 2423 3281 per
2456 3213 2563 3266 hoc
2598 3230 2791 3265 meum
2817 3218 3235 3267 testamentum
3265 3230 3364 3283 pro
3390 3211 3600 3266 animae
3626 3228 3770 3266 mea:

2129 3322 2157 3348 ‹‹
2193 3300 2455 3353 mercede
2484 3302 2785 3366 confirmo,
2821 3306 2883 3353 ut
2910 3300 3089 3353 valles
3118 3300 3228 3352 illtB
3261 3300 3549 3354 Bellenica
3591 3305 3649 3353 et
3674 3305 3775 3355 Le-

2123 3410 2149 3437 ‹‹
2182 3387 2441 3447 bentina.
2492 3405 2639 3456 quas
2705 3388 2915 3441 habere
2972 3393 3027 3441 et
3073 3388 3331 3443 detinere
3386 3388 3775 3460 proprietario

2128 3496 2154 3527 ι
2185 3478 2417 3530 nomine
2440 3477 2657 3540 videor,
2693 3476 2885 3530 statim
2929 3482 3059 3546 post
3119 3493 3334 3543 meum,
3398 3482 3454 3532 et
3524 3477 3774 3547 Auperti

2124 3589 2151 3615 «
2185 3564 2448 3637 germani
2482 3566 2591 3619 mei
2626 3566 3266 3629 decessum,deveniant
3289 3566 3497 3635 injure
3517 3570 3572 3619 et
3607 3572 3773 3635 pote-

2128 3677 2155 3704 ‹‹
2182 3660 2327 3709 state
2358 3660 2573 3709 sanctae
2608 3654 3061 3709 Mediolanensis
3095 3653 3440 3717 l‘lcclesiaa,et
3473 3654 3776 3725 presbyte-

2129 3765 2155 3793 ‹‹
2190 3760 2412 3811 rorum,
2448 3760 2547 3798 seu
2582 3743 2959 3797 diaconorum
2984 3742 3393 3807 cardinalium,
3448 3748 3623 3810 atque
3685 3758 3775 3796 sa-

2130 3855 2157 3882 ‹‹
2199 3834 2496 3887 cerdotum
2531 3833 3011 3895 decumanorum,
3047 3833 3145 3903 qui
3189 3831 3250 3885 in
3309 3832 3510 3885 eadem
3542 3830 3773 3886 civitate

2131 3945 2157 3970 «
2192 3938 2292 3992 pro
2329 3927 2587 3992 tempore
2620 3922 2854 3989 fuerint,
2878 3937 3011 3975 cum
3032 3921 3188 3975 omni
3213 3936 3454 3975 suarum
3470 3920 3773 3991 pertinen-

2129 4034 2155 4059 ‹‹
2188 4010 2286 4080 tia,
2320 4019 2439 4064 tam
2473 4015 2681 4079 cortes,
2716 4010 2947 4079 domus,
2986 4008 3226 4078 coltiles,
3262 4026 3438 4079 quam
3481 4008 3773 4074 castellas,

2134 4122 2161 4147 ‹‹
2198 4099 2469 4169 capellas,
2508 4099 2888 4167 molendines,
2933 4098 3282 4169 piscationes
3316 4114 3449 4152 cum
3472 4098 3666 4167 terris,
3698 4097 3779 4151 vi-

2138 4211 2164 4236 ‹‹
2200 4188 2342 4253 ncis,
2370 4188 2569 4258 pratis,
2600 4188 2855 4258 pascuis,
2890 4186 3051 4241 silvis
3090 4203 3153 4241 ac
3211 4186 3541 4252 stablareis,
3603 4187 3771 4258 ripis,

2138 4298 2162 4329 «ι
2196 4276 2422 4347 rupinis
2456 4294 2517 4329 ac
2552 4276 3059 4347 paludibus,coltis
3089 4281 3145 4331 et
3178 4276 3429 4341 incoltis,
3454 4276 3774 4343 montibus,

2132 4388 2159 4414 ‹‹
2195 4364 2445 4435 alpibus,
2482 4365 2863 4435 planiciebus,
2895 4364 3174 4432 aldiones,
3206 4364 3293 4419 vel
3337 4364 3623 4432 aldiones,
3654 4382 3779 4420 ser-

2132 4478 2157 4502 ‹‹
2196 4472 2313 4521 vos,
2348 4464 2403 4508 et
2436 4454 2697 4519 ancillas,
2731 4454 2948 4523 omnia,
2982 4459 3038 4508 et
3068 4472 3135 4509 ex
3165 4454 3460 4521 omnibus,
3489 4458 3775 4526 quantum

2134 4568 2157 4591 ‹‹
2196 4542 2251 4596 in
2288 4544 2739 4613 prmnominatas
2768 4544 2945 4598 valles
3000 4544 3285 4598 Bellenica
3342 4549 3397 4598 et
3467 4542 3777 4597 Lebentina

378 4620 517 4702 ΡΨ·
552 4620 709 4702 Εἴκυί
740 4619 932 4702 Vettius
959 4619 1251 4702 οῖ’θάεὲἓυνν
1286 4618 1741 4702 diligéﬂtiusﬂuc
1773 4620 1844 4702 al"
1898 4636 2018 4673 om'
2054 4618 2098 4680 D
2132 4656 2158 4681 ‹‹
2196 4632 2407 4686 habere
2437 4632 2557 4687 viso
2592 4650 2744 4697 sum,
2779 4634 2861 4686 vel
2891 4631 3190 4685 mibiinibi
3213 4630 3441 4702 legibus
3464 4632 3775 4701 pertinent,

378 4691 555 4761 nibus
587 4691 936 4758 observetur,
975 4689 1243 4761 manilius
1277 4690 1527 4761 prepriis
1557 4689 2021 4760 reborantes,an-

385 4760 524 4818 nulo
560 4766 757 4816 nostro
792 4760 1057 4831 insigniri
1082 4760 1394 4830 jussimus.

453 4856 479 4883 ‹‹
513 4832 695 4904 Signa
724 4833 1238 4888 screnissimorum
1275 4832 1530 4903 llugonis
1563 4838 1617 4887 et
1642 4832 1896 4887 Lotharii
1938 4849 2025 4887 re-

380 4905 878 4975 gum,Geseprand
892 4922 959 4958 us
972 4905 1278 4975 episcopus
1293 4910 1347 4959 et
1362 4904 1555 4959 cancel
1568 4905 1744 4959 larius
1760 4906 1828 4958 ad
1847 4904 2025 4958 vicem

383 4974 625 5059 Bosonis
658 4974 911 5059 episcopi
958 4974 1019 5030 et
1072 4974 1563 5031 archicancellarii
1610 4975 1913 5047 recognovi
1975 4980 2030 5028 et

385 5047 730 5106 subscripsi.

2145 4745 2164 4768 α
2202 4722 2270 4775 ad
2316 4721 2648 4774 habendum
2684 4725 2871 4773 totum
2907 4723 2960 4772 in
2992 4719 3657 4789 integrum,covidelicet
3680 4736 3776 4773 or-

2138 4834 2163 4858 ‹‹
2203 4811 2355 4875 dine,
2394 4814 2456 4863 ut
2476 4824 2647 4863 omne
2665 4807 3021 4874 censum,vel
3047 4808 3521 4879 redditum,quod
3547 4808 3616 4862 de
3641 4824 3782 4879 prae-

2146 4918 2165 4944 ι
2202 4898 2386 4952 dictas
2420 4897 2615 4965 valles,
2652 4914 2842 4951 annue
2875 4896 3158 4951 Dominus
3190 4896 3435 4960 dederit,
3470 4913 3570 4951 seu
3606 4896 3780 4967 quido

2138 5011 2163 5036 ‹‹
2201 4987 2336 5058 quid
2371 4987 2575 5041 eximie
2596 4986 2919 5057 pervenerit
2944 5002 3045 5056 per
3062 5001 3233 5039 omne
3257 4985 3562 5051 annum,in
3588 4984 3776 5055 primo

2144 5100 2163 5103 η
2204 5076 2291 5104 Ain
2327 5076 2471 5104 1....«ης
2524 5076 2576 5102 ε..
2622 5074 3261 5102 ζ.ιζιεηη..η,1.η.ηυυηξ.ν,.νι
3322 5074 3429 5098 ἓ...κέ
3458 5074 3783 5098 ---η-Δηιθ-
