4030 5310
314 306 385 366 Si
1716 307 2325 374 PROLEGOMENA.
3646 312 3728 377 ΞΩ

322 462 350 491 α
383 440 527 497 Item
554 438 925 514 primicerius
946 441 1407 499 decumanorum
1430 441 1741 517 dupliciter
1760 446 1967 501 exinde
1996 448 2051 513 Α
2153 469 2180 496 ‹‹
2215 447 2573 504 Gumbertus
2594 446 2778 519 judex
2804 446 3025 504 dommi
3058 447 3214 522 regis
3262 454 3500 523 rogatus
3558 450 3725 509 testis

322 554 351 582 «
385 532 625 601 habeat,
660 549 837 603 quam
870 550 1023 588 unus
1055 551 1123 589 ex
1153 535 1378 589 cazteris
1408 535 1775 601 decumanis,
1799 536 1855 589 id
1886 540 1973 589 est

334 644 361 670 ‹‹
398 626 653 685 tantum,
686 627 967 687 quantum
1004 640 1157 678 unus
1179 625 1533 693 ordinarius,
1558 629 1619 677 ut
1639 623 1971 695 omnesipsi

324 733 352 759 ‹‹
390 710 724 765 sacerdotes
757 717 812 764 et
844 711 1116 767 diacones
1152 730 1255 783 pro
1310 714 1565 768 remedio
1593 712 1798 767 animae
1832 730 1970 767 meae

326 822 354 850 ‹‹
392 799 490 855 Dei
548 798 966 871 omnipotentis
1025 801 1485 856 misericordiam
1540 818 1777 856 exorare
1811 802 1970 857 festi-

326 911 355 938 ‹‹
389 893 547 953 nent,
563 887 817 959 qualiter
834 888 1039 943 exinde
1061 890 1241 944 Deum
1267 890 1518 945 habeant
1537 891 1968 957 retributorem,

324 1000 351 1026 ‹‹
386 994 521 1031 nam
555 976 716 1031 nullo
748 976 807 1030 in
842 982 1101 1049 tempore
1133 978 1702 1034 babeantlicentiam
1738 983 1807 1034 de
1833 997 1970 1051 pra:-

321 1088 348 1115 ‹‹
384 1065 560 1120 dictis
593 1066 770 1120 rebus
803 1071 857 1120 et
890 1066 1125 1122 familiis
1156 1066 1374 1139 aliquid
1410 1068 1661 1123 alienare
1684 1085 1789 1123 nec
1811 1085 1967 1124 com-

323 1176 351 1205 ‹‹
386 1160 636 1219 mutare,
674 1170 776 1209 seu
811 1154 1085 1210 Iiberario
1144 1162 1244 1210 aut
1276 1157 1701 1212 tintheochario
1734 1158 1968 1212 nomine

324 1267 345 1293 ι
385 1244 753 1308 contrahere,
789 1245 887 1299 sed
921 1246 989 1299 ad
1024 1262 1224 1300 eorum
1254 1263 1425 1300 usum
1459 1246 1673 1302 habere
1713 1252 1769 1301 et
1819 1247 1964 1301 deti-

319 1355 346 1384 ‹‹
383 1349 542 1398 nere,
575 1338 640 1387 ut
670 1349 850 1405 supra
872 1334 1154 1406 scriptum
1182 1339 1288 1401 est,
1315 1336 1565 1391 debeant
1586 1341 1642 1391 et
1666 1336 1879 1390 faciant
1900 1352 1967 1390 ex

318 1443 345 1471 ‹‹
379 1422 647 1492 frugibus
680 1437 879 1476 earum
916 1438 1111 1477 rerum
1144 1440 1385 1478 censum
1418 1424 1505 1478 vel
1556 1424 1869 1487 redditum,
1902 1430 1966 1479 ut

318 1533 345 1559 ‹‹
380 1526 561 1581 supra
590 1509 873 1581 scriptum
897 1516 1008 1576 est,
1042 1516 1215 1583 atque
1242 1512 1311 1567 de
1334 1512 1573 1567 servitio
1596 1513 1855 1585 ipsarum
1882 1513 1963 1568 fa-

321 1620 348 1649 ‹‹
382 1598 581 1665 miliis,
616 1604 789 1671 atque
823 1600 1109 1671 quidquid
1142 1618 1213 1656 ex
1249 1618 1376 1657 meo
1426 1602 1769 1673 pervenerit,
1804 1602 1963 1657 omni

318 1711 346 1737 ‹‹
387 1693 643 1759 tempore
675 1690 998 1744 secundum
1027 1691 1179 1761 quod
1214 1708 1394 1762 supra
1428 1690 1628 1757 statui,
1676 1691 1961 1762 quidquid

321 1799 351 1827 ς(
383 1776 685 1843 voluerint,
718 1777 847 1831 sine
877 1777 1035 1831 omni
1070 1795 1217 1844 mea,
1253 1778 1667 1851 bccredumque
1696 1795 1955 1834 meorum

320 1888 352 1915 ‹‹
386 1865 1008 1933 contradictione,nam
1043 1868 1183 1921 dum
1210 1867 1265 1920 in
1292 1868 1397 1922 hoc
1422 1868 1632 1922 saeculo
1659 1867 1874 1938 aliquid
1895 1868 1964 1921 de

324 1975 349 2007 ι
380 1971 447 2009 ex
482 1955 647 2009 nobis
678 1954 806 2010 istis
864 1957 1160 2026 germanis
1222 1956 1527 2025 advixerit,
1589 1958 1963 2011 usufructum

321 2068 347 2093 ‹‹
384 2044 793 2099 tantummodo
827 2045 1085 2115 ipsarum
1122 2062 1314 2099 rerum
1351 2045 1405 2099 in
1435 2045 1678 2113 mea,vel
1706 2044 1963 2115 praedicti

322 2156 349 2182 α
382 2133 642 2204 germani
677 2134 814 2197 mei,
850 2135 895 2188 si
934 2150 1025 2187 me
1053 2134 1690 2206 supervixerit,reservo
1721 2139 1965 2205 potesta-

332 2244 357 2271 «
390 2228 524 2289 tem,
556 2239 624 2276 eo
657 2222 861 2277 ordine
894 2227 956 2277 ut
984 2240 1086 2295 pro
1143 2224 1269 2295 ipso
1327 2224 1655 2291 usufructu,
1714 2240 1819 2295 ego
1876 2221 1963 2276 vel

329 2333 355 2359 ‹‹
387 2310 700 2381 praedictus
722 2327 1041 2383 germanus
1073 2311 1319 2382 meus,si
1344 2329 1434 2367 me
1456 2312 1967 2385 supervixerit,per

316 2421 343 2448 ‹‹
377 2398 645 2471 singulos
677 2416 862 2455 annos
896 2401 1219 2473 persolvere
1248 2401 1567 2456 debeamus
1612 2400 1965 2474 praescriptis

311 2511 339 2536 «
375 2488 786 2544 sacerdotibus
819 2494 875 2545 et
907 2489 1093 2545 levitis
1124 2490 1182 2544 in
1205 2508 1270 2545 eo
1294 2490 1495 2545 ordine
1522 2491 1578 2545 in
1604 2490 1714 2546 isto
1746 2491 1963 2545 consti-

308 2600 335 2626 «
370 2582 525 2647 tuto,
563 2578 617 2632 id
651 2583 757 2638 est.
792 2579 883 2633 die
942 2578 1093 2634 lunas
1127 2580 1315 2650 primo
1348 2580 1837 2651 Quadragesimze,
1872 2597 1962 2635 ar-

314 2688 335 2715 ι
376 2666 545 2739 genti
577 2667 859 2722 denarum
884 2668 1016 2722 boni
1048 2668 1265 2723 solidos
1289 2669 1675 2740 quadraginta
1696 2669 1847 2723 inter
1880 2687 1960 2739 se,

306 2778 337 2807 «ι
376 2760 451 2811 ut
482 2774 663 2827 supra
695 2756 914 2811 dictum
948 2763 1055 2822 est,
1084 2758 1445 2824 dividendos,
1481 2760 1633 2829 quod
1696 2758 1743 2812 si
1777 2758 1960 2812 adim-

309 2867 331 2892 ι
373 2844 543 2916 plere
575 2844 1145 2911 distulerimus,tunc
1170 2851 1511 2916 potestatem
1538 2848 1789 2902 habeant
1820 2864 1961 2917 pra:-

298 2954 330 2983 ‹‹
372 2933 527 2987 dicti
560 2933 889 2987 sacerdotes
916 2939 973 2987 et
1004 2934 1298 2998 diacones,
1332 2935 1483 2987 infra
1511 2935 1670 3003 ipsas
1727 2951 1818 2987 res
1873 2934 1962 2989 in-

298 3043 332 3071 ‹‹
373 3020 587 3088 troire,
619 3024 676 3072 et
706 3036 767 3073 se
824 3020 1029 3073 exinde
1068 3022 1363 3087 investire,
1421 3026 1477 3073 et
1534 3038 1631 3075 eas
1686 3022 1962 3090 detinere,

297 3130 333 3159 «
364 3107 872 3179 quemadmodum
892 3108 1258 3177 postobitum
1276 3114 1541 3163 nostrum
1557 3108 1826 3179 superius
1841 3109 1961 3163 fieri

2086 565 2114 594 ‹‹
2147 545 2491 617 subscripsi.

2155 658 2179 682 ‹‹
2219 635 2563 707 Rodulphus
2586 636 2767 707 judex
2788 635 3010 692 domini
3033 634 3185 709 regis
3209 641 3445 710 rogatus
3472 637 3725 695 subscri-

2084 745 2111 773 ‹‹
2144 741 2251 795 ρει.

2152 837 2177 861 ‹‹
2207 814 2463 869 Joannes
2490 814 2673 886 judex
2702 814 2921 869 domini
2984 814 3137 887 regis
3168 817 3405 887 rogatus
3463 813 3721 870 subscri-

2080 924 2107 951 ‹‹
2141 902 2251 973 psi.

2152 1014 2177 1039 ‹‹
2212 991 2531 1046 Anselmus
2554 993 2734 1063 judex
2766 992 2984 1047 domini
3049 992 3202 1065 regis
3260 996 3498 1065 rogatus
3552 992 3720 1048 testis

2084 1102 2102 1127 ι
2141 1080 2485 1153 subscripsi.

2151 1192 2177 1217 «
2211 1169 2481 1225 Arialdus
2515 1174 2752 1241 rogatus
2783 1170 3127 1242 subscripsi.

2155 1280 2179 1309 α
2211 1258 2606 1331 Luitprandus
2638 1264 2874 1332 rogatus
2907 1260 3252 1331 subscripsi.

2148 1371 2173 1395 ‹‹
2214 1348 2516 1403 Daibertus
2539 1348 2719 1419 judex
2741 1347 2959 1403 domini
2983 1348 3133 1423 regis
3156 1352 3395 1423 rogatus
3417 1347 3715 1419 subscrip-

2076 1458 2105 1486 «
2142 1453 2254 1507 psx.

2153 1545 2174 1571 α
2210 1525 2494 1581 Henricus
2528 1530 2767 1597 rogatus
2797 1526 3141 1598 subscripsi.

2148 1638 2173 1663 ‹‹
2208 1615 2323 1686 Ego
2355 1613 2669 1669 Anselmus
2702 1614 2964 1669 notarius
2996 1616 3253 1685 etjudex
3311 1614 3532 1672 domini
3562 1616 3716 1689 regis

2083 1724 2107 1757 ι
2138 1702 2345 1775 scripsi
2377 1708 2507 1774 post
2536 1702 2811 1758 traditam
2847 1702 3154 1775 complevi,
3185 1708 3241 1759 et
3272 1704 3424 1759 dedi.
3462 1728 3490 1754 »

2144 1793 2260 1848 XII.
2286 1796 2549 1847 Attonem
2585 1792 2795 1863 placito
2830 1792 3016 1864 Papiae
3050 1794 3120 1847 ab
3170 1793 3410 1866 Hugone
3451 1809 3585 1866 rege
3615 1793 3714 1851 ba-

2075 1882 2195 1936 bito
2228 1898 2345 1935 una
2376 1898 2506 1935 cum
2542 1881 2771 1935 Haterio
2804 1880 3209 1953 Eporrediensi
3237 1882 3509 1954 episcopo
3542 1882 3716 1937 inter-

2077 1971 2255 2025 fuisse
2282 1987 2350 2025 ex
2381 1974 2571 2025 comet
2602 1969 2816 2042 placito
2839 1969 3193 2041 colligimus,
3218 1971 3372 2042 quod
3397 1972 3571 2026 refert
3594 1971 3715 2026 Mu-

2074 2065 2249 2115 rator.
2287 2059 2572 2130 Antiquit.
2599 2058 2783 2116 Italic.
2819 2059 3050 2114 dissert.
3078 2060 3165 2127 31,
3191 2064 3247 2114 et
3278 2059 3486 2129 legitur
3510 2060 3713 2115 datum

2080 2175 2100 2199 ι
2139 2151 2301 2221 regni
2321 2150 2539 2204 domini
2570 2150 2913 2221 Hugonis,et
2938 2150 3210 2205 Lothario
3230 2148 3349 2203 filio
3371 2149 3716 2221 ejus,gratia

2075 2240 2175 2295 Dei
2215 2255 2399 2311 rcges,
2424 2243 2535 2293 Deo
2562 2238 2809 2309 propitio
2833 2238 2897 2293 D.
2919 2238 3146 2310 Hugoni
3181 2238 3427 2299 decimo,
3458 2236 3714 2293 Lotharii

2074 2346 2206 2384 vero
2241 2346 2293 2395 ν,
2328 2345 2441 2383 xw.
2478 2327 2603 2382 Kal.
2637 2326 2923 2393 Octobris,
2959 2327 3159 2382 indict.
3198 2344 3272 2391 1x,
3306 2326 3414 2381 hoc
3442 2329 3532 2381 est
3562 2342 3713 2383 anno

2073 2419 2197 2472 935.
2238 2440 2263 2465 ››

2146 2507 2289 2561 Eum
2344 2506 2519 2561 etiam
2580 2520 2648 2559 ex
2706 2504 2959 2575 quadam
3019 2503 3240 2569 charta,
3302 2520 3481 2576 quam
3542 2504 3717 2559 refert

2074 2594 2353 2667 Ughellus
2385 2594 2441 2649 in
2461 2593 2749 2664 episcopis
2774 2592 3296 2663 Astensibus,regii
3320 2590 3713 2648 archicancel-

2072 2684 2198 2738 larii
2234 2682 2424 2753 titulo,
2458 2688 2514 2736 et
2545 2682 2733 2737 ofﬁcio
2766 2682 2837 2736 ab
2882 2680 3121 2754 Hugone
3152 2686 3209 2736 et
3240 2680 3534 2749 Lothario,
3568 2696 3713 2752 quo-

2072 2790 2227 2836 rum,
2260 2777 2323 2826 ut
2354 2788 2531 2841 supra
2562 2769 3310 2841 demonstravimus,gratia
3341 2785 3714 2841 summopere

2072 2861 2689 2932 pollebat,decoratum
2715 2858 3049 2928 fuisse,jure
3071 2858 3291 2930 optimo
3314 2859 3708 2929 suspicamur.

2074 2950 2136 3003 In
2169 2967 2235 3003 ea
2257 2948 2412 3003 enim
2445 2948 2823 3003 donationem
2854 2965 2886 3001 a
2908 2947 3078 3003 dictis
3098 2947 3333 3019 regibus
3354 2945 3588 3002 Astensi
3612 2947 3715 3002 Ec-

2074 3034 2259 3089 clesiae
2293 3037 2503 3089 factam
2538 3037 2818 3090 referente
2850 3036 2931 3090 ita
2952 3035 3202 3107 legimus
3234 3053 3245 3090 :
3281 3058 3307 3085 «
3346 3037 3467 3091 Dat.
3501 3053 3539 3091 Χ
3590 3034 3715 3090 Kal.

2076 3121 2344 3193 Augusti,
2378 3139 2529 3176 anno
2564 3123 2986 3178 Incarnationis
3042 3124 3358 3178 Dominicis
3399 3125 3527 3191 938,
3560 3141 3715 3181 anno

299 3219 331 3249 ι(
365 3195 632 3284 institui,
670 3199 734 3284 ut
767 3194 907 3249 mihi
941 3201 997 3249 ϐε
1027 3197 1372 3265 Parentibus
1419 3198 1564 3251 meis
1597 3197 1860 3268 Ρτοθοῖᾶῖ
1890 3196 1959 3252 ad
1993 3183 2035 3249 C
2074 3183 2296 3267 domini
2330 3183 2591 3284 Hugonis
2624 3210 2874 3282 piissimi
2906 3210 3058 3282 regis
3076 3212 3463 3277 xm,Lotharii
3494 3183 3719 3279 vimin-

296 3308 327 3335 ‹‹
364 3283 581 3340 animae
613 3282 884 3352 salutem,
908 3288 964 3338 et
986 3284 1269 3355 gaudium
1295 3284 1741 3355 sempiternum,
1771 3290 1828 3341 et
1852 3286 1959 3341 hoc

296 3396 329 3427 α
363 3374 453 3428 ita
482 3370 635 3435 volo,
662 3376 726 3427 ut
756 3371 918 3427 nullo
949 3372 1008 3427 in
1056 3377 1317 3444 tempore
1377 3374 1635 3444 pontifex
1688 3376 1955 3445 ejusdem

302 3484 331 3517 ι
363 3465 583 3518 sanctae
615 3460 1068 3516 Mediolanensis
1105 3461 1372 3517 Ecclesiae
1403 3462 1615 3517 habeat
1662 3462 1958 3519 licentiam

294 3575 326 3604 «
365 3552 638 3623 ipsorum
658 3551 1027 3605 sacerdotum
1053 3555 1109 3605 et
1130 3550 1435 3606 levitarum
1460 3552 1530 3607 de
1552 3551 1695 3622 ipsis
1717 3553 1892 3607 rebus
1905 3558 1960 3608 et

295 3664 326 3693 «
364 3638 613 3695 familiis
647 3638 844 3710 aliqua
874 3640 1061 3694 facere
1093 3640 1524 3707 contrarietate,
1584 3647 1686 3696 aut
1718 3641 1840 3696 ulla
1868 3642 1957 3697 in-

300 3752 331 3780 ιι
368 3729 525 3784 ferre
549 3728 845 3793 violentia,
876 3729 972 3783 sed
1007 3727 1179 3784 liceat
1208 3745 1307 3785 eos
1338 3730 1511 3784 rebus
1544 3729 1689 3801 ipsis
1709 3734 1765 3785 et
1797 3731 1962 3785 fami-

304 3841 334 3870 ‹‹
368 3817 472 3872 liis
507 3816 702 3889 quiete
732 3821 788 3872 et
818 3816 1054 3888 pacifice
1084 3817 1297 3872 habere
1328 3823 1384 3873 et
1413 3818 1692 3883 detinere,
1717 3836 1781 3873 eo
1803 3820 1960 3874 vide-

301 3928 331 3957 ‹‹
368 3906 511 3960 licet
540 3904 763 3973 ordine,
799 3904 950 3959 sicut
976 3921 1157 3976 supra
1196 3907 1375 3960 statui
1436 3911 1491 3960 et
1540 3907 1804 3975 judicavi
1855 3924 1959 3977 pro

300 4018 331 4045 «
369 3995 643 4049 mercede
664 3999 721 4050 et
742 3994 999 4049 remedio
1012 3994 1219 4049 animae
1234 4000 1458 4063 meae,et
1479 4012 1581 4066 pro
1600 3996 1815 4051 honore
1833 3997 1960 4067 epi-

308 4108 330 4133 ι
372 4082 563 4153 scopii
613 4083 749 4151 mei,
779 4099 884 4138 nec
917 4083 1061 4137 mihi
1094 4082 1263 4137 liceat
1310 4084 1428 4139 ullo
1485 4092 1746 4152 tempore
1806 4084 1961 4140 nolle

302 4196 332 4223 ‹‹
368 4172 534 4243 quod
566 4171 851 4237 volui,sed
878 4172 1030 4243 quod
1052 4173 1121 4226 ad
1148 4188 1239 4227 me
1272 4172 1447 4228 semel
1471 4174 1802 4240 faclum,ve|
1827 4191 1961 4228 con-

309 4284 338 4311 ‹‹
377 4260 671 4332 scriptum
703 4262 1363 4331 est,subjusjurandum
1386 4262 1797 4318 inviolabiliter
1818 4280 1957 4317 con-

310 4373 339 4400 «
377 4364 614 4405 servare
644 4351 939 4421 promitto,
985 4367 1118 4405 cum
1169 4350 1544 4422 stipulatione
1597 4353 1957 4419 subannexa,

307 4461 336 4488 «
378 4439 535 4493 hanc
564 4438 720 4493 enim
747 4438 1421 4508 cbartulamjudicati,ct
1438 4441 1821 4494 ordinationis
1844 4448 1959 4495 An-

314 4550 343 4576 «
380 4528 569 4582 selmo
603 4528 853 4593 notario,
889 4533 945 4582 et
970 4528 1157 4597 judici
1190 4528 1410 4582 domini
1446 4529 1597 4599 regis
1640 4529 1874 4593 tradidi,
1907 4534 1963 4585 et
1996 4551 2043 4615 D

316 4636 343 4669 ι
376 4617 632 4671 scribere
666 4616 881 4689 rogavi,
916 4617 973 4671 in
1036 4633 1151 4687 qua
1209 4618 1411 4672 subter
1468 4619 1841 4682 confirmans,
1878 4624 1963 4671 te-

313 4726 343 4755 ‹‹
381 4705 693 4775 stibusque
725 4706 909 4760 obtuli
941 4707 1351 4763 roborandam.
1376 4713 1584 4762 Actum
1604 4708 1832 4762 civitate
1855 4708 1968 4762 Me-

311 4815 341 4844 «
374 4792 615 4848 diolani.

392 4920 420 4951 σ
454 4900 587 4953 Atto
619 4898 716 4953 Dei
739 4900 927 4971 gratia
955 4901 1267 4972 episcopus
1291 4919 1427 4957 ame
1455 4903 1603 4957 facto
1618 4903 1963 4975 subscripsi.

317 5007 347 5037 α
378 4991 677 5057 Aupertus
707 5004 1022 5059 germanus
1044 4992 1308 5059 ejusdem
1333 4990 1555 5045 domini
1577 4992 1805 5047 Attonis
1828 4994 1965 5047 sub-

312 5098 339 5125 α
374 5092 609 5146 εετιρει.

391 5194 418 5225 α
450 5171 833 5263 Angelbertus
857 5179 1041 5250 judex
1073 5176 1291 5232 domini
1326 5176 1481 5250 regis
1539 5183 1777 5249 rogatus
1828 5179 1965 5234 sub-

2070 3300 2322 3355 dictione
2352 3318 2430 3355 x1.
2467 3303 2671 3354 Actum
2702 3299 2889 3371 Papiae
2922 3299 3402 3355 feliciter.Amen.
3437 3299 3716 3372 Gispran-

2069 3390 2180 3444 dus
2213 3388 2595 3444 cancellarius
2630 3388 2698 3442 ad
2733 3388 2916 3443 vicem
2948 3387 3177 3444 Attonis
3220 3388 3477 3460 episcopi
3533 3394 3590 3444 et
3620 3406 3714 3444 ar-

2069 3477 2500 3533 chicancellarii
2532 3478 2881 3548 recognovit.
2914 3498 2941 3529 η
2978 3476 3190 3544 Quidni
3219 3479 3354 3533 Atto
3394 3481 3590 3534 noster
3619 3477 3715 3532 hic

2068 3566 2185 3622 sit?

2141 3656 2286 3712 XIII.
2346 3656 2429 3710 Ad
2492 3672 2714 3710 annum
2774 3672 2963 3727 usque
3018 3656 3125 3709 960
3175 3656 3389 3712 vixisse
3443 3657 3713 3711 Attonem

2067 3745 2280 3800 litteris
2310 3744 2677 3799 tradiderunt
2708 3743 2974 3798 nonnulli
3000 3760 3011 3798 :
3035 3749 3093 3799 at
3115 3760 3186 3799 ne
3208 3749 3426 3800 certam
3452 3743 3526 3799 iis
3546 3742 3712 3799 adhi-

2069 3835 2315 3889 beamus
2348 3834 2545 3898 ﬁdem,
2580 3832 2735 3898 facit,
2770 3834 2925 3903 quod
2960 3832 3120 3888 nullo
3153 3834 3481 3893 docuerunt
3512 3849 3714 3889 monu-

2040 3944 2044 3949 ’
2070 3920 2593 3977 mento.Nobishoc
2609 3937 2788 3975 unum
2822 3921 3358 3993 constat,Ingonem
3381 3922 3713 3993 proximum

2066 4011 2295 4065 Attonis
2308 4010 2365 4063 in
2380 4009 2716 4079 episcopatu
2733 4026 3127 4065 successorem
3148 4027 3299 4065 anno
3323 4012 3428 4065 964
3444 4009 3713 4066 Ecclesiae

2070 4098 2410 4168 nostraejam
2435 4097 2752 4169 prefuisse.
2773 4097 2916 4151 Nam
2941 4114 3006 4152 eo
3029 4115 3181 4153 anno
3201 4092 3487 4171 synodum
3503 4115 3713 4155 convo-

2069 4205 2233 4244 casse
2265 4190 2819 4259 Ingonem,sequens
2852 4186 3243 4259 fragmentum
3278 4203 3345 4241 ex
3374 4191 3603 4242 vetusto
3625 4191 3713 4243 ta-

2070 4278 2280 4334 bularii
2313 4276 2496 4332 nostri
2528 4276 2727 4331 codice
2758 4276 3117 4346 descriptum
3150 4280 3456 4331 monstrat.

2141 4390 2168 4416 ‹‹
2201 4370 2367 4422 Anno
2398 4364 2817 4420 incarnationis
2848 4365 3164 4420 Dominicae
3209 4364 3244 4417 9
3266 4366 3334 4430 ’4,
3394 4363 3713 4419 indictione

2071 4440 2345 4520 septima,
2377 4437 2558 4520 Nonis
2590 4437 2953 4517 Novembris,
3013 4436 3520 4520 reseditnd‘omnus
3573 4435 3712 4507 lngo

2075 4507 2475 4590 episc0pus,ut
2506 4508 2834 4590 morisesse
2858 4507 3447 4590 priscorum‘Patrum
3476 4522 3716 4590 cognos-

2076 4576 2230 4635 citur
2255 4576 2806 4643 s'uorum,Vercellis
2838 4576 2971 4633 ante
2994 4576 3175 4632 altare
3196 4577 3521 4632 beatissimi
3544 4576 3715 4633 Eusc-

2075 4652 2153 4705 bii
2189 4651 2461 4721 martyris
2484 4650 2902 4711 Christi,causa
2921 4648 3216 4720 synodalia
3233 4647 3550 4721 concilii‘,in
3576 4664 3715 4719 quo,

2076 4724 2269 4777 divino
2300 4717 2641 4790 compulsus
2672 4737 2889 4788 amore,
2923 4717 3069 4790 pene
3092 4735 3317 4790 ommes
3343 4717 3581 4790 clericos
3597 4717 3714 4774 suo

2076 4793 2345 4863 regimini
2375 4789 2671 4860 subjectos
2704 4790 3113 4846 decentissime
3144 4789 3620 4863 docuit,ma_xime
3642 4791 3713 4845 de

2077 4860 2208 4921 fidei
2242 4872 2300 4919 et
2332 4863 2633 4919 charitatis
2666 4864 3089 4928 observatione,
3144 4865 3208 4915 ut
3266 4860 3543 4917 canonica
3596 4865 3720 4917 toto

2076 4937 2214 4992 orbe
2239 4941 2396 4991 tenet
2428 4934 3027 4991 institutio.Praaterea
3049 4948 3282 4988 summo
3305 4932 3571 5003 quaesivit
3591 4939 3715 4989 stu-

2077 5009 2193 5072 dio,
2229 5014 2291 5062 ut
2324 5024 2412 5062 res
2445 5006 2847 5079 ecclesiasticae
2871 5007 2961 5079 pie
2987 5002 3403 5079 regerenturet
3433 5002 3721 5079 destituta:

2077 5084 2567 5153 reslaurarentur.
2601 5078 2848 5153 Insuper
2869 5074 3269 5153 admonitione
3290 5090 3529 5129 suorum
3556 5074 3727 5153 cleri-

2077 5168 2277 5224 corum
2304 5149 2554 5207 sancivit
2583 5154 2647 5224 ut
2678 5147 2963 5224 antiquus
3006 5147 3187 5224 exigit
3220 5162 3410 5224 _us‘us,
3469 5148 3728 5224 pessima

2077 5223 2405 5274 Umerorum
2433 5221 2767 5274 incursione
2799 5217 3079 5274 vastatus.
3105 5217 3373 5273 Ecclesia:
3396 5218 3724 5273 cardinales
