4030 5310
395 357 471 420 27
1417 361 1755 423 ATTONIS
1798 358 2384 423 VERCELLENSIS
2430 362 2787 425 EPISCOPI
3724 362 3801 425 28

395 506 541 548 cano
572 490 803 547 codice:
838 488 1105 547 videlicet
1136 507 1435 547 sermones
1467 494 1533 547 17
1562 494 1631 548 ad
1667 492 1947 565 pepulum
1974 511 1986 561 ;
2021 496 2077 547 et
2107 492 2509 565 Polythycum,
2544 494 2687 565 quod
2718 494 3183 567 Perpendiculum
3212 494 3479 567 appellat,
3503 509 3607 567 quo
3628 496 3803 550 noxia

394 582 730 651 redarguere
757 585 812 636 et
842 581 1065 636 honesta
1089 584 1306 636 sancire
1335 582 1644 647 docet,cum
1679 581 1937 636 scholiis.

470 672 576 727 Pro
606 673 846 727 codicem
880 672 1199 726 Vaticanum
1231 672 1536 726 transcribi
1563 680 1840 726 curarunt
1871 669 2208 725 bibliotheca
2252 670 2516 735 custodes,
2568 688 2637 726 ne
2690 680 2835 727 totus
2886 674 3129 745 periret:
3190 674 3429 728 continet
3481 674 3660 742 primo
3687 688 3803 727 ser-

394 777 600 825 mones,
625 762 722 832 qui
750 764 849 816 vix
874 762 983 830 legi
1006 770 1253 833 possunt,
1292 769 1345 816 et
1376 762 1503 817 ideo
1532 777 1641 816 non
1668 764 1798 816 sunt
1828 761 2167 829 transcripti,
2201 764 2310 813 etc.
2346 761 2434 815 Ita
2462 759 2687 816 clariss.
2719 761 2976 817 Joannes
3003 762 3162 817 Bona
3180 761 3238 815 in
3263 759 3509 832 epistola
3531 760 3673 815 mihi
3698 776 3797 815 an.

400 850 537 904 1664
569 850 803 921 scripta.

473 938 536 993 In
570 938 798 993 Attonis
820 937 1134 1009 Capilulari
1160 938 1677 993 animadvertenda
1699 942 1876 992 sunt:
1908 938 1959 991 1ο
1982 937 2098 991 ιιωο
2129 938 2303 991 verba
2331 936 2464 1006 ﬁdes
2511 937 2777 993 catholica
2824 938 3061 1007 signant
3092 938 3435 1009 Symbolum
3473 938 3801 1005 Athanasii,

398 1042 527 1096 qua:
551 1026 607 1081 in
641 1043 706 1083 eo
730 1044 902 1083 sensu
930 1027 1018 1082 bis
1045 1028 1115 1081 ab
1140 1032 1374 1082 auctore
1402 1033 1762 1097 usurpentur
1784 1043 1907 1093 cap.
1934 1027 1985 1093 4,
2010 1030 2145 1092 etc.,
2168 1030 2223 1081 et
2248 1043 2281 1079 a
2309 1026 2581 1081 Ratherio
2604 1026 2942 1094 Veronensi,
2967 1027 3053 1082 vel
3089 1032 3152 1082 ut
3177 1027 3305 1083 aliis
3324 1028 3511 1100 placet
3530 1027 3802 1083 Udalrico

401 1133 704 1188 perperam
738 1121 957 1181 tamen,
988 1117 1045 1170 in
1097 1117 1376 1188 synodica
1406 1118 1476 1171 ad
1538 1115 1941 1187 presbyteros:
1999 1119 2320 1170 Sermonem
2348 1119 2411 1169 ut
2458 1118 2708 1186 superius
2766 1117 2915 1181 dixi,
2971 1117 3273 1172 Athanasii
3322 1118 3565 1188 episcopi
3598 1118 3664 1171 de
3695 1115 3801 1186 ﬁde

406 1206 706 1271 Trinitatis,
740 1208 896 1275 cujus
926 1207 1152 1259 mitium
1184 1214 1281 1260 est.
1320 1207 1637 1275 Quicunque
1668 1205 1802 1267 vult,
1834 1209 1940 1258 etc.
1978 1203 2239 1258 Ricult‘us
2271 1221 2503 1275 quoque
2535 1205 2736 1259 eadem
2792 1222 2969 1276 prope
3019 1206 3193 1261 habet
3239 1206 3296 1260 in
3343 1223 3468 1278 cap.
3501 1207 3536 1260 5
3566 1203 3796 1261 Consti-

398 1298 509 1350 tut.
548 1312 560 1349 :
602 1296 664 1351 Ut
702 1296 1075 1365 unusquisque
1104 1304 1349 1349 vestrum
1374 1293 1645 1364 psalmos,
1680 1296 1729 1347 et
1758 1310 2060 1348 sermonem
2091 1294 2221 1362 ﬁdei
2240 1292 2545 1362 catholicae,
2575 1295 2728 1363 cuius
2757 1296 2987 1349 initium
3008 1312 3026 1349 :
3061 1296 3406 1367 Quicunque,
3440 1299 3548 1350 etc.

471 1387 531 1438 2°
559 1383 722 1439 Circa
754 1383 1030 1439 saeculum
1055 1401 1110 1438 1x
1133 1390 1451 1439 conventus
1474 1400 1573 1437 seu
1599 1381 1938 1437 collationes
1962 1383 2431 1454 presbyterorum
2460 1388 2793 1438 memoratae
2827 1384 2886 1438 in
2934 1400 3061 1455 cap.
3111 1384 3180 1437 29
3200 1383 3478 1439 institutae
3512 1382 3691 1437 fuisse
3721 1381 3807 1436 vi-

399 1473 617 1528 dentur
636 1489 704 1527 ex
736 1489 861 1544 cap.
889 1474 955 1527 10
976 1472 1179 1528 Riculﬁ
1211 1477 1409 1528 Suess.
1443 1490 1455 1527 :
1484 1496 1504 1520 «ι
1536 1472 1763 1527 Rationi
1791 1488 2024 1543 quoque
2047 1472 2375 1543 proximum
2400 1489 2529 1527 esse
2552 1473 2869 1539 sanximus,
2896 1478 2958 1528 ut
2978 1473 3037 1528 in
3061 1489 3412 1544 unoquoque
3434 1487 3654 1527 mense.
3679 1475 3803 1527 stu-

401 1564 525 1616 tuta
549 1561 660 1628 die,
692 1561 747 1616 id
773 1565 860 1616 est
885 1560 943 1615 in
968 1561 1243 1616 Kalendis
1269 1560 1734 1632 uniuscuiusque
1760 1560 1999 1629 mensis,
2024 1576 2128 1631 per
2149 1560 2413 1633 singulas
2436 1561 2708 1616 decanias
2734 1562 3051 1634 presbyteri
3087 1561 3264 1618 simul
3287 1560 3649 1626 conveniant,
3686 1577 3803 1616 non

401 1650 587 1722 pastis
610 1650 698 1705 vel
722 1650 1123 1722 potationibus
1152 1654 1378 1714 vacent,
1407 1652 1506 1705 sed
1532 1651 1601 1704 de
1625 1666 1729 1704 suo
1764 1650 2110 1718 ministerio,
2143 1658 2200 1704 et
2232 1649 2504 1720 religiosa
2534 1651 2987 1719 conversatione,
3021 1655 3194 1723 atque
3239 1652 3309 1707 de
3346 1651 3439 1707 his
3471 1668 3595 1723 qua:
3626 1651 3683 1704 in
3707 1666 3805 1706 eo-

402 1756 532 1794 rum
563 1739 840 1810 parochia
861 1740 1133 1794 accidunt
1154 1755 1483 1795 sermonem
1507 1738 1779 1803 habeant,
1804 1743 1857 1793 et
1890 1738 2142 1810 qualiter
2172 1756 2273 1810 pro
2300 1755 2448 1809 rege,
2473 1738 2559 1794 vel
2586 1740 2906 1795 rectoribus
2928 1740 3219 1804 Ecclesiae,
3243 1744 3418 1810 atque
3440 1757 3541 1811 pro
3568 1739 3691 1794 suis
3714 1740 3803 1794 fa-

404 1828 736 1884 miliaribus
758 1834 875 1884 tam
904 1830 1048 1885 vivis
1076 1846 1253 1900 quam
1278 1828 1567 1884 defunctis
1590 1844 1754 1883 orare
1778 1828 2044 1895 debeant,
2073 1828 2461 1883 considerent.
2490 1850 2517 1876 ››
2540 1828 2663 1882 Huc
2687 1828 3074 1899 facitcapitul.
3100 1851 3125 1877 ››
3154 1828 3528 1883 15Hincmari
3552 1828 3621 1882 ad
3641 1844 3803 1899 pres-

401 1916 633 1989 byteros
656 1918 775 1987 (sub
801 1920 897 1988 ﬁn.
924 1926 1053 1972 tom.
1081 1920 1106 1973 Ι
1131 1918 1287 1989 Opp.)
1315 1935 1326 1972 :
1357 1941 1375 1965 α
1407 1918 1476 1973 Ut
1510 1919 1742 1985 quando
1768 1917 2086 1989 presbyteri
2116 1933 2214 1988 per
2238 1916 2525 1971 Kalendas
2576 1916 2751 1971 simul
2795 1917 3182 1987 convenerint,
3234 1920 3363 1988 post
3387 1921 3681 1987 peractum
3715 1915 3803 1970 di-

404 2006 605 2060 vinum
632 2006 1042 2073 ministerium,
1077 2011 1131 2062 et
1162 2006 1552 2062 necessarium
1589 2006 1979 2075 collationem,
2015 2022 2128 2059 non
2164 2006 2327 2077 quasi
2363 2006 2433 2060 ad
2469 2006 2779 2076 prandium
2812 2005 2890 2061 ibi
2923 2007 2993 2060 ad
3020 2006 3279 2061 tabulam
3304 2005 3613 2070 resideant,
3639 2026 3665 2055 »
3690 2010 3801 2061 etc.

473 2096 532 2148 3°
552 2095 737 2167 Caput
759 2097 827 2149 90
850 2096 1142 2150 elucidare
1166 2102 1351 2166 potest
1379 2097 1531 2151 Beda
1553 2097 1609 2149 in
1639 2096 1855 2167 praefat.
1882 2097 1952 2150 de
1978 2094 2267 2150 Remediis
2292 2100 2683 2167 peccatorum,
2711 2097 2829 2150 sive
2867 2094 3316 2166 pcenitentialis:
3363 2118 3390 2143 ‹‹
3428 2093 3681 2149 Solerter
3711 2094 3809 2148 ad-

338 2248 339 2251 η
403 2188 706 2238 monentes
733 2184 967 2237 doctum
994 2200 1287 2254 quemque
1316 2184 1675 2238 sacerdotem
1701 2183 1937 2249 Christi,
1960 2190 2023 2238 ut
2048 2185 2105 2238 in
2135 2185 2423 2240 universis
2455 2203 2579 2256 quae
2612 2185 2707 2240 hic
2739 2186 3013 2240 adnotata
3046 2185 3274 2257 reperit,
3302 2201 3526 2247 sexum,
3552 2188 3803 2254 satatem,

404 2271 823 2337 conditionem,
859 2277 1101 2337 statum,
1141 2289 1449 2343 personam
1485 2273 1772 2343 cujusque
1804 2273 2206 2343 pmnitentiam
2240 2290 2406 2344 agere
2436 2272 2698 2340 volentis,
2734 2274 2927 2344 ipsum
2960 2288 3192 2344 quoque
3223 2289 3322 2327 cor
3351 2271 3691 2344 paenitentis
3713 2287 3810 2325 cu-

405 2359 556 2415 riose
579 2359 892 2429 discernat,
917 2364 972 2414 et
1001 2362 1323 2415 secundum
1352 2365 1414 2414 ut
1436 2361 1546 2416 sibi
1569 2363 1759 2416 visum
1785 2362 1976 2429 fucrit,
2001 2362 2733 2435 singulaquaequejudicet.
2757 2361 3116 2425 Quibusdam
3138 2377 3392 2433 namque
3411 2378 3443 2414 a
3463 2360 3609 2415 cibis
3626 2359 3806 2414 absti-

402 2448 613 2517 nendo,
640 2447 937 2502 nonnullis
961 2451 1174 2519 sapius
1199 2465 1389 2519 genua
1412 2450 1714 2513 ﬂectendo,
1741 2451 1857 2504 sive
1880 2451 1937 2504 in
1962 2467 2130 2505 cruce
2153 2451 2382 2515 stando,
2409 2456 2509 2505 aut
2531 2450 2690 2505 aliud
2716 2449 2935 2521 aliquid
2961 2450 3297 2520 hujusmodi
3323 2450 3474 2520 quod
3504 2449 3573 2503 ad
3598 2465 3810 2520 purga-

402 2536 620 2591 tionem
640 2540 1008 2607 peccatorum
1032 2537 1377 2609 pertineant,
1396 2538 1674 2593 faciendo.
1695 2560 1721 2587 ››
1744 2538 2046 2610 lpsissima
2069 2540 2753 2611 repetitverbaHeriveus
2769 2539 3080 2594 Rhemens.
3099 2539 3155 2593 in
3173 2537 3415 2610 epistola
3428 2539 3497 2592 ad
3511 2537 3806 2591 Witonem

404 2625 776 2697 Rothomag.,
814 2642 939 2698 cap.
972 2628 1060 2682 23.
1097 2627 1225 2682 Haec
1255 2627 1560 2693 Acherius,
1595 2628 1807 2699 quibus
1838 2629 1945 2683 hoc
1980 2646 2162 2683 unum
2193 2629 2497 2697 addemus,
2543 2629 2695 2683 haud
2725 2645 2959 2701 .paucas
3007 2628 3251 2683 lacunas
3303 2645 3336 2682 a
3384 2626 3550 2682 nobis
3581 2642 3810 2696 repara-

404 2719 493 2769 tas
515 2713 722 2769 essein
747 2714 892 2769 libro
921 2717 989 2770 de
1016 2718 1310 2771 Prcssuris
1335 2717 1760 2781 ecclesiasticis,
1785 2735 1890 2789 ope
1912 2735 2021 2771 ms.
2049 2718 2359 2783 cujusdam
2400 2718 2617 2772 codicis
2663 2718 3002 2773 monasterii
3028 2716 3432 2786 Resbacensis,
3465 2731 3638 2787 quem
3671 2730 3805 2769 cum

404 2803 757 2861 consulisth
787 2804 924 2861 olim
960 2810 1024 2861 R.
1060 2806 1122 2864 Ρ.
1155 2807 1221 2861 D.
1256 2808 1422 2861 Edm.
1458 2808 1736 2874 Martene,
1772 2824 2132 2879 quiscunque
2184 2825 2252 2863 ex
2282 2807 2379 2863 illo
2411 2807 2791 2879 exserp'serat,
2835 2807 3138 2863 nobiscum
3188 2805 3615 2862 humanissime
3646 2819 3806 2875 com-

404 2909 501 2948 mu
512 2893 741 2949 nicavit.

410 3110 3807 3142 ψ

1625 3331 2588 3433 ATTONIS

1670 3554 2198 3611 VERCELLENSIS
2239 3554 2557 3611 EPISCOPI

1430 3748 2797 3887 CAPITULABE.

414 4168 546 4221 CAP.
581 4164 623 4220 Ι.
659 4195 723 4205 -
752 4163 1059 4220 Admonitio
1105 4164 1380 4235 pontiﬁcis
1421 4164 1500 4218 ad
1554 4164 1910 4234 presbyteros,
1942 4178 2072 4233 qua-
2098 4162 2151 4227 Α
2182 4159 2361 4225 nisse,
2384 4159 2519 4229 quia
2541 4175 2645 4213 nos
2669 4157 2882 4229 quibus
2913 4156 3299 4228 regendarum
3337 4154 3666 4209 animarum
3689 4168 3830 4207 cura

842 4238 975 4291 liter
1002 4253 1139 4306 erga
1185 4236 1425 4290 subditos
1454 4244 1641 4303 agant.

488 4342 817 4408 (Theodulﬁ
835 4346 1010 4414 caput
1024 4340 1847 4412 1Capitularis.)0bsecrovos,
1866 4340 2071 4393 fratres

423 4431 811 4501 dilectissimi,
846 4437 911 4486 ut
966 4447 1104 4504 erga
1162 4431 1531 4485 subditarum
1591 4429 1844 4501 plebium
1889 4427 2073 4499 profe-

420 4525 579 4575 ctum
601 4523 657 4574 et
678 4520 1145 4575 emendationem
1167 4517 1621 4590 vigilantissima
1641 4534 1781 4573 cura
1799 4514 2071 4572 laboretis

420 4614 711 4679 quatenus
731 4608 846 4662 illis
867 4607 1017 4663 viam
1039 4607 1248 4662 salutis
1266 4607 1660 4675 ostendentes,
1681 4611 1737 4660 et
1758 4622 1855 4661 eos
1881 4605 2071 4660 verbis

420 4702 477 4753 et
507 4696 790 4767 exemplis
822 4697 1203 4760 instruentes,
1239 4700 1291 4749 ct
1325 4713 1424 4751 vos
1457 4696 1525 4749 de
1557 4711 1754 4749 eorum
1792 4694 2068 4765 profectu,

421 4789 479 4841 et
510 4801 615 4841 nos
656 4785 725 4839 de
757 4790 966 4851 vestro,
1002 4784 1248 4840 Domino
1276 4786 1417 4840 Jesu
1465 4782 1692 4841 Christo
1733 4782 2069 4853 auxiliante,

421 4876 754 4930 fructuosos
772 4873 855 4928 illi
871 4872 1205 4945 manipulos
1228 4873 1874 4945 reportemus.0bsecro
1896 4872 2070 4926 etiam

420 4964 847 5019 fraternitatem
891 4969 1165 5032 vestram,
1222 4966 1287 5016 ut
1346 4961 1464 5015 haec
1522 4959 1807 5032 Capitula,
1840 4976 1968 5030 qnie
2000 4960 2071 5013 ad

422 5053 888 5107 emendationem
915 5052 1042 5105 vita:
1069 5050 1568 5120 breviterdigessi,
1589 5049 1823 5104 assidue
1844 5048 2071 5119 legatis,

422 5145 480 5192 et
500 5141 795 5192 memorias
822 5139 1263 5192 commendetis.
1289 5144 1344 5191 et
1364 5137 1719 5192 eorum.sive
1732 5141 2074 5191 caeterarum
2102 5132 2105 5137 ’

2180 4250 2497 4304 commissa
2516 4252 2622 4311 est,
2642 4263 2742 4317 pro
2757 4246 2847 4300 his
2862 4245 2961 4316 qui
2978 4250 3176 4299 nostra
3190 4242 3544 4315 negligentia
3556 4246 3825 4313 pereunt,

2181 4337 2462 4391 rationem
2491 4334 2774 4390 reddituri
2799 4350 3027 4388 sumus.
3054 4333 3161 4387 Pro
3184 4332 3278 4387 his
3309 4348 3442 4386 vero
3465 4346 3612 4403 quos
3633 4328 3828 4385 verbis

2179 4430 2236 4481 et
2256 4424 2535 4497 exemplis
2564 4424 2767 4478 lucrati
2796 4422 3098 4487 fuerimus,
3125 4420 3430 4493 praemium
3452 4425 3677 4475 aeternas
3698 4422 3829 4471 Vitae

2180 4514 2589 4586 percipiemus.
2625 4513 2785 4578 Quod
2808 4511 2857 4566 si
2899 4509 3152 4583 populus
3174 4508 3364 4564 ﬁdelis
3394 4508 3559 4563 cibus
3588 4512 3675 4562 est
3706 4505 3829 4576 Dei,

2179 4603 2441 4674 ejusdem
2477 4602 2589 4656 cibi
2622 4601 3060 4655 condimentum
3092 4616 3199 4653 nos
3229 4614 3456 4652 sumus.
3488 4596 3700 4651 Scitote
3727 4611 3832 4650 ve-

2181 4696 2367 4746 strum
2390 4690 2637 4761 gradum
2657 4693 2854 4741 nostro
2871 4687 3079 4758 gradui
3098 4687 3445 4752 secundum,
3465 4688 3521 4740 et
3540 4702 3684 4756 pene
3702 4700 3834 4739 cnn-

2172 4782 2445 4852 junctum
2470 4794 2617 4833 esse.
2644 4776 2807 4832 Sicut
2851 4775 3007 4831 enim
3058 4774 3316 4846 episcopi
3344 4774 3738 4846 apostolorum
3770 4774 3829 4827 in

2182 4867 2459 4933 Ecclesia,
2482 4866 2567 4921 ita
2588 4866 2867 4920 nimirum
2924 4864 3248 4936 presbyteri
3296 4868 3637 4918 casterorum
3660 4860 3831 4916 disci-

2183 4956 2455 5030 pulorum
2479 4955 2710 5011 Domini
2731 4955 2915 5009 vicem
2939 4959 3157 5009 tenent.
3181 4954 3247 5007 Et
3262 4951 3346 5007 illi
3369 4956 3569 5007 tenent
3584 4954 3830 5022 gradum

2184 5047 2400 5101 summi
2428 5045 2721 5117 pontificis
2741 5045 2954 5108 Aaron,
2978 5043 3077 5098 isti
3106 5057 3240 5096 vero
3264 5039 3518 5095 filiorum
3542 5040 3691 5109 ejus.
3724 5037 3832 5094 Un-

2183 5137 2254 5191 de
2284 5139 2511 5192 onortet
2542 5150 2641 5188 vos
2672 5148 2904 5192 semper
2925 5146 3213 5186 memores
3235 5145 3362 5184 esse
3381 5132 3558 5183 tanta:
3579 5125 3829 5192 dignita-
