4030 5310
185 226 257 287 29
1616 232 1708 292 CA
1723 227 2136 293 PITULARE.
3503 219 3585 280 30

186 358 337 432 plum
366 357 513 414 bene
532 356 759 415 vivendi
796 362 1138 433 praebentes,
1188 364 1281 421 his
1312 365 1522 435 quibus
1564 362 1823 437 praeestis
1856 366 1903 429 Α
1936 360 2233 417 beatitudo
2258 359 2601 432 acquiritur.
2623 356 3585 430 Hisarmisvitiacomprimuntur'

185 450 449 504 ducatum
484 451 551 503 ad
586 450 838 507 cmlestia
872 471 1047 525 regna
1076 455 1398 526 praebentis.

182 558 302 613 CAP.
341 558 434 612 III.
463 588 531 597 —
555 560 627 613 De
651 562 965 629 ignorantia
1006 564 1293 687 ι(Ξυίιιιηιιίι,
1339 569 1387 618 et
1427 565 1679 619 doctrina
1712 580 1818 618 ser-

778 676 803 687 ..
839 651 997 687 .rvan
1042 654 1093 687 a.

778 676 813 713 μὶ
839 651 1093 701 (vanam.

253 720 471 787 (Concil.
510 718 673 774 Tolet.
711 738 785 785 1v,
820 724 1013 791 0.21)”
1040 724 1376 791 Ignorantia
1420 729 1606 779 mater
1638 741 1815 778 cunc-

187 813 371 864 torum
401 825 660 862 errorum
698 810 942 864 Maxime
990 815 1387 867 sacerdotibus
1439 814 1536 867 Dei
1586 816 1819 868 vitanda

190 902 291 963 est,
318 898 409 966 qui
444 897 691 952 docendi
722 900 978 954 ofﬁcium
1012 901 1069 955 in
1124 902 1354 972 populis
1410 907 1816 972 susceperunt.

192 985 518 1041 Sacerdotes
532 988 685 1040 enim
704 986 889 1055 legere
905 996 1139 1045 sanctas
1153 992 1475 1061 Scripturas
1496 994 1824 1061 frequenter

192 1074 451 1127 admonet
481 1075 816 1143 Apostolus,
843 1077 1039 1131 dicens
1066 1080 1133 1131 ad
1162 1080 1532 1133 Timotheum
1561 1096 1573 1132 :
1599 1080 1825 1132 Attende

194 1163 412 1228 lectioni,
445 1163 821 1219 exhortationi
838 1165 1188 1223 etdoctrinw.
1216 1169 1433 1238 Semper
1450 1185 1716 1238 permane
1734 1167 1819 1221 his

192 1252 232 1323 (l
262 1252 387 1306 lim.
426 1269 498 1318 IV,
534 1254 641 1323 13).
670 1254 867 1309 Sciant
898 1254 1075 1327 igitur
1126 1258 1456 1310 sacerdotes
1489 1257 1823 1327 Scripturas

190 1346 237 1396 et
266 1357 535 1408 canones,
569 1347 625 1396 et
658 1360 828 1399 omne
859 1361 1006 1415 opus
1037 1362 1236 1399 eorum
1271 1346 1329 1399 in
1363 1344 1737 1416 prmdictione
1770 1348 1826 1399 et

190 1430 937 1505 doctrinaconsistat,atque
960 1436 1245 1489 aediﬁcent
1268 1440 1507 1489 cunctos
1533 1440 1647 1488 tam
1670 1434 1826 1500 ﬁdei,

193 1518 421 1573 scientia
448 1536 630 1592 quam
666 1537 909 1592 operum
943 1523 1269 1595 disciplina.

193 1624 313 1680 CAP.
350 1625 439 1680 IV.
476 1657 549 1667 —-
578 1630 639 1684 Ut
694 1645 876 1685 omnes
931 1630 1093 1699 fidem
1126 1632 1454 1685 catholicam
1511 1631 1826 1685 memoriter

886 1706 1125 1756 teneant.

262 1786 449 1842 Primo
466 1787 731 1841 omnium
750 1788 917 1859 tidem
940 1790 1283 1845 catholicam
1310 1792 1420 1862 (17)
1443 1808 1645 1846 omnes
1671 1806 1831 1861 pres-

198 1874 364 1946 byteri
387 1880 440 1929 et
462 1875 824 1942 diaconi,seu
850 1879 1188 1933 subdiaconi
1219 1880 1552 1935 memoriter
1575 1884 1828 1934 teneant.

206 1962 269 2018 Ut
293 1963 336 2017 si
368 1965 501 2035 quis
537 1965 645 2019 hoc
666 1966 991 2021 faciendum
1015 1969 1833 2040 pratermittat,quadraginta

211 2052 389 2107 diebus
419 2071 451 2107 a
482 2053 622 2108 vino
655 2072 716 2109 se
748 2056 1058 2111 abstineat.
1092 2059 1159 2111 Et
1191 2058 1237 2111 si
1273 2059 1830 2126 postabstinentiam

217 2142 527 2213 neglexerit,
561 2145 1071 2201 condemnandum
1133 2147 1441 2218 dupliciter
1488 2148 1546 2203 in
1600 2165 1663 2203 eo
1695 2166 1827 2203 sen-

221 2233 386 2287 tentia.

207 2337 315 2392 CAP.
342 2339 401 2393 V.
438 2370 514 2380 ——-
549 2345 626 2395 De
656 2342 984 2416 negligentia
1038 2344 1294 2413 cavenda,
1356 2346 1568 2411 iustitia
1615 2345 1824 2416 ample-

586 2416 801 2479 ctenda,
836 2418 885 2469 et
924 2424 1035 2468 vita
1065 2416 1426 2470 emendanda.

256 2497 430 2555 Nemo
462 2499 810 2557 clericorum
847 2503 993 2557 ultra
1026 2505 1144 2558 haec
1178 2522 1306 2576 quae
1347 2506 1518 2575 jussa
1549 2509 1684 2559 sunt
1717 2504 1832 2559 dis-

196 2585 437 2657 simulet,
466 2596 569 2645 aut
589 2591 880 2647 ullatenus
898 2593 1187 2665 negligere
1207 2597 1436 2659 audeat,
1458 2596 1557 2649 sed
1584 2594 1833 2649 libenter

193 2676 426 2747 expleat,
463 2685 521 2733 et
544 2683 1117 2736 sacramentadivina
1134 2700 1499 2755 nequaquam
1536 2686 1829 2756 negligen-

192 2770 269 2819 ter
288 2774 636 2824 contrectat.
671 2770 803 2825 Ideo
825 2772 1205 2841 tamjuvenes
1230 2790 1403 2844 quam
1430 2790 1599 2827 senes
1621 2775 1691 2827 de
1715 2774 1829 2840 his,

188 2855 334 2909 etde
369 2857 536 2911 omni
588 2859 963 2913 conversione
1013 2877 1139 2923 sua,
1192 2878 1257 2914 ac
1309 2861 1744 2915 conversatione
1777 2866 1833 2914 et

183 2945 531 3013 pmnitentia
550 2944 713 2997 valde
732 2961 857 2999 esse
880 2947 1447 3016 sollicitos,satisque
1472 2964 1639 3017 agere
1662 2964 1829 3017 opor-

181 3038 273 3096 tet,
312 3036 382 3084 ut
413 3031 537 3083 haec
568 3032 854 3103 condigne
903 3039 1101 3103 agant,
1153 3039 1208 3088 et
1254 3036 1323 3088 de
1376 3035 1597 3105 reliquo
1630 3040 1837 3089 ornent

1930 452 2029 506 His
2063 452 2356 505 alimentis
2391 452 2631 503 virtutes
2665 449 3027 503 nutriuntur.

1930 559 2063 614 ΟΑΡ.
2091 558 2208 614 VII.
2234 590 2300 597 —
2324 558 2475 626 Quod
2494 557 2742 612 sacerdos
2771 558 2991 610 missam
3044 555 3193 611 solus
3234 571 3580 627 nequaquam

2627 629 2879 684 celebret.

2002 721 2184 789 (Idem
2218 717 2529 773 Theodult‘.
2559 735 2663 789 cap
2692 719 2771 788 7.)
2804 716 3083 771 Sacerdos
3119 715 3279 770 solus
3336 716 3582 771 missam

1932 827 2305 881 nequaquam
2340 808 2612 875 celebret.
2650 807 2788 877 quia
2819 807 2971 859 sicut
3004 804 3100 859 illa
3147 804 3429 859 celebrari
3461 822 3576 859 non

1932 906 2121 971 potest
2151 916 2275 952 sune
2309 896 2659 951 salutatione
2691 895 3029 959 sacerdotis,
3067 894 3444 964 responsione
3471 893 3583 964 ple-

1932 989 2043 1053 bis,
2078 987 2477 1041 admonitione
2510 985 2850 1049 sacerdotis,
2887 981 3263 1053 reSponsione
3288 982 3583 1038 nihilomi-

1936 1096 2045 1132 nus
2078 1078 2298 1148 plebis;
2332 1077 2410 1130 ita
2441 1075 2716 1128 nimirum
2754 1088 3125 1144 nequaquam
3157 1073 3228 1125 ab
3263 1089 3377 1126 uno
3411 1072 3581 1127 debet

1932 1167 2231 1221 celebrari.
2271 1168 2406 1220 Esse
2438 1165 2591 1219 enim
2651 1163 2863 1217 debent
2921 1161 3018 1231 qui
3076 1161 3125 1215 ei
3169 1161 3579 1229 circumstant,

1934 1274 2080 1327 quos
2115 1256 2209 1310 ille
2241 1255 2473 1319 salutet,
2510 1272 2543 1308 a
2573 1253 2788 1318 quibus
2839 1251 2889 1305 ei
2941 1250 3381 1320 respondeatur,
3412 1256 3467 1305 et
3509 1252 3579 1306 ad

1936 1345 2279 1399 memoriam
2314 1343 2397 1397 illi
2432 1342 2828 1399 reducendum
2862 1344 2950 1394 est
2980 1339 3123 1394 illud
3171 1340 3535 1395 Dominicum
3565 1357 3579 1394 :

1939 1435 2251 1503 Ubicunque
2278 1434 2494 1503 fuerint
2548 1431 2673 1497 duo,
2734 1432 2817 1485 vel
2873 1436 2979 1485 tres
3035 1430 3351 1501 congregati
3380 1432 3441 1484 in
3484 1446 3603 1486 nor

1934 1525 2085 1579 mine
2119 1538 2252 1591 meo,
2286 1532 2338 1577 ct
2362 1538 2455 1594 ego
2481 1525 2539 1577 in
2562 1524 2739 1580 medio
2795 1540 2983 1579 eorum
3030 1541 3151 1579 sum
3198 1520 3405 1594 (Matth.
3438 1535 3581 1575 xvm

1936 1614 2048 1683 20).

1862 1750 1908 1813 Β
1937 1720 2069 1775 CAP.
2095 1720 2250 1813 XIII.
2286 1751 2353 1761 —
2386 1720 2533 1813 Quod
2560 1721 2807 1775 sacerdos
2838 1722 3037 1775 missas
3069 1720 3201 1813 ,τιιὶδὶ
3242 1719 3474 1813 sac‘rcouis
3504 1718 3578 1771 ab

2083 1794 2352 1861 Epismpo
2386 1793 2514 1846 locis
2544 1809 2651 1847 non
2680 1802 2976 1863 praesumat
3002 1792 3277 1846 celebrare
3307 1790 3437 1859 (18).

2011 1881 2116 1935 Hic
2146 1881 2201 1934 in
2241 1882 2500 1935 Romana
2532 1883 2751 1952 synodo
2782 1883 3162 1935 constitutum
3204 1884 3291 1934 est
3316 1878 3579 1934 omnium

1942 1987 2075 2024 cum
2110 1987 2396 2024 consensu
2431 1971 2658 2041 synodi,
2694 1976 2757 2025 ut
2790 1971 2987 2025 nullus
3022 1970 3319 2041 presbyter
3368 1967 3581 2022 missas

1943 2060 2055 2113 nisi
2089 2060 2332 2114 sacratis
2364 2060 2434 2114 ab
2467 2060 2736 2130 episcopo
2760 2059 2900 2114 locis
2926 2058 3216 2113 celebrare
3241 2060 3580 2128 praesumat,

1943 2151 2041 2220 qui
2074 2148 2360 2219 particeps
2392 2150 2461 2202 de
2493 2154 2697 2203 caetero
2756 2148 2847 2202 sui
2904 2147 3151 2203 voluerit
3209 2162 3337 2202 esse
3388 2159 3580 2199 sacer-

1943 2238 2105 2293 dotii.

2084 2344 2216 2401 CAP.
2246 2344 2335 2400 IX.
2386 2375 2454 2385 —-
2486 2345 2636 2413 Quod
2665 2346 2862 2399 divina
2890 2344 3155 2415 mysteria
3202 2341 3438 2398 studiose

2578 2415 2944 2472 celebrentur.

2013 2504 2339 2577 (Theodull‘.
2379 2521 2503 2576 cap.
2554 2506 2633 2573 5.)
2687 2507 2744 2559 In
2796 2502 3120 2569 sacrificiis,
3184 2499 3580 2566 dilectissimi,

1941 2599 2075 2648 ante
2097 2596 2294 2648 omnia
2314 2595 2624 2665 diligenter
2644 2595 2999 2661 observetur,
3026 2598 3089 2647 ut
3112 2593 3279 2664 panis
3304 2596 3360 2645 et
3378 2590 3579 2643 vinum

1941 2689 1997 2738 et
2027 2701 2200 2755 aqua,
2249 2684 2375 2737 sine
2429 2683 2643 2753 quibus
2701 2683 2892 2737 missae
2950 2686 3248 2752 nequeunt
3277 2677 3579 2740 celebrari,

1943 2773 2334 2826 mundissime
2383 2777 2556 2843 atque
2605 2770 3039 2826 studiosissime
3092 2774 3438 2824 tractentur.
3511 2767 3582 2820 Et

1944 2861 2087 2915 nihil
2146 2860 2205 2914 in
2264 2861 2356 2915 his
2408 2860 2541 2926 vile,
2598 2859 2743 2914 nihil
2803 2877 2915 2915 non
2978 2860 3284 2931 probatum
3323 2856 3582 2912 invenia-

1944 2951 2247 3017 tur,juxta
2276 2949 2418 3002 illud
2452 2950 2604 3019 quod
2641 2949 2720 3003 ait
2749 2949 3083 3020 Scriptura:
3148 2947 3228 3002 Sit
3286 2950 3451 3001 timor
3485 2946 3586 3000 Do-

1944 3038 2088 3089 mini
2114 3037 2385 3090 vobiscum
2406 3055 2423 3090 :
2446 3054 2571 3090 cum
2589 3038 2879 3105 diligentia
2908 3041 3104 3092 cuncta
3139 3038 3308 3107 facite
3356 3037 3424 3103 (II
3453 3037 3583 3090 Par.

181 3126 291 3175 tam
327 3119 531 3174 clerici
560 3137 735 3190 quam
761 3121 1087 3185 saeculares,
1112 3122 1339 3177 animas
1372 3140 1509 3177 suas
1533 3140 1837 3178 ornamen-
1867 3114 1908 3180 C
1948 3141 2065 3188 xxx,
2092 3126 2169 3195 7).

181 3210 248 3265 tis
270 3208 671 3280 dignissimis,
698 3209 1073 3279 dogmatibus
1092 3210 1313 3265 scilicet
1330 3212 1610 3277 veritatis,
1629 3213 1835 3267 decore

184 3297 503 3369 pudicitiae,
567 3297 876 3367 splendore
942 3300 1210 3369 justitiaa,
1272 3301 1522 3354 candore
1580 3301 1831 3371 pietatis,

186 3386 430 3457 aliisque
457 3385 979 3456 omnibus,quibus
1002 3393 1293 3458 comptam
1321 3390 1483 3443 decet
1506 3406 1632 3444 esse
1656 3390 1833 3445 ratio-

190 3476 439 3530 nabilem
466 3480 743 3529 mentem.
765 3476 912 3530 Tum
939 3482 1213 3547 praeterea
1231 3477 1523 3533 declinare
1546 3496 1579 3533 a
1599 3496 1835 3534 consor-

193 3564 285 3619 tiis
323 3564 675 3631 inhonestis,
711 3569 769 3619 et
801 3564 1155 3633 infidelibus,
1190 3571 1246 3621 et
1266 3568 1599 3622 societatem
1624 3568 1837 3624 habere

199 3654 477 3717 ﬁdelium,
510 3660 683 3724 atque
716 3654 847 3709 illos
879 3654 1596 3725 frequentarecooventus,
1620 3656 1678 3711 in
1700 3658 1825 3729 qui-

199 3743 300 3797 bus
330 3744 400 3799 de
435 3743 736 3813 pudicitia,
768 3744 838 3797 de
862 3743 1120 3812 justitia,
1152 3745 1222 3797 de
1272 3745 1487 3816 pietate
1526 3751 1828 3801 tractatur.

201 3831 363 3887 Orare
396 3849 631 3902 semper
662 3837 839 3886 Deum
859 3848 927 3887 ex
954 3836 1073 3887 toto
1094 3834 1282 3898 corde,
1307 3838 1363 3887 et
1392 3835 1463 3888 ab
1498 3835 1625 3905 ipso
1647 3840 1839 3906 petere

97 3948 111 3971 κ
203 3936 315 3991 quae
346 3923 532 3989 decet,
566 3922 677 3993 ipsi
711 3922 927 3992 gratias
956 3938 1145 3992 agere,
1179 3927 1234 3976 et
1282 3939 1475 3977 veram
1522 3924 1836 3993 paenitudi-

203 4025 321 4064 nem
357 4010 784 4082 praeteritorum
818 4017 1139 4081 gestorum.
1164 4011 1607 4082 Aliquantulum
1633 4014 1835 4077 etiam,

206 4098 248 4152 si
274 4099 551 4170 possibile
569 4104 677 4164 est,
695 4117 795 4171 per
813 4100 1274 4155 misericordiam
1296 4103 1839 4172 pauperumjuvare

208 4188 622 4257 pcenitentiam.

210 4294 327 4349 CAP.
386 4296 481 4350 VI.
543 4327 610 4336 —
651 4296 903 4371 -Quibus
987 4297 1159 4350 armis
1241 4296 1521 4361 diabolus,
1581 4300 1631 4352 et
1706 4298 1844 4352 vitia

816 4371 1216 4437 expugnentur.

2344 3214 2477 3268 CAP.
2510 3212 2574 3267 X.
2608 3244 2675 3252 —
2705 3214 2836 3267 Item
2863 3228 2931 3267 ex
2957 3212 3178 3267 eisdem.

2014 3306 2235 3374 Corpus
2267 3302 2495 3357 Domini
2524 3301 2683 3357 nullo
2734 3302 2905 3356 modo
2948 3304 3319 3355 consecretur
3376 3299 3491 3355 nisi
3521 3315 3590 3355 ex

1944 3392 2171 3463 integra
2202 3392 2718 3462 oblatione.Neque
2742 3391 2894 3445 enim
2922 3388 3304 3445 Dominussui
3327 3389 3591 3461 corporis

1946 3481 2204 3554 aliquam
2247 3482 2529 3536 sustinuit
2578 3480 3049 3543 diminutionem,
3112 3479 3265 3534 sicut
3304 3479 3589 3550 scriptum

1946 3576 2073 3625 est:
2107 3571 2211 3625 Nec
2238 3571 2395 3625 dabis
2425 3574 2675 3624 sanctum
2724 3579 2883 3623 tuum
2939 3568 3128 3623 videre
3183 3569 3594 3639 corruptionem

1948 3660 2123 3731 (Psat.
2158 3676 2247 3724 xv,
2279 3660 2391 3730 21),
2428 3661 2493 3713 Et
2524 3658 2661 3713 alibi
2722 3659 2787 3714 Os
2842 3674 2952 3712 non
3007 3658 3392 3712 comminuetis
3420 3672 3489 3711 ex
3532 3671 3593 3712 eo

1949 3750 2125 3816 (Joan.
2160 3765 2247 3809 xv.
2281 3749 2391 3813 36).
2424 3748 2611 3801 Missa
2642 3747 2817 3801 etiam
2851 3747 2961 3801 nisi
2995 3745 3271 3817 ajejunis
3320 3745 3590 3801 sacerdo-

1948 3837 2109 3890 tibus
2142 3853 2255 3891 non
2286 3836 2671 3890 celebrentur.
2743 3864 2747 3867 -

2039 3924 2174 3979 CAP.
2212 3925 2297 3978 XI.
2332 3956 2393 3964 —
2430 3926 2492 3980 Ut
2519 3926 2745 3994 feminae
2773 3923 2844 3977 ad
2872 3925 3049 3978 altare
3075 3940 3185 3980 non
3216 3924 3498 3979 accedant.

2022 4013 2347 4083 (Theodulf.
2384 4029 2510 4083 cap.
2567 4012 2646 4081 6.)
2703 4012 2948 4066 Feminae
3004 4012 3243 4067 missam
3299 4013 3596 4066 sacerdote

1952 4101 2278 4157 celebrante
2310 4118 2679 4172 nequaquam
2706 4102 2774 4155 ad
2800 4100 2979 4155 altare
3002 4102 3298 4166 accedant,
3326 4101 3425 4155 sed
3454 4100 3595 4155 locis

1953 4194 2075 4247 suis
2108 4197 2285 4261 stent,
2319 4196 2375 4244 et
2421 4191 2500 4245 ibi
2552 4191 2822 4245 sacerdos
2866 4207 3067 4244 earum
3127 4188 3451 4245 oblationes
3481 4188 3595 4244 Deo

1956 4281 2259 4335 oblaturus
2291 4280 2551 4351 accipiat.
2587 4281 2870 4335 Memores
2930 4295 3056 4335 esse
3113 4279 3327 4334 debent
3368 4278 3595 4333 feminas

1956 4370 2319 4423 infirmitatis
2351 4386 2492 4438 sua},
2516 4374 2571 4421 et
2602 4385 2775 4423 sexus
2807 4368 3245 4424 imbecillitatis.
3278 4369 3348 4422 Et
3379 4366 3596 4422 idcirco

275 4455 598 4524 (Theodulf.
655 4472 781 4526 cap.
839 4456 916 4527 2).
978 4456 1217 4526 Oportet
1267 4473 1368 4510 vos
1437 4456 1841 4511 assiduitatem
1878 4484 1922 4547 D
1958 4457 2231 4528 quaelibet
2254 4458 2535 4511 sanctain
2562 4457 2883 4512 ministerio
2906 4458 3101 4512 divino
3123 4456 3458 4529 contingere
3479 4473 3601 4527 per-

219 4540 411 4599 babere
442 4545 695 4617 legendi,
722 4550 779 4599 et
801 4546 1143 4600 instantiam
1178 4545 1403 4600 orandi.
1438 4545 1583 4609 Quia
1603 4545 1718 4599 vita
1738 4546 1845 4599 viri

214 4631 345 4701 justi
373 4634 987 4703 lectionejinstruitur,
1021 4636 1282 4690 oratione
1312 4641 1571 4704 ornatur,
1606 4639 1661 4690 et
1701 4635 1848 4689 assi-

223 4722 424 4779 duitate
452 4724 721 4779 lectionis
772 4724 1037 4778 munitur
1090 4724 1263 4779 homo
1312 4741 1344 4778 a
1398 4730 1649 4794 peccato,
1678 4725 1849 4793 juxta

223 4808 370 4867 illum
399 4814 495 4885 qui
526 4814 787 4869 dicebat:
824 4818 891 4869 In
946 4813 1107 4868 corde
1161 4830 1277 4868 meo
1334 4814 1593 4868 abscondi
1631 4814 1847 4885 eloquia

225 4902 323 4969 tua,
351 4907 405 4957 ut
436 4920 541 4959 non
568 4920 777 4973 peccem
811 4903 913 4958 tibi
940 4904 1111 4974 (Psat.
1148 4920 1342 4969 cxvm,
1376 4904 1484 4973 11).
1546 4903 1677 4957 Ηεεο
1711 4909 1849 4958 sunt

227 4989 360 5043 enim
384 5009 561 5060 arma,
587 4993 851 5047 videlicet
872 4993 1041 5047 lectio
1065 4998 1121 5045 et
1142 4992 1346 5057 oratio,
1385 4993 1601 5064 quibus
1643 4993 1848 5047 diabo-

228 5073 308 5131 lus
322 5082 831 5153 expugnaturﬂaac
847 5099 910 5136 su
923 5087 985 5136 nt
1001 5082 1391 5136 instrumenta
1405 5100 1432 5150 ι]
1446 5082 1618 5135 uibus
1634 5086 1849 5138 aeterna

293 5274 389 5310 tt7\
416 5277 587 5310 ι’τίιιινη
640 5276 967 5310 ηηΙΙιΛΙδιιηγη
1052 5276 1323 5310 Aninnnina
1358 5278 1372 5310 ἶ

1358 5278 1471 5310 inm
1509 5277 1736 5310 mnnni‘
1770 5278 1838 5310 An

1955 4548 2282 4600 timescant.
2305 4547 2435 4609 Quae
2452 4547 2623 4600 etiam
2645 4545 2776 4600 laici
2807 4545 2912 4599 viri
2936 4547 3345 4617 pertimescere
3368 4546 3601 4611 debent,

1957 4652 2030 4691 ne
2059 4636 2183 4691 Ozze
2219 4652 2449 4705 pcenam
2485 4636 2753 4700 subeant,
2787 4634 2908 4705 qui,
2941 4636 3081 4688 dum
3139 4637 3337 4688 Arcam
3372 4634 3603 4688 Domini

1957 4725 2411 4780 extraordinarie
2456 4724 2795 4797 contingere
2842 4724 3043 4789 voluit,
3094 4722 3336 4777 Domino
3400 4737 3604 4793 percu-

1958 4816 2139 4870 tiente
2171 4814 2393 4870 interiit
2422 4815 2495 4887 (II
2520 4816 2629 4883 Reg
2682 4815 2783 4885 v1).

1959 4927 2089 4979 CAP.
2122 4922 2240 4978 XII.
2302 4954 2370 4963 -—
2443 4924 2505 4979 Ut
2562 4924 2789 4991 femina:
2833 4930 3049 4977 sacrata
3102 4936 3255 4986 vasa,
3302 4921 3389 4975 vel
3417 4919 3606 4991 pallas

2532 5012 2641 5049 non
2695 4997 3033 5064 contingant.

2036 5085 2302 5141 Sacratas
2335 5086 2445 5157 (19)
2482 5088 2594 5139 Deo
2626 5084 2894 5155 feminas,
2923 5084 3010 5139 vel
3042 5080 3361 5138 monacbas
3382 5088 3612 5139 sacrata

1963 5299 2064 5310 ...ι-η
2128 5283 2625 5310 Μ..11..-.....ηη1η,ιη..
2678 5283 2755 5310 n-
2786 5297 3023 5310 ηΑ-ιιμηη..
3078 5279 3192 5310 Ᾱῖηι
3250 5280 3268 5310 4
