4030 5310
367 190 439 253 31
1380 196 1719 258 ATTONIS
1764 186 2348 260 VERCELLENSIS
2395 199 2751 262 EPISCOPI
3690 194 3771 255 3‘2

370 340 529 393 vasa,
564 324 652 380 vel
682 331 942 382 sacratas
1000 326 1186 399 pallas
1231 345 1408 399 penes
1440 346 1546 384 nos
1578 330 1932 401 contingere,
1960 333 2017 384 et
2043 329 2097 394 Α
2128 330 2384 401 ptizandi
2418 332 2527 387 sibi
2562 331 2854 404 quispiam
2885 329 3105 404 passim
3134 344 3485 402 quocunque
3509 330 3773 399 tempore

370 415 521 470 circa
552 416 759 470 altaria
818 418 1121 472 incensum
1182 419 1404 473 deferre
1464 419 1749 490 perlatum
1811 425 1898 474 est
1937 421 2007 474 ad

371 504 748 574 apostolicam
783 508 1001 561 sedem.
1036 509 1168 571 Quae
1221 508 1416 562 omnia
1465 509 1913 580 reprehensione
1956 516 2012 563 et

368 594 791 665 vituperatione
822 597 991 667 plena
1012 613 1138 651 esse
1171 596 1315 650 nulli
1350 603 1500 652 recte
1526 599 1877 669 sapientium
1911 600 2012 653 du-

362 684 524 737 bium
561 689 663 737 est.
694 686 1058 757 Quapropter
1080 686 2009 757 hujussanctaisedisaucloritate

361 772 482 827 haec
513 774 712 828 omnia
744 791 1001 829 resecare
1025 775 1291 829 funditus
1324 778 1671 846 quantocius
1725 778 2005 849 poteritis,

361 878 705 917 censemus:
740 868 797 917 et
829 880 898 917 ne
934 864 1113 933 pestis
1148 864 1265 917 hazc
1303 864 1472 918 latius
1524 865 1872 937 divulgetur,
1910 884 2011 937 per

363 967 567 1007 omnes
614 952 942 1023 provincias
993 953 1247 1025 abstergi
1310 953 1592 1009 citissime
1635 956 2003 1011 mandamus.

466 1058 604 1113 CAP.
638 1059 780 1114 XIII.
815 1092 880 1099 ——
917 1062 978 1135 Ut
1010 1062 1198 1116 nullus
1227 1073 1523 1132 praesumat
1553 1064 1802 1135 qualibet
1831 1082 1902 1118 ex

824 1134 995 1186 sacris
1025 1135 1225 1187 illicito
1254 1150 1537 1204 usurpare.

434 1237 759 1308 (Theodulf.
795 1256 921 1310 cap.
961 1240 1071 1309 18.)
1116 1239 1322 1294 Nullus
1376 1246 1692 1311 praesumat
1740 1246 1838 1296 aut
1870 1241 2005 1296 cali-

366 1343 512 1393 cem,
547 1332 648 1381 aut
677 1332 1077 1397 patenam,aut
1097 1328 1367 1400 quaelibet
1388 1347 1523 1385 vasa
1546 1337 1792 1392 sacra.et
1814 1331 2007 1385 divino

365 1415 597 1470 servitio
631 1416 979 1488 mancipata,
1015 1418 1085 1472 ad
1119 1419 1263 1473 alios
1314 1436 1467 1487 usus
1506 1426 1860 1492 retorquere,
1903 1438 2007 1476 nec

364 1503 541 1559 calice
574 1521 739 1559 sacro
770 1504 921 1559 aliud
956 1505 1358 1578 bibatr‘przeter
1389 1507 1735 1580 sanguinem
1770 1510 2007 1575 Christi,

365 1592 465 1661 qui
498 1592 555 1647 in
589 1600 950 1649 sacramento
978 1595 1264 1666 accipitur
1289 1615 1300 1663 ;
1323 1612 1426 1651 nec
1454 1602 1723 1669 patenam
1753 1599 1821 1653 ad
1848 1600 2006 1655 aliud

2122 420 2341 475 nullam
2375 423 2571 476 credat
2604 422 2795 476 inesse
2855 422 3170 486 ﬁduciam;
3234 425 3441 491 praeter
3491 416 3770 472 Paschale

2120 508 2355 577 festum,
2390 516 2445 564 et
2476 514 2841 564 Pentecostes
2900 508 3225 563 venerabile
3290 514 3721 562 sacramentum
3750 521 3765 561 :

2120 604 2358 668 excepto
2395 601 2678 653 duntaxat
2708 599 3038 668 gravissimi
3079 598 3378 669 languoris
3411 597 3674 659 incursu,
3708 594 3771 648 in

2120 704 2235 757 quo
2267 689 2581 743 verendum
2633 693 2719 743 est
2748 688 2841 742 "ne
2895 688 3078 741 morbi
3132 694 3425 741 crescente
3486 684 3765 757 periculo,

2119 775 2244 829 sine
2298 777 2552 830 remedio
2613 776 2857 831 salutari
2920 777 3185 830 fortassis
3233 779 3541 847 aegrotans,
3593 774 3768 828 exitio

2120 872 2449 936 praeventus
2480 866 2773 923 abscedat.

2234 972 2367 1027 CAP.
2404 971 2602 1027 XVIII.
2635 1004 2702 1011 —
2736 972 2990 1039 Quali/er
3013 970 3274 1040 baptismi
3307 972 3646 1023 sacramenta

2678 1044 2953 1098 celebrari
2991 1050 3204 1112 Oportet

2188 1150 2604 1205 Catecbumeni
2638 1156 2949 1221 antequam
2982 1148 3370 1219 baptizentur,
3395 1146 3766 1201 instruantur

2119 1239 2369 1309 qualiter
2416 1241 2673 1305 credant,
2727 1244 2791 1293 ut
2838 1239 3241 1293 sacerdotibus
3291 1254 3421 1291 cum
3465 1236 3766 1307 baptizan-

2116 1332 2215 1381 tur
2245 1329 2655 1399 respondeant.
2690 1328 2796 1393 Qui
2831 1327 2991 1382 nullo
3026 1328 3197 1381 modo
3230 1327 3600 1398 baptizentur
3650 1323 3773 1379 nisi

2120 1433 2287 1470 suam
2319 1418 2567 1471 confessi
2607 1418 2821 1471 fuerint
2852 1416 3068 1470 fidem:
3104 1415 3151 1469 si
3198 1414 3445 1470 facultas
3492 1412 3773 1485 loquendi

2118 1505 2370 1559 adfuerit
2394 1504 2468 1571 ;si
2487 1510 2684 1559 autem
2704 1505 2901 1558 subito
2926 1503 3267 1559 imminente
3289 1502 3544 1575 periculo
3567 1503 3774 1557 obmu-

2118 1593 2355 1660 tuerint,
2410 1610 2511 1664 per
2560 1592 3097 1647 Christianissimos
3148 1598 3326 1647 testes
3386 1608 3584 1647 eorum
3621 1590 3771 1644 fides

365 1680 966 1747 ofﬁciumfadmittere
999 1685 1229 1750 audeat,
1267 1686 1547 1757 quam'jlad
1579 1686 1780 1743 altaris
1812 1688 2012 1743 minis.
2041 1697 2087 1760 Β
2118 1682 2503 1748 examinetur,
2537 1680 3099 1752 quiillisantequam
3115 1679 3768 1747 obmutuerint,adfuis-

364 1771 600 1825 torium.
630 1772 699 1826 Et
727 1772 931 1828 altaria
962 1790 1074 1828 non
1109 1776 1517 1846 cooperiantur
1563 1777 1673 1831 nisi
1720 1779 1923 1833 nitidis
1952 1785 2008 1834 et

367 1859 1033 1933 novis,pannis,corpora
1046 1880 1177 1919 vero
1202 1873 1564 1920 mortuorum
1589 1883 1661 1937 in,
1678 1868 1818 1938 ipsis
1844 1868 2006 1924 nullo

370 1950 541 2004 modo
572 1950 957 2007 involvantur.

446 2056 580 2112 CAP.
613 2055 752 2112 XIV.
785 2087 853 2099 —
888 2059 949 2114 Ut
977 2060 1292 2115 vestimenta
1319 2064 1682 2120 ecclesiastica
1711 2069 1926 2122 sacrata

947 2135 997 2185 et
1030 2132 1256 2186 honesta
1286 2135 1415 2188 sint.

434 2233 797 2291 Vestimenta
813 2236 925 2308 (20)
942 2237 1117 2309 igitur
1130 2238 1521 2296 ecclesiastica
1535 2243 1747 2314 quibus
1761 2244 2005 2301 Domino

250 2362 259 2369 ο
365 2324 756 2397 ministratur,
789 2332 1017 2382 sacrata
1035 2328 1245 2383 debent
1265 2346 1393 2385 esse
1412 2335 1470 2385 et
1493 2331 1757 2387 honesta.
1785 2336 2007 2399 Quibus

366 2412 497 2469 aliis
524 2414 729 2470 usibus
760 2431 931 2471 nemo
965 2416 1133 2471 debet
1169 2418 1275 2485 uti,
1311 2435 1485 2489 quam
1523 2420 1931 2477 ecclesiasticis
1952 2428 2009 2479 et

366 2505 477 2557 Deo
512 2502 706 2574 dignis
725 2503 953 2569 ofﬁciis,
973 2522 1098 2576 quae
1119 2508 1317 2573 neciab
1340 2506 1473 2563 aliis
1497 2509 1709 2565 debent
1726 2513 2004 2584 contingi,

366 2595 466 2646 aut
498 2591 653 2661 ferri,
687 2593 797 2647 nisi
832 2611 865 2648 a
895 2596 1140 2650 sacratis
1172 2596 1531 2664 hominibus,
1566 2616 1637 2653 ne
1690 2599 1833 2654 ultio
1881 2618 2006 2671 quae

366 2679 670 2736 Balthasar
718 2699 912 2753 regem
963 2684 1268 2753 percussit,
1321 2703 1497 2758 super
1544 2687 1665 2742 hmo
1712 2693 2005 2761 transgre-

369 2768 615 2838 dientes,
647 2775 703 2824 et
750 2770 863 2825 alia
910 2782 1353 2843 praesumentes,
1400 2774 1592 2829 veniat
1639 2778 1869 2839 divina;
1906 2779 2008 2850 qui

370 2858 509 2912 dum
534 2875 672 2913 vasa
694 2859 924 2915 Domini
956 2862 1013 2915 in
1039 2879 1182 2917 usus
1203 2880 1544 2920 communes
1565 2868 1908 2939 assumpsit,
1932 2869 2012 2922 vi-

366 2950 489 3001 tam
520 2964 654 3002 cum
689 2965 864 3020 regno
897 2950 1111 3020 pariter
1140 2953 1357 3007 amisit.

464 3054 597 3109 CAP.
631 3054 742 3111 XV.
786 3088 841 3096 -
878 3058 940 3114 Ut
970 3058 1157 3112 clerici
1194 3060 1550 3116 saecularibus
1579 3062 1913 3119 indumentis

990 3146 1101 3183 non
1130 3134 1379 3185 utantur.

438 3231 768 3302 (Zacharias
799 3249 970 3304 papa,
995 3239 1051 3288 et
1083 3236 1331 3290 refertur
1364 3238 1460 3301 21,
1520 3255 1576 3308 q.
1612 3241 1664 3303 4,
1715 3258 1840 3312 cap.
1876 3243 2007 3311 Epi-

366 3321 564 3391 scopi,)
582 3321 907 3393 Presbyteri
925 3327 981 3377 et
1002 3322 1228 3378 diaconi
1248 3325 1623 3381 saecularibus
1650 3329 2007 3384 indumentis

369 3408 611 3463 minime
628 3414 887 3479 utantur,
908 3411 1018 3466 nisi
1042 3418 1105 3465 ut
1125 3414 1416 3479 condecet,
1453 3416 1649 3470 tunica
1680 3419 2008 3473 sacerdota-

368 3496 446 3551 li:
484 3499 584 3552 sed
616 3515 800 3570 neque
832 3501 971 3555 dum
1005 3502 1434 3557 ambulaverint
1466 3505 1522 3559 in
1564 3506 1874 3576 civitatem,
1909 3514 2011 3563 aut

370 3585 429 3641 in
461 3586 638 3650 viam,
658 3594 760 3642 aut
780 3588 837 3642 in
858 3589 1096 3660 plateas,
1124 3591 1251 3645 sine
1273 3594 1630 3662 operimento
1656 3602 2011 3666 praesumant

371 3676 692 3746 ambulare,
726 3686 931 3749 praeter
960 3681 1009 3733 si
1041 3679 1100 3733 in
1130 3681 1339 3735 itinera
1369 3682 1542 3754 longa
1563 3685 2009 3739 ambulaverint.

371 3764 537 3828 Quia,
589 3766 741 3820 sicut
762 3769 965 3822 mulier
996 3784 1159 3823 orans
1191 3771 1249 3824 in
1274 3772 1512 3827 ecclesiis
1540 3788 1645 3827 non
1680 3773 1865 3828 velato
1918 3791 2011 3829 ca-

369 3854 481 3923 pite
509 3854 761 3925 deturpat
790 3865 952 3927 caput
980 3873 1142 3911 suum
1196 3860 1241 3929 (1
1298 3862 1430 3915 Cor.
1476 3878 1539 3927 Π,
1575 3864 1647 3935 4),
1674 3864 1843 3933 juxta
1871 3881 2009 3936 apo-

373 3942 638 3999 stolicam
673 3961 911 4009 vocem;
942 3945 1022 4001 ita
1048 3950 1318 4003 sacerdos
1352 3950 1477 4005 sine
1516 3952 1876 4021 operimento
1910 3954 2011 4008 de-

370 4036 570 4103 turpat
618 4035 1006 4090 sacerdotium
1060 4054 1255 4091 suum.
1314 4039 1480 4106 Nam,
1542 4041 1590 4093 si
1641 4046 1836 4096 tenere
1868 4058 2008 4112 pree-

374 4122 688 4193 sumpserit
767 4130 1258 4181 contraistatuta
1335 4144 1526 4199 agere,
1599 4130 2014 4185 communione

374 4210 650 4281 privetur,
685 4211 867 4267 donec
897 4230 1023 4284 quae
1071 4220 1289 4272 statuta
1337 4222 1476 4273 sunt
1523 4218 1841 4290 adimplere
1889 4235 2011 4273 ma-

372 4303 433 4355 tu
443 4304 546 4354 ret.

479 4406 612 4462 CAP.
646 4408 784 4463 XVI.
820 4440 885 4451 —
918 4410 1463 4538 Quaqd‘qjyznbolum
1485 4415 1907 4485 compctentibus

1083 4501 1111 4537 r
1184 4501 1325 4538 aur.

1083 4501 1325 4539 raaatur.

446 4567 654 4623 Concil.
688 4570 974 4641 Agathens.
1010 4588 1058 4627 c.
1095 4574 1205 4644 13.)
1238 4573 1578 4645 Symbolum
1602 4575 1775 4630 etiam
1800 4575 2018 4647 placuit

375 4658 447 4713 ab
480 4657 757 4713 omnibus
790 4659 1062 4715 Ecclesiis
1090 4679 1204 4716 una
1221 4664 1332 4731 die,
1370 4663 1424 4716 id
1458 4669 1546 4718 est
1578 4672 1709 4719 ante
1740 4671 1867 4720 octo
1889 4665 2014 4721 dies

374 4746 690 4802 Dominica
710 4749 1169 4805 Resurrectionis
1193 4751 1425 4822 publice
1447 4753 1506 4808 in
1523 4754 1766 4809 ecclesia
1789 4771 2016 4825 compe-

374 4834 635 4893 tentibus
666 4838 839 4893 tradi.

622 4945 757 5001 CAP.
789 4946 957 5001 XVII.
993 4978 1058 4985 —
1090 4952 1169 5003 De
1198 4950 1433 5019 tempore
1461 4949 1763 5019 (baptismi.

444 5050 732 5123 (Gelasius
763 5053 931 5124 epist.
966 5054 1035 5109 ad
1069 5055 1324 5125 episcop.
1362 5054 1622 5109 Lucaniae
1654 5072 1703 5110 c.
1752 5056 1860 5126 12.)
1906 5059 2012 5108 Ba-

390 5304 403 5310 _
445 5231 557 5302 (20)
591 5231 973 5310 Steph._papa
1022 5234 1240 5291 Hilario
1291 5250 1381 5310 ep.
1437 5234 1486 5310 1_.
1536 5249 1584 5286 c.
1614 5233 1697 5310 _3.
1742 5231 2016 5310 chertur

2120 1774 2267 1824 sent.
2295 1771 2361 1824 Et
2383 1770 2430 1824 si
2461 1787 2661 1825 eorum
2693 1770 3047 1825 testimoniis
3080 1769 3238 1841 digni
3273 1769 3491 1823 inventi
3524 1768 3765 1835 fuerint,

2118 1860 2504 1930 baptizentur.
2540 1858 2605 1913 Hi
2625 1876 2757 1913 vero
2781 1858 2878 1930 qui
2905 1859 2974 1913 ab
2996 1858 3239 1912 infantia
3263 1857 3408 1911 muti
3434 1857 3689 1921 fuerunt,
3712 1855 3766 1911 si

2119 1949 2413 2020 aliquibus
2446 1949 2705 2014 nutibus,
2740 1954 2835 2005 aut
2868 1949 3098 2004 indiciis
3135 1947 3496 2003 Christianos
3544 1963 3605 2001 se
3635 1962 3769 2002 esse

2116 2038 2284 2105 velle,
2308 2038 2391 2092 vel
2427 2038 2790 2110 baptismum
2816 2042 3010 2110 petere
3041 2036 3368 2102 videantur,
3399 2053 3511 2090 non
3536 2041 3624 2091 est
3646 2035 3769 2091 illis

2114 2116 2441 2183 vitandum.
2478 2127 2583 2182 Pro
2617 2127 2940 2182 infantibus
2975 2142 3108 2181 vero
3143 2125 3358 2196 quibus
3390 2127 3532 2179 aetas
3564 2124 3773 2179 adhuc

2116 2216 2391 2287 loquendi
2409 2233 2520 2270 non
2536 2216 2781 2285 est,aliis
2800 2234 2911 2271 non
2933 2215 3253 2270 abnuimus
3266 2214 3737 2284 respondendum
3750 2258 3771 2283 ,

2118 2304 2421 2360 catholicis
2441 2309 2657 2360 tamen.
2686 2304 2794 2360 Sed
2827 2305 2926 2376 qui
2954 2321 3055 2375 pro
3084 2302 3167 2358 eis
3193 2302 3368 2358 ﬁdem
3393 2302 3771 2374 promittunt,

2117 2410 2319 2449 curam
2353 2399 2407 2449 et
2440 2393 2895 2449 sollicitudinem
2931 2392 3143 2447 habere
3175 2392 3410 2458 debent,
3446 2396 3507 2447 ut
3537 2391 3618 2445 illi
3654 2391 3776 2446 hoc

2117 2483 2397 2553 impleant
2430 2484 2584 2555 quod
2625 2483 2732 2553 ipsi
2768 2499 2868 2553 pro
2901 2482 2985 2537 eis
3017 2480 3437 2552 promiserunt.
3478 2480 3536 2535 Si
3570 2486 3774 2534 autem

2118 2570 2371 2640 religiosi
2406 2576 2461 2626 et
2492 2572 2643 2626 docti
2667 2570 2884 2626 talibus
2916 2574 3185 2643 parentes
3216 2569 3449 2636 fuerint,
3484 2570 3635 2640 quod
3688 2570 3776 2623 sit;

2117 2677 2248 2715 cum
2282 2660 2390 2714 hac
2422 2661 2843 2731 protestatione
2902 2659 3306 2714 committendi
3356 2663 3509 2713 sunt.
3564 2659 3667 2723 Qui
3716 2658 3776 2713 si

2117 2749 2405 2804 defuerint
2427 2750 2537 2820 (21)
2562 2748 2656 2803 isti
2681 2765 2778 2804 eos
2801 2747 3163 2820 frequentius
3187 2746 3506 2811 instruant,
3524 2747 3773 2818 suisque

2118 2837 2413 2893 beneficiis
2437 2838 2636 2910 sapius
2659 2839 2932 2893 studeant
2955 2838 3300 2893 confortare.

2247 2946 2379 2999 CAP.
2414 2944 2552 2999 XIX.
2588 2976 2653 2986 —
2686 2946 2819 3000 Item
2846 2946 2910 2999 de
2936 2946 3185 3016 parvulis
3216 2943 3628 3013 aegrotantibus.

2192 3034 2518 3103 (Theodulf.
2574 3051 2701 3105 cap.
2758 3036 2867 3103 17.)
2909 3034 2966 3089 Si
3018 3032 3299 3103 parvulus
3357 3037 3646 3101 aegrotans
3690 3032 3764 3086 ad

2121 3121 2438 3193 quemlibet
2462 3124 2933 3191 presbyterorum
2950 3121 3226 3191 baptismi
3242 3119 3432 3191 gratia
3445 3120 3516 3173 de
3532 3120 3621 3189 cuj
3632 3119 3769 3174 usli-

2117 3210 2213 3264 bet
2244 3209 2520 3280 parochia
2550 3209 2763 3264 allatus
2788 3209 2981 3274 fuerit,
3016 3209 3297 3279 baptismi
3328 3215 3765 3265 sacramentum

2120 3297 2281 3352 nullo
2308 3300 2479 3353 modo
2500 3303 2763 3369 negetur.
2787 3299 2842 3353 Si
2862 3298 2995 3367 quis
3018 3296 3126 3351 hoc
3150 3314 3365 3351 munus
3389 3298 3605 3368 potenti
3629 3314 3766 3352 con-

2118 3386 2316 3441 cedere
2335 3385 2824 3449 detrectaverit,et
2845 3384 2940 3440 ille
2958 3384 3235 3456 parvulus
3252 3385 3474 3456 absque
3486 3386 3763 3457 baptismi
3808 3428 3813 3433 .

2117 3475 2305 3546 gratia
2355 3481 2622 3529 mortuus
2674 3475 2865 3543 fuerit,
2918 3474 3140 3529 noverit
3203 3491 3265 3529 se
3317 3473 3412 3528 ille
3465 3475 3565 3541 qui
3627 3491 3763 3529 eum

2119 3582 2234 3619 non
2270 3564 2600 3636 baptizavit,
2652 3580 2755 3635 pro
2806 3564 2936 3632 ejus
2986 3562 3185 3617 anima
3244 3562 3528 3617 rationem
3571 3563 3762 3618 reddi-

2118 3656 2342 3707 turum.

2119 3760 2253 3814 CAP.
2288 3759 2401 3814 XX.
2432 3790 2501 3800 ——
2537 3760 2599 3816 Ut
2626 3760 2936 3831 presbyteri
2966 3760 3168 3828 absque
3194 3758 3444 3814 diaconis
3492 3758 3765 3828 baptisma

2726 3847 2834 3885 non
2863 3832 3157 3885 celebrent.

2193 3937 2261 3993 Ut
2291 3936 2347 3990 in
2382 3936 2543 3990 nulla
2573 3937 2684 4008 (22)
2716 3935 2962 3991 ecclesia
2990 3935 3305 4006 cujuslibet
3325 3936 3639 3991 diceeeseos
3663 3935 3764 3990 ubi

2121 4025 2453 4096 baptismus
2501 4025 2850 4091 celebratur,
2901 4026 3203 4097 presbyter
3258 4026 3481 4095 absque
3519 4025 3764 4080 diacono

2121 4130 2249 4169 esse
2280 4114 2619 4185 reperiatur.
2654 4114 2815 4169 Unde
2846 4114 3041 4169 omnis
3075 4115 3376 4187 presbyter
3405 4130 3516 4169 non
3542 4114 3764 4168 habens

2120 4202 2455 4268 diaconum,
2482 4202 2658 4274 eligat
2687 4202 2796 4257 sibi
2832 4218 3164 4273 personam,
3198 4207 3255 4257 et
3276 4200 3428 4273 plebi
3454 4218 3572 4256 suis
3597 4202 3762 4255 inno-

2122 4296 2342 4347 tescat:
2378 4297 2516 4346 tunc
2549 4292 2617 4346 ad
2653 4291 2988 4362 pontiﬁcem
3013 4308 3189 4346 suum
3210 4290 3562 4361 consignans
3583 4290 3764 4344 dedu-

2123 4384 2239 4445 cat,
2271 4382 2441 4450 cujus
2472 4380 2649 4435 vitam
2677 4380 2979 4450 probatam
3001 4379 3232 4444 habeat,
3251 4382 3308 4432 et
3329 4379 3610 4432 diaconus
3627 4393 3763 4432 con-

2124 4474 2401 4523 secretur.
2437 4468 2597 4533 Quod
2631 4467 2679 4521 si
2734 4466 3034 4521 distulerit
3090 4466 3407 4538 presbyter,
3466 4466 3668 4522 dicens
3698 4482 3765 4521 eo

2124 4558 2277 4629 quod
2313 4574 2424 4611 non
2455 4556 2666 4613 habeat
2694 4553 2870 4609 talem
2920 4554 3217 4622 clericum,
3268 4554 3579 4627 episcopus
3620 4564 3775 4611 suus'

2124 4645 2421 4717 provideat
2450 4661 2516 4698 ex
2550 4642 2792 4698 ecclesia
2843 4660 2969 4709 sua,
3014 4650 3118 4697 aut
3161 4644 3314 4699 unde
3370 4645 3618 4700 voluerit
3660 4646 3764 4699 bo-

2125 4751 2259 4789 nam
2293 4750 2623 4804 personam.
2656 4732 2907 4786 Tantum
2927 4736 3015 4786 est
3038 4738 3099 4785 ut
3116 4731 3240 4788 sine
3260 4733 3504 4788 diacono
3527 4750 3639 4787 non
3663 4732 3761 4789 sit.
3800 4738 3806 4746 ’

2248 4856 2383 4911 CAP.
2420 4856 2560 4912 XXI.
2596 4887 2662 4897 —
2691 4857 2817 4925 Quae
2851 4859 2910 4911 in
2940 4857 3181 4912 ecclesiis
3209 4857 3431 4912 recondi
3461 4858 3639 4913 liceat.

2194 4963 2523 5033 (Theodulf.
2559 4980 2609 5019 c.
2671 4964 2753 5038 8.)
2810 4964 3092 5019 Videmus
3146 4965 3347 5020 crebro
3402 4964 3461 5018 in
3508 4962 3765 5020 ecclesiis

2124 5069 2347 5109 messes
2368 5060 2424 5108 et
2452 5053 2648 5107 fenum
2672 5054 2903 5127 congeri
2930 5072 2943 5121 ;
2979 5054 3134 5109 unde
3158 5053 3428 5109 volumus
3452 5058 3517 5109 ut
3540 5053 3649 5110 hoc
3666 5068 3765 5125 pe-

2122 5247 2256 5310 cum
2290 5231 2571 5310 Acherius
2599 5249 2712 5310 non
2749 5232 3096 5310 intelligeret
3142 5235 3449 5288 monuerat
3490 5230 3600 5287 hoc
3639 5230 3765 5286 loco
