4030 5310
213 387 287 448 33
1653 371 2034 432 CAPITULA
2051 367 2174 428 an.
3535 365 3612 424 34

213 519 373 575 nitus
403 518 761 586 observetur,
794 519 858 569 ut
884 512 1034 569 nihil
1055 512 1116 566 in
1146 509 1410 573 ecclesia,
1445 511 1651 579 printer
1680 502 1860 560 vesti-
1893 521 1938 582 Α
1976 501 2302 556 sacerdotes
2333 499 2719 563 dicimur,hoc
2749 499 2935 554 facere
2971 516 3083 555 non
3115 499 3416 556 debemus.
3450 500 3614 556 Unde

214 616 410 664 menta
441 606 854 671 ecclesiastica,
876 609 932 658 et
962 619 1098 658 vasa
1123 605 1325 655 sancta
1345 603 1402 653 et
1426 597 1623 663 libros,
1658 611 1856 648 recon-

211 699 402 752 datur.
437 697 496 750 Si
531 701 724 749 autem
756 694 867 764 (23)
889 699 1148 762 tempore
1178 686 1596 760 persecutionis
1624 687 1860 755 propter

209 785 645 859 improbitatem
701 783 1038 854 predonum
1096 796 1204 834 sua
1254 793 1533 850 pauperes
1582 775 1861 829 alimenta

212 876 360 931 inibi
392 873 676 929 servanda
728 876 1035 942 reponunt,
1093 887 1204 924 non
1247 871 1384 923 sunt
1424 863 1746 936 ejicienda:
1781 861 1861 914 ita

213 980 355 1019 sane
389 969 448 1016 ut
481 961 550 1016 de
571 963 773 1016 eadem
799 957 1043 1012 ecclesia
1074 973 1213 1027 pace
1237 959 1467 1024 recepta
1490 951 1646 1005 illico
1670 957 1859 1003 trans-

215 1056 538 1124 portentur.
571 1047 870 1103 Vendendi
930 1045 1083 1100 enim
1145 1044 1225 1098 vel
1282 1041 1512 1098 emendi
1566 1040 1645 1094 ibi
1704 1037 1864 1091 nulla

215 1142 386 1196 detur
416 1138 675 1194 licentia.
712 1137 792 1192 Ne
851 1139 993 1189 forte
1035 1135 1079 1189 si
1141 1133 1252 1187 alia
1304 1133 1382 1187 ibi
1429 1147 1602 1202 quam
1637 1132 1863 1199 Oportet

216 1231 446 1303 negotia
496 1233 892 1290 exerceantur,
925 1243 958 1279 a
1007 1223 1250 1278 Domino
1281 1222 1590 1276 audiamus
1617 1236 1629 1274 :
1664 1221 1863 1274 Domus

215 1337 354 1386 mea,
387 1319 584 1373 domuo
611 1317 880 1371 orationis
906 1317 1003 1382 est,
1035 1330 1124 1369 vos
1144 1322 1327 1368 autem
1346 1311 1664 1380 speluncam
1695 1309 1859 1362 latro-

212 1426 347 1464 num
374 1409 754 1480 fecistis(Luc.
789 1421 906 1474 nx,
941 1404 1048 1474 46).

283 1515 421 1571 CAP.
456 1512 623 1569 XXII.
656 1542 725 1553 —-
757 1510 907 1580 Quod
937 1512 996 1565 in
1027 1509 1252 1564 ecclesia
1282 1508 1530 1563 convivia
1559 1508 1612 1560 et
1633 1520 1790 1560 accu-

809 1583 952 1637 bitus
981 1598 1087 1636 non
1116 1582 1273 1651 ﬁant.

285 1674 534 1746 (Laedis.
584 1689 632 1728 ο.
693 1673 802 1738 27;
860 1671 1028 1725 Trull.
1089 1686 1137 1724 c.
1195 1670 1301 1733 72;
1365 1667 1588 1738 Aquisg.
1643 1681 1693 1719 c.
1748 1664 1862 1733 80.)

217 1765 382 1832 Quod
408 1780 521 1819 non
544 1766 808 1836 oporteat
827 1761 888 1815 in
917 1758 1140 1816 Domini
1162 1757 1433 1813 Ecclesiis
1454 1755 1714 1811 convivia
1735 1770 1862 1824 quaa

212 1860 502 1910 vocantur
530 1868 745 1923 agape,
771 1849 914 1912 ﬁeri,
944 1865 1045 1904 nec
1073 1849 1229 1903 intra
1262 1847 1503 1902 domum
1538 1843 1634 1898 Dei
1666 1859 1859 1897 come-

212 1928 378 1994 dere,
413 1925 499 1980 vel
531 1924 832 1984 accubitus
871 1927 1148 1977 sternere.

383 2033 516 2088 CAP.
547 2030 744 2086 XXII-1.
777 2060 845 2072 —-
876 2027 1024 2095 Quod
1052 2028 1112 2080 in
1141 2025 1379 2080 ecclesiis
1403 2023 1704 2095 sepultura

894 2115 1004 2154 non
1032 2099 1188 2168 fiant.

292 2190 610 2265 (Theodulfi
643 2207 695 2246 c.
734 2190 813 2260 9.)
863 2189 1156 2258 Antiquus
1204 2185 1263 2240 in
1295 2186 1388 2240 his
1440 2182 1775 2256 regionibus
1807 2179 1865 2235 in

227 2279 952 2352 ecclesiasepeliendorum
969 2282 1332 2338 mortuorum
1347 2272 1650 2342 ususfuit,
1678 2277 1733 2326 et
1755 2270 1869 2343 ple-

231 2389 408 2442 raque
429 2370 560 2426 loca
589 2369 782 2426 divino
822 2366 1003 2422 cultui
1054 2365 1405 2436 mancipata,
1439 2369 1494 2418 et
1523 2363 1593 2417 ad
1623 2362 1866 2416 offeren-

230 2461 331 2518 das
361 2460 474 2516 Deo
504 2458 730 2516 hostias
757 2460 1092 2529 praeparata,
1126 2452 1454 2510 cmmeteria
1476 2452 1596 2507 sive
1628 2450 1868 2522 polyan-

225 2550 350 2604 dria
369 2551 526 2606 facta
546 2553 704 2604 sunt.
731 2545 893 2602 Unde
916 2544 1186 2600 volumus
1209 2548 1273 2598 ut
1292 2544 1365 2597 ab
1387 2541 1494 2596 hac
1516 2558 1574 2595 re
1596 2540 1870 2610 deinceps

223 2639 612 2706 abstineatur,
663 2641 719 2691 et
774 2653 945 2692 nemo
980 2635 1037 2688 in
1097 2633 1341 2688 ecclesia
1389 2631 1722 2702 sepeliatur,
1758 2627 1869 2683 nisi

215 2729 364 2784 forte
391 2726 526 2782 talis
557 2726 632 2781 sit
659 2742 907 2796 persona
927 2722 1246 2780 sacerdotis
1271 2727 1369 2776 aut
1397 2716 1867 2790 cujuslibetjusti

219 2817 502 2882 hominis,
536 2815 638 2887 qui
671 2831 770 2886 per
818 2815 946 2868 vitae
980 2813 1253 2868 meritum
1285 2810 1454 2865 talem
1491 2809 1730 2863 vivendo
1764 2823 1870 2862 suo

217 2905 451 2978 corpori
482 2905 755 2960 defuncto
807 2902 999 2958 locum
1061 2899 1387 2970 acquisivit.
1436 2903 1686 2968 Corpora
1717 2913 1868 2964 vero,

217 3012 347 3066 quas
363 2993 695 3063 antiquitus
714 2992 772 3045 in
789 2990 1053 3046 ecclesiis
1070 2989 1300 3058 sepulta
1317 2993 1475 3052 sunt,
1497 3001 1870 3055 nequaquam

217 3082 633 3154 proiiciantur,
657 3080 756 3133 sed
780 3079 990 3132 tumuli
1013 3078 1114 3147 qui
1136 3081 1416 3147 apparent
1445 3075 1792 3145 profundius
1815 3072 1873 3126 in

217 3177 383 3228 terra
415 3167 746 3235 mittantur,
779 3171 836 3220 et
869 3166 1196 3236 pavimento
1227 3165 1478 3233 desuper
1509 3163 1678 3225 facto,
1713 3160 1874 3216 nullo

1893 1887 1941 1952 B

1969 608 2039 644 ne
2074 590 2180 643 hoc
2214 590 2467 643 avaritia:
2489 588 2715 658 vitium,
2747 587 2836 643 vel
2860 589 2918 642 in
2951 588 3157 643 alienis
3181 590 3370 644 denuo
3399 589 3612 645 tentari

1970 685 2376 750 praesumetur,
2412 679 2735 745 admoneo;
2769 678 2866 731 sed
2901 677 2948 731 si
3007 682 3224 748 quanto
3257 677 3508 749 aliquem
3551 679 3611 734 in

1968 767 2213 823 ecclesia
2243 773 2433 822 vestra
2454 766 2684 837 sepeliri
2708 766 3044 832 conceditis,
3070 765 3118 820 si
3142 767 3378 837 quidem
3414 784 3614 838 paren-

1970 862 2056 911 tes
2107 857 2317 927 ipsius,
2369 855 2687 927 proximive
2736 855 3015 921 haeredes,
3073 872 3172 925 pro
3222 855 3614 912 luminaribus

1971 953 2175 1018 sponte
2206 947 2344 1017 quid
2380 947 2584 999 otferre
2614 945 2919 1008 voluerint,
2953 943 3129 1014 accipi
3166 961 3279 999 non
3311 951 3611 1013 vetamus;

1973 1036 2087 1106 peti
2120 1052 2250 1089 vero
2302 1040 2403 1088 aut
2451 1034 2668 1104 aliquid
2723 1033 2893 1105 exigi,
2945 1033 3181 1087 omnino
3212 1033 3610 1104 prohibemus.

1971 1125 2128 1188 Quod
2151 1123 2314 1177 valde
2339 1123 2724 1192 irreligiosum
2755 1128 2863 1186 est,
2889 1139 2958 1176 ne
2980 1129 3080 1176 aut
3101 1122 3318 1178 venalis
3351 1127 3612 1191 fortasse,

1972 1214 2125 1286 quod
2159 1213 2330 1276 absit,
2390 1212 2617 1265 dicatur
2646 1212 2911 1278 ecclesia,
2963 1218 3059 1266 aut
3089 1228 3190 1266 vos
3238 1212 3308 1267 de
3339 1212 3615 1268 humanis

1971 1302 2280 1356 videamini
2307 1301 2596 1355 mortibus
2619 1300 2976 1372 gratulari,si
2997 1317 3063 1355 ex
3086 1318 3285 1356 eorum
3320 1303 3615 1358 cadaveri-

1976 1392 2088 1446 bus
2119 1391 2371 1446 studetis
2393 1407 2649 1460 quaerere
2673 1389 2932 1460 quolibet
2970 1391 3141 1444 modo
3172 1391 3607 1462 compendium.

1971 1484 2102 1535 CAP.
2137 1479 2299 1534 XXV.
2345 1511 2413 1520 ——
2447 1479 2510 1536 Ut
2541 1480 2797 1534 diceccses
2827 1478 3070 1547 singulis
3097 1482 3267 1534 annis
3304 1481 3612 1536 visitentur.

2042 1568 2269 1635 (Concil.
2307 1569 2594 1623 Tarracon.
2620 1569 2729 1622 sub
2764 1567 3088 1637 Hormisda,
3113 1585 3162 1622 c.
3193 1569 3272 1640 8.)
3296 1568 3614 1625 Multorum

1971 1657 2325 1730 egrperientia
2346 1673 2590 1711 casuum
2615 1655 2993 1727 magistrante
3015 1657 3342 1728 reperimus
3363 1658 3616 1714 nonnul-

1973 1745 2347 1801 lasdiceceses
2367 1745 2625 1800 ecclesiis
2637 1745 2972 1800 destitutas.
2991 1744 3096 1800 Pro
3120 1763 3308 1818 quare
3332 1747 3386 1802 id
3409 1748 3618 1803 consti-

1971 1833 2196 1887 tutione
2227 1833 2614 1896 decrevimus,
2642 1838 2705 1885 ut
2727 1831 2976 1904 antiquae
3002 1835 3445 1889 consuetudinis
3476 1837 3616 1891 ordo

1973 1927 2235 1976 servetur
2262 1926 2318 1976 et
2372 1921 2542 1976 annis
2583 1920 2832 1992 singulis
2891 1922 2960 1976 ab
3008 1922 3300 1993 epiSCOpis
3341 1924 3619 1980 dioeceses

1972 2009 2299 2064 visitentur.
2336 2009 2404 2063 Et
2435 2009 2482 2064 si
2517 2026 2633 2080 qua
2655 2011 2795 2064 forte
2820 2009 3063 2066 basilica
3081 2011 3361 2066 destituta
3391 2017 3620 2085 reperta

1975 2097 2169 2167 fuerit,
2199 2099 2563 2153 ordinatione
2592 2099 2780 2168 ipsius
2813 2103 3130 2169 reparetur.

2083 2187 2218 2242 CAP.
2253 2186 2440 2242 XXVI.
2474 2219 2542 2227 —
2576 2187 2679 2254 Qui
2709 2188 3015 2258 presbyteri
3038 2189 3278 2244 chrisma
3301 2193 3509 2260 petant.

2048 2277 2200 2343 (Con.
2231 2278 2378 2331 Cart.
2432 2293 2505 2344 1v,
2565 2293 2612 2330 c.
2646 2276 2759 2346 36.)
2819 2277 3144 2348 Presbyteri
3199 2279 3298 2349 qui
3348 2297 3447 2349 per
3476 2280 3618 2335 dioe-

1978 2383 2140 2422 ceses
2171 2365 2447 2420 ecclesias
2469 2370 2700 2436 regunt,
2726 2382 2840 2419 non
2864 2383 2897 2420 a
2926 2365 3288 2437 quibuslibet
3307 2368 3619 2440 episc0pis,

1979 2455 2079 2509 sed
2107 2471 2142 2509 a
2170 2471 2295 2520 suo,
2329 2471 2431 2509 nec
2480 2471 2582 2524 per
2601 2454 2898 2523 juniorem
2948 2453 3245 2520 clericum,
3296 2457 3395 2511 sed
3430 2473 3532 2528 per
3560 2474 3622 2513 se

1981 2544 2161 2614 ipsos,
2215 2549 2315 2598 aut
2367 2559 2468 2614 per
2527 2542 2690 2596 illum
2753 2543 2851 2613 qui
2912 2543 3231 2598 sacrarium
3282 2550 3456 2612 tenet,
3489 2552 3621 2602 ante

1985 2632 2208 2687 Paschae
2242 2631 2668 2686 solemnitatem
2701 2630 2954 2685 chrisma
2992 2638 3211 2702 petant.

2103 2720 2236 2775 CAP.
2269 2720 2486 2774 XXVII.
2523 2752 2586 2760 —-
2622 2719 2779 2793 Quod
2807 2721 3045 2788 singulis
3074 2724 3238 2776 annis
3267 2723 3503 2793 synodus

2645 2781 2961 2845 celebretur.

2054 2900 2239 2965 (Tolet.
2273 2915 2347 2963 ιν,
2381 2913 2428 2952 c.
2463 2898 2540 2967 3.)
2571 2896 2741 2951 Nulla
2781 2913 2923 2968 pene
2956 2913 3046 2951 res
3078 2897 3398 2970 disciplinas
3433 2915 3625 2956 mores

1983 2989 2054 3043 ab
2079 2987 2333 3042 Ecclesia
2354 2985 2770 3058 Cbristimagis
2788 2985 3035 3056 depulit,
3057 3003 3232 3057 quam
3257 2989 3624 3044 sacerdotum

1985 3075 2111 3145 negl
2124 3075 2464 3145 igentia,qui
2479 3075 2826 3145 contemptis
2840 3074 3160 3128 canonibus
3172 3075 3242 3129 ad
3256 3076 3629 3148 corrigendos

1985 3162 2409 3216 ecclesiasticos
2440 3178 2631 3216 mores
2661 3163 2945 3232 synodum
2975 3164 3158 3218 facere
3191 3163 3512 3237 negligunt.
3541 3166 3625 3222 Ob

216 3256 592 3314 tumulorum
629 3253 867 3325 vestigio
899 3257 1234 3324 apparente,
1278 3251 1532 3306 ecclesi
1561 3247 1947 3312 reverentia‘C
1989 3251 2094 3304 hoc
2125 3269 2158 3305 a
2189 3251 2357 3305 n0blS
2419 3250 2817 3305 universalitcr
2871 3251 3176 3306 deﬁnitum
3235 3261 3344 3318 est,
3394 3260 3458 3309 ut
3488 3256 3629 3326 quia

219 3350 618 3402 conservetur.
654 3342 759 3397 Ubi
806 3358 938 3397 vero
969 3347 1132 3395 tanta
1178 3345 1267 3394 est
1292 3339 1601 3394 multitudo
1633 3340 1871 3414 cadave-

217 3453 378 3500 rum,
414 3441 478 3488 ut
508 3434 615 3488 hoc
638 3434 822 3486 facere
853 3429 1088 3484 difﬁcile
1119 3428 1384 3494 sit,locus
1415 3427 1510 3482 illo
1542 3445 1642 3498 pro
1665 3443 1871 3482 cmme-

219 3525 366 3580 terio
415 3523 718 3590 habeatur,
770 3519 962 3574 ablato
1007 3520 1142 3574 inde
1191 3517 1382 3583 altari,
1435 3523 1491 3571 et
1537 3517 1594 3571 in
1651 3533 1716 3572 eo
1748 3516 1871 3572 loco

221 3614 536 3678 consituto,
573 3610 670 3666 ubi
704 3609 967 3680 religiose
998 3613 1054 3662 et
1087 3625 1230 3679 pure
1259 3607 1374 3662 Deo
1405 3606 1756 3662 sacriﬁcium
1790 3606 1873 3660 of-

225 3703 359 3758 ferri
393 3702 598 3757 valeat.

357 3793 492 3847 CAP.
527 3791 720 3846 XXIV.
756 3821 814 3829 —
855 3790 919 3844 Ut
944 3788 1239 3858 sepultura,
1268 3803 1374 3841 non
1409 3785 1738 3841 vendantur.

293 3882 487 3952 (Grcg.
524 3881 622 3934 lib.
658 3897 757 3944 vn,
790 3895 880 3950 ep.
913 3878 1028 3946 55.)
1065 3878 1279 3941 Questa
1311 3875 1478 3929 nobis
1509 3881 1597 3929 est
1629 3873 1875 3928 Nereida

222 3972 554 4026 clarissima
585 3969 821 4033 femina,
857 3967 1010 4038 quod
1055 3967 1126 4020 ab
1158 3982 1224 4018 ea
1250 3970 1483 4018 centum
1522 3963 1740 4017 solidos
1772 3978 1873 4032 pro

223 4059 354 4115 filiae
385 4076 506 4114 suae
537 4057 841 4129 sepultura
873 4055 1200 4110 fraternitas
1235 4057 1430 4107 vestra
1461 4050 1595 4106 velit
1623 4049 1870 4123 exigere,

225 4152 406 4220 atque
436 4147 488 4202 ei
518 4163 692 4217 super
724 4144 940 4200 doloris
963 4143 1244 4216 gemitum
1270 4141 1549 4211 majorem
1583 4139 1874 4210 dispendii

224 4239 459 4293 studeat
506 4235 720 4290 inferre
769 4232 1122 4288 molestiam.
1175 4231 1335 4296 Quod
1371 4229 1418 4283 si
1460 4229 1539 4283 ita
1570 4244 1632 4283 se
1660 4226 1874 4282 veritas

224 4327 418 4396 habet,
453 4325 593 4397 quia
618 4339 790 4396 grave
831 4322 1028 4387 nimis,
1075 4325 1131 4376 et
1161 4319 1362 4392 procul
1394 4317 1570 4372 nimis
1601 4322 1690 4372 est
1718 4335 1750 4372 a
1781 4333 1872 4372 sa-

225 4415 478 4472 cerdotis
500 4414 713 4481 officio,
737 4411 984 4484 pretium
1011 4410 1081 4464 de
1105 4415 1260 4464 terra
1281 4425 1555 4463 concessa
1580 4405 1873 4479 putredini

222 4508 564 4578 querere,et
583 4501 854 4558 dealieno
877 4499 1019 4555 velle
1043 4501 1226 4554 facere
1244 4496 1401 4553 luctu
1425 4495 1869 4568 compendiuml;

223 4596 295 4650 ab
327 4595 433 4649 hac
463 4611 526 4648 se
559 4591 878 4664 patratione
903 4587 1235 4643 fraternitas
1260 4591 1448 4642 vestra
1479 4588 1796 4654 contineat,
1815 4588 1872 4640 et
1903 4610 1949 4674 D

225 4683 470 4738 molesta
499 4681 552 4737 ei
576 4681 647 4736 de
678 4685 880 4735 caetero
914 4695 1027 4732 non
1059 4677 1286 4732 existat.
1309 4675 1426 4731 Hoc
1448 4673 1872 4756 autem‘vitium

223 4778 279 4829 et
310 4790 434 4838 nos,
468 4776 776 4843 postquam
800 4769 914 4824 Deo
937 4774 1170 4823 auctore
1196 4766 1267 4821 ad
1289 4767 1658 4837 episcopatus
1689 4764 1871 4818 hono-

227 4879 345 4918 rem
381 4862 758 4926 accessimus,
809 4858 879 4913 de
908 4857 1154 4912 ecclesia
1186 4865 1383 4910 nostra
1416 4855 1656 4910 omnino
1690 4853 1870 4908 vetui-

228 4969 383 5019 mus,
415 4959 469 5007 et
500 4965 732 5021 parvam
766 4948 955 5002 denuo
979 4947 1464 5002 consuetudinem
1500 4959 1870 5014 nequaquam

229 5041 499 5112 usurpari
523 5038 932 5110 permisimus;
969 5052 1254 5090 memores
1270 5034 1406 5104 quia
1421 5035 1558 5087 dum
1576 5032 1870 5088 Abraham

229 5148 262 5186 a
293 5131 425 5185 ﬁliis
457 5130 650 5192 Emor,
684 5127 792 5181 hoc
841 5135 928 5180 est
977 5125 1205 5197 Ephron
1260 5124 1377 5177 tilio
1411 5123 1589 5193 Segor
1617 5119 1872 5192 sepuleri

234 5225 438 5242 1-..»---
472 5217 652 5242 ..κοιλίη
677 5217 740 5242 ..Α
769 5215 1131 5242 ις-ς--νκηνιμλι-ηη
1161 5229 1366 5242 nnnne1n
1391 5215 1654 5242 ann:n\n:n
1682 5216 1846 5242 nna‘s‘

1975 3342 2146 3409 juxta
2168 3339 2410 3410 antiqua
2434 3339 2668 3394 Patrum
2695 3339 2924 3394 decreta
2944 3340 3036 3394 bis
3058 3339 3115 3394 in
3138 3358 3290 3397 anno
3313 3342 3627 3400 difﬁcultas

1981 3430 2262 3500 temporis
2295 3429 2415 3484 fieri
2444 3428 2755 3483 concilium
2782 3446 2896 3484 non
2919 3428 3082 3498 sinit,
3105 3430 3313 3486 saltem
3337 3431 3424 3486 vel
3446 3432 3625 3488 semel

1983 3536 2016 3574 a
2048 3519 2218 3574 nobis
2249 3519 2598 3574 celebretur.

2052 3629 2182 3680 CAP.
2219 3624 2462 3680 XXVIII.
2494 3656 2563 3664 —
2593 3625 2850 3700 Qualiter
2880 3626 3119 3696 majores
3149 3629 3456 3700 presbyteri
3487 3632 3560 3686 ad

2530 3697 2802 3768 synodum
2833 3700 3074 3753 veniant.

2053 3785 2381 3856 (Theodulf.
2406 3802 2456 3840 c.
2478 3785 2555 3855 4.)
2589 3787 2826 3850 Quando
2853 3803 3012 3842 more
3042 3786 3211 3842 solito
3240 3789 3310 3843 ad
3338 3791 3627 3862 synodum

1983 3874 2324 3937 convenitis,
2375 3873 2743 3942 vestimenta,
2803 3878 2859 3928 et
2916 3874 3118 3939 libros,
3173 3882 3230 3931 et
3259 3895 3397 3933 vasa
3428 3883 3630 3935 sancta

1983 3979 2115 4017 cum
2148 3963 2364 4034 quibus
2395 3966 2651 4016 vestrum
2676 3963 3069 4018 ministerium
3091 3969 3148 4018 et
3175 3965 3508 4035 injunctum
3535 3969 3623 4024 of-

1984 4050 2181 4106 ﬁcium
2231 4051 2544 4122 peragatis,
2575 4051 2875 4106 vobiscum
2909 4053 3142 4120 deferte,
3169 4071 3396 4110 necnon
3457 4058 3626 4126 duos,

1981 4139 2071 4195 vel
2102 4145 2217 4195 tres
2248 4139 2486 4195 clericos
2517 4140 2636 4194 sive
2667 4138 2866 4207 laicos,
2891 4157 3027 4196 cum
3060 4143 3275 4213 quibus
3309 4144 3630 4200 missarum

1984 4229 2270 4286 solemnia
2301 4228 2931 4294 celebratis,vobiscum
2963 4229 3329 4297 adducite,ut
3355 4234 3632 4302 probetur

1983 4337 2158 4392 quam
2203 4319 2528 4392 diligenter,
2553 4335 2728 4390 quam
2755 4318 3012 4373 studiose
3038 4318 3137 4373 Dei
3165 4320 3468 4376 servitium
3498 4337 3632 4393 per-

1984 4409 2191 4481 agatis.

2038 4518 2171 4572 CAP.
2206 4515 2395 4571 XXIX.
2429 4546 2497 4556 -—-
2528 4514 2677 4582 Quod
2704 4515 2938 4585 singulis
2964 4515 3234 4570 Kalendis
3264 4516 3486 4572 collatio
3518 4518 3578 4571 in

2602 4587 2846 4656 plebibus
2889 4586 3008 4656 ﬁat.

2055 4677 2460 4748 Experimento
2504 4675 2841 4742 didicimus,
2876 4693 2988 4730 non
3041 4677 3239 4732 minus
3270 4677 3484 4733 bonam
3515 4676 3633 4731 col-

1983 4766 2284 4830 lationem,
2319 4783 2496 4836 quam
2527 4764 2702 4818 etiam
2729 4765 3036 4820 lectionem
3073 4767 3370 4836 prodesse.
3406 4767 3567 4823 Unde
3599 4783 3634 4820 a

1984 4855 2254 4927 prmsenti
2287 4855 2628 4920 statuimus,
2654 4871 2717 4906 ut
2743 4872 2842 4925 per
2863 4854 3128 4925 singulas
3161 4857 3358 4925 plebes
3381 4853 3633 4925 singulis

1985 4945 2258 4999 Kalendis
2290 4961 2494 4999 omnes
2519 4944 2838 5014 presbyteri
2863 4960 2964 4997 seu
2999 4943 3189 4998 clerici
3214 4941 3393 4997 simul
3425 4956 3634 4995 conve-

1984 5035 2168 5101 niant,
2202 5038 2266 5086 ut
2296 5035 2364 5088 de
2391 5034 2501 5086 ﬁde
2523 5048 2588 5084 ac
2620 5031 3002 5087 sacramentis
3025 5031 3261 5096 divinis,
3293 5047 3390 5085 seu
3417 5031 3487 5084 de
3518 5026 3640 5083 vita

1982 5128 2039 5177 et
2067 5123 2524 5188 conversatione,
2572 5127 2627 5175 et
2678 5121 2928 5195 singulis
2962 5119 3169 5174 officiis
3214 5120 3284 5172 ad
3328 5135 3426 5172 eos
3460 5115 3640 5189 perti-

1983 5212 2256 5242 νιηηιῖι-ιιιη
2291 5211 2677 5242 ηΛγνπνῇιίηςδΛη
2724 5213 2974 5242 ὕηιιηοηηθ
3052 5209 3116 5242 174
3163 5206 3208 5242 οἶ
3256 5207 3396 5242 Γίινάο
3425 5205 3638 5242 οἶῖηιιῖο
