4030 5310
428 361 510 419 39
1448 347 1783 409 ATTONIS
1830 344 2409 408 VERCELLENSIS
2455 347 2727 409 EPISCO
2737 349 2806 409 ΡΙ
3742 353 3821 414 ω

439 488 659 562 bigami
693 489 976 559 prandere
1007 501 1121 539 non
1152 482 1440 547 convenit,
1473 480 1612 552 quia
1640 495 1772 535 cum
1796 478 2076 549 pcsniten-
2106 479 2159 544 Α
2192 479 2334 548 quid
2367 481 2690 535 secundum
2723 481 3031 552 praedictas
3059 481 3289 553 regulas
3310 481 3641 554 apostolica:
3668 486 3823 543 sedis

434 579 519 635 tia
551 578 820 650 bigamus
853 579 1070 647 egerat,
1094 572 1227 645 quis
1249 572 1359 628 erit
1382 570 1700 642 presbyter,
1726 568 1821 639 qui
1846 570 2082 638 propter
2190 584 2297 623 nos
2322 568 2625 640 Scriptura
2672 569 2951 639 docuerit,
2984 575 3048 625 ut
3092 588 3331 642 prorsus
3364 587 3480 627 non
3521 573 3817 644 opinemur

432 667 763 724 convivium
798 664 1018 720 talibus
1067 661 1290 735 nuptiis
1322 658 1508 733 possit
1546 658 1801 730 praebere
1830 672 2079 712 conscn-
2187 656 2563 726 catholicum,
2599 659 2752 729 quod
2785 660 3057 731 apparuit
3085 661 3333 732 praeﬁxis
3364 661 3675 719 sententiis
3697 680 3818 721 esse

432 755 607 814 sum?

431 864 566 919 ΟΑΡ.
599 860 710 916 LV.
725 890 793 900 -—
816 858 965 926 Quod
984 873 1056 913 ea:
1074 857 1289 913 collatis
1309 855 1558 911 convivia
1581 869 1694 909 non
1714 852 2054 908 celebrentur

505 969 733 1041 (Concil.
771 967 993 1022 Laodic.
1027 982 1075 1019 c.
1107 966 1222 1030 55.)
1256 963 1420 1027 Quod
1453 978 1566 1016 non
1599 962 1861 1031 oporteat
1891 974 2076 1013 sacer-

429 1060 615 1127 dotes,
645 1061 747 1113 aut
774 1056 1015 1111 clericos
1057 1071 1126 1109 ex
1171 1052 1419 1121 collatis,
1469 1049 1555 1104 vel
1589 1047 2074 1104 commessalibus

431 1148 693 1205 convivia
722 1146 1034 1201 celebrare.
1068 1143 1186 1198 Hoc
1216 1147 1409 1197 autem
1434 1157 1537 1195 nec
1560 1138 1723 1194 laicis
1746 1154 1919 1210 posse
1940 1153 2073 1191 con~

428 1253 656 1312 gruere.

422 1353 549 1402 CAP.
586 1343 721 1398 LVI.
754 1373 822 1383 --
853 1341 1009 1411 Quod
1039 1340 1114 1396 ad
1142 1356 1352 1410 agapen
1381 1338 1580 1403 vocati,
1613 1337 1860 1392 ciborum
1888 1337 2070 1407 partes

1028 1428 1136 1467 non
1168 1412 1462 1482 acczpiant.

492 1504 836 1577 (Laodicens.
867 1519 916 1557 c.
939 1500 1055 1573 27.)
1079 1500 1239 1564 Quod
1272 1516 1387 1554 non
1414 1499 1677 1570 oporteat
1707 1511 1870 1551 sacro
1893 1494 2069 1549 mini-

423 1595 599 1653 sterio
631 1593 858 1649 deditos
885 1590 1126 1646 clericos
1156 1589 1227 1643 ad
1263 1603 1483 1660 agapen
1518 1589 1772 1647 vocatos,
1801 1584 2067 1639 ciborum

423 1689 619 1758 partes
648 1682 941 1754 accipere:
974 1683 1277 1752 propterea
1323 1677 1479 1749 quod
1512 1675 1646 1731 hinc
1672 1672 2066 1730 ecclesiastico

415 1774 606 1831 ordini
638 1775 741 1828 fiat
769 1770 1011 1841 injuria.

415 1886 546 1939 CAP.
579 1880 743 1944 LVII,
769 1910 835 1918 —
860 1875 1011 1945 Quod
1035 1875 1257 1931 clericos
1290 1888 1465 1940 orare,
1500 1877 1551 1928 et
1576 1873 1773 1942 legere,
1802 1887 1866 1925 ac
1886 1870 2065 1925 mani-
2092 1852 2141 1917 Β

729 1953 824 2005 bus
858 1950 1109 2003 laborare
1137 1950 1409 2001 instanter
1436 1945 1744 1999 conveniat.

488 2041 722 2115 (Cancil.
773 2039 1032 2107 Carthag.
1068 2053 1140 2101 iv,
1173 2052 1223 2091 c.
1264 2034 1355 2098 50,
1387 2033 1477 2104 51,
1509 2033 1599 2103 52,
1629 2030 1699 2086 53
1726 2048 1739 2098 ;
1774 2046 1841 2086 ex
1871 2046 1995 2102 cap.
2029 2030 2062 2083 3

414 2130 660 2205 Capitul.
692 2126 996 2184 Theodulf.
1034 2124 1258 2192 Aurel.)
1286 2122 1545 2178 Clericus
1562 2123 1777 2176 victum
1810 2124 1867 2175 et
1887 2118 2059 2174 vesti-

415 2225 679 2276 mentum
713 2216 825 2272 sibi
856 2214 1102 2271 artiﬁcio
1124 2212 1210 2268 vel
1236 2210 1614 2284 agricultura,
1643 2209 1863 2278 absque
1886 2205 2061 2260 ofﬁcii

412 2310 694 2364 duntaxat
726 2305 815 2359 sui
850 2302 1200 2358 detrimento
1246 2304 1566 2372 praeparet:
1600 2302 1658 2352 et
1690 2297 1737 2351 si
1770 2296 2002 2365 quando
2030 2311 2062 2348 a

406 2396 654 2452 lectione
671 2396 957 2457 cessatur,
976 2390 1148 2444 debet
1170 2405 1454 2443 manuum
1477 2386 1736 2457 operatio
1760 2381 2058 2452 subsequi,

409 2484 548 2558 quia
575 2482 841 2538 otiositas
864 2480 1102 2534 inimica
1131 2484 1220 2533 est
1246 2477 1540 2541 animm,et
1564 2475 1844 2543 antiquus
1877 2472 2061 2527 hostis

414 2590 586 2647 quem
607 2590 641 2626 a
664 2571 905 2627 lectione
920 2569 1041 2623 sive
1058 2569 1127 2622 ab
1151 2567 1410 2621 oratione
1434 2568 1734 2619 vacantem
1754 2560 2059 2623 invenerit,

414 2662 582 2718 facile
612 2661 683 2715 ad
717 2658 856 2713 vitia
887 2657 1054 2728 rapit.
1088 2657 1196 2710 Per
1224 2671 1394 2709 usuin
1419 2649 1955 2723 namquelectionis
1977 2648 2063 2702 di—

417 2750 612 2815 scetis,
648 2748 899 2820 qualiter
927 2751 983 2800 et
1003 2762 1104 2799 vos
1127 2743 1356 2808 vivatis,
1391 2747 1449 2797 et
1479 2741 1625 2796 alios
1655 2738 1928 2793 doceatis.
1954 2742 2064 2791 Per

418 2857 592 2896 usum
615 2836 897 2893 orationis
929 2842 986 2889 et
1005 2834 1189 2899 vobis,
1224 2838 1279 2888 et
1320 2831 1413 2886 his
1445 2831 1660 2901 quibus
1690 2830 1747 2883 in
1782 2826 2063 2882 charitate

413 2926 707 2998 conjuncti
756 2925 919 2990 estis,
972 2923 1247 2994 prodesse
1298 2919 1583 2975 valebitis.
1635 2922 1741 2971 Per
1780 2930 2061 2970 manuum

414 3016 835 3087 operationem,
861 3018 919 3067 et
941 3011 1201 3081 corporis
1217 3008 1691 3072 macerationem,
1709 3010 1765 3061 et
1782 3004 1936 3059 vitiis
1959 3002 2061 3058 ali-

415 3111 612 3161 menta
642 3100 949 3174 negabitis.
983 3106 1039 3154 et
1057 3098 1265 3154 vestris
1289 3095 1735 3152 necessitatibus
1759 3091 2060 3149 subvenie-

416 3195 518 3263 tis,
550 3199 608 3249 et
630 3191 921 3247 habebitis
944 3189 1099 3261 quod
1128 3187 1533 3243 necessitatem
1558 3183 1912 3256 patientibus
1934 3198 2061 3252 por-

417 3283 641 3356 rigatis.

418 3373 549 3439 Car,
586 3371 779 3426 LVIII.
814 3397 875 3410 -ο
911 3369 1019 3436 Qui
1043 3367 1244 3439 psalmi
1280 3366 1341 3418 in
1370 3364 1596 3419 ecclesia
1634 3366 1943 3424 cantentur,
1974 3356 2058 3411 vel

1012 3438 1148 3491 libri
1179 3438 1465 3506 legantur.

482 3531 674 3603 (Mart.
733 3529 892 3584 Crac.
952 3525 1167 3581 Collect.
1229 3523 1421 3579 Orient
1465 3538 1612 3585 eam,
1646 3537 1695 3575 c.
1728 3519 1834 3585 67;
1867 3516 2051 3573 Carth.

411 3637 496 3689 III,
530 3637 580 3674 c.
614 3618 729 3685 47.)
760 3616 921 3681 Quod
947 3632 1061 3669 non
1096 3616 1397 3685 Opporteat
1440 3609 1671 3682 plebeos
1703 3606 1960 3679 psalmos
1994 3605 2051 3658 in

413 3708 657 3765 ecclesia
701 3704 942 3769 cantari,
998 3719 1101 3758 nec
1160 3701 1338 3755 libros
1371 3704 1577 3772 praeter
1607 3711 1884 3752 eanonem
1918 3692 2053 3764 legi,

411 3815 578 3853 sacra
609 3793 909 3850 volumina
940 3792 1079 3847 Novi
1107 3788 1485 3859 Testamenti,
1508 3786 1593 3842 vel
1627 3785 1868 3841 Veteris.
1902 3783 2056 3837 Licet

414 3888 590 3942 etiam
622 3885 733 3957 legi
767 3882 1067 3955 passiones
1119 3884 1461 3950 martyrum,
1494 3894 1627 3931 cum
1659 3872 2053 3931 anniversaria

410 3991 611 4031 eorum
644 3973 1032 4031 celebrantur.

406 4084 540 4140 CAP.
569 4081 707 4137 LIX.
741 4113 805 4122 —
835 4082 894 4137 Ut
922 4081 1106 4136 oratio
1140 4080 1422 4135 Dominica
1444 4076 1688 4151 quotidie
1715 4075 2050 4147 proferatur.

476 4172 577 4244 (Ex
609 4188 657 4226 c.
695 4172 762 4225 10
790 4170 989 4226 concil.
1028 4167 1196 4225 Tolet.
1231 4174 1332 4241 ιν.)
1366 4169 1560 4224 Oratio
1593 4184 1720 4239 qum
1756 4161 2055 4220 Dominica

408 4262 640 4330 dicitur,
666 4277 841 4331 quam
860 4258 1141 4313 Dominus
1164 4258 1395 4330 proprio
1411 4273 1507 4311 ore
1528 4252 1873 4325 composuit,
1894 4269 2056 4307 suos-

416 4366 531 4421 que
570 4347 893 4419 discipulos
919 4364 1021 4418 per
1050 4363 1175 4401 eam
1227 4363 1391 4401 orare
1422 4345 1640 4410 docuit,
1676 4360 1790 4398 non
1822 4346 2053 4397 tantum

410 4438 618 4492 diebus
646 4436 988 4501 Dominicis,
1024 4436 1122 4491 sed
1158 4435 1494 4506 quotidiein
1527 4432 1685 4488 omni
1723 4429 2054 4501 operatione

404 4526 848 4597 frequentanda,
883 4531 991 4579 est.
1039 4523 1373 4579 Consideret
1404 4529 1596 4578 tamen
1648 4520 2055 4593 unusquisque

2187 746 2567 802 contrarium.

2291 834 2425 890 CAP.
2450 836 2591 890 LXI.
2616 867 2684 877 —
2716 837 2815 894 Ubi
2850 846 2900 893 et
2929 839 3166 908 qualiter
3195 839 3397 897 scholae
3425 840 3747 898 habeantur.

2255 924 2585 994 (Theodulf.
2640 942 2685 981 c.
2738 927 2853 997 20.)
2886 926 3209 1001 Presbyteri
3240 929 3415 985 etiam
3448 946 3551 1001 per
3574 930 3738 987 villas
3765 936 3818 988 et

2182 1012 2338 1068 vicos
2370 1013 2599 1069 scholas
2631 1014 2902 1086 habeant,
2935 1020 2991 1071 et
3016 1016 3064 1071 si
3090 1017 3369 1088 quislibet
3396 1018 3659 1075 ﬁdelium
3687 1037 3816 1076 suos

2184 1103 2456 1174 parvulos
2486 1104 2555 1159 ad
2582 1103 2890 1161 discendas
2914 1105 3138 1162 litteras
3169 1106 3253 1163 eis
3283 1108 3652 1164 committam
3678 1109 3815 1181 vult,

2182 1206 2281 1246 eos
2313 1193 2611 1264 suscipere
2641 1199 2698 1248 et
2728 1195 2933 1250 docere
2954 1212 3069 1251 non
3100 1200 3371 1265 renuant,
3390 1198 3645 1253 sedcum
3668 1216 3818 1254 sum-

2180 1296 2277 1334 ma
2307 1297 2407 1336 eos
2430 1281 2715 1337 charitate
2745 1283 3012 1339 doceant.
3057 1285 3163 1353 Qui
3194 1287 3379 1340 autem
3416 1285 3567 1342 docti
3590 1288 3817 1354 fuerint,

2176 1368 2465 1437 fulgebunt
2493 1372 2653 1441 quasi
2677 1372 2941 1442 splendor
2963 1371 3337 1441 ﬁrmamenti,
3371 1376 3427 1430 et
3449 1376 3820 1448 quiadjusti-

2178 1459 2323 1513 tiam
2339 1458 2645 1515 erundiunt
2660 1462 2890 1529 multos,
2911 1463 3214 1535 fulgebunt
3240 1467 3400 1536 quasi
3424 1466 3607 1524 stellae
3634 1467 3696 1521 in
3708 1482 3822 1539 per-

2173 1554 2369 1616 petuas
2385 1550 2720 1606 :cternitates
2741 1550 2910 1621 (Dan.
2928 1567 3029 1619 xu,
3048 1551 3123 1624 3).
3142 1552 3286 1608 Cum
3308 1569 3451 1625 ergo
3471 1570 3569 1610 eos
3593 1554 3827 1624 docentp

2176 1632 2321 1689 nihil
2344 1635 2416 1689 ab
2439 1635 2523 1690 eis
2542 1636 2712 1707 pretii
2734 1653 2837 1708 pro
2867 1637 2974 1694 hac
3006 1655 3067 1694 re
3088 1639 3346 1713 exigant,
3370 1657 3477 1697 nec
3500 1640 3726 1714 aliquid
3749 1643 3819 1698 ab

2174 1721 2258 1777 eis
2291 1723 2597 1794 accipiant,
2632 1730 2867 1797 excepto
2914 1727 3071 1798 quod
3101 1728 3186 1784 eis
3217 1729 3819 1801 parentes'charitatis

2178 1811 2372 1866 studio
2403 1828 2511 1867 sua
2539 1812 2834 1870 voluntate
2866 1815 3207 1873 obtulerint.

2277 1922 2410 1973 CAP.
2442 1917 2603 1974 LXII.
2649 1950 2721 1962 —
2768 1921 2980 1989 Quibus
3010 1922 3223 1978 libertis
3248 1927 3712 1982 manumittalur.

2243 2007 2470 2080 (Concil.
2505 2008 2663 2065 Tolet.
2693 2026 2768 2075 IV,
2800 2022 2927 2082 cap.
2960 2011 3076 2081 72.)
3117 2012 3460 2085 Quicunque
3490 2013 3816 2072 libertatem

2171 2111 2205 2149 a
2233 2095 2489 2152 dominis
2511 2097 2635 2153 suis
2665 2098 2746 2152 ita
2773 2092 3121 2171 percipiunt,
3146 2110 3211 2155 ut
3240 2100 3469 2158 nullum
3503 2103 3742 2160 sibimet
3760 2103 3817 2160 in

2172 2184 2256 2240 eis
2287 2185 2663 2257 obsequium'
2688 2193 2968 2259 patronus
3013 2194 3298 2258 retentet;
3334 2192 3399 2247 iti
3448 2193 3495 2248 si
3546 2192 3675 2249 sine
3708 2193 3818 2251 cri-

2172 2274 2326 2329 mine
2358 2278 2515 2345 sunt,
2550 2276 2617 2330 ad
2654 2276 2963 2333 clericatus
2994 2280 3255 2335 ordinem
3289 2279 3469 2337 libere
3494 2282 3819 2355 suscipian-

2169 2366 2299 2429 tur;
2318 2364 2456 2434 quia
2470 2365 2690 2420 directa
2704 2367 3165 2424 manumissione
3199 2369 3450 2425 absoluti
3474 2368 3833 2429 noscuntur.“

2170 2451 2276 2515 Qui
2308 2469 2441 2507 vero
2473 2458 2693 2509 retento
2723 2454 3004 2527 obsequio
3042 2458 3394 2515 manumissi
3428 2465 3591 2527 sunt,
3626 2478 3733 2533 pro
3756 2478 3820 2516 eo

2172 2542 2325 2611 quod
2357 2541 2551 2596 adhuc
2580 2560 2613 2597 a
2663 2549 2908 2614 patrono
2953 2545 3220 2600 servituti
3254 2552 3531 2603 tenentur
3560 2549 3818 2617 obnoxii,

2172 2628 2510 2684 nullateuns
2543 2637 2681 2685 sunt
2701 2633 2772 2686 ad
2797 2632 3255 2689 ecclesiasticum
3290 2636 3553 2693 ordinem
3587 2656 3817 2710 promo-

2170 2719 2360 2784 vendi,
2393 2735 2465 2773 ne
2494 2720 2728 2789 quando
2759 2720 3049 2776 voluerint
3079 2740 3279 2779 eorum
3312 2725 3555 2793 domini,
3588 2727 3733 2783 ﬁant
3753 2744 3820 2783 ex

2172 2806 2397 2861 clericis
2429 2809 2598 2863 servi.

2172 2916 2302 2968 CAP.
2342 2913 2541 2969 LXIII.
2582 2945 2650 2954 ——
2710 2914 2914 2984 Quales
2962 2917 3032 3042 aél
3073 2919 3449 2975 ministerium
3492 2922 3682 2977 clerici
3708 2924 3814 2978 eli-

2882 3004 2991 3042 aan
3018 3006 3104 3042 ur.

2881 3004 3104 3058 gantur.

2245 3073 2547 3145 (Clementi
2582 3074 2754 3146 epist.
2769 3077 2803 3131 2
2819 3078 3118 3150 ascripta.)
3143 3077 3310 3135 Tales
3333 3080 3404 3134 ad
3422 3079 3817 3138 ministerium

2172 3162 2363 3218 clerici
2396 3163 2704 3235 eligantur,
2732 3166 2827 3236 qui
2856 3167 3029 3239 digne
3059 3170 3289 3238 possint
3316 3168 3614 3224 Dominica
3629 3186 3822 3226 sacra-

2174 3257 2370 3305 menta
2402 3257 2681 3306 tractare:
2719 3254 2929 3308 melius
2959 3260 3049 3310 est
3077 3256 3234 3309 enim
3266 3256 3495 3309 Domini
3529 3258 3819 3313 sacerdoti

2170 3355 2387 3409 paucos
2418 3338 2631 3393 habere
2682 3339 3001 3406 ministros,
3055 3342 3155 3410 qui
3206 3342 3434 3412 possint
3463 3342 3634 3415 digne
3656 3361 3820 3401 exer-

2167 3442 2294 3481 cere
2325 3443 2473 3497 opus
2495 3425 2615 3494 Dei,
2651 3443 2826 3498 quam
2862 3427 3077 3483 multos
3108 3429 3365 3499 inutiles,
3398 3430 3500 3503 qui
3521 3448 3672 3489 onus
3690 3448 3821 3506 gra-

2163 3531 2231 3570 ve
2264 3515 2580 3569 ordinatori
2614 3516 2930 3572 adducant.

2165 3621 2294 3677 CAP.
2334 3621 2520 3676 LXIV.
2541 3653 2607 3663 —
2630 3623 2704 3677 De
2732 3624 2937 3691 ieiunio
2968 3623 3437 3696 quadragesimali
3463 3628 3810 3686 clericorum.

2235 3710 2590 3782 (Telesphor.
2644 3712 2920 3766 attributa
2949 3712 3138 3785 epist.)
3171 3715 3511 3787 Cognoscite
3537 3734 3571 3773 a
3616 3718 3807 3791 nobis,

2162 3803 2218 3855 et
2249 3800 2474 3855 cunctis
2504 3800 2794 3873 episcopis
2810 3801 2870 3855 in
2902 3802 3009 3858 hac
3032 3807 3234 3859 sancta
3255 3808 3310 3859 et
3330 3806 3647 3877 apostolica
3668 3808 3806 3863 sede

2164 3888 2530 3961 congregatis
2560 3894 2843 3944 statutum
2875 3907 3023 3958 esse,
3060 3897 3124 3947 ut
3152 3898 3373 3965 septem
3408 3894 3807 3952 hebdomadas

2163 3978 2367 4048 plenas
2389 3983 2521 4033 ante
2538 3984 2806 4034 sanctum
2835 3981 3054 4035 Pascha
3073 3998 3277 4037 omnes
3296 3983 3487 4037 clerici
3510 3984 3567 4038 in
3591 3991 3811 4040 sortem

2169 4067 2391 4121 Domini
2430 4068 2615 4123 vocati
2649 4085 2681 4122 a
2708 4084 2882 4124 carne
2904 4070 3190 4139 jejunent.
3211 4071 3355 4134 Quia
3375 4071 3530 4127 sicut
3560 4073 3814 4129 discreta

2163 4156 2331 4211 debet
2351 4172 2479 4211 esse
2497 4157 2612 4211 vita
2634 4156 2980 4212 clericorum
2996 4176 3029 4213 a
3046 4159 3329 4214 laicorum
3350 4164 3815 4233 conversatione,

2164 4246 2245 4298 ita
2273 4245 2400 4299 etin
2417 4244 2647 4315 jejunio
2671 4245 2842 4300 debet
2860 4246 2984 4301 ﬁeri
3004 4246 3419 4304 discretio.Has
3435 4265 3570 4321 ergo
3592 4257 3816 4323 septem

2164 4332 2567 4389 hebdomadas
2600 4350 2803 4389 omnes
2835 4334 3028 4391 clerici
3059 4353 3094 4392 a
3123 4353 3295 4392 carne
3323 4342 3381 4393 et
3410 4338 3635 4394 deliciis
3658 4340 3816 4411 jeju-

2167 4427 2345 4487 ment,
2373 4427 2430 4476 et
2461 4422 2715 4495 hymnis,
2747 4440 2813 4478 ac
2839 4424 3077 4496 vigiliis,
3112 4430 3287 4497 atque
3317 4428 3679 4485 orationibus
3705 4433 3818 4485 Do-

2168 4512 2327 4566 mino
2360 4510 2643 4567 inhaerere
2664 4514 2763 4567 diu
2798 4520 3090 4586 noctuque
3117 4516 3411 4571 studeant.

402 4614 822 4672 conscientiam
856 4630 1046 4679 suam,
1097 4614 1242 4683 quia
1292 4613 1339 4667 Si
1391 4630 1457 4667 ex
1488 4628 1633 4683 pUI‘O
1666 4610 1838 4665 corde
1865 4606 2052 4663 οωηί-
2084 4589 2131 4652 D
2162 4618 2296 4673 Cap.
2332 4619 2494 4675 LXV.
2529 4651 2597 4660 —
2631 4619 2780 4687 Quod
2808 4622 2956 4675 nulli
2981 4622 3324 4676 sacerdotum
3357 4624 3550 4678 liceret
3579 4640 3818 4681 canones

404 4706 514 4760 bus
547 4721 581 4759 a
613 4705 829 4775 qu1bus
860 4701 1033 4757 laesus
1068 4703 1259 4769 fuerit,
1295 4719 1409 4756 non
1435 4700 1743 4767 dimiserit,
1771 4698 1894 4754 haec
1924 4714 2051 4754 ora-

406 4795 486 4849 tio
520 4794 709 4865 magis
739 4793 810 4847 ad
835 4792 1223 4858 occasionem,
1248 4809 1323 4863 qu
1342 4807 1435 4845 am
1467 4792 1537 4845 ad
1571 4789 1798 4844 veniam
1820 4788 1900 4843 illi
1927 4804 2055 4843 esse

408 4883 657 4938 videtur.

412 4971 545 5028 CAP.
582 4972 691 5028 LX.
736 5003 803 5013 ——
836 4970 986 5041 Qoad
1031 4970 1417 5044 profundiores
1465 4972 1791 5040 quaestiones
1832 4969 2056 5041 penitus

982 5060 1095 5097 non
1133 5047 1484 5097 astruuntur.

2851 4707 3128 4761 ignorare.

2236 4777 2846 4851 (Caelestinepiscopis
2865 4797 2967 4851 per
2988 4780 3183 4836 Calab.
3208 4783 3540 4839 constitutis
3560 4784 3816 4857 epist.3.)
3842 4808 3843 4815 η

2166 4867 2318 4924 Nulli
2356 4872 2724 4923 sacerdotum
2746 4885 2884 4925 suos
2912 4869 3084 4925 liceat
3113 4886 3368 4927 canones
3398 4873 3684 4943 ignorare,
3711 4888 3815 4929 nec

2168 4956 2491 5028 quidquam
2528 4958 2712 5013 facere
2735 4960 2887 5029 quod
2909 4959 3345 5029 possitPatrum
3368 4962 3591 5033 regulis
3614 4963 3811 5017 obvia-

2168 5061 2261 5099 re:
2296 5062 2421 5104 quae
2453 5046 2607 5100 enim
2641 5064 2675 5100 a
2707 5047 2874 5101 nobis
2910 5064 3005 5101 rex
3038 5048 3211 5104 digne
3261 5051 3605 5104 servabitur.
3642 5051 3691 5104 si
3715 5052 3815 5104 de-
