4030 5310
192 346 252 405 ﬂ
1609 340 2134 403 CAPITULABE.
3497 345 3576 404 42

187 474 435 531 sionibus
470 473 736 545 gaudete,
763 476 827 528 ut
853 471 912 527 in
940 472 1289 528 revelatione
1319 471 1514 544 gloriae
1536 473 1664 543 ejus
1686 488 1823 544 gau-
1852 474 1906 540 Α
1936 472 2157 529 ditione
2191 472 2502 529 Salvatoris
2532 488 2665 528 cum
2687 473 2905 529 Judaeis
2936 476 3176 542 statuit;
3201 481 3359 533 sexta
3379 480 3576 533 autem

189 564 356 620 deatis
382 562 761 618 exsultantes.
787 562 845 616 Si
869 561 1296 633 exprobramini
1329 560 1384 615 in
1414 561 1646 617 nomine
1666 561 1819 616 Chri—

187 654 273 719 sti,
302 652 451 707 beati
482 650 663 706 eritis.
707 650 823 705 Nec
850 667 952 721 pro
978 650 1175 721 aliqua
1195 649 1484 721 cupidate,
1506 649 1594 705 vel
1628 649 1819 721 segni-

188 743 275 812 tie,
304 744 398 797 aut
427 743 607 810 metu,
642 738 764 793 haec
796 756 923 811 quae
944 739 1109 793 vobis
1142 739 1426 806 facienda,
1456 738 1543 794 vel
1575 739 1821 794 dicenda

191 828 667 896 sunt,dimittatis.
693 828 807 883 Nec
830 845 863 883 a
892 828 1091 899 populi
1113 828 1525 899 increpatione,
1550 828 1598 882 si
1627 828 1819 883 devia-

188 919 336 987 verit,
364 917 475 973 ullo
509 918 683 973 modo
716 917 977 973 cessatis.
999 916 1179 972 Nemo
1204 921 1398 972 autem
1428 921 1685 971 vestrum
1719 933 1816 989 pa-

191 1009 352 1063 tiatur
381 1006 549 1079 quasi
580 1006 897 1073 homicida,
929 1010 1030 1061 aut
1070 1007 1180 1073 t'ur,
1216 1010 1315 1060 aut
1345 1004 1685 1072 maledicus,
1719 1008 1821 1059 aut

192 1098 491 1153 alienorum
525 1096 850 1167 appetitor:
886 1094 934 1149 si
965 1099 1159 1149 autem
1195 1100 1258 1148 ut
1287 1094 1672 1159 Christianus,
1705 1110 1819 1148 non

192 1187 475 1242 erubescat
504 1209 517 1252 ;
548 1184 827 1256 glorificet
876 1188 1066 1238 autem
1099 1182 1281 1237 Deum
1336 1185 1391 1237 in
1424 1184 1534 1239 isto
1564 1184 1821 1246 nomine,

194 1276 313 1347 quia
334 1275 619 1346 scriptum
641 1278 731 1329 est
756 1289 767 1326 :
794 1274 946 1328 Beati
970 1275 1063 1343 qui
1083 1274 1511 1344 persecutionem
1533 1274 1825 1343 patiuntur

190 1373 395 1437 propter
415 1364 719 1434 justitiam,
751 1364 1011 1434 quoniam
1040 1365 1284 1433 ipsorum
1312 1370 1391 1418 est
1410 1379 1641 1430 regnum
1669 1362 1824 1416 caelo-

194 1471 301 1509 rum
331 1461 346 1524 (
376 1454 563 1509 Matth.
595 1470 650 1520 ν,
712 1453 819 1520 16).
863 1455 1065 1507 Cavete
1122 1453 1260 1523 quia
1312 1457 1532 1523 prepter
1549 1453 1825 1523 justitiam

192 1542 336 1598 dixit.
370 1543 518 1598 Nam
550 1542 649 1613 qui
673 1558 776 1613 pro
808 1540 1002 1612 aliquo
1052 1540 1297 1595 crimine
1339 1541 1582 1612 patitur,
1615 1542 1688 1596 ob
1718 1540 1826 1595 hoc

192 1650 293 1688 non
323 1633 426 1689 erit
457 1633 689 1689 beatus.

254 1743 379 1798 CAP.
412 1738 636 1796 LXVII.
672 1769 737 1779 —
772 1736 920 1805 Quod
948 1753 1073 1792 cum
1126 1736 1592 1792 excommunicalo
1620 1752 1730 1792 non
1759 1736 1834 1790 sit

860 1809 1147 1864 orandum.

259 1903 494 1973 (Canon.
526 1900 585 1954 11
622 1896 837 1971 apost.)
867 1898 926 1953 Si
973 1898 1104 1969 quis
1158 1914 1291 1952 cum
1329 1896 1831 1952 excommunicato

196 1991 381 2047 saltem
413 1990 478 2045 in
511 1989 684 2044 domo
716 1987 891 2043 simul
942 1986 1212 2056 oraverit,
1263 1986 1373 2041 iste
1423 1985 1832 2041 communione

200 2081 453 2152 privetur.

260 2188 378 2242 CAP.
412 2184 661 2241 LXVIII.
695 2214 761 2224 —-
793 2182 946 2251 Quod
974 2182 1275 2237 oblationes
1302 2182 1761 2248 discordantium,

322 2258 394 2313 vel
430 2271 708 2330 pauperes
738 2256 1167 2326 opprimeutium
1196 2252 1511 2323 refutandae
1539 2254 1672 2308 sint.

270 2348 479 2418 (Coneil.
532 2344 787 2416 Carthag.
841 2361 910 2411 IV,
965 2360 1090 2415 cap.
1141 2344 1210 2396 93
1241 2347 1297 2397 et
1342 2343 1457 2413 94.)
1501 2340 1835 2397 Oblationes

207 2435 648 2491 discordantium
699 2433 966 2503 fratrum,
1000 2448 1189 2503 neque
1236 2430 1292 2484 in
1340 2430 1614 2500 sacrario,
1647 2445 1835 2502 neque

199 2525 245 2579 in
270 2523 681 2597 gazophylacio
713 2522 1087 2594 recipiantur.
1116 2522 1326 2576 Eorum
1353 2521 1529 2575 etiam
1558 2519 1656 2591 qui
1691 2536 1833 2591 pau-

195 2630 343 2686 peres
374 2612 743 2687 opprimunt,
774 2610 1016 2667 donaria
1044 2627 1078 2666 a
1099 2611 1501 2667 sacerdotibus
1532 2608 1837 2665 refutanda

191 2707 332 2759 sunt.

467 2791 601 2846 CAP.
637 2789 825 2845 LXIX.
862 2819 931 2831 -—
965 2789 1026 2845 Ut
1065 2790 1298 2843 ebrietas
1327 2792 1549 2844 vetetur.

249 2881 487 2951 (Concil.
520 2879 806 2950 Agathens.
842 2895 890 2933 c.
926 2878 1038 2948 41.)
1068 2879 1214 2933 Ante
1254 2877 1454 2932 omnia
1481 2875 1708 2931 clericis
1737 2892 1837 2930 ve-

182 2974 331 3025 tetur
382 2968 663 3035 ebrietas,
725 2984 852 3039 qua:
907 2966 1171 3021 omnium
1221 2966 1495 3020 vitiorum
1548 2964 1733 3017 fomes
1774 2979 1839 3017 ac

178 3059 379 3115 nutrix
411 3061 525 3112 est.
578 3058 778 3124 Itaque
826 3071 960 3108 eum
1009 3070 1182 3123 quem
1233 3052 1461 3107 ebrium
1494 3050 1674 3105 fuisse
1705 3064 1841 3104 con-

174 3146 417 3207 stiterit.
476 3148 542 3198 ut
588 3143 728 3198 ordo
782 3145 959 3213 patet,
1010 3145 1111 3195 aut
1157 3140 1335 3194 trium
1386 3139 1614 3193 dierum
1655 3136 1841 3209 spatio

174 3255 203 3293 a
228 3236 373 3293 vino
397 3232 723 3287 statuimus
748 3229 1233 3298 submovendum,
1260 3232 1361 3283 aut
1385 3227 1667 3299 corporali
1698 3227 1836 3281 sub-
1867 3214 1912 3278 C

177 3326 443 3382 dendum
480 3318 785 3391 supplicio.
841 3318 1005 3383 Quod
1054 3318 1106 3373 si
1158 3316 1267 3371 hoc
1316 3317 1372 3370 in
1407 3332 1581 3371 usum
1613 3332 1843 3370 assum-

183 3415 385 3486 pserit,
448 3406 973 3465 excommunicatio
1032 3404 1391 3477 proteletur;
1448 3404 1496 3461 si
1555 3421 1686 3459 vero
1718 3420 1840 3458 cor-

188 3504 292 3577 rigi
328 3518 449 3557 non
483 3498 753 3570 potuerit,
804 3514 837 3551 a
885 3495 1230 3550 sacerdotali
1278 3494 1479 3549 ordine
1509 3493 1839 3565 repellatur.

187 3594 317 3648 CAP.
353 3588 511 3645 LXX.
546 3619 615 3628 ——
648 3587 899 3655 Qualiter
946 3586 1181 3656 singulis
1225 3586 1382 3655 feriis
1430 3582 1704 3654 agendum
1750 3583 1840 3652 sit,

258 3678 492 3753 (Concil.
556 3676 918 3745 Carthag.1v,
970 3692 1017 3728 c.
1073 3674 1189 3743 74.)
1239 3672 1344 3736 Qui
1404 3673 1495 3727 die
1546 3672 1842 3727 Dominico

195 3769 457 3825 studiose
478 3766 730 3837 jejunat,
760 3780 875 3818 non
921 3763 1192 3817 credatur
1237 3760 1575 3815 catholicus.
1609 3761 1679 3814 Et
1709 3759 1843 3815 nul-

196 3859 309 3914 lum
341 3854 672 3929 negotium,
704 3852 1054 3922 nullumque
1088 3868 1233 3922 opus
1283 3850 1489 3905 servile
1520 3850 1721 3904 eodem
1754 3849 1845 3902 die

198 3948 309 4002 ﬁat.
372 3944 591 4012 Quinta
647 3943 789 3997 feria
843 3940 1091 4013 quisque
1153 3956 1267 3994 non
1320 3943 1408 3993 est
1459 3938 1843 4008 jejunandus,

200 4042 260 4091 ut
291 4037 444 4090 inter
465 4030 762 4104 jejunium
795 4029 1260 4085 Christianorum
1305 4032 1361 4082 et
1392 4025 1720 4099 gentilium,
1750 4042 1845 4081 ca-

200 4125 569 4187 tholicorum,
607 4126 782 4192 atque
830 4118 1236 4174 hrcreticorum
1283 4115 1557 4171 discretio
1606 4115 1682 4170 sit
1712 4115 1844 4185 (27).

199 4213 332 4268 Nam
364 4212 493 4268 dies
520 4209 881 4274 Dominicus,
906 4211 963 4262 et
982 4206 1188 4278 quinta
1219 4205 1513 4277 I‘eriajure
1536 4203 1847 4260 solemnio-

204 4318 283 4357 res
304 4318 421 4375 prae
444 4299 669 4356 caeteris
686 4297 1009 4362 habentur;
1033 4312 1097 4351 eo
1120 4295 1274 4366 quod
1299 4294 1400 4349 Die
1424 4293 1719 4348 Dominico
1738 4293 1846 4348 Do-

205 4393 389 4447 minus
416 4393 592 4446 Jesus
620 4386 1138 4453 Christus,devicto
1157 4384 1363 4439 mortis
1384 4382 1851 4454 equuleo,resur-

207 4482 340 4535 rexit
359 4498 393 4536 a
411 4477 693 4543 mortuis;
718 4476 839 4531 sive
862 4474 998 4546 quia
1025 4490 1090 4528 eo
1117 4473 1211 4528 die
1232 4473 1420 4543 gratia
1448 4471 1701 4542 Spiritus
1723 4488 1853 4526 san-

208 4570 273 4624 cti
300 4574 428 4642 post
450 4566 853 4623 ascensionem
882 4564 952 4617 ad
980 4562 1175 4632 caelos,
1201 4560 1588 4616 inflammavit
1608 4560 1862 4631 discipu-
1891 4581 1936 4646 υ

209 4657 307 4729 los,
323 4659 405 4714 eis
420 4658 660 4712 mittens
675 4652 919 4709 tradidit
935 4651 1354 4707 charismatum
1372 4649 1762 4713 dona.Quinta
1783 4650 1859 4704 fe-

214 4744 289 4799 ria
302 4750 493 4800 autem
517 4759 651 4798 cum
673 4741 891 4797 eisdem
910 4739 1212 4811 discipulis
1230 4738 1445 4793 ultima:
1465 4755 1637 4793 comas
1652 4742 1861 4809 myste-

214 4834 291 4889 ria
320 4831 651 4889 celebravit.
702 4831 817 4886 Nec
869 4829 1055 4884 multo
1102 4832 1230 4899 post
1278 4828 1480 4883 eodem
1532 4826 1622 4882 die
1674 4826 1856 4882 revol-

213 4928 363 4979 vente
391 4922 507 4977 illis
538 4920 869 4975 viventibus
903 4919 971 4973 ad
996 4918 1168 4973 caelos
1201 4919 1467 4974 ascendit
1494 4934 1506 4983 ;
1532 4916 1657 4988 ipso
1681 4916 1855 4972 etiam

220 5010 300 5065 die
326 5011 584 5065 chrisma
632 5007 973 5075 conficitur;
1026 5008 1225 5062 eodem
1278 5021 1511 5079 quoque
1551 5006 1643 5061 die
1677 5005 1853 5076 pmni-

220 5102 389 5155 tentes
420 5096 891 5154 reconciliantur.
945 5098 1261 5167 (lnnocent.
1313 5097 1355 5163 Ι,
1406 5094 1579 5167 θρὶει.
1615 5097 1665 5163 1,
1699 5112 1747 5150 c.
1781 5096 1858 5166 4.)

223 5188 418 5249 Quarta
444 5206 602 5258 vero,
663 5190 826 5242 sexta
883 5189 939 5239 et
995 5185 1247 5256 septima
1288 5186 1428 5241 feria
1492 5200 1606 5254 prae
1638 5184 1860 5240 caeteris

224 5275 584 5310 itﬁnnnnr‘nm
621 5281 703 5310 an}
780 5275 913 5310 nnin

975 5279 1171 5310 nunle
1207 5274 1342 5310 fnnin
1404 5273 1583 5310 an‘nn
1626 5274 1695 5310 ΑΩ
1724 5291 1858 5310 nhn-

1930 561 2198 618 Christus
2231 562 2539 617 cruciﬁxus
2572 566 2694 629 est;
2731 562 2981 618 Sabbato
3013 562 3249 635 quidem
3272 564 3421 620 inter
3454 580 3575 620 me-

1933 654 2058 704 tum
2093 656 2148 705 et
2179 668 2342 722 spem
2374 651 2622 723 apostoli
2672 652 2898 707 tristem
2949 653 3161 707 duxere
3206 652 3383 722 diem,
3415 654 3579 711 dubii

1931 737 2361 808 aliquantulum
2394 741 2464 795 de
2511 739 2971 796 Resurrectionis
3019 740 3207 813 gloria
3235 756 3580 812 permanen-

1934 831 2046 883 tes.
2090 829 2197 893 Qui
2247 845 2381 900 ergo
2433 829 2560 885 istis
2614 829 2803 885 tribus
2854 829 3061 885 diebus
3110 829 3168 883 in
3200 828 3459 902 crapula,
3493 829 3581 886 vel

1932 915 2120 987 epulis
2152 918 2374 988 absque
2404 934 2616 987 magna
2664 918 3084 974 interveniente
3126 918 3455 987 festivitate,
3487 917 3580 977 vel

1934 1005 2281 1061 necessitate
2313 1007 2508 1075 fuerit,
2554 1007 2785 1061 videtur
2828 1011 2929 1062 aut
2980 1023 3114 1062 cum
3166 1007 3433 1063 tradente
3463 1012 3584 1063 tra-

1932 1094 2087 1165 dere,
2115 1096 2201 1150 vel
2235 1113 2368 1151 cum
2400 1096 2878 1167 crucifigentibus
2918 1096 3274 1168 cruciﬁgere,
3310 1100 3411 1153 aut
3442 1112 3584 1167 apo-

1936 1183 2220 1238 stolorum
2255 1184 2503 1255 injurias
2557 1185 2835 1240 deridere.
2891 1185 3037 1241 Nam
3088 1184 3188 1255 qui
3219 1184 3343 1240 vult
3371 1185 3441 1240 de
3474 1186 3584 1240 Do-

1937 1271 2081 1326 mini
2140 1290 2273 1327 cum
2332 1274 2477 1344 ipsis
2557 1274 2975 1329 resurrectione
3030 1274 3304 1345 gaudere,
3364 1272 3587 1329 tristari

1934 1361 2367 1431 quodammodo
2394 1378 2526 1416 cum
2558 1362 2703 1433 ipsis
2736 1362 2905 1417 debet
2937 1362 3006 1417 de
3044 1362 3333 1433 passione.

2115 1476 2249 1532 CAP.
2285 1476 2474 1532 LXXI.
2513 1509 2574 1521 -—
2608 1477 2760 1546 Quod
2790 1476 2878 1532 die
2908 1477 3184 1533 Dominico
3210 1482 3410 1533 stantes

2644 1565 2878 1604 oremus.

2011 1638 2280 1707 (Nicaeum
2310 1638 2506 1692 concil.
2566 1656 2604 1704 ι,
2665 1654 2713 1691 c.
2766 1637 2882 1708 2D.)
2940 1638 3225 1703 Quoniam
3277 1640 3417 1693 sunt
3454 1637 3592 1709 qui-

1941 1726 2074 1780 dam
2109 1726 2165 1779 in
2201 1725 2293 1781 die
2343 1726 2645 1782 Dominico
2677 1727 2746 1781 ad
2800 1727 3120 1782 orationem
3171 1742 3324 1799 genu
3356 1727 3591 1782 ﬂecten-

1942 1818 2050 1885 tes,
2084 1817 2141 1868 et
2171 1814 2230 1869 in
2262 1814 2468 1870 diebus
2497 1814 2882 1883 Pentecostes,
2906 1820 2971 1870 ut
2998 1816 3195 1872 omnia
3216 1815 3274 1870 in
3302 1814 3592 1872 universis

1942 1902 2088 1959 locis
2118 1908 2509 1959 consonanter
2538 1904 2940 1972 observentur,
2974 1904 3199 1976 placuit
3227 1909 3431 1961 sancto
3463 1921 3594 1961 con-

1941 1991 2094 2063 cilio,
2126 1997 2347 2049 stantes
2399 1994 2458 2047 in
2510 1992 2602 2048 bis
2649 1993 2853 2049 diebus
2902 1994 3149 2051 Domino
3188 1998 3324 2050 vota
3371 1995 3591 2065 persol-

1942 2098 2071 2138 VCI‘B
2079 2123 2091 2135 .

1943 2202 2075 2252 CAP.
2139 2198 2343 2253 LXXII.
2378 2229 2444 2239 —
2480 2200 2542 2253 Ut
2587 2198 2884 2253 sacerdotes
2940 2198 3267 2253 admoneant
3302 2198 3590 2269 populum,

2261 2271 2499 2340 qualiter
2523 2272 2677 2340 [estis
2718 2270 2904 2325 diebus
2933 2286 2988 2325 se
3017 2270 3271 2325 habeant.

2015 2378 2358 2431 Sacerdotes
2389 2378 2739 2432 admoneant
2767 2375 3048 2448 populum
3095 2380 3159 2431 ut
3188 2376 3246 2431 in
3276 2374 3484 2429 diebus
3512 2374 3591 2428 fe-

1945 2465 2052 2521 stis
2096 2482 2212 2520 non
2267 2470 2472 2520 vacent
2527 2465 2807 2521 conviviis
2866 2464 3037 2521 malis
3092 2469 3149 2520 et
3196 2463 3350 2534 jocis
3404 2461 3593 2533 turpi-

1945 2556 2077 2622 bus,
2106 2555 2207 2609 sed
2239 2553 2622 2611 orationibus.

2017 2671 2152 2725 CAP.
2216 2670 2460 2726 LXXIII.
2526 2702 2589 2711 —-
2646 2670 2851 2739 Quibus
2908 2670 3063 2741 festis
3092 2668 3322 2741 populus
3379 2681 3527 2722 com-

2641 2744 2904 2796 muniret.

2017 2830 2179 2898 (Cone
2208 2829 2405 2901 Agath.
2452 2848 2500 2884 c.
2557 2832 2668 2898 i8.)
2728 2829 3044 2885 Saeculares
3100 2844 3234 2884 vero
3292 2826 3391 2899 qui
3420 2826 3595 2882 Nata-

1945 2919 2061 2974 lem
2093 2920 2343 2989 Domini,
2386 2919 2609 2975 Pascha
2655 2922 2712 2974 et
2758 2919 3134 2975 Pentecosten
3186 2934 3301 2972 non
3333 2930 3599 2972 commu-

1950 3008 2292 3077 nicaverint,
2326 3008 2595 3063 catholici
2628 3024 2742 3063 non
2789 3009 3121 3076 credantur,
3183 3022 3290 3062 nec
3318 3006 3470 3060 inter
3498 3020 3597 3059 ca-

1952 3094 2198 3149 tholicos
2228 3095 2572 3149 habeantur.

2023 3212 2156 3263 CAP.
2195 3208 2437 3264 LXXIV.
2466 3241 2533 3249 -—
2566 3208 2625 3263 Si
2653 3209 2985 3335 magi/icium
3007 3225 3109 3279 per
3136 3209 3531 3279 negligentiam

2639 3296 2745 3335 cecz
2788 3296 2867 3334 eri
2900 3324 2910 3334 .

2639 3296 2910 3335 εεσιαονιι.

2027 3368 2085 3422 Si
2109 3368 2201 3423 cui
2236 3368 2587 3423 sacriﬁcium
2612 3384 2713 3441 per
2732 3369 3151 3441 negligentiam
3173 3366 3445 3424 ceciderit
3465 3367 3599 3438 (28),

1954 3461 2055 3511 aut
2084 3457 2285 3529 lingua
2338 3458 2579 3528 lambat,
2639 3461 2703 3511 ut
2760 3458 2904 3511 nihil
2960 3458 3096 3513 inde
3155 3461 3449 3513 remeneat
3503 3460 3603 3511 aut

1953 3547 2161 3602 diebus
2214 3547 2605 3618 quadraginta
2648 3547 2894 3618 jejunet.
2947 3548 3003 3603 Si
3060 3552 3254 3602 autem
3289 3564 3391 3619 per
3421 3545 3605 3618 negli-

1954 3637 2209 3709 gentiam
2243 3636 2482 3691 alterius
2514 3636 2623 3691 hoc
2654 3637 2874 3691 factum
2929 3636 3120 3704 fuerit,
3174 3637 3453 3707 poeniteat
3481 3634 3607 3707 ipse

1953 3726 2121 3795 cujus
2152 3729 2239 3779 est
2296 3724 2667 3796 negligentia.
2721 3725 2906 3780 Locus
2965 3729 3159 3780 autem
3206 3725 3266 3780 in
3308 3741 3422 3795 quo
3454 3722 3600 3779 ceci—

1953 3814 2121 3879 derit,
2152 3818 2253 3867 aut
2283 3813 2415 3884 igne
2438 3815 2844 3885 succendatur,
2870 3818 2971 3868 aut
2995 3813 3228 3885 penitus
3249 3817 3602 3885 extergatur,

1954 3907 2009 3956 et
2039 3904 2193 3974 quod
2225 3906 2517 3956 extersum
2548 3902 2743 3967 fuerit,
2775 3903 3174 3958 comburatur.

2025 4018 2158 4072 CAP.
2194 4015 2410 4069 LXXV.
2444 4046 2511 4058 —
2544 4016 2605 4069 Si
2664 4018 2893 4071 vomitus
2948 4019 3099 4088 infra
3131 4021 3237 4072 tres
3267 4016 3385 4072 dies
3411 4024 3531 4087 post

2235 4088 2671 4142 communionem
2700 4088 3038 4157 negligenter
3066 4090 3323 4143 evenerit.

2027 4176 2087 4230 Si
2139 4176 2271 4247 quis
2331 4180 2459 4247 post
2500 4179 2735 4247 accepta
2786 4181 3159 4231 sacrosancta
3216 4175 3489 4246 mysteria
3519 4176 3607 4230 in-

1960 4266 2193 4320 fratres
2237 4265 2360 4320 dies
2416 4265 2526 4337 (29)
2584 4264 2866 4320 vomitum
2927 4282 3028 4337 per
3086 4264 3495 4338 negligentiam
3529 4263 3613 4320 fe-

1959 4354 2120 4423 cerit,
2146 4354 2195 4408 si
2229 4355 2527 4426 presbyter
2584 4358 2692 4421 est,
2739 4354 3128 4426 quadraginta
3183 4353 3390 4409 diebus
3422 4352 3613 4425 pmni-

1959 4446 2076 4497 teat
2092 4443 2302 4509 ;caeteri
2320 4443 2641 4497 secundum
2660 4443 2960 4515 proprium
2976 4443 3610 4514 ordinemjudicentur.

1965 4532 2035 4586 Et
2067 4531 2350 4603 quidquid
2385 4534 2665 4603 rejectum
2700 4532 2894 4596 fuerit,
2928 4532 3326 4587 comburatur.

1969 4648 2101 4703 CAP.
2138 4647 2366 4702 LXXVI.
2420 4679 2487 4686 —
2523 4648 2581 4703 Ut
2631 4648 2993 4718 energumeni
3036 4663 3146 4701 non
3188 4648 3618 4715 communicent,

2175 4728 2226 4773 et
2258 4720 2453 4773 balnea
2484 4720 2543 4772 in
2575 4721 2811 4773 sacratis
2840 4720 2999 4788 aquis
3028 4733 3137 4771 non
3165 4718 3405 4791 faciant.

2043 4823 2196 4879 Nulli
2263 4824 2433 4882 liceat
2492 4825 2786 4897 porrigere
2843 4840 3075 4895 corpus,
3132 4822 3220 4878 vel
3274 4820 3619 4893 sanguinem

1970 4914 2199 4969 Domini
2244 4916 2427 4970 nostri
2486 4914 2625 4970 Jesu
2685 4912 2897 4970 Christi
2956 4910 3388 4985 energumenis,
3438 4911 3623 4967 donec

1968 5003 2028 5057 in
2057 5004 2258 5059 eadem
2294 5005 2567 5077 passione
2600 5007 2757 5068 sunt,
2790 5002 2903 5058 nisi
2937 5001 3081 5055 forte
3120 5000 3435 5055 discrimen
3467 5014 3622 5054 mor-

1970 5093 2046 5148 tis
2079 5092 2433 5150 incurrerint
2463 5120 2477 5164 ;
2533 5109 2668 5147 nam
2714 5110 2848 5148 cum
2899 5088 3230 5146 criminosis
3260 5087 3401 5144 talla
3428 5105 3626 5145 sacra-

1971 5187 2169 5237 menta
2196 5189 2482 5248 vetentur,
2536 5186 2753 5253 quanto
2785 5179 2975 5252 magis
3021 5178 3139 5233 illis
3186 5194 3332 5247 quos
3364 5179 3488 5250 ipse
3518 5194 3625 5234 au-

1972 5276 2097 5310 ntnr-
2127 5271 2389 5310 nriminia
2436 5271 2653 5310 invadit
2679 5270 2705 5310 ‘7
2738 5274 2793 5310 Ως
2844 5272 3036 5310 autem
3073 5268 3263 5310 {lirinn
3303 5268 3627 5310 iniaprinnr-
