4030 5310
395 277 471 333 43
841 235 847 243 ’
1413 269 1752 330 A'l‘TONIS
1803 267 2385 330 VERCELLENSIS
2433 267 2786 329 EPISCOPI
3726 269 3804 329 44

391 406 488 461 dia
517 404 744 460 liberati
800 403 1036 470 fuerint,
1088 403 1259 474 longo
1317 406 1576 473 tempore
1635 401 1691 455 in
1738 400 2408 470 abstinen-Aotl‘ertur,
2453 399 2794 471 angelortim
2849 399 3176 472 frequentia
3233 401 3425 458 inesse
3484 418 3599 458 non
3631 402 3804 458 dubi-

391 496 474 549 tia
497 498 554 548 et
585 493 843 548 oratione
865 497 1247 564 permaneant
1272 493 1596 547 secundum
1625 491 1932 545 arbitrium
1955 507 2042 544 sa-

391 585 714 648 cerdotum,
750 587 808 638 et
838 582 920 637 sic
971 582 1206 636 demum
1259 581 1694 636 communicent
1743 580 1896 633 inter
1934 595 2041 633 ca-

389 677 546 728 teros
577 671 959 726 Christianos.
995 671 1156 734 Quod
1192 670 1239 725 si
1273 669 1547 741 baptizati
1597 668 1684 724 vel
1715 667 2041 739 consignati

392 777 507 816 non
551 760 783 827 fuerint,
842 759 977 815 licet
1035 776 1133 814 eos
1192 759 1352 814 omni
1411 764 1670 830 tempore
1727 756 2041 828 baptizare,

391 849 481 904 vel
513 848 876 921 consignare.
935 850 996 902 In
1028 852 1182 919 aqua
1233 864 1368 903 vero
1429 846 1791 903 sanctiﬁcata
1845 844 2043 899 nullus

394 937 669 992 balneum
701 939 888 993 facere
937 937 1147 992 audeat
1195 953 1297 1007 pro
1345 935 1542 1006 aliqua
1588 934 1926 988 infirmitate
1954 933 2044 988 vel

397 1026 760 1094 necessitate,
796 1043 920 1096 qua
952 1026 1147 1097 spargi
1188 1024 1596 1080 tantummodo
1629 1038 1904 1078 concessa
1934 1024 2042 1076 est.

401 1114 815 1186 Hujuscemodi
849 1115 1002 1170 enim
1039 1113 1266 1170 lavacra
1323 1130 1428 1168 nec
1470 1113 1529 1166 in
1590 1112 1772 1167 sacris
1822 1111 2044 1165 inveni-

398 1219 551 1272 mus,
587 1220 691 1260 nec
722 1220 756 1259 a
793 1205 1063 1259 Patribus
1114 1207 1244 1259 acta
1301 1201 1654 1272 audivimus,
1715 1215 1819 1256 nec
1876 1199 2046 1254 nobis

399 1292 566 1348 utilia
593 1293 882 1349 videntur.

466 1402 603 1458 CAP.
642 1399 898 1455 LXXVII.
932 1431 999 1439 —

729 1472 812 1526 vet
842 1471 1156 1527 chrismatis
1193 1469 1542 1526 custodienda
1571 1470 1699 1523 sint.

467 1559 573 1624 Qui
606 1560 756 1615 sacri
788 1559 1163 1632 baptismatis
1190 1559 1554 1631 mysterium,
1575 1557 1663 1613 vel
1687 1557 1904 1611 donum
1929 1552 2054 1625 Spi-

393 1647 543 1704 ritus
574 1649 760 1705 sancti
795 1649 858 1703 in
889 1648 1206 1704 chrismate
1246 1646 1632 1718 susceperint,
1668 1648 1800 1700 ante
1831 1657 2052 1698 nonum

395 1737 550 1792 diem
583 1754 716 1792 cum
763 1737 1110 1793 mulieribus
1158 1736 1319 1791 nullo
1373 1736 1544 1791 modo
1605 1738 1848 1790 coeant:
1885 1730 2055 1786 simi-

394 1825 528 1880 liter
560 1825 967 1897 hujuscemodi
1016 1824 1292 1880 mulieres
1326 1824 1485 1878 omni
1518 1824 1690 1878 modo
1742 1840 1774 1876 a
1820 1820 1961 1874 viris
1995 1834 2056 1874 se

397 1915 752 1980 abstineant,
788 1931 892 1969 nec
941 1913 1060 1969 ullo
1111 1914 1268 1984 turpi
1328 1912 1486 1979 ludo,
1536 1911 1623 1966 vel
1675 1910 1904 1981 negotio
1938 1906 2056 1962 ullo

398 2004 571 2058 modo
603 2004 924 2071 misceant;
955 2019 989 2057 a
1029 2003 1295 2057 carnium
1329 2018 1514 2056 usura
1565 2000 1663 2054 diu
1697 1999 2060 2093 abstineant,

398 2093 582 2147 donec
616 2092 927 2163 episcopus
983 2091 1093 2146 loci
1147 2107 1250 2162 pro
1307 2090 1586 2161 qualitate
1637 2105 1919 2160 persona,
1965 2090 2055 2152 vel

396 2181 678 2252 temporis
726 2181 1076 2251 praviderit.
1118 2180 1232 2234 Nec
1283 2180 1352 2233 de
1400 2195 1564 2234 sacro
1617 2180 1772 2232 fonte
1801 2176 2053 2247 aliquem

394 2269 606 2336 levare,
642 2275 743 2325 aut
774 2271 844 2326 ad
886 2270 1355 2341 consignandum
1412 2273 1546 2324 ante
1595 2269 1935 2338 episcopum
1969 2272 2054 2321 te-

399 2375 535 2415 nere
564 2359 776 2431 aliquis
808 2360 1060 2414 audeat:
1121 2375 1225 2414 nec
1283 2357 1530 2413 clericus
1590 2356 1776 2411 ullum
1821 2371 2054 2411 sacrum

399 2448 666 2504 ordinem
698 2464 997 2505 assumere
1046 2455 1378 2519 prasumet,
1431 2446 1543 2502 nisi
1587 2447 1753 2517 prius
1809 2445 1928 2500 hac
1959 2461 2051 2500 ea-

401 2539 534 2593 dem
569 2539 842 2609 pradicta
899 2542 1267 2593 sacramenta
1323 2537 1383 2591 in
1446 2553 1506 2592 se
1564 2534 1956 2590 celebraverit.
1995 2533 2052 2588 Si

401 2627 534 2697 quis
565 2629 758 2682 autem
792 2627 851 2681 in
884 2627 1080 2698 aliquo
1134 2625 1604 2698 supradictorum
1655 2624 2056 2695 pravaricator

402 2715 704 2784 exstiterit,
728 2715 953 2786 judicio
983 2716 1241 2788 episcopi
1273 2716 1568 2787 poeniteat.

475 2822 605 2876 CAP.
638 2822 920 2878 LXXVIII.
955 2855 1021 2863 —
1056 2825 1118 2879 Ut
1163 2823 1468 2891 spectacula
1515 2821 1767 2877 ludorum
1795 2820 1983 2875 diebus

1029 1399 1276 1468 Qualiter
1321 1399 1590 1469 mysteria
1634 1395 1978 1467 baptismatis

890 2897 1047 2965 festis
1074 2911 1184 2951 non
1213 2896 1568 2950 celebrentur.

472 2984 679 3054 (ϐοηθεῖ
736 2985 1003 3054 Africam.
1061 2985 1201 3054 61.)
1259 2985 1493 3038 Necnon
1547 2987 1605 3037 et
1647 2981 1790 3036 illud
1849 2983 2049 3052 peten-

403 3074 567 3143 dum,
602 3077 668 3127 ut
697 3072 1031 3144 spectacula
1059 3073 1446 3138 theatrorum,
1471 3077 1930 3141 caterorumque
1959 3069 2048 3124 Iu-

2086 1779 2134 1843 B

2149 493 2324 557 tatur,
2361 489 2752 560 periculosum
2776 493 2864 545 est
2884 489 2999 544 tale
3031 489 3253 561 aliquid
3277 490 3487 560 dicere,
3511 491 3600 546 vel
3633 507 3806 564 agere

2150 577 2301 646 quod
2335 576 2459 632 loco
2492 595 2606 633 non
2665 578 2968 633 convenit:
3023 579 3071 634 si
3132 579 3286 636 enim
3345 581 3630 637 Dominus
3672 581 3808 637 illos

2152 665 2222 718 de
2251 666 2468 736 templo
2504 665 2691 735 ejecit,
2753 667 2854 738 qui
2901 667 3169 723 victimas
3229 685 3359 740 qua
3408 668 3520 724 sibi
3563 670 3808 726 offeren-

2151 757 2267 819 tur,
2300 755 2572 809 emebant
2613 754 2703 810 vel
2759 755 3107 828 vendebant,
3159 763 3379 830 quanto
3435 759 3624 831 magis
3675 758 3810 814 illos

2153 841 2335 895 iratus
2388 841 2523 897 inde
2573 843 2826 914 abjiciet,
2881 846 2981 916 qui
3033 845 3376 916 mendaciis,
3432 847 3808 920 vaniloquiis,

2153 929 2391 997 risibus,
2425 934 2480 984 et
2511 931 2921 1002 hujuscemodi
2973 934 3144 1007 nugis
3175 935 3367 992 locum
3399 937 3593 992 divino
3621 937 3811 993 cultui

2155 1017 2558 1088 mancipatum
2592 1021 2855 1076 foedant?

2225 1106 2357 1160 CAP.
2420 1107 2663 1162 LXXXI.
2714 1141 2782 1150 —
2812 1111 3187 1236 De;_¢toctrina
3240 1116 3486 1171 virorum
3533 1119 3585 1171 et
3614 1132 3738 1171 mu-

2903 1199 3096 1236 terum.

2903 1199 3076 1238 rerum
3085 1226 3096 1239 .

2228 1266 2456 1337 (Concit.
2494 1268 2752 1340 Carthag.
2781 1286 2855 1338 IV,
2912 1288 2962 1326 c.
2994 1272 3103 1339 98;
3155 1273 3312 1343 Ibid.,
3366 1291 3414 1330 c.
3458 1275 3574 1344 99.)
3605 1275 3813 1332 Laicus

2159 1357 2548 1426 prasentibus
2580 1357 2826 1429 clericis,
2860 1359 2974 1416 nisi
3012 1359 3159 1432 ipsis
3191 1364 3577 1433 probantibus
3606 1365 3814 1421 docere

2160 1459 2276 1497 non
2307 1444 2536 1499 audeat.
2571 1449 2637 1500 nt
2684 1446 2916 1513 mulier,
2960 1451 3229 1520 quamvis
3279 1453 3448 1508 docta
3491 1453 3549 1507 in
3583 1457 3809 1522 sancta,

2159 1531 2314 1586 viros
2345 1532 2401 1586 in
2435 1539 2720 1589 conventu
2751 1536 2957 1592 docere
2981 1554 3095 1593 non
3118 1541 3329 1596 audeat
3354 1540 3442 1596 vel
3473 1545 3810 1614 praesumat.

2234 1639 2368 1694 CAP.
2423 1640 2676 1698 LXXXII.
2734 1673 2801 1684 —
2832 1648 2966 1698 Item
3025 1644 3093 1700 de
3151 1646 3488 1704 indumentis
3531 1665 3738 1705 eorum.

2234 1728 2463 1796 (Concil.
2499 1730 2665 1801 Gang.
2721 1747 2847 1803 cap.
2905 1735 3010 1800 12;
3065 1735 3227 1802 ΠΜ,
3287 1754 3336 1791 c.
3400 1737 3511 1809 13.)
3569 1737 3628 1793 Si
3679 1738 3814 1810 quis

2167 1817 2422 1873 virorum
2458 1823 2691 1890 propter
2721 1821 3166 1892 continentiam,
3199 1842 3324 1896 qua
3372 1830 3633 1898 putatur,
3667 1827 3816 1883 ami-

2167 1912 2262 1962 ctu
2294 1907 2431 1979 palii
2477 1909 2678 1977 utitur,
2741 1911 2909 1981 quasi
2967 1929 3069 1983 per
3119 1913 3226 1969 hoc
3284 1915 3496 1972 habere
3553 1933 3614 1972 se
3637 1916 3814 1988 justi-

2165 1995 2307 2050 tiam
2340 1997 2601 2066 credens,
2634 2002 2690 2054 et
2732 2000 2980 2072 despicit
3015 2017 3114 2058 eos
3173 2004 3271 2075 qui
3329 2021 3462 2059 cum
3495 2005 3816 2061 reverentia

2168 2084 2359 2156 birris,
2393 2091 2448 2140 et
2478 2086 2607 2142 aliis
2659 2090 3076 2146 communibus
3129 2091 3318 2148 solitis
3369 2098 3617 2149 utuntur
3645 2095 3822 2150 vesti-

2166 2173 2298 2239 bus,
2331 2175 2644 2232 anathema
2701 2178 2795 2232 sit.
2847 2179 3124 2236 Similiter
3153 2187 3209 2236 et
3258 2182 3469 2238 mulier
3511 2200 3636 2254 qua
3679 2200 3814 2256 pro-

2165 2267 2292 2334 pter
2319 2266 2760 2332 continentiam,
2815 2285 2942 2339 qua
2992 2274 3249 2341 putatur,
3300 2271 3567 2327 habitum
3600 2277 3811 2344 mutat,

2165 2356 2222 2406 et
2251 2369 2353 2423 pro
2385 2353 2554 2410 solito
2587 2355 2862 2412 muliebri
2907 2359 3124 2413 amictu
3175 2359 3400 2415 virilem
3433 2361 3636 2429 sumit,
3670 2378 3812 2418 ana-

2163 2440 2362 2497 thema
2391 2442 2485 2498 sit.

2242 2532 2374 2586 CAP.
2438 2532 2727 2612 LXXXIII.
2756 2565 2847 2612 _-—
2881 2537 3247 2612 Utnatalitia
3289 2555 3385 2594 seu
3439 2541 3644 2612 nuptiae
3688 2542 3745 2596 in

2607 2606 3045 2677 Quadragesi—ma
3074 2624 3186 2663 non
3214 2610 3369 2680 ﬁant.

2233 2690 2441 2762 (Concil
2490 2696 2716 2750 Bracar.
2781 2711 2831 2750 c.
2887 2696 2999 2768 48.)
3057 2696 3218 2760 Quod
3274 2715 3389 2754 non
3447 2705 3712 2772 oporteat
3753 2701 3814 2757 in

2161 2779 2618 2852 Quadragesima
2656 2787 2979 2856 martyrum
3030 2787 3296 2843 natalitia
3341 2788 3676 2858 celebrare;
3712 2792 3814 2847 sed

2161 2885 2362 2924 eorum
2396 2871 2454 2926 in
2501 2872 2756 2928 Sabbato
2815 2878 2871 2928 et
2930 2874 3234 2932 Dominico
3293 2877 3387 2933 die
3433 2882 3661 2933 tantum
3695 2895 3820 2935 me-

2162 2960 2347 3015 moria
2376 2961 2519 3015 ﬁeri.
2571 2961 2797 3034 Nuptiae
2843 2979 2977 3019 vero
3025 2969 3130 3020 aut
3176 2965 3397 3022 natalia
3446 2967 3652 3023 iisdem
3682 2969 3812 3024 die-

2162 3048 2272 3103 bus
2304 3049 2462 3105 nullo
2496 3052 2667 3107 modo
2699 3051 3082 3108 celebrentur.

396 3162 606 3216 dorum
638 3162 707 3216 de
758 3162 1077 3227 Dominica,
1125 3162 1212 3216 vel
1262 3162 1483 3217 cateris
1534 3159 1834 3231 religionis
1880 3158 2046 3212 Chri-
2078 3145 2118 3212 C
2229 3155 2360 3210 CAP.
2396 3156 2683 3211 LXXXIV.
2734 3189 2803 3197 —
2833 3159 2909 3212 De
2965 3159 3182 3227 Ieiunia
3235 3159 3738 3229 Quadragesimali.

400 3247 603 3303 stiana
635 3248 842 3302 diebus
890 3247 1348 3303 celeberriminis
1398 3251 1752 3302 amoveatur.
1802 3245 2050 3301 Maxime

399 3335 538 3408 quia
569 3336 754 3390 sancti
801 3336 1036 3391 Paseha
1085 3341 1418 3390 octavarum
1449 3336 1542 3390 die
1589 3335 1788 3407 populi
1836 3336 1906 3390 ad
1939 3336 2048 3390 cir-

399 3439 554 3492 cum,
589 3424 777 3494 magis
818 3441 995 3495 quam
1054 3425 1126 3478 ad
1181 3423 1487 3478 ecclesiam
1547 3422 1917 3490 conveniunt,
1951 3424 2049 3478 de-

401 3512 608 3567 berent
663 3513 966 3567 transferri
1015 3512 1285 3583 praliniti
1334 3511 1595 3584 ipsorum
1643 3512 1767 3568 dies
1817 3514 2049 3584 quando

403 3601 719 3667 evenerint,
779 3618 884 3657 nec
940 3602 1111 3656 debet
1164 3601 1322 3656 ullus
1377 3601 1740 3658 Christianus
1797 3602 1923 3674 cogi
1977 3603 2048 3658 ad

404 3689 758 3762 spectacula.

478 3797 611 3852 CAP.
664 3797 898 3852 LXXIX.
933 3828 1002 3838 -—
1054 3800 1117 3855 Ut
1159 3799 1344 3854 nullus
1388 3799 1658 3854 Kalendas
1695 3799 1976 3854 Januarii.

652 3870 849 3938 colere,
899 3878 993 3925 aut
1019 3870 1205 3926 choros
1246 3871 1442 3926 ducere
1479 3874 1800 3941 praesumat.

475 3957 730 4029 (Zachar.
788 3958 848 4012 in
898 3960 1092 4014 concit.
1147 3962 1298 4016 Rom.
1358 3977 1408 4015 c.
1458 3962 1512 4028 9,
1569 3960 1930 4031 referturque
1957 3961 2047 4030 '27,

403 4053 608 4120 quast.
643 4049 696 4119 7,
729 4062 777 4104 c.
812 4048 873 4103 Si
924 4050 1090 4120 quis.)
1150 4048 1221 4104 Ut
1269 4049 1467 4104 nullus
1515 4049 1800 4104 Kalendas
1828 4050 2048 4104 Janua-

402 4138 470 4191 rii
502 4142 558 4194 et
596 4139 837 4192 brumas
886 4138 1000 4192 ritu
1051 4154 1410 4209 paganorum
1461 4139 1645 4192 colere
1694 4142 2042 4208 prasumat:

400 4227 450 4280 si
484 4226 615 4296 quis
649 4225 938 4280 Kalendas
988 4225 1253 4280 Januarii
1301 4231 1358 4281 et
1406 4227 1646 4281 brumas
1689 4226 1874 4282 colere
1905 4244 2047 4298 pra-

399 4314 739 4385 sumpserit,
773 4317 874 4368 aut
924 4329 1157 4369 mensas
1187 4331 1319 4368 cum
1369 4313 1739 4385 lampadibus
1772 4314 1830 4368 in
1860 4316 2048 4370 domi-

400 4404 511 4457 bus
544 4417 886 4474 praparare,
936 4407 1036 4456 aut
1086 4419 1188 4474 per
1237 4402 1395 4458 vicos
1441 4408 1498 4457 et
1527 4402 1786 4474 planteas
1826 4406 2045 4460 cantio-

2232 3245 2466 3313 (Concil.
2499 3245 2691 3315 Agath.
2716 3261 2842 3315 cap.
2900 3245 3009 3315 1‘3.)
3039 3245 3263 3302 Placuit
3292 3247 3464 3302 etiam
3498 3252 3563 3304 ut
3608 3265 3816 3307 omnes

2159 3330 2447 3403 Ecclesia,
2481 3332 2738 3404 exceptis
2794 3332 3003 3389 diebus
3063 3335 3402 3402 Dominicis,
3459 3336 3520 3392 in
3552 3339 3814 3403 Quadra-

2159 3420 2403 3491 gesima,
2437 3421 2612 3476 etiam
2659 3421 2752 3477 die
2801 3421 3061 3490 Sabbati,
3114 3423 3459 3481 sacerdotali
3491 3427 3812 3483 ordinatio-

2160 3526 2251 3575 ne,
2304 3514 2360 3564 et
2405 3510 2756 3566 discretione
2803 3511 2914 3583 (30)
2965 3513 3515 3571 communicationis
3563 3515 3816 3572 debeant

2155 3601 2441 3671 jejunare.
2581 3637 2586 3646 ε

2230 3688 2358 3742 CAP.
2395 3719 2462 3729 —
2495 3688 2755 3744 LXXXV.
2803 3694 2946 3746 Item
2973 3691 3040 3746 de
3076 3692 3452 3749 observatione
3479 3693 3737 3766 ejusdem.

2229 3777 2461 3846 (Concil.
2495 3779 2661 3832 Laud.
2721 3797 2845 3852 cap.
2897 3781 3012 3851 50.)
3071 3782 3233 3848 Quod
3293 3799 3407 3838 non
3456 3786 3721 3855 oporteat
3749 3783 3808 3839 in

2159 3866 2615 3938 Quadragesima
2644 3868 2703 3923 in
2759 3869 2968 3925 ultima
3017 3871 3363 3942 septimana,
3405 3871 3623 3943 quintae
3653 3873 3809 3928 feria

2152 3956 2446 4026 jejunium
2487 3956 2726 4029 solvere,
2775 3962 3079 4031 totamque
3131 3959 3650 4033 Quadragesimam
3682 3962 3810 4018 sine

2158 4047 2525 4101 veneratione
2552 4047 2822 4117 transire,
2875 4049 3178 4121 magisque
3221 4051 3524 4106 conveniet
3571 4068 3808 4108 omnem

2160 4135 2676 4207 Quadragesimam
2708 4136 2970 4193 districto
3001 4139 3262 4194 venerari
3284 4139 3533 4210 jejunio.

2428 4225 2559 4281 CAP.
2579 4225 2886 4300 RLXXXVI.
2918 4258 2986 4267 —
3018 4228 3154 4283 Item
3182 4227 3326 4283 unde
3353 4245 3543 4300 supra.

2229 4314 2410 4384 (Tolet.
2447 4331 2517 4382 ιν,
2547 4299 2708 4386 cia)
2760 4314 3008 4379 Quidam
3040 4317 3098 4370 in
3158 4317 3251 4373 die
3297 4299 3560 4389 ejusdem
3607 4317 3816 4373 Domi-

2158 4402 2297 4457 nica
2331 4403 2623 4473 passionis
2655 4404 2726 4458 ad
2758 4403 2963 4460 horam
2987 4423 3201 4461 nonam
3227 4406 3522 4477 jejunium
3554 4406 3811 4476 solvunt,

400 4507 503 4546 nes
535 4495 589 4546 et
619 4491 824 4546 choros
871 4493 1081 4547 ducere
1135 4492 1596 4563 praesumpserit,
1648 4494 1800 4564 quod
1836 4509 2049 4565 magna
2078 4513 2126 4576 Ι)
2158 4491 2430 4546 conviviis
2460 4492 2755 4547 abstinent
2801 4494 2934 4564 (31).
2997 4494 3065 4548 Et
3111 4495 3252 4549 dum
3313 4495 3398 4550 sol
3449 4496 3573 4567 ipse
3604 4496 3810 4552 eodem

398 4579 680 4652 iniquitas
711 4585 818 4650 est,
853 4597 1046 4636 coram
1079 4587 1192 4636 Deo
1225 4581 1536 4636 anathema
1567 4582 1660 4637 sit.

470 4685 605 4742 CAP.
667 4687 869 4742 LXXX.
924 4720 988 4727 —
1024 4688 1088 4743 Ut
1146 4689 1295 4759 quod
1349 4688 1419 4742 ad
1463 4688 1744 4744 ecclesiam
1783 4705 1974 4744 conve-

1027 4761 1292 4815 niendum
1319 4761 1411 4814 sit.

467 4846 797 4918 (Theodulf.
831 4865 880 4902 c.
917 4849 1028 4916 10.)
1087 4848 1212 4903 Non
1259 4849 1483 4903 debetis
1532 4849 1604 4902 ad
1637 4847 1938 4903 ecclesiam
1970 4848 2042 4903 ob

395 4933 571 4989 aliam
603 4952 840 4991 causam
873 4937 1199 5008 convenire,
1225 4937 1335 4993 nisi
1360 4937 1429 4991 ad
1456 4936 1816 4992 laudandum
1840 4942 2040 5005 Deum,

394 5028 453 5077 et
480 5023 607 5092 ejus
639 5025 937 5080 servitium
992 5026 1324 5081 faciendum
1353 5043 1364 5093 ;
1426 5025 1880 5097 disceptationes
1911 5042 2042 5081 vero

395 5115 452 5167 et
499 5113 813 5178 tumultus,
868 5120 926 5170 et
981 5115 1335 5186 vaniloquia,
1387 5119 1443 5168 et
1500 5121 1714 5169 catera
1747 5115 2027 5182 actiones,

397 5202 467 5255 ab
517 5201 719 5255 eodem
769 5203 893 5257 loco
945 5209 1144 5260 sancto
1194 5205 1428 5276 penitus
1478 5204 1848 5275 prohibenda
1881 5208 2040 5259 sunt.

396 5288 502 5310 TTL.’
543 5289 684 5310 -._:___
752 5291 841 5310 l\_'
1162 5294 1170 5303 -
1369 5296 1378 5310 ι
1535 5293 1574 5310 n
1821 5293 1875 5310 οτι

2159 4579 2248 4634 die
2281 4580 2536 4634 tenebris
2585 4580 2858 4650 palliatus
2904 4581 3103 4636 lumen
3157 4583 3518 4652 subduxerit,
3565 4583 3810 4656 ipsaque

2155 4668 2440 4722 elementa
2479 4669 2711 4723 turbata
2764 4670 3102 4725 maestitiam
3152 4672 3331 4726 totius
3377 4672 3582 4728 mundi
3612 4678 3808 4729 osten-

2157 4756 2367 4826 derint,
2401 4755 2485 4810 illi
2528 4757 2824 4828 jejunium
2872 4759 3020 4814 tanti
3069 4760 3182 4815 diei
3241 4761 3530 4832 polluunt,
3584 4761 3808 4834 epulis-

2153 4863 2262 4918 que
2293 4846 2635 4902 inserviunt.
2673 4849 2739 4903 Et
2771 4849 2909 4920 quia
2948 4853 3136 4904 totum
3181 4851 3453 4906 eumdem
3486 4851 3640 4906 diem
3675 4850 3802 4906 uni-

2152 4936 2393 4991 versalis
2423 4936 2678 4992 Ecclesia
2700 4943 2936 5009 propter
2965 4938 3298 5008 passionem
3320 4939 3551 4995 Domini
3577 4941 3637 4996 in
3670 4957 3807 4999 mm-

2152 5042 2299 5096 rore,
2332 5030 2388 5080 et
2419 5026 2773 5081 abstinentia
2830 5027 3076 5098 peragit,
3129 5028 3461 5100 quicunque
3521 5029 3579 5083 in
3625 5047 3689 5086 eo
3713 5030 3804 5100 je-

2144 5113 2405 5185 junium,
2439 5118 2648 5185 prater
2677 5115 2970 5186 parvulos,
3018 5132 3187 5172 senes
3217 5121 3274 5173 et
3303 5116 3638 5189 languidos,
3671 5120 3806 5172 ante

2153 5207 2414 5273 peractas
2445 5202 2819 5274 indulgentia
2853 5220 3051 5274 preces
3097 5205 3423 5274 resolverit,
3466 5224 3499 5262 a
3547 5204 3807 5278 paschali
