4030 5310
259 365 336 424 45
1696 368 2221 429 CAPITULARE.
3584 373 3661 431 46

262 499 362 564 ris,
394 502 450 553 et
480 496 791 568 sanguinis
824 497 1055 553 Domini
1088 499 1391 570 percipiat,
1426 500 1526 571 qui
1562 500 1717 555 diem
1764 517 1900 572 pas-
1931 511 1984 575 Α
2017 498 2467 570 oppresserit,ad
2502 515 2675 553 suum
2700 499 3002 569 presbyter
3018 503 3279 555 recurrat
3296 502 3656 574 episcopum,

257 587 437 643 sionis
468 586 657 657 ipsius
688 603 791 656 per
821 587 1239 643 abstinentiam
1270 605 1384 644 non
1416 590 1681 645 honorat.

293 694 423 748 ΟΑΡ.
453 692 759 747 LXXXVII.
792 724 860 733 ——
890 695 964 748 De
990 695 1211 766 jejunio
1244 696 1492 762 Quatuor
1525 697 1860 767 Temporum.

330 780 555 851 (Calixti
574 798 739 852 papae
760 782 1113 852 quzedicitur
1134 783 1301 855 epist.
1331 784 1719 854 l.)Jejunium
1744 786 1898 856 quod

257 875 347 926 ter
374 870 431 924 in
462 886 611 925 anno
644 872 798 941 apud
832 888 938 926 nos
986 872 1275 928 celebrare
1324 872 1634 941 didicistis,
1694 890 1898 929 conve-

261 959 512 1014 nientius
543 975 699 1013 nunc
733 976 833 1029 per
857 964 1110 1031 quatuor
1135 966 1400 1031 tempora
1450 963 1569 1016 fieri
1605 962 1895 1029 dicimus;

261 1052 321 1102 ut
350 1047 506 1102 sicut
534 1064 723 1103 annus
754 1064 854 1118 per
884 1052 1135 1119 quatuor
1158 1050 1404 1104 volvitur
1426 1055 1711 1122 tempora,
1736 1051 1818 1106 sic
1843 1055 1900 1106 et

259 1153 361 1192 nos
392 1140 742 1208 quaternum
768 1153 1013 1208 agamus
1036 1138 1294 1193 solemne
1315 1139 1610 1209 jejunium
1636 1156 1737 1210 per
1762 1157 1901 1211 qua-

256 1230 386 1281 tuor
415 1230 701 1297 tempora,
724 1227 895 1296 juxta
922 1228 1215 1298 prophetae
1242 1228 1526 1284 Zacharias
1552 1245 1776 1295 vocem,
1800 1230 1896 1299 qui

258 1314 332 1369 ait
360 1330 371 1369 :
408 1316 533 1368 Hac
560 1313 692 1368 dicit
721 1315 982 1369 Dominus
1012 1318 1382 1371 exercituum:
1416 1317 1710 1387 Jejunium
1738 1335 1899 1388 (μιαν-

256 1404 318 1470 ti,
348 1407 397 1457 et
418 1404 703 1475 jejunium
733 1404 931 1473 quinti,
966 1408 1017 1458 et
1048 1406 1324 1475 jejunium
1364 1408 1605 1475 septimi,
1656 1414 1705 1460 et
1742 1408 1897 1475 jeju-

254 1494 407 1547 nium
437 1491 634 1547 decimi
664 1493 770 1547 erit
797 1491 985 1547 domui
1011 1493 1163 1547 Iudae
1182 1495 1240 1547 in
1265 1494 1528 1561 gaudium
1548 1496 1599 1548 et
1620 1494 1897 1562 lazlitiam,

256 1586 300 1635 et
328 1581 703 1637 solemnitate:
733 1582 1064 1652 praeclaras:
1101 1584 1387 1637 veritatem
1417 1587 1601 1638 tamen
1631 1591 1681 1638 et
1710 1598 1901 1654 pacem

254 1671 488 1741 diligite,
518 1670 651 1724 dicit
680 1670 941 1725 Dominus
972 1674 1313 1725 exercituum
1343 1672 1598 1741 (Zachar.
1624 1689 1745 1738 vui,
1788 1672 1894 1742 19).

257 1760 315 1815 In
345 1759 461 1814 hoc
490 1774 623 1831 ergo
654 1775 857 1814 omnes
890 1776 994 1814 nos
1028 1762 1333 1816 unanimes
1364 1767 1590 1833 oportet
1640 1778 1788 1831 esse,
1835 1766 1900 1816 ut

257 1848 581 1904 secundum
603 1847 981 1919 apostolicam
1004 1848 1331 1903 doctrinam
1358 1865 1370 1902 :
1397 1848 1635 1920 Idipsum
1648 1849 1897 1905 dicamus

256 1954 460 2001 omnes,
490 1944 540 1992 et
566 1952 674 1991 non
705 1939 814 1991 sint
846 1939 905 1991 in
928 1937 1081 1991 nobis
1110 1936 1413 1993 schismata
1444 1941 1493 2009 (Ι
1526 1940 1644 1995 Cor.
1701 1957 1740 2008 ι,
1786 1941 1893 2010 10).

319 2046 454 2100 CAP.
514 2042 848 2099 LXXXVIII.
883 2073 951 2084 -—
994 2045 1280 2105 Jeiunium
1317 2046 1737 2101 ecclesiasticum
1784 2062 1895 2100 non

864 2114 1282 2171 dissolvendum.

322 2205 515 2277 (Gang.
542 2206 737 2259 concil.
772 2221 821 2259 c.
862 2206 970 2273 19.)
1004 2205 1062 2260 Si
1096 2206 1447 2277 quiseorum
1471 2206 1569 2277 qui
1594 2207 1900 2261 continen-

269 2293 347 2347 tiae
374 2293 635 2359 student,
667 2292 889 2364 absque
916 2294 1262 2349 necessitate
1293 2310 1568 2365 corporea
1598 2296 1814 2350 tradita
1836 2296 1894 2350 in

261 2399 428 2437 comm
444 2380 880 2452 unejejunia,et
892 2382 963 2436 ab
978 2380 1235 2437 Ecclesia
1251 2384 1539 2438 custodita
1554 2401 1619 2439 su
1629 2384 1895 2455 perbien-

254 2472 317 2526 do
336 2470 886 2541 dissolvit,stimulo
904 2487 1022 2527 suae
1036 2472 1407 2543 cogitationis
1429 2473 1897 2544 impulsus,ana-

250 2560 449 2617 thema
481 2560 578 2615 sit.

309 2649 446 2706 CAP.
480 2649 764 2705 LXXXIX.
801 2680 866 2689 -—
902 2652 966 2706 Ut
990 2651 1386 2721 paenitentibus
1416 2650 1657 2719 inﬁrmis
1712 2652 1897 2707 oleum

594 2721 1023 2790 sanetiﬁicatum
1054 2738 1165 2777 non
1196 2721 1553 2794 infundatur.

310 2810 623 2880 (lnnocent
655 2810 696 2877 Ι,
729 2810 899 2881 epist.
924 2810 994 2864 ad
1017 2810 1357 2866 Decentium
1380 2828 1429 2866 c.
1452 2812 1530 2881 8.)
1554 2811 1893 2867 Paenitenti-

242 2898 350 2954 bus
384 2899 550 2954 istud
583 2898 813 2953 infundi
846 2915 957 2954 non
991 2903 1202 2969 potest,
1235 2900 1374 2971 quia
1390 2916 1575 2971 genus
1592 2906 1682 2954 est
1701 2917 1891 2954 sacra-

239 2988 454 3043 menti.
489 2990 635 3041 Nam
670 2987 883 3056 quibus
916 2987 1142 3057 reliqua
1170 2992 1535 3041 sacramenta
1584 2992 1891 3057 negantur,

235 3075 545 3148 quomodo
580 3090 763 3127 unum
795 3089 981 3143 genus
1011 3078 1252 3144 putatur
1283 3090 1453 3145 posse
1486 3074 1769 3129 concedi?

304 3164 451 3219 CAP.
487 3164 597 3216 XC.
632 3191 699 3201 --
731 3162 983 3229 Qualiter
1036 3162 1349 3287 pretsbyteri
1392 3178 1519 3233 erga
1566 3165 1891 3233 pcenitentes

974 3248 1116 3287 aaan
1148 3274 1160 3285 .

974 3248 1160 3299 aganL

304 3324 439 3378 Non
472 3320 645 3375 debet
675 3319 975 3391 presbyter
1002 3319 1312 3392 injungere
1344 3321 1697 3391 pcnnitentiae
1734 3322 1892 3395 leges

240 3412 364 3468 sine
398 3409 601 3480 aliquo
634 3412 898 3480 respectu
932 3425 1216 3480 personae,
1250 3414 1352 3464 aut
1377 3426 1567 3466 causa:
1594 3428 1605 3478 ;
1631 3411 1730 3466 sed
1754 3416 1894 3468 tem-

172 3506 186 3515 '
241 3516 382 3573 pora
416 3497 769 3571 paznitentite
801 3500 902 3553 aut
934 3498 1425 3554 reconciliationis
1449 3500 1707 3572 epioc0pi
1736 3500 1890 3556 arbi-

242 3589 348 3645 trio
380 3587 683 3645 concedat.
718 3588 805 3652 Et,
840 3590 904 3641 ut
930 3588 1231 3660 presbyter
1260 3587 1587 3643 inconsulto
1620 3588 1891 3661 episcopo

246 3694 358 3733 non
391 3674 732 3732 reconciliet
762 3674 1163 3747 pcenitentem,
1199 3675 1311 3730 nisi
1344 3676 1615 3748 episcopo
1650 3678 1892 3748 permit-

242 3770 425 3833 tente;
451 3765 551 3821 sed
574 3764 1101 3836 potiuspresbyteri
1125 3764 1307 3835 quiin
1331 3764 1890 3836 plebibusordinan-

243 3859 351 3925 tnr,
375 3853 805 3927 providentiam
834 3869 1109 3925 magnam
1126 3853 1481 3921 babeant,ne
1505 3871 1705 3909 eorum
1728 3872 1892 3926 paro-

250 3943 438 3999 chiani
472 3943 533 3998 in
566 3941 895 3997 criminalia
919 3942 1417 3998 incidantdelicta.
1448 3943 1609 4005 Quod
1633 3944 1681 3999 si
1701 3960 1893 3999 evene-

248 4033 334 4102 rit,
366 4038 489 4089 tam
525 4033 595 4087 ab
627 4030 795 4103 ipsis,
818 4047 996 4102 quam
1016 4032 1087 4087 ab
1112 4032 1387 4087 omnibus
1414 4031 1619 4088 vicinis
1641 4031 1891 4104 diligen—

256 4126 335 4176 ter
352 4139 425 4193 qu
437 4120 609 4177 aliter
630 4123 755 4175 acta
776 4124 937 4188 sunt,
981 4119 1301 4191 inquirant,
1345 4124 1401 4175 et
1438 4121 1671 4192 scriptis
1692 4126 1893 4176 notare

252 4226 356 4265 non
409 4210 705 4279 differant,
765 4225 981 4281 eosque
1026 4210 1340 4266 admonere
1388 4211 1727 4283 frequenter
1768 4215 1891 4266 stu-

253 4297 436 4367 deant,
473 4302 539 4354 ut
589 4299 658 4354 ad
694 4297 856 4369 pacis
914 4303 972 4353 et
1030 4299 1379 4370 poenitentiae
1430 4300 1891 4356 satisfactionem

256 4387 522 4443 citissime
552 4391 814 4457 currant,
872 4391 929 4443 et
981 4406 1116 4443 cum
1150 4388 1294 4460 ipsis
1350 4388 1575 4460 primus
1624 4389 1889 4459 ejusdem

257 4476 428 4545 plebis
459 4477 782 4549 presbyter,
816 4481 917 4532 aut
948 4478 1047 4549 qui
1083 4478 1285 4531 doctor
1345 4482 1476 4547 post
1517 4478 1713 4548 ipsum
1769 4478 1889 4533 fue-

259 4563 342 4631 rit,
372 4565 583 4634 veniat,
616 4565 891 4638 idemque
948 4566 1106 4637 quod
1164 4566 1498 4638 scripserat,
1553 4583 1749 4621 secum
1806 4566 1887 4621 af-

264 4618 892 4720 s.;.t.6;.gagnia‘.;.
927 4618 1501 4728 ρέιξίιετζιεέεᾟέτὶῖιέἑ
1533 4618 1890 4722 άίὲὶῇῖέτίηι,
1923 4618 1969 4681 Ι)

264 4739 373 4810 ipse
402 4743 459 4798 in
490 4744 678 4815 capite
703 4744 914 4815 jejunii
947 4746 1017 4799 ad
1040 4745 1291 4817 primam
1326 4745 1588 4814 ejusdem
1633 4745 1891 4817 episcopi

268 4830 445 4887 sedem
475 4850 601 4888 esse
636 4831 794 4887 nullo
816 4834 987 4889 modo
1009 4850 1141 4889 cum
1166 4834 1367 4889 eodem
1392 4834 1728 4889 dissimulet
1751 4835 1892 4889 scri-

268 4920 373 4986 pto,
405 4936 625 4992 suoque
659 4927 934 4992 suggerat
963 4922 1258 4995 episcopo,
1291 4926 1355 4976 ut
1387 4923 1542 4993 quod
1586 4922 1637 4979 ei
1686 4922 1895 4979 exinde

274 5009 538 5076 agendum
573 5009 1032 5076 sit,consideret.
1056 5011 1114 5066 Si
1137 5016 1332 5066 autem
1352 5011 1524 5065 etiam
1546 5011 1893 5082 pmnitentes

275 5093 560 5165 adfuerint,
596 5096 781 5168 leges,
804 5115 928 5170 qua:
962 5099 1075 5155 illis
1109 5100 1456 5172 paenitentia:
1490 5101 1896 5173 imponuntur,

2013 592 2076 641 ut
2106 587 2187 641 illi
2222 603 2322 657 per
2354 588 2546 657 ipsum
2580 587 2837 642 remedia
2860 590 3272 643 concedantur.
3302 588 3462 651 Quod
3487 591 3534 645 si
3563 591 3658 645 de-

2011 674 2609 744 f'uerit,cardinalibus
2634 675 2832 746 prima:
2858 675 3011 731 sedis
3033 675 3268 731 interim
3286 684 3653 749 suggeratur.

2009 764 2093 817 Ad
2126 764 2281 817 diem
2314 779 2569 833 namque
2594 764 3101 832 reconciliationis,
3135 765 3191 818 id
3225 769 3314 820 est
3344 780 3518 822 ccenaa
3557 768 3658 822 Do-

2009 852 2155 907 mini
2188 854 2310 924 ipse
2340 868 2572 924 quoque
2602 870 2736 909 cum
2764 854 2910 924 ipsis
2933 854 3149 925 pariter
3168 854 3373 909 adesse
3400 854 3653 926 festinet,

2010 948 2072 996 ut
2092 958 2400 997 rursursus
2414 958 2539 1013 quae
2564 941 2858 1013 illisjussa
2876 942 3465 1014 fuerint,cognoscere
3483 948 3540 999 et
3564 946 3657 1000 de-

2011 1030 2263 1085 scribere
2296 1031 2499 1101 possit.

2009 1140 2140 1192 CAP.
2175 1137 2309 1191 XCI.
2341 1168 2405 1177 —
2461 1136 2521 1193 Ut
2548 1138 2866 1207 pamitenles
2896 1137 3135 1208 quotidie
3176 1154 3361 1210 genua
3405 1138 3648 1211 ﬂectant.

2080 1242 2309 1311 (Concit.
2349 1244 2613 1317 Carthag.
2648 1262 2697 1299 c.
2726 1245 2805 1315 8.)
2842 1244 3189 1300 Pcenitentes
3216 1245 3392 1301 etiam
3442 1246 3653 1303 diebus

2010 1332 2375 1387 remissionis
2407 1348 2600 1404 genua
2640 1332 2897 1388 flectant.

2115 1438 2249 1493 CAP.
2276 1438 2430 1492 XCII.
2450 1469 2515 1479 —
2543 1441 2605 1494 Ut
2634 1444 2872 1493 mortuos
2899 1440 3218 1509 pxnitentes
3248 1441 3542 1510 sepeliant.

2080 1545 2260 1614 (Ibid,
2295 1562 2423 1617 cap.
2458 1546 2572 1615 83.)
2602 1548 2857 1601 Mortnos
2890 1546 3237 1617 pmnitentes
3268 1547 3514 1603 offerant
3559 1563 3650 1603 ec-

2009 1634 2219 1705 clesiae,
2255 1638 2310 1689 et
2341 1633 2644 1704 sepeliant.

2080 1742 2210 1796 CAP.
2246 1740 2430 1795 XCIII.
2468 1772 2532 1781 —
2564 1742 2896 1796 Paenitentcs
2923 1742 3151 1812 negotiis
3197 1743 3555 1798 saecularibus
3597 1760 3653 1799 se

2663 1812 2992 1868 abstineant.

1929 1880 1975 1944 Β
2079 1903 2272 1969 [Leon.
2295 1901 2369 1955 M.
2395 1901 2565 1972 epist.
2589 1902 2678 1968 91,
2704 1918 2752 1957 c.
2775 1900 3138 1972 9.)Qualitas
3161 1901 3308 1957 lucri
3348 1903 3649 1975 negotian-

2009 1994 2124 2044 tem
2160 1996 2261 2044 aut
2294 1995 2550 2060 excusat,
2575 1994 2675 2044 aut
2689 1991 2901 2062 arguit,
2925 1991 3063 2061 quia
3084 1995 3172 2047 est
3196 1991 3474 2047 honestus
3496 2008 3649 2063 quae-

2008 2082 2156 2145 stus,
2190 2084 2245 2134 et
2274 2079 2498 2150 turpis:
2531 2084 2938 2135 verumtamen
2971 2079 3272 2151 poenitenti
3316 2079 3519 2136 utilius
3564 2085 3653 2137 est

2009 2168 2315 2239 dispendia
2337 2168 2663 2239 pati,quam
2680 2168 2954 2239 periculis
2972 2168 3382 2239 negotiationis
3401 2170 3655 2225 obstrin-

2006 2257 2105 2329 gi;
2141 2257 2280 2329 quia
2318 2256 2555 2311 difﬁcile
2598 2262 2689 2311 est
2736 2257 2889 2311 inter
2931 2256 3179 2312 ementis
3226 2258 3651 2328 vendentisque

2006 2346 2422 2400 commercium
2458 2362 2570 2400 non
2599 2346 2947 2401 intervenire
2977 2354 3299 2417 peccatum.
3336 2346 3497 2401 Unde
3530 2362 3649 2403 mo-

2007 2450 2215 2489 nemus
2246 2434 2357 2504 (32)
2381 2450 2453 2487 ne
2475 2434 2760 2504 paenitens
2778 2433 2972 2505 aliquo
2992 2434 3244 2505 negotio,
3267 2450 3369 2489 seu
3393 2435 3648 2490 venatio-

2006 2540 2077 2578 ne
2111 2539 2172 2578 se
2195 2523 2542 2593 obstringat,
2569 2524 2668 2577 sed
2702 2522 2813 2578 sub
2844 2523 3109 2578 custodia
3162 2523 3501 2591 sacerdotis,
3548 2525 3650 2596 qui

2004 2611 2129 2667 loco
2163 2612 2457 2683 praefuerit
2506 2612 2773 2680 orationi,
2820 2615 2994 2682 atque
3032 2611 3277 2682 jejuniis
3322 2618 3505 2667 vacet.
3554 2612 3650 2667 Vi-

2003 2706 2161 2756 ctum
2186 2704 2382 2757 autem
2398 2717 2570 2756 suum
2588 2700 2634 2755 si
2651 2716 2868 2772 egenus
2889 2704 2998 2770 est,
3023 2700 3124 2755 tali
3140 2700 3383 2756 artilioio
3402 2705 3646 2772 quaerat,

2004 2790 2094 2845 cui
2125 2788 2286 2844 nulla
2316 2788 2595 2844 inhaereat
2621 2788 2849 2843 macula
2880 2789 3119 2859 peccati,
3153 2793 3443 2860 quatenus
3466 2789 3547 2845 ita
3562 2794 3647 2846 te-

2003 2878 2279 2934 stimonio
2312 2878 2630 2933 sacerdotis
2654 2876 2936 2946 fultus,ad
2962 2877 3251 2948 pontificis
3265 2878 3355 2932 sui
3381 2879 3647 2934 securius

2002 2972 2263 3021 recurrat
2295 2967 2644 3021 sententiam
2678 2966 2965 3037 (ejusdem
2998 2968 3167 3037 epist.
3194 2982 3243 3021 c.
3280 2967 3387 3038 10).
3413 2967 3519 3021 Sed
3546 2983 3645 3022 ne-

2003 3071 2115 3124 que
2148 3060 2279 3124 post
2310 3054 2659 3124 pcnnitentias
2692 3055 2979 3109 actionem
3014 3060 3216 3127 pergat
3246 3056 3315 3111 ad
3368 3055 3644 3111 militiam

2000 3140 2361 3207 saecularem,
2393 3157 2525 3194 cum
2564 3140 2874 3210 Apostolus
2922 3141 3116 3196 dicat:
3168 3145 3337 3197 Nemo
3396 3146 3649 3201 militans

1922 3245 1964 3310 ρ
2003 3230 2129 3297 Deo,
2167 3229 2412 3300 implicat
2442 3245 2497 3284 se
2526 3230 2759 3297 negotiis
2786 3229 3143 3285 saecularibus
3173 3231 3241 3300 (ΙΙ
3286 3232 3419 3301 Tim,
3474 3249 3533 3299 ll,
3569 3232 3643 3303 4).

2000 3318 2363 3390 Quapropter
2418 3334 2531 3373 non
2589 3322 2678 3372 est
2725 3317 2874 3373 liber
2913 3335 2946 3371 a
2985 3317 3211 3390 laqueis
3263 3319 3497 3387 diaboli,
3546 3321 3646 3392 qui

2000 3424 2061 3463 se
2093 3408 2313 3462 militiae
2347 3408 2659 3462 mundana:
2690 3406 2936 3461 voluerit
2956 3406 3281 3479 implicare.
3308 3409 3454 3480 Ergo
3476 3408 3644 3465 illici-

2000 3503 2190 3553 torum
2221 3498 2450 3553 veniam
2485 3497 2899 3569 postulantem,
2933 3503 3158 3569 oportet
3189 3500 3363 3553 etiam
3386 3517 3419 3554 a
3440 3499 3645 3556 multis

1999 3585 2174 3642 licitis
2208 3586 2523 3654 abstinere,
2557 3588 2788 3642 dicente
2840 3586 3154 3657 Apostolo:
3204 3587 3403 3644 Omnia
3460 3590 3641 3657 licent,

1999 3678 2098 3731 sed
2126 3692 2236 3730 non
2264 3678 2451 3731 omnia
2482 3676 2781 3747 expediunt
2811 3676 2859 3747 (I
2900 3678 3024 3731 Cor.
3074 3692 3147 3741 v1,
3205 3678 3332 3745 12);
3385 3678 3540 3732 unde
3592 3678 3643 3732 si

2001 3764 2288 3835 pmnitens
2318 3764 2492 3818 habet
2519 3781 2778 3830 causam,
2805 3781 2983 3835 quam
3013 3764 3304 3837 negligere
3336 3765 3479 3821 forte
3526 3782 3642 3822 non

2002 3854 2227 3916 debeat,
2253 3852 2461 3906 melius
2491 3854 2705 3923 expetit
2722 3852 3182 3909 ecclesiasticum
3207 3870 3382 3925 quam
3414 3856 3643 3911 forense

1993 3942 2311 4011 judicium.

2001 4030 2135 4084 CAP.
2170 4028 2353 4083 XCIV.
2388 4058 2455 4069 —
2488 4029 2734 4102 Qualiter
2760 4045 2989 4102 sponsus
3010 4039 3062 4086 et
3088 4048 3292 4102 sponsa
3318 4049 3352 4087 a
3370 4033 3646 4089 sacerdote

2615 4100 3031 4155 benedicuntur.

2074 4188 2283 4259 (Carth.
2317 4205 2390 4256 1v,
2424 4204 2473 4242 ο.
2512 4188 2621 4259 13.)
2653 4189 2917 4261 Sponsus
2942 4193 2999 4245 et
3028 4206 3243 4260 sponsa
3298 4206 3432 4245 cum
3479 4191 3647 4247 bene-

2002 4276 2229 4332 dicendi
2262 4281 2401 4332 sunt
2430 4294 2463 4333 a
2492 4278 2810 4346 sacerdote,
2848 4296 2881 4333 a
2911 4278 3252 4349 parentibus
3275 4278 3421 4349 suis,
3445 4278 3531 4335 vel
3549 4296 3646 4351 pa-

2002 4365 2344 4438 ranymphis
2375 4366 2711 4421 offerantur.
2746 4367 2855 4432 Qui
2886 4384 3018 4422 cum
3053 4366 3517 4424 benedictionem
3549 4386 3643 4424 ac-

2002 4455 2276 4526 ceperint,
2309 4456 2511 4509 eadem
2546 4460 2710 4511 nocte
2738 4473 2842 4527 pro
2875 4457 3194 4512 reverentia
3240 4456 3425 4528 ipsius
3472 4458 3645 4514 bene-

2001 4543 2274 4599 dictionis
2304 4543 2363 4599 in
2395 4544 2723 4617 virginitate
2756 4550 3155 4616 permaneant.

2181 4653 2314 4706 CAP.
2351 4652 2509 4706 XCV.
2545 4684 2611 4693 -—
2642 4656 2780 4721 Qum
2818 4656 3029 4724 nuptiae
3060 4652 3307 4709 vitanda
3334 4654 3466 4708 sint.

2077 4740 2263 4812 (Conc.
2301 4742 2448 4797 Rom.
2488 4760 2523 4808 ι,
2560 4743 2669 4797 sub
2691 4742 2860 4814 Greg.
2898 4743 2979 4810 II;
3015 4744 3165 4797 Rom.
3198 4743 3307 4797 sub
3344 4743 3563 4812 Eugen.
3598 4740 3647 4793 ΙΙ

2004 4834 2061 4885 et
2095 4830 2283 4885 Leone
2319 4831 2438 4903 III.)
2469 4830 2542 4885 Ut
2573 4830 2772 4886 nullus
2807 4836 3126 4903 praesumat
3156 4832 3272 4887 Deo
3304 4830 3554 4885 dicatam
3576 4827 3650 4882 fe-

2005 4919 2251 4987 minam,
2284 4925 2387 4975 aut
2419 4924 2800 4976 commatrem
2837 4938 3028 4987 suam,
3061 4919 3148 4975 vel
3182 4933 3511 4983 novercam,
3549 4933 3652 4971 seu

2006 5014 2276 5079 matrem,
2312 5015 2413 5066 aut
2438 5026 2719 5077 sororem,
2746 5016 2847 5065 aut
2869 5009 3047 5064 ﬁliam
3074 5003 3560 5079 spiritualem,vel
3584 5005 3655 5060 de

2005 5100 2242 5171 propria
2275 5100 2644 5173 cognatione,
2674 5096 2764 5153 vel
2789 5114 2964 5171 quam
2985 5102 3266 5167 cognatus
3289 5093 3515 5162 habuit,
3542 5092 3656 5149 sibi
