4030 5310
449 322 522 386 47
1464 318 1799 378 ATTONIS
1848 316 2431 377 VERCELLENSIS
2480 317 2831 377 EPISCOPI
3768 320 3839 379 48

444 450 683 517 venerit,
715 453 773 506 et
802 449 860 504 in
893 464 959 505 eo
1002 448 1407 520 permanserit,
1442 448 1606 513 sciat,
1641 464 1702 503 se
1746 448 2089 503 auctoritate
2118 451 2171 516 Α
2202 448 2357 503 tione
2388 454 2496 504 Deo
2528 449 2810 515 confiteri,
2860 451 2914 502 et
2962 448 3031 502 dc
3072 448 3217 519 ipsis
3271 447 3440 503 malis
3492 449 3833 505 emendare:

444 539 725 596 canonica
744 538 1137 595 anathematis
1160 537 1388 593 vinculo
1410 554 1537 593 esse
1559 538 1925 593 innodatum.
1941 542 2085 592 Con-

445 628 906 691 sentientesvero
918 631 1091 699 atque
1104 626 1681 697 consiliantes,etiam
1696 626 2087 682 anathematis

440 715 674 773 vinculo
688 715 1079 787 implicentur.
1106 715 1165 771 Si
1183 720 1378 771 autem
1400 715 1464 783 ii,
1482 714 1583 785 qui
1607 715 1899 785 conjuncti
1926 720 2082 781 sunt,

444 804 730 860 admoniti
744 803 1243 874 declinaverint,et
1259 804 1329 859 ab
1353 802 1631 859 alterutro
1657 803 1870 859 fuerint
1890 804 2082 870 divisi,

442 892 793 965 poenitentia:
818 893 1263 961 submittantur,
1297 897 1363 949 ut
1393 892 1706 964 episcopus
1738 892 1848 947 loci
1881 893 2084 963 praevi-

442 981 609 1037 derit.
645 981 927 1037 Similiter
954 980 1039 1036 illi
1070 982 1169 1053 qui
1200 982 1261 1036 in
1293 981 1400 1037 hoc
1421 980 1709 1037 consiliati
1733 981 1967 1051 fuerint,
1995 981 2083 1036 vel

439 1069 697 1143 aliquam
728 1070 1040 1127 habuerint
1068 1070 1415 1142 portionem.
1452 1069 1801 1141 Quicunque
1833 1085 1966 1125 vero
1998 1087 2084 1125 sa-

437 1157 741 1214 cerdotum
772 1156 859 1214 vel
889 1156 1233 1214 clericorum
1263 1157 1323 1212 in
1353 1156 1573 1213 talibus
1598 1173 1907 1213 assensum
1941 1175 2085 1229 prte-

435 1246 645 1315 buerit,
682 1251 785 1303 aut
812 1246 1325 1303 cemmunicaverit
1354 1263 1555 1302 eorum
1588 1246 1903 1314 consertio,
1938 1263 2079 1302 con-

435 1336 766 1407 demnatus,
790 1335 1119 1403 sacerdotii,
1162 1336 1251 1391 vel
1270 1335 1579 1392 ministerii
1601 1336 1691 1391 sui
1720 1335 1938 1391 honore
1966 1335 2085 1408 pri-

437 1429 623 1481 vetur.

433 1513 570 1569 CAP.
601 1513 785 1568 XCVI.
818 1544 888 1554 —
918 1514 1170 1587 Qualiter
1193 1515 1570 1586 unusquisque
1589 1512 1858 1570 docendus
1882 1515 1970 1570 sit.

508 1601 836 1673 (Theodulf.
869 1619 919 1659 c.
951 1603 1066 1675 21.)
1096 1607 1238 1659 Cum
1270 1618 1405 1674 ergo
1438 1602 1706 1659 omnium
1739 1608 2077 1659 sanctarum

433 1692 869 1764 Scripturarum
883 1692 1108 1765 paginas
1120 1692 1819 1761 instrumentisbonorum
1833 1708 2074 1764 operum

436 1781 660 1837 referta:
692 1781 828 1849 sint,
861 1786 918 1837 et
945 1798 1048 1853 per
1075 1786 1414 1837 sanctarum
1455 1782 1889 1853 Scripturarum
1922 1799 2074 1837 cam-

437 1885 544 1942 pos
573 1869 804 1942 possint
832 1869 1078 1926 inveniri
1101 1886 1265 1926 arma
1285 1870 1499 1941 quibus
1525 1870 1664 1925 vitia
1686 1870 2075 1941 compriman-

435 1963 616 2026 tur,et
634 1959 876 2015 virtutes
900 1960 1234 2015 nutriantur
1258 1979 1271 2026 ;
1294 1959 1502 2015 lincuit
1528 1960 1696 2015 nobis
1718 1960 1854 2014 huic
1880 1963 2075 2015 nostro

434 2047 749 2120 Capitulari
780 2048 1034 2103 inserere
1064 2049 1413 2104 sententiam
1438 2049 1746 2119 cujusdam
1780 2048 1967 2104 Patris
1990 2049 2071 2119 (S.

435 2136 729 2193 Benedict.
762 2137 964 2209 Regul.
997 2154 1124 2208 cap.
1158 2138 1213 2207 4)
1244 2137 1315 2192 de
1355 2136 1766 2193 instrumentis
1786 2138 2074 2191 bonorum

433 2240 696 2296 operum,
726 2224 788 2279 in
819 2240 937 2295 qua
965 2241 1180 2297 magna
1232 2226 1516 2280 brevitate
1546 2226 1687 2296 quid
1719 2226 1812 2296 agi
1864 2224 2074 2295 quidve

429 2312 600 2368 vitari
631 2312 839 2368 debeat
857 2313 1206 2369 continetur.
1231 2318 1294 2369 In
1316 2314 1523 2385 primis
1544 2313 1860 2369 Dominum
1883 2313 2071 2369 Deum

425 2400 688 2475 diligere,
721 2418 790 2457 ex
818 2405 941 2458 toto
973 2403 1163 2473 corde,
1218 2406 1339 2458 tota
1391 2403 1610 2473 anima,
1662 2406 1783 2458 tota
1834 2402 2070 2468 virtute,

428 2490 640 2546 deinde
669 2490 1003 2563 proximam
1032 2495 1314 2563 tanquam
1362 2490 1642 2564 seipsum.
1688 2491 1907 2546 Deinde
1957 2508 2072 2545 non

431 2580 730 2636 occidam:
767 2596 883 2636 non
915 2580 1282 2636 adulterare:
1317 2597 1434 2635 non
1467 2581 1653 2636 facere
1705 2581 1921 2635 furtum
1955 2596 2069 2635 non

429 2668 841 2742 concupiscere
866 2687 879 2725 :
904 2686 1019 2725 non
1047 2670 1263 2726 falsum
1284 2669 1689 2725 testimonium
1711 2669 1901 2724 dicere
1926 2687 1937 2725 :
1965 2669 2068 2724 ho-

428 2775 636 2815 norare
664 2774 868 2815 omnes
900 2758 1204 2827 homines;
1239 2762 1295 2814 et
1325 2760 1479 2830 quod
1514 2758 1625 2813 sibi
1655 2758 1789 2829 quis
1807 2758 1931 2815 ﬁeri
1953 2776 2067 2813 non

422 2848 565 2913 vult,
593 2846 759 2903 alteri
789 2864 905 2904 non
939 2848 1132 2904 faciat.
1163 2849 1464 2921 Abnegare
1497 2846 1881 2919 semetipsum
1931 2847 2064 2918 sibi,

422 2940 490 2991 ut
516 2935 813 2992 Christum
845 2940 1146 3008 sequatur,
1182 2953 1396 3007 corpus
1445 2934 1773 3008 castigare;
1825 2935 2064 2992 delicias

420 3041 537 3081 non
568 3024 861 3098 amplecti.
914 3026 1214 3096 Jejunium
1251 3041 1482 3093 amare;
1537 3030 1594 3080 et
1634 3041 1919 3097 pauperes
1972 3043 2063 3081 re-

418 3128 655 3170 creare:
690 3114 915 3170 nudum
948 3114 1157 3170 vestire
1187 3132 1200 3182 ;
1234 3114 1539 3170 infirmum
1596 3115 1850 3182 visitare,
1902 3131 2055 3171 mor-

414 3206 586 3259 tuum
604 3202 1169 3275 sepelire,dolentem
1201 3203 1509 3259 consolari.
1543 3207 1587 3256 A
1609 3203 1804 3259 saeculi
1828 3204 2056 3259 actibus
2089 3192 2130 3257 C

422 3308 487 3347 se
514 3292 700 3347 facere
722 3291 980 3347 alienum
1009 3309 1023 3355 ;
1057 3291 1204 3345 nihil
1235 3290 1419 3345 amori
1450 3290 1660 3345 Christi
1700 3307 2053 3362 praeponere.

415 3380 568 3436 Iram
602 3396 715 3435 non
747 3380 1043 3451 perlicere,
1078 3378 1391 3435 iracundiae
1433 3384 1665 3449 tempus
1711 3395 1826 3434 non
1876 3396 2055 3435 reser-

412 3485 567 3525 vare.
599 3468 808 3524 Delum
838 3468 898 3523 in
929 3468 1103 3523 corde
1159 3483 1277 3522 non
1324 3470 1539 3522 tenere.
1589 3467 1795 3522 Pacem
1847 3466 2053 3523 falsam

410 3573 527 3613 non
546 3558 687 3614 dare
706 3576 722 3627 ;
746 3556 1088 3612 charitatem
1110 3573 1225 3612 non
1242 3556 1667 3627 derelinquera.
1691 3557 1813 3612 Non
1827 3557 1851 3627 ,ᾗ
1864 3574 2051 3628 urare,

410 3663 481 3702 ne
513 3647 658 3704 forte
690 3647 965 3719 perjuret.
995 3645 1312 3701 Veritatem
1344 3634 1412 3701 ex
1440 3646 1612 3701 corde
1664 3650 1721 3701 et
1770 3662 1867 3701 ore
1916 3662 2052 3717 pro-

407 3736 557 3790 ferre
580 3753 592 3791 :
627 3734 849 3790 malum
880 3750 984 3806 pro
1012 3732 1164 3789 male
1187 3750 1302 3789 non
1332 3734 1571 3789 reddere
1597 3734 1909 3804 ;injuriam
1934 3751 2049 3789 non

405 3824 612 3895 facere,
647 3824 747 3880 sed
778 3828 835 3880 et
862 3824 1077 3879 factam
1108 3823 1396 3895 patienter
1447 3822 1725 3879 sulTerre:
1778 3824 2049 3879 inimicos

404 3912 681 3986 diligere;
712 3912 1129 3969 maledicentes
1160 3928 1274 3967 non
1308 3911 1675 3980 maledicere,
1709 3913 1809 3968 sed
1859 3912 2048 3984 magis

403 4002 779 4059 benedicere:
814 4001 1279 4074 persecutionem
1311 4018 1415 4073 pro
1455 4002 1689 4073 justitia
1732 4002 2043 4058 sustinere.

399 4091 525 4147 Non
554 4107 682 4149 esse
714 4091 1057 4163 superbum,
1091 4107 1208 4146 non
1242 4090 1624 4160 vinolentum,
1650 4108 1764 4145 non
1790 4090 2044 4146 multum

399 4181 659 4249 edacem,
691 4196 807 4237 non
842 4180 1303 4244 somnolentum,
1330 4196 1444 4234 non
1470 4180 1725 4250 pigrum,
1745 4196 1858 4234 non
1884 4196 2042 4234 mur-

400 4286 730 4337 murosum,
764 4286 879 4323 non
914 4270 1320 4324 detractorem.
1354 4269 1528 4340 Spem
1561 4285 1729 4323 suam
1748 4268 1863 4324 Deo
1890 4285 2044 4323 com-

397 4358 649 4427 mittere,
684 4358 904 4413 bonum
937 4357 1158 4428 aliquid
1190 4356 1247 4411 in
1281 4374 1344 4412 se
1374 4374 1509 4411 cum
1533 4357 1759 4425 viderit,
1793 4357 1906 4412 Deo
1939 4375 2040 4429 ap-

396 4446 588 4520 plicet,
624 4465 735 4504 non
762 4447 872 4503 sibi
904 4473 917 4515 ;
951 4446 1171 4503 malum
1202 4463 1335 4503 vero
1388 4464 1617 4519 semper
1645 4464 1678 4503 a
1709 4464 1769 4503 se
1822 4449 2037 4503 factum

395 4540 566 4606 sciat,
596 4542 655 4592 et
684 4537 795 4594 sibi
828 4540 1075 4635 reputet.
1109 4536 1272 4592 Diem
1296 4537 1506 4608 judicii
1538 4536 1777 4592 timere:
1823 4538 2037 4635 gehen-
2071 4565 2118 4629 Β

392 4643 528 4682 nam
559 4642 974 4703 expavescere;
1010 4626 1189 4682 vitam
1241 4630 1513 4683 aeternam
1556 4628 1715 4681 omni
1762 4626 2038 4698 concupi-

390 4715 612 4772 scentia
651 4715 896 4788 spiritali
929 4716 1300 4783 desiderare;
1361 4720 1608 4771 mortem
1656 4720 1789 4771 ante
1838 4716 2036 4771 oculos

392 4805 652 4877 quotidie
677 4809 1011 4877 suspectam
1044 4804 1256 4860 habere
1285 4823 1297 4872 ;
1334 4810 1499 4860 actus
1531 4806 1656 4860 vitae
1703 4822 1824 4860 suae
1876 4805 2036 4860 omni

387 4893 533 4949 hora
561 4894 875 4950 custodire.
912 4895 975 4948 In
1010 4894 1170 4950 omni
1201 4893 1330 4949 loco
1355 4895 1539 4950 Deum
1562 4894 1910 4966 prospicere.
1935 4895 2038 4948 Ce-

392 4982 704 5054 gitationes
739 4983 925 5039 malas
986 4984 1175 5039 cordis
1225 4983 1318 5039 sui
1364 4984 1735 5039 advenientes
1781 5000 1913 5038 mox
1963 4983 2035 5037 ad

390 5070 686 5128 Christum
706 5072 963 5142 allidere,
986 5077 1043 5128 et
1068 5072 1281 5128 seniori
1314 5070 1564 5143 spiritali
1592 5072 1933 5145 patefacere.
1957 5072 2033 5127 Os

387 5176 563 5218 suum
594 5178 629 5215 a
660 5162 810 5218 malo
830 5161 917 5218 vel
940 5178 975 5216 a
998 5178 1172 5234 pravo
1197 5161 1427 5232 eloquio
1447 5162 1757 5217 custodire.
1790 5163 1850 5216 In
1872 5162 2031 5216 omni

385 5250 512 5307 loco
544 5255 723 5306 Deum
756 5250 1106 5310 prospicere.
1145 5251 1392 5310 Multum
1424 5250 1583 5310 loqui
1628 5267 1743 5306 non
1793 5266 2027 5310 amare;

2198 538 2487 593 desideria
2526 538 2717 593 carnis
2768 554 2881 591 non
2937 537 3241 608 perficere:
3293 536 3651 593 voluntatem
3704 555 3832 609 pro-

2197 628 2382 699 priam
2409 628 2604 682 odire:
2630 626 2928 698 praeceptis
2958 626 3276 681 sacerdotis
3301 630 3357 681 et
3383 627 3750 698 praeceptoris
3778 627 3832 683 in

2196 716 2471 771 omnibus
2502 716 2756 782 obedire,
2791 715 3017 771 etiamsi
3050 716 3173 786 ipse
3204 714 3392 786 aliter,
3453 717 3607 787 quod
3662 716 3830 782 absit,

2196 809 2368 874 agat;
2402 822 2691 861 memores
2720 804 2878 859 illius
2912 804 3193 859 Dominici
3227 804 3536 876 praecepti:
3581 809 3724 876 Quae
3752 806 3832 860 di-

2192 897 2321 948 cunt
2349 896 2554 963 facite;
2584 911 2703 965 qua
2733 898 2913 948 autem
2940 895 3163 963 faciunt
3192 896 3372 963 facere
3414 894 3585 948 nolite
3636 894 3833 964 (Matth.

2192 1000 2356 1049 xxm,
2387 984 2461 1053 3).
2498 984 2621 1038 Non
2654 982 2796 1037 velle
2829 982 2941 1036 dici
2975 987 3244 1039 sanctum
3268 986 3584 1054 antequam
3616 982 3709 1051 sit,
3741 983 3835 1038 sed

2192 1071 2356 1143 prius
2387 1088 2533 1141 esse,
2571 1073 2721 1143 quod
2758 1070 2949 1126 verius
2981 1071 3245 1125 dicatur:
3281 1076 3565 1143 praecepta
3610 1071 3702 1125 Dei
3754 1071 3831 1126 fa-

2192 1163 2301 1214 ctis
2331 1160 2567 1232 quotide
2599 1161 2831 1215 studeat
2860 1160 3212 1231 adimplere;
3247 1160 3579 1215 castitatem
3611 1176 3829 1227 amare;

2192 1246 2423 1302 nullum
2454 1248 2634 1314 odire,
2665 1247 2855 1302 zelum
2888 1252 2943 1303 et
2972 1246 3254 1303 invidiam
3289 1265 3402 1303 non
3434 1248 3647 1303 habere
3674 1267 3686 1316 ;
3710 1265 3835 1304 cen-

2188 1337 2506 1392 tentionem
2528 1354 2643 1392 non
2686 1337 3276 1404 amare;relationem
3323 1338 3832 1409 fugere;senicres

2190 1426 2499 1497 venerari,j
2515 1427 2747 1481 uniores
2764 1426 3037 1499 diligere;
3062 1427 3121 1482 in
3137 1427 3351 1483 Christi
3378 1442 3576 1483 amore
3602 1444 3703 1500 pro
3726 1426 3829 1481 ini-

2190 1515 2358 1569 micis
2374 1531 2570 1583 orare;
2597 1532 2729 1570 cum
2755 1515 3227 1571 discordantibus
3241 1521 3375 1572 ante
3398 1515 3541 1573 solis
3565 1532 3829 1572 occasum

2190 1602 2247 1658 in
2280 1619 2481 1673 pacem
2516 1603 2725 1674 redire,
2759 1607 2815 1659 et
2846 1605 2916 1658 de
2950 1604 3050 1659 Dei
3083 1605 3484 1660 misericordia
3537 1620 3833 1677 nunquam

2189 1693 2517 1763 desperare.
2764 1694 2770 1701 ’

2259 1782 2399 1835 Ecce
2430 1782 2549 1836 haec
2582 1787 2719 1839 sunt
2752 1782 3143 1838 instrumenta
3172 1785 3313 1839 artis
3343 1782 3652 1855 spiritalis,
3714 1800 3832 1855 quae

2188 1887 2322 1924 cum
2336 1871 2595 1925 fuerinta
2610 1871 2775 1925 nobis
2791 1872 2890 1927 diu
2908 1876 3197 1943 noctuque
3215 1872 3646 1928 incessabiliter
3659 1872 3831 1927 adim-

2187 1959 2361 2031 pleta,
2391 1965 2445 2013 et
2475 1959 2533 2013 in
2567 1961 2658 2015 die
2682 1960 2889 2029 judicii
2926 1961 3351 2031 reconsignata,
3382 1960 3480 2016 illa
3501 1962 3826 2016 retribuen-

2184 2054 2280 2102 tur
2310 2048 2477 2103 nobis
2510 2067 2543 2103 a
2586 2050 2825 2104 Domine
2877 2049 3471 2120 recompensabiliter,
3526 2068 3658 2122 quae
3708 2051 3824 2121 ipse

2185 2138 2489 2207 promisit:
2527 2138 2675 2205 Quod
2704 2139 2890 2193 oculus
2920 2156 3027 2193 non
3058 2139 3213 2209 vidit,
3248 2155 3345 2194 nec
3391 2141 3549 2194 auris
3596 2140 3823 2210 audivit,

2184 2243 2278 2280 nec
2310 2229 2367 2281 in
2397 2243 2487 2282 cor
2518 2229 2753 2282 hominis
2783 2228 3025 2283 ascendit
3052 2244 3176 2299 qua?
3205 2232 3559 2300 prgeparavit
3589 2232 3726 2285 Deus
3748 2230 3826 2284 his

2183 2316 2279 2385 qui
2309 2316 2550 2386 diligunt
2582 2333 2706 2372 cum
2737 2318 2783 2389 (I
2812 2318 2930 2371 Cor.
2966 2334 3029 2388 ΙΙ,
3073 2318 3149 2389 0).

2181 2450 2314 2505 CAP.
2348 2450 2556 2507 XCVII.
2583 2482 2651 2491 -—
2677 2454 2739 2508 Ut
2763 2454 3065 2534 orationem
3083 2453 3423 2534 Dominicam
3444 2456 3493 2509 et
3508 2453 3823 2524 Symbolum

2711 2532 3024 2578 memoriter
3045 2532 3285 2579 teneant.

2252 2618 2575 2688 (Theodulf.
2609 2638 2657 2676 ο.
2678 2621 2795 2692 22.)
2827 2622 3245 2677 Commonendi
3275 2626 3415 2677 sunt
3445 2638 3649 2679 omnes
3684 2624 3822 2678 fide-

2180 2706 2283 2775 les,
2319 2714 2383 2764 ut
2414 2709 2761 2780 generaliter
2790 2728 2823 2766 a
2855 2710 3097 2765 minimo
3141 2727 3330 2782 usque
3377 2712 3449 2766 ad
3496 2713 3818 2768 maximum

2178 2798 2499 2854 orationem
2533 2799 2913 2871 Dominicam,
2938 2804 2994 2855 et
3014 2801 3347 2871 symbolum
3377 2802 3713 2857 memoriter
3733 2806 3814 2857 te-

2177 2891 2353 2942 neant
2371 2903 2390 2947 ,·
2421 2892 2477 2942 et
2507 2887 2817 2943 dicendum
2840 2888 2925 2943 eis
2953 2890 3106 2959 quod
3138 2888 3195 2943 in
3219 2888 3311 2944 his
3335 2890 3564 2944 duabus
3586 2894 3815 2946 senten-

2173 2976 2273 3030 tiis
2305 2992 2474 3031 omne
2506 2977 2639 3032 fidei
2670 2977 3008 3032 Christiana:
3031 2978 3476 3033 fundamentum
3504 2978 3814 3046 incumbit,

2173 3071 2229 3121 et
2258 3066 2370 3121 nisi
2403 3066 2496 3137 qui
2534 3066 2638 3121 has
2669 3068 2815 3122 duas
2833 3067 3151 3123 sententias
3176 3068 3511 3123 memoriter
3534 3068 3807 3132 tenuerit,

2171 3160 2227 3210 et
2255 3171 2322 3209 ex
2350 3160 2468 3209 toto
2501 3157 2671 3210 corde
2703 3156 3032 3222 crediderit,
3068 3161 3125 3211 et
3155 3158 3213 3211 in
3245 3156 3502 3211 oratione
3553 3156 3808 3227 saepissi-

2169 3259 2261 3297 me
2277 3242 2741 3312 frequentaverit,
2768 3242 3090 3297 catholicus
3111 3258 3237 3297 esse
3264 3258 3379 3297 non
3403 3241 3633 3312 poterit.
3659 3246 3808 3297 Con-

2167 3331 2442 3385 stitutum
2476 3346 2728 3400 namque
2758 3334 2866 3399 est,
2893 3334 2955 3384 ut
2976 3329 3174 3384 nullus
3196 3330 3567 3397 chrismetur,
3624 3346 3812 3402 neque

2165 3419 2508 3491 baptizetur,
2544 3435 2730 3489 neque
2760 3437 2794 3474 a
2824 3419 3054 3474 lavacro
3092 3419 3266 3474 fontis
3299 3418 3478 3474 alium
3504 3420 3807 3491 suscipiat,

2164 3525 2351 3578 neque
2382 3524 2575 3563 coram
2607 3508 2877 3579 episcopo
2901 3508 2972 3563 ad
2994 3508 3462 3563 confirmandum
3487 3507 3812 3579 quemlibet

2164 3601 2376 3661 teneat,
2410 3597 2523 3651 nisi
2556 3596 2910 3669 symbolum,
2955 3600 3011 3651 et
3068 3597 3392 3653 orationem
3446 3597 3807 3652 Dominicam

2164 3685 2495 3740 memoriter
2512 3685 3049 3757 tennerit,exceptis
3064 3685 3157 3741 his
3174 3702 3323 3758 quos
3345 3684 3416 3740 ad
3440 3686 3803 3757 loquendum

2160 3778 2298 3829 tetas
2331 3774 2573 3830 minime
2605 3775 2893 3846 perduxit.

2229 3893 2360 3947 CAP.
2411 3891 2649 3947 XCVIII.
2684 3924 2750 3932 -η
2785 3893 2845 3947 Ut
2893 3891 2987 3946 hos
3036 3909 3267 3948 canones
3320 3894 3506 3947 nullus
3560 3895 3804 3964 refutare

2817 3972 3135 4035 prresumat.

2226 4068 2513 4135 (Gelasius
2549 4071 2588 4137 Ι,
2621 4070 2790 4141 epist.
2822 4070 2903 4141 9.)
2941 4069 3205 4141 Cumque
3226 4070 3393 4125 nobis
3418 4075 3620 4126 contra
3644 4070 3800 4126 salu-

2154 4158 2367 4212 tarium
2424 4158 2799 4213 reverentiam
2859 4159 3194 4231 regularum
3241 4159 3551 4230 cupiamus
3576 4165 3797 4229 temere

2154 4246 2299 4300 nihil
2330 4246 2523 4312 licere,
2555 4250 2769 4301 etcum
2802 4248 2979 4304 Sedes
3026 4247 3342 4319 apostolica
3392 4249 3659 4321 superior
3708 4249 3799 4303 his

2151 4335 2446 4402 omnibus,
2483 4336 2707 4391 favente
2741 4337 3006 4404 Domino,
3041 4354 3167 4408 qua:
3190 4338 3449 4409 paternis
3472 4338 3798 4393 canonibus

2151 4429 2288 4477 sunt
2318 4425 2570 4495 prmlixa,
2612 4424 2727 4497 pio,
2764 4425 3085 4497 devetoque
3114 4427 3349 4482 studeat
3379 4432 3573 4482 tenere
3594 4444 3798 4499 prepo-

2150 4513 2258 4568 sito
2292 4513 2433 4569 satis
2464 4514 2774 4586 indignum
2807 4520 2895 4570 est
2926 4532 3278 4586 quemquem
3302 4515 3389 4570 vel
3422 4517 3791 4587 pontificum,

2148 4600 2234 4657 vel
2266 4603 2535 4657 ordinum
2563 4604 3052 4673 subsequentium
3076 4604 3226 4658 hanc
3254 4604 3686 4661 observantiam
3713 4622 3796 4660 re-

2148 4690 2354 4759 futare,
2387 4708 2561 4761 quam
2597 4692 2747 4745 beati
2778 4692 2929 4746 Petri
2962 4692 3159 4746 sedem
3191 4697 3247 4747 et
3279 4693 3443 4764 sequi
3477 4693 3689 4763 videat,
3737 4696 3793 4749 et

2148 4780 2350 4833 docere
2382 4781 2484 4848 (Ex
2505 4778 2643 4833 Julii
2680 4782 2728 4850 1,
2754 4780 2920 4852 epist.
2960 4782 3008 4852 1,
3028 4798 3077 4835 c.
3109 4783 3242 4845 laea
3265 4783 3531 4838 Gelasius
3554 4789 3786 4838 mutua-

2146 4872 2240 4922 tus
2270 4868 2396 4939 est),
2432 4869 2694 4941 satisque
2725 4870 3071 4925 convediens
3103 4870 3197 4939 sit,
3233 4875 3294 4925 ut
3326 4875 3514 4926 totum
3577 4888 3785 4943 corpus

2144 4955 2411 5013 Ecclesiae
2442 4958 2499 5012 in
2534 4958 2684 5013 hanc
2715 4958 2951 5014 sibimet
2980 4960 3443 5015 observationem
3477 4964 3787 5017 concordet

2144 5062 2321 5116 quam
2354 5046 2727 5119 illlicvirgerc
2741 5048 3187 5120 conspiciat,ubi
3210 5050 3491 5105 Dominus
3516 5050 3783 5107 Ecclesiae

2143 5136 2321 5190 totius
2344 5136 2539 5207 posuit
2569 5137 2993 5208 principatum.

2212 5252 2344 5307 CAP.
2406 5252 2590 5307 XCIX.
2622 5282 2690 5292 —-
2723 5254 2785 5307 Ut
2822 5270 2942 5310 quae
2988 5258 3196 5310 statuta
3245 5262 3371 5310 sunt
3419 5255 3575 5310 nullo
3620 5254 3782 5310 modo
