  <div class='ocr_page' id='page_1' title='image "/cluster/home/n/w/nwhite01/storage/ocr_20150623/134/hvd.32044015471741/024.png"; bbox 0 0 4030 5310; ppageno 0'>
   <div class='ocr_carea' id='block_1_1' title="bbox 250 316 3657 395">
    <p class='ocr_par' dir='ltr' id='par_1_1' title="bbox 250 316 3657 395">
     <span class='ocr_line' id='line_1_1' title="bbox 250 316 3657 395; baseline -0 -10"><span class='ocrx_word' id='word_1_1' title='bbox 250 321 321 385; x_wconf 80' lang='grc'><strong>53</strong></span> <span class='ocrx_word' id='word_1_2' title='bbox 1100 328 1201 391; x_wconf 81' lang='lat' dir='ltr'>DE</span> <span class='ocrx_word' id='word_1_3' title='bbox 1243 328 1680 395; x_wconf 81' lang='lat' dir='ltr'>PRESSURIS</span> <span class='ocrx_word' id='word_1_4' title='bbox 1724 329 2373 394; x_wconf 84' lang='lat' dir='ltr'>ECCLESIASTICIS.</span> <span class='ocrx_word' id='word_1_5' title='bbox 2405 364 2483 379; x_wconf 91' lang='lat'><strong>-</strong></span> <span class='ocrx_word' id='word_1_6' title='bbox 2514 332 2714 394; x_wconf 80' lang='lat' dir='ltr'>PARS</span> <span class='ocrx_word' id='word_1_7' title='bbox 2759 330 2809 393; x_wconf 88' lang='grc' dir='ltr'>Ι.</span> <span class='ocrx_word' id='word_1_8' title='bbox 3572 316 3657 385; x_wconf 74' lang='grc'>54</span> 
     </span>
    </p>
   </div>
   <div class='ocr_carea' id='block_1_2' title="bbox 249 455 3653 541">
    <p class='ocr_par' dir='ltr' id='par_1_2' title="bbox 249 455 3653 541">
     <span class='ocr_line' id='line_1_2' title="bbox 249 455 3653 541; baseline 0 -25"><span class='ocrx_word' id='word_1_9' title='bbox 249 455 525 527; x_wconf 82' lang='lat' dir='ltr'>convenit,</span> <span class='ocrx_word' id='word_1_10' title='bbox 560 457 981 530; x_wconf 79' lang='lat' dir='ltr'>perfectissime</span> <span class='ocrx_word' id='word_1_11' title='bbox 1026 460 1387 529; x_wconf 87' lang='lat' dir='ltr'>intruxisset,</span> <span class='ocrx_word' id='word_1_12' title='bbox 1442 466 1500 520; x_wconf 92' lang='lat' dir='ltr'>in</span> <span class='ocrx_word' id='word_1_13' title='bbox 1534 466 1646 521; x_wconf 89' lang='lat' dir='ltr'>ﬁne</span> <span class='ocrx_word' id='word_1_14' title='bbox 1688 466 1874 538; x_wconf 81' lang='lat' dir='ltr'>ipsius</span> <span class='ocrx_word' id='word_1_15' title='bbox 1906 474 1957 541; x_wconf 79' lang='grc' dir='ltr'><strong>Α</strong></span> <span class='ocrx_word' id='word_1_16' title='bbox 1997 471 2201 537; x_wconf 86' lang='lat' dir='ltr'>parent</span> <span class='ocrx_word' id='word_1_17' title='bbox 2231 483 2293 522; x_wconf 91' lang='lat' dir='ltr'>se</span> <span class='ocrx_word' id='word_1_18' title='bbox 2324 467 2441 535; x_wconf 86' lang='lat' dir='ltr'>isti,</span> <span class='ocrx_word' id='word_1_19' title='bbox 2491 468 2627 539; x_wconf 89' lang='lat' dir='ltr'>quia</span> <span class='ocrx_word' id='word_1_20' title='bbox 2655 481 2851 521; x_wconf 84' lang='lat' dir='ltr'>revera</span> <span class='ocrx_word' id='word_1_21' title='bbox 2893 464 3333 541; x_wconf 82' lang='lat' dir='ltr'>persequentur,</span> <span class='ocrx_word' id='word_1_22' title='bbox 3363 463 3420 517; x_wconf 90' lang='lat' dir='ltr'>et</span> <span class='ocrx_word' id='word_1_23' title='bbox 3448 468 3653 533; x_wconf 73' lang='lat' dir='ltr'>persc-</span> 
     </span>
    </p>
   </div>
   <div class='ocr_carea' id='block_1_3' title="bbox 248 547 3650 623">
    <p class='ocr_par' dir='ltr' id='par_1_3' title="bbox 248 547 3650 623">
     <span class='ocr_line' id='line_1_3' title="bbox 248 547 3650 623; baseline -0 -18"><span class='ocrx_word' id='word_1_24' title='bbox 248 547 530 605; x_wconf 84' lang='lat' dir='ltr'>sermonis</span> <span class='ocrx_word' id='word_1_25' title='bbox 565 548 807 604; x_wconf 79' lang='lat' dir='ltr'>dixerit:</span> <span class='ocrx_word' id='word_1_26' title='bbox 845 551 1033 606; x_wconf 83' lang='lat' dir='ltr'>Omnis</span> <span class='ocrx_word' id='word_1_27' title='bbox 1051 554 1151 623; x_wconf 97' lang='lat' dir='ltr'>qui</span> <span class='ocrx_word' id='word_1_28' title='bbox 1178 554 1334 608; x_wconf 83' lang='lat' dir='ltr'>audit</span> <span class='ocrx_word' id='word_1_29' title='bbox 1366 556 1526 609; x_wconf 89' lang='lat' dir='ltr'>verba</span> <span class='ocrx_word' id='word_1_30' title='bbox 1554 572 1675 609; x_wconf 88' lang='lat' dir='ltr'>mea</span> <span class='ocrx_word' id='word_1_31' title='bbox 1696 554 1813 611; x_wconf 62' lang='lat' dir='ltr'>haec</span> <span class='ocrx_word' id='word_1_32' title='bbox 1839 562 1890 611; x_wconf 89' lang='lat' dir='ltr'>et</span> <span class='ocrx_word' id='word_1_33' title='bbox 2000 560 2271 610; x_wconf 90' lang='lat' dir='ltr'>verantes</span> <span class='ocrx_word' id='word_1_34' title='bbox 2300 556 2361 621; x_wconf 85' lang='lat' dir='ltr'>in</span> <span class='ocrx_word' id='word_1_35' title='bbox 2395 557 2508 611; x_wconf 91' lang='lat' dir='ltr'>ﬁne</span> <span class='ocrx_word' id='word_1_36' title='bbox 2541 555 2784 611; x_wconf 80' lang='lat' dir='ltr'>feliciter</span> <span class='ocrx_word' id='word_1_37' title='bbox 2831 552 3283 608; x_wconf 83' lang='lat' dir='ltr'>coronabantur.</span> <span class='ocrx_word' id='word_1_38' title='bbox 3316 550 3482 605; x_wconf 88' lang='lat' dir='ltr'>Nullo</span> <span class='ocrx_word' id='word_1_39' title='bbox 3513 565 3650 621; x_wconf 90' lang='lat' dir='ltr'>ergo</span> 
     </span>
    </p>
   </div>
   <div class='ocr_carea' id='block_1_4' title="bbox 246 637 3644 716">
    <p class='ocr_par' dir='ltr' id='par_1_4' title="bbox 246 637 3644 716">
     <span class='ocr_line' id='line_1_4' title="bbox 246 637 3644 716; baseline 0.001 -25"><span class='ocrx_word' id='word_1_40' title='bbox 246 639 371 709; x_wconf 82' lang='lat' dir='ltr'>facit</span> <span class='ocrx_word' id='word_1_41' title='bbox 400 637 933 711; x_wconf 37' lang='lat' dir='ltr'>ca,‘assimilabitur</span> <span class='ocrx_word' id='word_1_42' title='bbox 960 643 1076 695; x_wconf 86' lang='lat' dir='ltr'>viro</span> <span class='ocrx_word' id='word_1_43' title='bbox 1122 644 1381 712; x_wconf 75' lang='lat' dir='ltr'>sapienti,</span> <span class='ocrx_word' id='word_1_44' title='bbox 1438 645 1538 714; x_wconf 89' lang='lat' dir='ltr'>qui</span> <span class='ocrx_word' id='word_1_45' title='bbox 1593 645 1892 713; x_wconf 55' lang='lat' dir='ltr'>.fedi/icavit</span> <span class='ocrx_word' id='word_1_46' title='bbox 1999 644 2057 698; x_wconf 93' lang='lat' dir='ltr'>in</span> <span class='ocrx_word' id='word_1_47' title='bbox 2091 650 2351 716; x_wconf 84' lang='lat' dir='ltr'>tempore</span> <span class='ocrx_word' id='word_1_48' title='bbox 2380 649 2591 700; x_wconf 66' lang='lat' dir='ltr'>sanctae</span> <span class='ocrx_word' id='word_1_49' title='bbox 2624 642 2891 699; x_wconf 60' lang='lat' dir='ltr'>Ecclesia</span> <span class='ocrx_word' id='word_1_50' title='bbox 2922 641 3149 697; x_wconf 83' lang='lat' dir='ltr'>deﬁciet</span> <span class='ocrx_word' id='word_1_51' title='bbox 3169 640 3644 705; x_wconf 82' lang='lat' dir='ltr'>fundamentum,</span> 
     </span>
    </p>
   </div>
   <div class='ocr_carea' id='block_1_5' title="bbox 246 727 3645 805">
    <p class='ocr_par' dir='ltr' id='par_1_5' title="bbox 246 727 3645 805">
     <span class='ocr_line' id='line_1_5' title="bbox 246 727 3645 805; baseline -0 -22"><span class='ocrx_word' id='word_1_52' title='bbox 246 728 455 783; x_wconf 84' lang='lat' dir='ltr'>domum</span> <span class='ocrx_word' id='word_1_53' title='bbox 482 742 642 781; x_wconf 88' lang='lat' dir='ltr'>suam</span> <span class='ocrx_word' id='word_1_54' title='bbox 671 742 834 797; x_wconf 84' lang='lat' dir='ltr'>supra</span> <span class='ocrx_word' id='word_1_55' title='bbox 876 740 1112 799; x_wconf 72' lang='lat' dir='ltr'>petram.</span> <span class='ocrx_word' id='word_1_56' title='bbox 1146 732 1430 787; x_wconf 77' lang='lat' dir='ltr'>Descendit</span> <span class='ocrx_word' id='word_1_57' title='bbox 1459 733 1677 805; x_wconf 78' lang='lat' dir='ltr'>pluvia,</span> <span class='ocrx_word' id='word_1_58' title='bbox 1708 743 1759 789; x_wconf 90' lang='lat' dir='ltr'>et</span> <span class='ocrx_word' id='word_1_59' title='bbox 1798 750 1891 789; x_wconf 86' lang='lat' dir='ltr'>ve-</span> <span class='ocrx_word' id='word_1_60' title='bbox 2000 734 2277 803; x_wconf 88' lang='lat' dir='ltr'>quotidie,</span> <span class='ocrx_word' id='word_1_61' title='bbox 2331 734 2446 789; x_wconf 91' lang='lat' dir='ltr'>Deo</span> <span class='ocrx_word' id='word_1_62' title='bbox 2486 734 2724 805; x_wconf 70' lang='lat' dir='ltr'>gratias,</span> <span class='ocrx_word' id='word_1_63' title='bbox 2776 731 2984 803; x_wconf 89' lang='lat' dir='ltr'>accipit</span> <span class='ocrx_word' id='word_1_64' title='bbox 3033 730 3482 784; x_wconf 82' lang='lat' dir='ltr'>incrementum.</span> <span class='ocrx_word' id='word_1_65' title='bbox 3532 727 3645 782; x_wconf 90' lang='lat' dir='ltr'>Nec</span> 
     </span>
    </p>
   </div>
   <div class='ocr_carea' id='block_1_6' title="bbox 246 814 3644 893">
    <p class='ocr_par' dir='ltr' id='par_1_6' title="bbox 246 814 3644 893">
     <span class='ocr_line' id='line_1_6' title="bbox 246 814 3644 893; baseline -0.001 -23"><span class='ocrx_word' id='word_1_66' title='bbox 246 823 444 871; x_wconf 75' lang='lat' dir='ltr'>nerunt</span> <span class='ocrx_word' id='word_1_67' title='bbox 469 816 726 884; x_wconf 83' lang='lat' dir='ltr'>ﬂumina,</span> <span class='ocrx_word' id='word_1_68' title='bbox 777 824 828 871; x_wconf 90' lang='lat' dir='ltr'>et</span> <span class='ocrx_word' id='word_1_69' title='bbox 856 819 1129 886; x_wconf 79' lang='lat' dir='ltr'>ﬂaverant</span> <span class='ocrx_word' id='word_1_70' title='bbox 1180 822 1349 889; x_wconf 88' lang='lat' dir='ltr'>venti,</span> <span class='ocrx_word' id='word_1_71' title='bbox 1411 831 1461 877; x_wconf 88' lang='lat' dir='ltr'>et</span> <span class='ocrx_word' id='word_1_72' title='bbox 1518 824 1801 878; x_wconf 80' lang='lat' dir='ltr'>irruerunt</span> <span class='ocrx_word' id='word_1_73' title='bbox 1833 825 1891 877; x_wconf 88' lang='lat' dir='ltr'>in</span> <span class='ocrx_word' id='word_1_74' title='bbox 2000 822 2244 877; x_wconf 90' lang='lat' dir='ltr'>deerunt</span> <span class='ocrx_word' id='word_1_75' title='bbox 2275 823 2325 877; x_wconf 88' lang='lat' dir='ltr'>ei</span> <span class='ocrx_word' id='word_1_76' title='bbox 2353 827 2769 893; x_wconf 64' lang='lat' dir='ltr'>persecutores,</span> <span class='ocrx_word' id='word_1_77' title='bbox 2804 820 3064 875; x_wconf 81' lang='lat' dir='ltr'>ﬁdelium</span> <span class='ocrx_word' id='word_1_78' title='bbox 3095 817 3359 872; x_wconf 85' lang='lat' dir='ltr'>videlicet</span> <span class='ocrx_word' id='word_1_79' title='bbox 3397 814 3644 872; x_wconf 77' lang='lat' dir='ltr'>saevissi-</span> 
     </span>
    </p>
   </div>
   <div class='ocr_carea' id='block_1_7' title="bbox 248 904 3649 983">
    <p class='ocr_par' dir='ltr' id='par_1_7' title="bbox 248 904 3649 983">
     <span class='ocr_line' id='line_1_7' title="bbox 248 904 3649 983; baseline -0 -23"><span class='ocrx_word' id='word_1_80' title='bbox 248 906 455 961; x_wconf 86' lang='lat' dir='ltr'>domum</span> <span class='ocrx_word' id='word_1_81' title='bbox 479 905 667 970; x_wconf 77' lang='lat' dir='ltr'>illam,</span> <span class='ocrx_word' id='word_1_82' title='bbox 720 908 906 961; x_wconf 87' lang='lat' dir='ltr'>etnon</span> <span class='ocrx_word' id='word_1_83' title='bbox 935 909 1132 964; x_wconf 76' lang='lat' dir='ltr'>cecidit</span> <span class='ocrx_word' id='word_1_84' title='bbox 1158 928 1175 964; x_wconf 88' lang='lat'><strong><em>:</em></strong></span> <span class='ocrx_word' id='word_1_85' title='bbox 1204 910 1437 980; x_wconf 78' lang='lat' dir='ltr'>fundata</span> <span class='ocrx_word' id='word_1_86' title='bbox 1475 912 1619 966; x_wconf 87' lang='lat' dir='ltr'>enim</span> <span class='ocrx_word' id='word_1_87' title='bbox 1651 916 1766 967; x_wconf 87' lang='lat' dir='ltr'>erat</span> <span class='ocrx_word' id='word_1_88' title='bbox 1797 929 1889 967; x_wconf 88' lang='lat' dir='ltr'>su-</span> <span class='ocrx_word' id='word_1_89' title='bbox 1999 911 2077 966; x_wconf 92' lang='lat' dir='ltr'>mi</span> <span class='ocrx_word' id='word_1_90' title='bbox 2112 911 2475 981; x_wconf 86' lang='lat' dir='ltr'>laceratores,</span> <span class='ocrx_word' id='word_1_91' title='bbox 2509 912 2607 983; x_wconf 88' lang='lat' dir='ltr'>qui</span> <span class='ocrx_word' id='word_1_92' title='bbox 2630 928 2727 967; x_wconf 90' lang='lat' dir='ltr'>eos</span> <span class='ocrx_word' id='word_1_93' title='bbox 2764 908 3125 982; x_wconf 88' lang='lat' dir='ltr'>postmultas</span> <span class='ocrx_word' id='word_1_94' title='bbox 3148 905 3554 961; x_wconf 88' lang='lat' dir='ltr'>tribulationes</span> <span class='ocrx_word' id='word_1_95' title='bbox 3576 904 3649 960; x_wconf 89' lang='lat' dir='ltr'>ad</span> 
     </span>
    </p>
   </div>
   <div class='ocr_carea' id='block_1_8' title="bbox 243 994 3646 1073">
    <p class='ocr_par' dir='ltr' id='par_1_8' title="bbox 243 994 3646 1073">
     <span class='ocr_line' id='line_1_8' title="bbox 243 994 3646 1073; baseline -0.001 -23"><span class='ocrx_word' id='word_1_96' title='bbox 243 1011 345 1067; x_wconf 86' lang='lat' dir='ltr'>pra</span> <span class='ocrx_word' id='word_1_97' title='bbox 382 997 601 1066; x_wconf 81' lang='lat' dir='ltr'>petram</span> <span class='ocrx_word' id='word_1_98' title='bbox 648 994 854 1063; x_wconf 76' lang='lat' dir='ltr'>(Matth.</span> <span class='ocrx_word' id='word_1_99' title='bbox 888 1014 988 1065; x_wconf 83' lang='lat' dir='ltr'>v11,</span> <span class='ocrx_word' id='word_1_100' title='bbox 1032 998 1146 1068; x_wconf 83' lang='grc'>24).</span> <span class='ocrx_word' id='word_1_101' title='bbox 1180 998 1282 1053; x_wconf 92' lang='lat' dir='ltr'>Vir</span> <span class='ocrx_word' id='word_1_102' title='bbox 1311 1000 1467 1055; x_wconf 87' lang='lat' dir='ltr'>enim</span> <span class='ocrx_word' id='word_1_103' title='bbox 1506 1000 1602 1056; x_wconf 91' lang='lat' dir='ltr'>ille</span> <span class='ocrx_word' id='word_1_104' title='bbox 1632 1002 1889 1073; x_wconf 85' lang='lat' dir='ltr'>sapiens,</span> <span class='ocrx_word' id='word_1_105' title='bbox 1999 1006 2271 1055; x_wconf 74' lang='lat' dir='ltr'>mternam</span> <span class='ocrx_word' id='word_1_106' title='bbox 2306 1001 2600 1071; x_wconf 85' lang='lat' dir='ltr'>pervenire</span> <span class='ocrx_word' id='word_1_107' title='bbox 2632 1000 2844 1055; x_wconf 82' lang='lat' dir='ltr'>faciant</span> <span class='ocrx_word' id='word_1_108' title='bbox 2874 997 3275 1053; x_wconf 78' lang='lat' dir='ltr'>felicissimam</span> <span class='ocrx_word' id='word_1_109' title='bbox 3308 1010 3646 1050; x_wconf 89' lang='lat' dir='ltr'>remunera-</span> 
     </span>
    </p>
   </div>
   <div class='ocr_carea' id='block_1_9' title="bbox 247 1080 3645 1159">
    <p class='ocr_par' dir='ltr' id='par_1_9' title="bbox 247 1080 3645 1159">
     <span class='ocr_line' id='line_1_9' title="bbox 247 1080 3645 1159; baseline 0 -22"><span class='ocrx_word' id='word_1_110' title='bbox 247 1083 361 1156; x_wconf 90' lang='lat' dir='ltr'>ipse</span> <span class='ocrx_word' id='word_1_111' title='bbox 392 1081 595 1155; x_wconf 91' lang='lat' dir='ltr'>procul</span> <span class='ocrx_word' id='word_1_112' title='bbox 626 1080 805 1138; x_wconf 88' lang='lat' dir='ltr'>dubio</span> <span class='ocrx_word' id='word_1_113' title='bbox 838 1088 927 1149; x_wconf 82' lang='lat' dir='ltr'>est</span> <span class='ocrx_word' id='word_1_114' title='bbox 957 1086 1026 1140; x_wconf 90' lang='lat' dir='ltr'>de</span> <span class='ocrx_word' id='word_1_115' title='bbox 1075 1104 1191 1157; x_wconf 92' lang='lat' dir='ltr'>quo</span> <span class='ocrx_word' id='word_1_116' title='bbox 1223 1093 1278 1143; x_wconf 92' lang='lat' dir='ltr'>et</span> <span class='ocrx_word' id='word_1_117' title='bbox 1319 1088 1526 1145; x_wconf 88' lang='lat' dir='ltr'>beatus</span> <span class='ocrx_word' id='word_1_118' title='bbox 1564 1090 1779 1146; x_wconf 86' lang='lat' dir='ltr'>Paulus</span> <span class='ocrx_word' id='word_1_119' title='bbox 1812 1089 1891 1145; x_wconf 87' lang='lat' dir='ltr'>ait</span> <span class='ocrx_word' id='word_1_120' title='bbox 1998 1090 2239 1144; x_wconf 89' lang='lat' dir='ltr'>tionem.</span> <span class='ocrx_word' id='word_1_121' title='bbox 2264 1090 2613 1159; x_wconf 84' lang='lat' dir='ltr'>Hujusmodi</span> <span class='ocrx_word' id='word_1_122' title='bbox 2637 1089 2811 1145; x_wconf 90' lang='lat' dir='ltr'>etiam</span> <span class='ocrx_word' id='word_1_123' title='bbox 2832 1088 3007 1142; x_wconf 90' lang='lat' dir='ltr'>verba</span> <span class='ocrx_word' id='word_1_124' title='bbox 3028 1086 3311 1141; x_wconf 83' lang='lat' dir='ltr'>Dominus</span> <span class='ocrx_word' id='word_1_125' title='bbox 3332 1083 3645 1155; x_wconf 83' lang='lat' dir='ltr'>explanare</span> 
     </span>
    </p>
   </div>
   <div class='ocr_carea' id='block_1_10' title="bbox 261 1171 3647 1251">
    <p class='ocr_par' dir='ltr' id='par_1_10' title="bbox 261 1171 3647 1251">
     <span class='ocr_line' id='line_1_10' title="bbox 261 1171 3647 1251; baseline 0 -24"><span class='ocrx_word' id='word_1_126' title='bbox 261 1171 588 1244; x_wconf 85' lang='lat' dir='ltr'>apostolus:</span> <span class='ocrx_word' id='word_1_127' title='bbox 653 1174 905 1230; x_wconf 80' lang='lat' dir='ltr'>Christus</span> <span class='ocrx_word' id='word_1_128' title='bbox 960 1175 1061 1229; x_wconf 84' lang='lat' dir='ltr'>Dei</span> <span class='ocrx_word' id='word_1_129' title='bbox 1114 1178 1314 1244; x_wconf 82' lang='lat' dir='ltr'>virtus,</span> <span class='ocrx_word' id='word_1_130' title='bbox 1375 1182 1429 1232; x_wconf 89' lang='lat' dir='ltr'>et</span> <span class='ocrx_word' id='word_1_131' title='bbox 1477 1180 1573 1233; x_wconf 87' lang='lat' dir='ltr'>Dei</span> <span class='ocrx_word' id='word_1_132' title='bbox 1617 1181 1887 1251; x_wconf 79' lang='lat' dir='ltr'>sapientia</span> <span class='ocrx_word' id='word_1_133' title='bbox 1998 1181 2244 1245; x_wconf 86' lang='lat' dir='ltr'>videtur,</span> <span class='ocrx_word' id='word_1_134' title='bbox 2299 1196 2431 1234; x_wconf 90' lang='lat' dir='ltr'>cum</span> <span class='ocrx_word' id='word_1_135' title='bbox 2483 1179 2563 1234; x_wconf 86' lang='lat' dir='ltr'>ait</span> <span class='ocrx_word' id='word_1_136' title='bbox 2613 1178 2927 1249; x_wconf 88' lang='lat' dir='ltr'>apostolis:</span> <span class='ocrx_word' id='word_1_137' title='bbox 2990 1178 3122 1231; x_wconf 85' lang='lat' dir='ltr'>Ecce</span> <span class='ocrx_word' id='word_1_138' title='bbox 3176 1177 3331 1230; x_wconf 83' lang='lat' dir='ltr'>mitto</span> <span class='ocrx_word' id='word_1_139' title='bbox 3388 1190 3477 1229; x_wconf 87' lang='lat' dir='ltr'>vos</span> <span class='ocrx_word' id='word_1_140' title='bbox 3506 1176 3647 1229; x_wconf 87' lang='lat' dir='ltr'>sicut</span> 
     </span>
    </p>
   </div>
   <div class='ocr_carea' id='block_1_11' title="bbox 248 1262 3643 1339">
    <p class='ocr_par' dir='ltr' id='par_1_11' title="bbox 248 1262 3643 1339">
     <span class='ocr_line' id='line_1_11' title="bbox 248 1262 3643 1339; baseline -0.001 -20"><span class='ocrx_word' id='word_1_141' title='bbox 248 1264 293 1335; x_wconf 88' lang='lat' dir='ltr'>(I</span> <span class='ocrx_word' id='word_1_142' title='bbox 316 1262 431 1318; x_wconf 86' lang='lat' dir='ltr'>Cor.</span> <span class='ocrx_word' id='word_1_143' title='bbox 467 1280 509 1331; x_wconf 83' lang='lat'>1,</span> <span class='ocrx_word' id='word_1_144' title='bbox 540 1264 670 1336; x_wconf 69' lang='lat'>24);</span> <span class='ocrx_word' id='word_1_145' title='bbox 704 1262 804 1334; x_wconf 89' lang='lat' dir='ltr'>qui</span> <span class='ocrx_word' id='word_1_146' title='bbox 836 1264 981 1318; x_wconf 90' lang='lat' dir='ltr'>bene</span> <span class='ocrx_word' id='word_1_147' title='bbox 1002 1264 1244 1319; x_wconf 88' lang='lat' dir='ltr'>domum</span> <span class='ocrx_word' id='word_1_148' title='bbox 1277 1284 1467 1333; x_wconf 89' lang='lat' dir='ltr'>suam,</span> <span class='ocrx_word' id='word_1_149' title='bbox 1502 1268 1557 1321; x_wconf 92' lang='lat' dir='ltr'>id</span> <span class='ocrx_word' id='word_1_150' title='bbox 1582 1273 1670 1323; x_wconf 88' lang='lat' dir='ltr'>est</span> <span class='ocrx_word' id='word_1_151' title='bbox 1698 1269 1885 1323; x_wconf 89' lang='lat' dir='ltr'>Eccle-</span> <span class='ocrx_word' id='word_1_152' title='bbox 1997 1285 2115 1324; x_wconf 81' lang='lat' dir='ltr'>oves</span> <span class='ocrx_word' id='word_1_153' title='bbox 2164 1272 2221 1321; x_wconf 84' lang='lat' dir='ltr'>in</span> <span class='ocrx_word' id='word_1_154' title='bbox 2252 1269 2429 1323; x_wconf 77' lang='lat' dir='ltr'>medio</span> <span class='ocrx_word' id='word_1_155' title='bbox 2456 1270 2713 1339; x_wconf 85' lang='lat' dir='ltr'>luporum</span> <span class='ocrx_word' id='word_1_156' title='bbox 2734 1287 2751 1320; x_wconf 90' lang='lat'>:</span> <span class='ocrx_word' id='word_1_157' title='bbox 2797 1270 2954 1322; x_wconf 88' lang='lat' dir='ltr'>estote</span> <span class='ocrx_word' id='word_1_158' title='bbox 3000 1282 3123 1336; x_wconf 87' lang='lat' dir='ltr'>ergo</span> <span class='ocrx_word' id='word_1_159' title='bbox 3167 1264 3459 1335; x_wconf 82' lang='lat' dir='ltr'>prudentes</span> <span class='ocrx_word' id='word_1_160' title='bbox 3504 1264 3643 1317; x_wconf 86' lang='lat' dir='ltr'>sicut</span> 
     </span>
    </p>
   </div>
   <div class='ocr_carea' id='block_1_12' title="bbox 245 1350 3644 1431">
    <p class='ocr_par' dir='ltr' id='par_1_12' title="bbox 245 1350 3644 1431">
     <span class='ocr_line' id='line_1_12' title="bbox 245 1350 3644 1431; baseline -0.001 -24"><span class='ocrx_word' id='word_1_161' title='bbox 245 1350 382 1407; x_wconf 84' lang='lat' dir='ltr'>siam</span> <span class='ocrx_word' id='word_1_162' title='bbox 411 1357 703 1422; x_wconf 87' lang='lat' dir='ltr'>sanctam,</span> <span class='ocrx_word' id='word_1_163' title='bbox 738 1354 807 1407; x_wconf 89' lang='lat' dir='ltr'>de</span> <span class='ocrx_word' id='word_1_164' title='bbox 858 1370 974 1431; x_wconf 85' lang='lat' dir='ltr'>qua</span> <span class='ocrx_word' id='word_1_165' title='bbox 1024 1353 1146 1424; x_wconf 92' lang='lat' dir='ltr'>ipse</span> <span class='ocrx_word' id='word_1_166' title='bbox 1195 1354 1333 1411; x_wconf 90' lang='lat' dir='ltr'>alibi</span> <span class='ocrx_word' id='word_1_167' title='bbox 1398 1358 1480 1411; x_wconf 89' lang='lat' dir='ltr'>ait</span> <span class='ocrx_word' id='word_1_168' title='bbox 1509 1374 1520 1411; x_wconf 91' lang='lat'>:</span> <span class='ocrx_word' id='word_1_169' title='bbox 1550 1359 1749 1412; x_wconf 89' lang='lat' dir='ltr'>Domus</span> <span class='ocrx_word' id='word_1_170' title='bbox 1771 1374 1892 1412; x_wconf 81' lang='lat' dir='ltr'>mea</span> <span class='ocrx_word' id='word_1_171' title='bbox 1997 1366 2292 1429; x_wconf 87' lang='lat' dir='ltr'>serpentes,</span> <span class='ocrx_word' id='word_1_172' title='bbox 2326 1365 2378 1412; x_wconf 89' lang='lat' dir='ltr'>et</span> <span class='ocrx_word' id='word_1_173' title='bbox 2405 1358 2678 1427; x_wconf 80' lang='lat' dir='ltr'>simplices</span> <span class='ocrx_word' id='word_1_174' title='bbox 2723 1359 2868 1412; x_wconf 88' lang='lat' dir='ltr'>sicut</span> <span class='ocrx_word' id='word_1_175' title='bbox 2896 1356 3157 1410; x_wconf 77' lang='lat' dir='ltr'>columbae</span> <span class='ocrx_word' id='word_1_176' title='bbox 3188 1354 3406 1424; x_wconf 87' lang='lat' dir='ltr'>(Matth.</span> <span class='ocrx_word' id='word_1_177' title='bbox 3443 1370 3499 1419; x_wconf 84' lang='lat' dir='ltr'>x,</span> <span class='ocrx_word' id='word_1_178' title='bbox 3534 1352 3644 1419; x_wconf 87' lang='lat'>16),</span> 
     </span>
    </p>
   </div>
   <div class='ocr_carea' id='block_1_13' title="bbox 247 1440 3644 1517">
    <p class='ocr_par' dir='ltr' id='par_1_13' title="bbox 247 1440 3644 1517">
     <span class='ocr_line' id='line_1_13' title="bbox 247 1440 3644 1517; baseline 0 -22"><span class='ocrx_word' id='word_1_179' title='bbox 247 1440 431 1495; x_wconf 86' lang='lat' dir='ltr'>domus</span> <span class='ocrx_word' id='word_1_180' title='bbox 463 1442 740 1497; x_wconf 82' lang='lat' dir='ltr'>orationis</span> <span class='ocrx_word' id='word_1_181' title='bbox 772 1442 1053 1497; x_wconf 84' lang='lat' dir='ltr'>vocabitur</span> <span class='ocrx_word' id='word_1_182' title='bbox 1093 1444 1246 1513; x_wconf 89' lang='lat' dir='ltr'>(Luc.</span> <span class='ocrx_word' id='word_1_183' title='bbox 1282 1462 1397 1511; x_wconf 74' lang='lat' dir='ltr'>xxx,</span> <span class='ocrx_word' id='word_1_184' title='bbox 1436 1446 1544 1516; x_wconf 75' lang='grc'>46),</span> <span class='ocrx_word' id='word_1_185' title='bbox 1580 1463 1756 1517; x_wconf 90' lang='lat' dir='ltr'>super</span> <span class='ocrx_word' id='word_1_186' title='bbox 1786 1463 1889 1517; x_wconf 84' lang='lat' dir='ltr'>pe-</span> <span class='ocrx_word' id='word_1_187' title='bbox 2000 1452 2109 1501; x_wconf 91' lang='lat' dir='ltr'>etc.</span> <span class='ocrx_word' id='word_1_188' title='bbox 2170 1446 2363 1516; x_wconf 90' lang='lat' dir='ltr'>Usque</span> <span class='ocrx_word' id='word_1_189' title='bbox 2423 1447 2494 1500; x_wconf 89' lang='lat' dir='ltr'>ad</span> <span class='ocrx_word' id='word_1_190' title='bbox 2557 1445 2701 1500; x_wconf 91' lang='lat' dir='ltr'>illud</span> <span class='ocrx_word' id='word_1_191' title='bbox 2736 1462 2747 1499; x_wconf 75' lang='grc' dir='ltr'>ε</span> <span class='ocrx_word' id='word_1_192' title='bbox 2827 1446 2932 1513; x_wconf 82' lang='lat' dir='ltr'>Qui</span> <span class='ocrx_word' id='word_1_193' title='bbox 2981 1448 3166 1498; x_wconf 86' lang='lat' dir='ltr'>autem</span> <span class='ocrx_word' id='word_1_194' title='bbox 3217 1442 3644 1513; x_wconf 84' lang='lat' dir='ltr'>perseveraverit</span> 
     </span>
    </p>
   </div>
   <div class='ocr_carea' id='block_1_14' title="bbox 246 1530 3641 1606">
    <p class='ocr_par' dir='ltr' id='par_1_14' title="bbox 246 1530 3641 1606">
     <span class='ocr_line' id='line_1_14' title="bbox 246 1530 3641 1606; baseline 0 -22"><span class='ocrx_word' id='word_1_195' title='bbox 246 1532 385 1585; x_wconf 89' lang='lat' dir='ltr'>tram</span> <span class='ocrx_word' id='word_1_196' title='bbox 426 1530 757 1595; x_wconf 66' lang='lat' dir='ltr'>mdiﬁcavit,</span> <span class='ocrx_word' id='word_1_197' title='bbox 809 1530 1032 1586; x_wconf 83' lang='lat' dir='ltr'>scilicet</span> <span class='ocrx_word' id='word_1_198' title='bbox 1081 1548 1263 1602; x_wconf 89' lang='lat' dir='ltr'>supra</span> <span class='ocrx_word' id='word_1_199' title='bbox 1302 1534 1705 1605; x_wconf 90' lang='lat' dir='ltr'>semetipsum,</span> <span class='ocrx_word' id='word_1_200' title='bbox 1738 1536 1891 1589; x_wconf 88' lang='lat' dir='ltr'>sicut</span> <span class='ocrx_word' id='word_1_201' title='bbox 1998 1552 2167 1606; x_wconf 87' lang='lat' dir='ltr'>usque</span> <span class='ocrx_word' id='word_1_202' title='bbox 2200 1536 2259 1589; x_wconf 81' lang='lat' dir='ltr'>in</span> <span class='ocrx_word' id='word_1_203' title='bbox 2315 1535 2498 1603; x_wconf 82' lang='lat' dir='ltr'>ﬁnem,</span> <span class='ocrx_word' id='word_1_204' title='bbox 2547 1536 2634 1589; x_wconf 83' lang='lat' dir='ltr'>hic</span> <span class='ocrx_word' id='word_1_205' title='bbox 2688 1535 2873 1589; x_wconf 85' lang='lat' dir='ltr'>salvus</span> <span class='ocrx_word' id='word_1_206' title='bbox 2926 1535 3028 1589; x_wconf 90' lang='lat' dir='ltr'>erit</span> <span class='ocrx_word' id='word_1_207' title='bbox 3088 1532 3307 1603; x_wconf 80' lang='lat' dir='ltr'>(Matth.</span> <span class='ocrx_word' id='word_1_208' title='bbox 3367 1548 3479 1600; x_wconf 81' lang='lat' dir='ltr'>XIV,</span> <span class='ocrx_word' id='word_1_209' title='bbox 3532 1530 3641 1601; x_wconf 89' lang='lat'>13).</span> 
     </span>
    </p>
   </div>
   <div class='ocr_carea' id='block_1_15' title="bbox 246 1617 3643 1691">
    <p class='ocr_par' dir='ltr' id='par_1_15' title="bbox 246 1617 3643 1691">
     <span class='ocr_line' id='line_1_15' title="bbox 246 1617 3643 1691; baseline -0.001 -18"><span class='ocrx_word' id='word_1_210' title='bbox 246 1621 295 1673; x_wconf 89' lang='lat' dir='ltr'>et</span> <span class='ocrx_word' id='word_1_211' title='bbox 325 1617 475 1675; x_wconf 89' lang='lat' dir='ltr'>idem</span> <span class='ocrx_word' id='word_1_212' title='bbox 519 1617 661 1673; x_wconf 90' lang='lat' dir='ltr'>dicit</span> <span class='ocrx_word' id='word_1_213' title='bbox 706 1618 1060 1690; x_wconf 84' lang='lat' dir='ltr'>Apostolus:</span> <span class='ocrx_word' id='word_1_214' title='bbox 1112 1624 1280 1676; x_wconf 87' lang='lat' dir='ltr'>Petra</span> <span class='ocrx_word' id='word_1_215' title='bbox 1326 1625 1511 1676; x_wconf 88' lang='lat' dir='ltr'>autem</span> <span class='ocrx_word' id='word_1_216' title='bbox 1557 1627 1677 1678; x_wconf 91' lang='lat' dir='ltr'>erat</span> <span class='ocrx_word' id='word_1_217' title='bbox 1729 1623 1889 1679; x_wconf 86' lang='lat' dir='ltr'>Chri-</span> <span class='ocrx_word' id='word_1_218' title='bbox 2000 1620 2043 1675; x_wconf 91' lang='lat' dir='ltr'>li</span> <span class='ocrx_word' id='word_1_219' title='bbox 2075 1620 2276 1691; x_wconf 86' lang='lat' dir='ltr'>procul</span> <span class='ocrx_word' id='word_1_220' title='bbox 2328 1621 2503 1675; x_wconf 90' lang='lat' dir='ltr'>dubio</span> <span class='ocrx_word' id='word_1_221' title='bbox 2561 1625 2726 1677; x_wconf 90' lang='lat' dir='ltr'>erant</span> <span class='ocrx_word' id='word_1_222' title='bbox 2766 1622 2978 1676; x_wconf 91' lang='lat' dir='ltr'>domus</span> <span class='ocrx_word' id='word_1_223' title='bbox 3037 1619 3157 1687; x_wconf 89' lang='lat' dir='ltr'>illa,</span> <span class='ocrx_word' id='word_1_224' title='bbox 3207 1617 3461 1674; x_wconf 85' lang='lat' dir='ltr'>Ecclesia</span> <span class='ocrx_word' id='word_1_225' title='bbox 3509 1617 3643 1689; x_wconf 88' lang='lat' dir='ltr'>qui-</span> 
     </span>
    </p>
   </div>
   <div class='ocr_carea' id='block_1_16' title="bbox 245 1706 3644 1780">
    <p class='ocr_par' dir='ltr' id='par_1_16' title="bbox 245 1706 3644 1780">
     <span class='ocr_line' id='line_1_16' title="bbox 245 1706 3644 1780; baseline -0 -18"><span class='ocrx_word' id='word_1_226' title='bbox 245 1714 348 1762; x_wconf 86' lang='lat' dir='ltr'>stus</span> <span class='ocrx_word' id='word_1_227' title='bbox 378 1708 424 1779; x_wconf 87' lang='lat' dir='ltr'>(l</span> <span class='ocrx_word' id='word_1_228' title='bbox 475 1706 603 1763; x_wconf 86' lang='lat' dir='ltr'>Cor.</span> <span class='ocrx_word' id='word_1_229' title='bbox 660 1725 718 1777; x_wconf 86' lang='lat' dir='ltr'>x,</span> <span class='ocrx_word' id='word_1_230' title='bbox 778 1707 851 1776; x_wconf 89' lang='lat'>1).</span> <span class='ocrx_word' id='word_1_231' title='bbox 888 1708 955 1762; x_wconf 90' lang='lat' dir='ltr'>Et</span> <span class='ocrx_word' id='word_1_232' title='bbox 1010 1708 1188 1765; x_wconf 87' lang='lat' dir='ltr'>alibi:</span> <span class='ocrx_word' id='word_1_233' title='bbox 1238 1712 1697 1767; x_wconf 85' lang='lat' dir='ltr'>Fundamentum</span> <span class='ocrx_word' id='word_1_234' title='bbox 1734 1712 1891 1767; x_wconf 86' lang='lat' dir='ltr'>aliud</span> <span class='ocrx_word' id='word_1_235' title='bbox 1999 1710 2153 1777; x_wconf 91' lang='lat' dir='ltr'>dem,</span> <span class='ocrx_word' id='word_1_236' title='bbox 2202 1727 2327 1780; x_wconf 67' lang='lat' dir='ltr'>quas</span> <span class='ocrx_word' id='word_1_237' title='bbox 2380 1709 2555 1765; x_wconf 84' lang='lat' dir='ltr'>variis</span> <span class='ocrx_word' id='word_1_238' title='bbox 2606 1709 3084 1765; x_wconf 85' lang='lat' dir='ltr'>ﬁuctuationibus</span> <span class='ocrx_word' id='word_1_239' title='bbox 3132 1714 3416 1765; x_wconf 82' lang='lat' dir='ltr'>eoncussa</span> <span class='ocrx_word' id='word_1_240' title='bbox 3463 1723 3644 1778; x_wconf 88' lang='lat' dir='ltr'>supra</span> 
     </span>
    </p>
   </div>
   <div class='ocr_carea' id='block_1_17' title="bbox 244 1796 3639 1871">
    <p class='ocr_par' dir='ltr' id='par_1_17' title="bbox 244 1796 3639 1871">
     <span class='ocr_line' id='line_1_17' title="bbox 244 1796 3639 1871; baseline 0 -22"><span class='ocrx_word' id='word_1_241' title='bbox 244 1812 394 1851; x_wconf 84' lang='lat' dir='ltr'>nemo</span> <span class='ocrx_word' id='word_1_242' title='bbox 420 1799 597 1867; x_wconf 85' lang='lat' dir='ltr'>potest</span> <span class='ocrx_word' id='word_1_243' title='bbox 638 1812 839 1867; x_wconf 87' lang='lat' dir='ltr'>ponere</span> <span class='ocrx_word' id='word_1_244' title='bbox 881 1800 1089 1867; x_wconf 70' lang='lat' dir='ltr'>praeter</span> <span class='ocrx_word' id='word_1_245' title='bbox 1119 1798 1261 1853; x_wconf 85' lang='lat' dir='ltr'>illud</span> <span class='ocrx_word' id='word_1_246' title='bbox 1314 1800 1452 1871; x_wconf 88' lang='lat' dir='ltr'>quod</span> <span class='ocrx_word' id='word_1_247' title='bbox 1497 1803 1739 1871; x_wconf 87' lang='lat' dir='ltr'>positum</span> <span class='ocrx_word' id='word_1_248' title='bbox 1786 1810 1886 1871; x_wconf 84' lang='lat' dir='ltr'>est,</span> <span class='ocrx_word' id='word_1_249' title='bbox 1918 1836 1964 1871; x_wconf 70' lang='grc' dir='ltr'><strong>ι)</strong></span> <span class='ocrx_word' id='word_1_250' title='bbox 2000 1806 2224 1871; x_wconf 87' lang='lat' dir='ltr'>petram</span> <span class='ocrx_word' id='word_1_251' title='bbox 2282 1804 2478 1855; x_wconf 90' lang='lat' dir='ltr'>tamen</span> <span class='ocrx_word' id='word_1_252' title='bbox 2547 1799 2851 1866; x_wconf 81' lang='lat' dir='ltr'>aediﬁcata,</span> <span class='ocrx_word' id='word_1_253' title='bbox 2902 1816 3019 1854; x_wconf 90' lang='lat' dir='ltr'>non</span> <span class='ocrx_word' id='word_1_254' title='bbox 3076 1802 3165 1853; x_wconf 86' lang='lat' dir='ltr'>est</span> <span class='ocrx_word' id='word_1_255' title='bbox 3222 1796 3476 1869; x_wconf 90' lang='lat' dir='ltr'>repulsa,</span> <span class='ocrx_word' id='word_1_256' title='bbox 3536 1796 3639 1851; x_wconf 92' lang='lat' dir='ltr'>sed</span> 
     </span>
    </p>
   </div>
   <div class='ocr_carea' id='block_1_18' title="bbox 246 1882 3640 1960">
    <p class='ocr_par' dir='ltr' id='par_1_18' title="bbox 246 1882 3640 1960">
     <span class='ocr_line' id='line_1_18' title="bbox 246 1882 3640 1960; baseline -0.001 -21"><span class='ocrx_word' id='word_1_257' title='bbox 246 1884 384 1954; x_wconf 82' lang='lat' dir='ltr'>quod</span> <span class='ocrx_word' id='word_1_258' title='bbox 407 1888 496 1939; x_wconf 87' lang='lat' dir='ltr'>est</span> <span class='ocrx_word' id='word_1_259' title='bbox 539 1885 786 1941; x_wconf 82' lang='lat' dir='ltr'>Christus</span> <span class='ocrx_word' id='word_1_260' title='bbox 832 1886 986 1941; x_wconf 88' lang='lat' dir='ltr'>Jesus</span> <span class='ocrx_word' id='word_1_261' title='bbox 1034 1886 1075 1957; x_wconf 90' lang='grc' dir='ltr'><strong>(ι</strong></span> <span class='ocrx_word' id='word_1_262' title='bbox 1128 1886 1273 1955; x_wconf 83' lang='lat' dir='ltr'>Cor.,</span> <span class='ocrx_word' id='word_1_263' title='bbox 1304 1906 1365 1943; x_wconf 92' lang='grc' dir='ltr'>ιιι</span> <span class='ocrx_word' id='word_1_264' title='bbox 1401 1890 1507 1955; x_wconf 90' lang='grc'>11).</span> <span class='ocrx_word' id='word_1_265' title='bbox 1551 1891 1740 1960; x_wconf 86' lang='lat' dir='ltr'>Hujus</span> <span class='ocrx_word' id='word_1_266' title='bbox 1786 1890 1888 1944; x_wconf 89' lang='lat' dir='ltr'>do-</span> <span class='ocrx_word' id='word_1_267' title='bbox 1918 1882 1966 1901; x_wconf 77' lang='lat'>”</span> <span class='ocrx_word' id='word_1_268' title='bbox 1997 1886 2057 1940; x_wconf 90' lang='lat' dir='ltr'>in</span> <span class='ocrx_word' id='word_1_269' title='bbox 2118 1886 2252 1941; x_wconf 88' lang='lat' dir='ltr'>ﬁdei</span> <span class='ocrx_word' id='word_1_270' title='bbox 2322 1887 2599 1957; x_wconf 85' lang='lat' dir='ltr'>perdurat</span> <span class='ocrx_word' id='word_1_271' title='bbox 2651 1887 2995 1943; x_wconf 86' lang='lat' dir='ltr'>constantia.</span> <span class='ocrx_word' id='word_1_272' title='bbox 3059 1887 3175 1941; x_wconf 87' lang='lat' dir='ltr'>Hoc</span> <span class='ocrx_word' id='word_1_273' title='bbox 3232 1902 3465 1957; x_wconf 91' lang='lat' dir='ltr'>quoque</span> <span class='ocrx_word' id='word_1_274' title='bbox 3527 1882 3640 1955; x_wconf 89' lang='lat' dir='ltr'>ipsi</span> 
     </span>
    </p>
   </div>
   <div class='ocr_carea' id='block_1_19' title="bbox 251 1972 3646 2048">
    <p class='ocr_par' dir='ltr' id='par_1_19' title="bbox 251 1972 3646 2048">
     <span class='ocr_line' id='line_1_19' title="bbox 251 1972 3646 2048; baseline -0 -21"><span class='ocrx_word' id='word_1_275' title='bbox 251 1989 372 2027; x_wconf 89' lang='lat' dir='ltr'>mus</span> <span class='ocrx_word' id='word_1_276' title='bbox 400 1988 714 2044; x_wconf 82' lang='lat' dir='ltr'>pressurae</span> <span class='ocrx_word' id='word_1_277' title='bbox 747 1973 898 2029; x_wconf 91' lang='lat' dir='ltr'>idem</span> <span class='ocrx_word' id='word_1_278' title='bbox 948 1974 1228 2031; x_wconf 91' lang='lat' dir='ltr'>Dominus</span> <span class='ocrx_word' id='word_1_279' title='bbox 1286 1977 1708 2048; x_wconf 82' lang='lat' dir='ltr'>praenuntians,</span> <span class='ocrx_word' id='word_1_280' title='bbox 1758 1995 1891 2034; x_wconf 82' lang='lat' dir='ltr'>mox</span> <span class='ocrx_word' id='word_1_281' title='bbox 2000 1975 2187 2031; x_wconf 88' lang='lat' dir='ltr'>sancti</span> <span class='ocrx_word' id='word_1_282' title='bbox 2231 1973 2505 2047; x_wconf 88' lang='lat' dir='ltr'>apostoli,</span> <span class='ocrx_word' id='word_1_283' title='bbox 2537 1976 2842 2046; x_wconf 76' lang='lat' dir='ltr'>caeterique</span> <span class='ocrx_word' id='word_1_284' title='bbox 2876 1980 3213 2031; x_wconf 88' lang='lat' dir='ltr'>sanctarum</span> <span class='ocrx_word' id='word_1_285' title='bbox 3254 1972 3646 2030; x_wconf 84' lang='lat' dir='ltr'>Ecclesiarum</span> 
     </span>
    </p>
   </div>
   <div class='ocr_carea' id='block_1_20' title="bbox 253 2062 3651 2137">
    <p class='ocr_par' dir='ltr' id='par_1_20' title="bbox 253 2062 3651 2137">
     <span class='ocr_line' id='line_1_20' title="bbox 253 2062 3651 2137; baseline -0 -21"><span class='ocrx_word' id='word_1_286' title='bbox 253 2062 491 2131; x_wconf 84' lang='lat' dir='ltr'>adjecit:</span> <span class='ocrx_word' id='word_1_287' title='bbox 571 2062 852 2117; x_wconf 73' lang='lat' dir='ltr'>Descendit</span> <span class='ocrx_word' id='word_1_288' title='bbox 924 2065 1143 2134; x_wconf 82' lang='lat' dir='ltr'>pluvia,</span> <span class='ocrx_word' id='word_1_289' title='bbox 1202 2069 1252 2119; x_wconf 91' lang='lat' dir='ltr'>et</span> <span class='ocrx_word' id='word_1_290' title='bbox 1308 2076 1576 2121; x_wconf 83' lang='lat' dir='ltr'>venerunt</span> <span class='ocrx_word' id='word_1_291' title='bbox 1633 2070 1888 2137; x_wconf 86' lang='lat' dir='ltr'>ﬂumina,</span> <span class='ocrx_word' id='word_1_292' title='bbox 2002 2065 2286 2133; x_wconf 85' lang='lat' dir='ltr'>doctores,</span> <span class='ocrx_word' id='word_1_293' title='bbox 2319 2063 2690 2119; x_wconf 90' lang='lat' dir='ltr'>Dominicum</span> <span class='ocrx_word' id='word_1_294' title='bbox 2716 2064 3085 2119; x_wconf 89' lang='lat' dir='ltr'>intendentes</span> <span class='ocrx_word' id='word_1_295' title='bbox 3108 2067 3481 2135; x_wconf 82' lang='lat' dir='ltr'>praeceptum,</span> <span class='ocrx_word' id='word_1_296' title='bbox 3513 2066 3651 2116; x_wconf 90' lang='lat' dir='ltr'>etse</span> 
     </span>
    </p>
   </div>
   <div class='ocr_carea' id='block_1_21' title="bbox 254 2149 3655 2224">
    <p class='ocr_par' dir='ltr' id='par_1_21' title="bbox 254 2149 3655 2224">
     <span class='ocr_line' id='line_1_21' title="bbox 254 2149 3655 2224; baseline -0 -19"><span class='ocrx_word' id='word_1_297' title='bbox 254 2156 295 2205; x_wconf 85' lang='lat' dir='ltr'>et</span> <span class='ocrx_word' id='word_1_298' title='bbox 341 2152 613 2220; x_wconf 77' lang='lat' dir='ltr'>ﬂeverunt</span> <span class='ocrx_word' id='word_1_299' title='bbox 642 2152 790 2206; x_wconf 85' lang='lat' dir='ltr'>venti</span> <span class='ocrx_word' id='word_1_300' title='bbox 837 2154 887 2207; x_wconf 87' lang='lat' dir='ltr'>et</span> <span class='ocrx_word' id='word_1_301' title='bbox 922 2154 1210 2207; x_wconf 82' lang='lat' dir='ltr'>irruerunt</span> <span class='ocrx_word' id='word_1_302' title='bbox 1260 2156 1320 2208; x_wconf 86' lang='lat' dir='ltr'>in</span> <span class='ocrx_word' id='word_1_303' title='bbox 1366 2155 1585 2209; x_wconf 75' lang='lat' dir='ltr'>domum</span> <span class='ocrx_word' id='word_1_304' title='bbox 1634 2157 1810 2223; x_wconf 90' lang='lat' dir='ltr'>illam,</span> <span class='ocrx_word' id='word_1_305' title='bbox 1841 2159 1893 2212; x_wconf 90' lang='lat' dir='ltr'>et</span> <span class='ocrx_word' id='word_1_306' title='bbox 2003 2154 2075 2208; x_wconf 90' lang='lat' dir='ltr'>ad</span> <span class='ocrx_word' id='word_1_307' title='bbox 2107 2150 2449 2224; x_wconf 84' lang='lat' dir='ltr'>passionum</span> <span class='ocrx_word' id='word_1_308' title='bbox 2503 2152 2867 2208; x_wconf 85' lang='lat' dir='ltr'>tolerantiam</span> <span class='ocrx_word' id='word_1_309' title='bbox 2921 2153 3344 2224; x_wconf 64' lang='lat' dir='ltr'>preeparabant,</span> <span class='ocrx_word' id='word_1_310' title='bbox 3399 2155 3454 2206; x_wconf 89' lang='lat' dir='ltr'>et</span> <span class='ocrx_word' id='word_1_311' title='bbox 3510 2149 3655 2206; x_wconf 88' lang='lat' dir='ltr'>alios</span> 
     </span>
    </p>
   </div>
   <div class='ocr_carea' id='block_1_22' title="bbox 259 2240 3653 2317">
    <p class='ocr_par' dir='ltr' id='par_1_22' title="bbox 259 2240 3653 2317">
     <span class='ocr_line' id='line_1_22' title="bbox 259 2240 3653 2317; baseline 0 -25"><span class='ocrx_word' id='word_1_312' title='bbox 259 2256 351 2295; x_wconf 82' lang='lat' dir='ltr'>non</span> <span class='ocrx_word' id='word_1_313' title='bbox 375 2240 612 2296; x_wconf 86' lang='lat' dir='ltr'>cecidit:</span> <span class='ocrx_word' id='word_1_314' title='bbox 643 2240 878 2310; x_wconf 80' lang='lat' dir='ltr'>fundata</span> <span class='ocrx_word' id='word_1_315' title='bbox 907 2243 1055 2295; x_wconf 86' lang='lat' dir='ltr'>enim</span> <span class='ocrx_word' id='word_1_316' title='bbox 1086 2247 1207 2297; x_wconf 86' lang='lat' dir='ltr'>erat</span> <span class='ocrx_word' id='word_1_317' title='bbox 1234 2260 1410 2314; x_wconf 82' lang='lat' dir='ltr'>supra</span> <span class='ocrx_word' id='word_1_318' title='bbox 1435 2250 1652 2314; x_wconf 84' lang='lat' dir='ltr'>petram</span> <span class='ocrx_word' id='word_1_319' title='bbox 1682 2247 1890 2317; x_wconf 80' lang='lat' dir='ltr'>(Matth.</span> <span class='ocrx_word' id='word_1_320' title='bbox 2002 2242 2477 2298; x_wconf 86' lang='lat' dir='ltr'>constantissime</span> <span class='ocrx_word' id='word_1_321' title='bbox 2529 2241 2873 2296; x_wconf 84' lang='lat' dir='ltr'>invitabant.</span> <span class='ocrx_word' id='word_1_322' title='bbox 2926 2242 3088 2312; x_wconf 91' lang='lat' dir='ltr'>Ipsos</span> <span class='ocrx_word' id='word_1_323' title='bbox 3149 2241 3326 2295; x_wconf 88' lang='lat' dir='ltr'>etiam</span> <span class='ocrx_word' id='word_1_324' title='bbox 3381 2255 3653 2310; x_wconf 89' lang='lat' dir='ltr'>persecu-</span> 
     </span>
    </p>
   </div>
   <div class='ocr_carea' id='block_1_23' title="bbox 256 2328 3660 2405">
    <p class='ocr_par' dir='ltr' id='par_1_23' title="bbox 256 2328 3660 2405">
     <span class='ocr_line' id='line_1_23' title="bbox 256 2328 3660 2405; baseline -0.001 -22"><span class='ocrx_word' id='word_1_325' title='bbox 256 2344 337 2395; x_wconf 85' lang='lat' dir='ltr'>vu,</span> <span class='ocrx_word' id='word_1_326' title='bbox 364 2330 474 2400; x_wconf 83' lang='lat'>25).</span> <span class='ocrx_word' id='word_1_327' title='bbox 515 2330 697 2399; x_wconf 83' lang='lat' dir='ltr'>Cujus</span> <span class='ocrx_word' id='word_1_328' title='bbox 745 2333 992 2385; x_wconf 90' lang='lat' dir='ltr'>ventura</span> <span class='ocrx_word' id='word_1_329' title='bbox 1039 2330 1193 2386; x_wconf 87' lang='lat' dir='ltr'>mala</span> <span class='ocrx_word' id='word_1_330' title='bbox 1244 2332 1372 2388; x_wconf 89' lang='lat' dir='ltr'>ideo</span> <span class='ocrx_word' id='word_1_331' title='bbox 1413 2333 1538 2404; x_wconf 91' lang='lat' dir='ltr'>ipse</span> <span class='ocrx_word' id='word_1_332' title='bbox 1582 2335 1893 2405; x_wconf 78' lang='lat' dir='ltr'>praedicere</span> <span class='ocrx_word' id='word_1_333' title='bbox 2002 2335 2156 2385; x_wconf 88' lang='lat' dir='ltr'>tores</span> <span class='ocrx_word' id='word_1_334' title='bbox 2196 2331 2455 2385; x_wconf 89' lang='lat' dir='ltr'>modeste</span> <span class='ocrx_word' id='word_1_335' title='bbox 2505 2330 2847 2403; x_wconf 84' lang='lat' dir='ltr'>arguebant,</span> <span class='ocrx_word' id='word_1_336' title='bbox 2887 2329 3231 2401; x_wconf 90' lang='lat' dir='ltr'>insipientes</span> <span class='ocrx_word' id='word_1_337' title='bbox 3262 2328 3568 2395; x_wconf 89' lang='lat' dir='ltr'>docebant,</span> <span class='ocrx_word' id='word_1_338' title='bbox 3602 2331 3660 2381; x_wconf 90' lang='lat' dir='ltr'>et</span> 
     </span>
    </p>
   </div>
   <div class='ocr_carea' id='block_1_24' title="bbox 251 2415 3653 2489">
    <p class='ocr_par' dir='ltr' id='par_1_24' title="bbox 251 2415 3653 2489">
     <span class='ocr_line' id='line_1_24' title="bbox 251 2415 3653 2489; baseline -0.001 -18"><span class='ocrx_word' id='word_1_339' title='bbox 251 2417 516 2489; x_wconf 87' lang='lat' dir='ltr'>dignatus</span> <span class='ocrx_word' id='word_1_340' title='bbox 547 2422 658 2489; x_wconf 91' lang='lat' dir='ltr'>est,</span> <span class='ocrx_word' id='word_1_341' title='bbox 683 2424 747 2472; x_wconf 86' lang='lat' dir='ltr'>ut</span> <span class='ocrx_word' id='word_1_342' title='bbox 778 2419 1010 2489; x_wconf 89' lang='lat' dir='ltr'>quando</span> <span class='ocrx_word' id='word_1_343' title='bbox 1045 2420 1392 2489; x_wconf 87' lang='lat' dir='ltr'>acciderent;</span> <span class='ocrx_word' id='word_1_344' title='bbox 1427 2426 1590 2478; x_wconf 89' lang='lat' dir='ltr'>tanto</span> <span class='ocrx_word' id='word_1_345' title='bbox 1620 2422 1804 2479; x_wconf 89' lang='lat' dir='ltr'>levius</span> <span class='ocrx_word' id='word_1_346' title='bbox 1828 2440 1895 2479; x_wconf 88' lang='lat' dir='ltr'>ea</span> <span class='ocrx_word' id='word_1_347' title='bbox 2003 2420 2280 2475; x_wconf 86' lang='lat' dir='ltr'>duritiam</span> <span class='ocrx_word' id='word_1_348' title='bbox 2312 2419 2503 2474; x_wconf 89' lang='lat' dir='ltr'>cordis</span> <span class='ocrx_word' id='word_1_349' title='bbox 2536 2436 2736 2473; x_wconf 90' lang='lat' dir='ltr'>eorum</span> <span class='ocrx_word' id='word_1_350' title='bbox 2781 2418 3158 2473; x_wconf 89' lang='lat' dir='ltr'>vehementer</span> <span class='ocrx_word' id='word_1_351' title='bbox 3187 2415 3653 2488; x_wconf 83' lang='lat' dir='ltr'>exprobrabant;</span> 
     </span>
    </p>
   </div>
   <div class='ocr_carea' id='block_1_25' title="bbox 244 2504 3662 2584">
    <p class='ocr_par' dir='ltr' id='par_1_25' title="bbox 244 2504 3662 2584">
     <span class='ocr_line' id='line_1_25' title="bbox 244 2504 3662 2584; baseline -0.001 -24"><span class='ocrx_word' id='word_1_352' title='bbox 244 2511 436 2562; x_wconf 89' lang='lat' dir='ltr'>sancta</span> <span class='ocrx_word' id='word_1_353' title='bbox 465 2506 732 2562; x_wconf 87' lang='lat' dir='ltr'>Ecclesia</span> <span class='ocrx_word' id='word_1_354' title='bbox 775 2507 968 2574; x_wconf 90' lang='lat' dir='ltr'>ferret,</span> <span class='ocrx_word' id='word_1_355' title='bbox 1003 2514 1221 2579; x_wconf 85' lang='lat' dir='ltr'>quanto</span> <span class='ocrx_word' id='word_1_356' title='bbox 1266 2510 1520 2582; x_wconf 85' lang='lat' dir='ltr'>amplius</span> <span class='ocrx_word' id='word_1_357' title='bbox 1582 2528 1648 2567; x_wconf 90' lang='lat' dir='ltr'>ea</span> <span class='ocrx_word' id='word_1_358' title='bbox 1680 2530 1893 2584; x_wconf 70' lang='lat' dir='ltr'>praeco-</span> <span class='ocrx_word' id='word_1_359' title='bbox 2007 2510 2158 2565; x_wconf 89' lang='lat' dir='ltr'>unde</span> <span class='ocrx_word' id='word_1_360' title='bbox 2190 2514 2255 2563; x_wconf 93' lang='lat' dir='ltr'>ut</span> <span class='ocrx_word' id='word_1_361' title='bbox 2285 2510 2571 2579; x_wconf 86' lang='lat' dir='ltr'>quosdam</span> <span class='ocrx_word' id='word_1_362' title='bbox 2605 2509 2868 2579; x_wconf 90' lang='lat' dir='ltr'>ipsorum</span> <span class='ocrx_word' id='word_1_363' title='bbox 2900 2507 3215 2577; x_wconf 88' lang='lat' dir='ltr'>aliquando</span> <span class='ocrx_word' id='word_1_364' title='bbox 3247 2523 3279 2561; x_wconf 89' lang='lat' dir='ltr'>a</span> <span class='ocrx_word' id='word_1_365' title='bbox 3308 2504 3662 2576; x_wconf 85' lang='lat' dir='ltr'>perversita-</span> 
     </span>
    </p>
   </div>
   <div class='ocr_carea' id='block_1_26' title="bbox 2004 2594 3659 2669">
    <p class='ocr_par' dir='ltr' id='par_1_26' title="bbox 2004 2594 3659 2669">
     <span class='ocr_line' id='line_1_26' title="bbox 2004 2594 3659 2669; baseline -0.004 -16"><span class='ocrx_word' id='word_1_366' title='bbox 2004 2598 2159 2653; x_wconf 90' lang='lat' dir='ltr'>libus</span> <span class='ocrx_word' id='word_1_367' title='bbox 2190 2597 2535 2653; x_wconf 82' lang='lat' dir='ltr'>mirabiliter</span> <span class='ocrx_word' id='word_1_368' title='bbox 2565 2596 2951 2669; x_wconf 88' lang='lat' dir='ltr'>corrigebant,</span> <span class='ocrx_word' id='word_1_369' title='bbox 2975 2597 3261 2667; x_wconf 87' lang='lat' dir='ltr'>quosdam</span> <span class='ocrx_word' id='word_1_370' title='bbox 3292 2610 3424 2649; x_wconf 91' lang='lat' dir='ltr'>vero</span> <span class='ocrx_word' id='word_1_371' title='bbox 3457 2594 3659 2649; x_wconf 89' lang='lat' dir='ltr'>adver-</span> 
     </span>
    </p>
   </div>
   <div class='ocr_carea' id='block_1_27' title="bbox 2005 2682 3660 2757">
    <p class='ocr_par' dir='ltr' id='par_1_27' title="bbox 2005 2682 3660 2757">
     <span class='ocr_line' id='line_1_27' title="bbox 2005 2682 3660 2757; baseline -0.004 -15"><span class='ocrx_word' id='word_1_372' title='bbox 2005 2704 2134 2742; x_wconf 89' lang='lat' dir='ltr'>sum</span> <span class='ocrx_word' id='word_1_373' title='bbox 2163 2704 2224 2743; x_wconf 89' lang='lat' dir='ltr'>se</span> <span class='ocrx_word' id='word_1_374' title='bbox 2257 2688 2449 2757; x_wconf 85' lang='lat' dir='ltr'>potius</span> <span class='ocrx_word' id='word_1_375' title='bbox 2501 2686 2829 2741; x_wconf 86' lang='lat' dir='ltr'>irritabant.</span> <span class='ocrx_word' id='word_1_376' title='bbox 2883 2686 3044 2750; x_wconf 85' lang='lat' dir='ltr'>Quod</span> <span class='ocrx_word' id='word_1_377' title='bbox 3078 2688 3133 2739; x_wconf 90' lang='lat' dir='ltr'>et</span> <span class='ocrx_word' id='word_1_378' title='bbox 3173 2683 3343 2738; x_wconf 88' lang='lat' dir='ltr'>hodie</span> <span class='ocrx_word' id='word_1_379' title='bbox 3376 2682 3570 2755; x_wconf 88' lang='lat' dir='ltr'>agitur</span> <span class='ocrx_word' id='word_1_380' title='bbox 3600 2682 3660 2736; x_wconf 94' lang='lat' dir='ltr'>in</span> 
     </span>
    </p>
   </div>
   <div class='ocr_carea' id='block_1_28' title="bbox 2005 2771 3662 2844">
    <p class='ocr_par' dir='ltr' id='par_1_28' title="bbox 2005 2771 3662 2844">
     <span class='ocr_line' id='line_1_28' title="bbox 2005 2771 3662 2844; baseline -0.004 -13"><span class='ocrx_word' id='word_1_381' title='bbox 2005 2781 2208 2832; x_wconf 88' lang='lat' dir='ltr'>sancta</span> <span class='ocrx_word' id='word_1_382' title='bbox 2239 2774 2515 2844; x_wconf 85' lang='lat' dir='ltr'>Ecclesia,</span> <span class='ocrx_word' id='word_1_383' title='bbox 2552 2779 2615 2829; x_wconf 89' lang='lat' dir='ltr'>ut</span> <span class='ocrx_word' id='word_1_384' title='bbox 2644 2776 2783 2831; x_wconf 91' lang='lat' dir='ltr'>dum</span> <span class='ocrx_word' id='word_1_385' title='bbox 2811 2774 3098 2829; x_wconf 86' lang='lat' dir='ltr'>malorum</span> <span class='ocrx_word' id='word_1_386' title='bbox 3133 2790 3167 2827; x_wconf 89' lang='lat' dir='ltr'>a</span> <span class='ocrx_word' id='word_1_387' title='bbox 3198 2771 3519 2828; x_wconf 91' lang='lat' dir='ltr'>rectoribus</span> <span class='ocrx_word' id='word_1_388' title='bbox 3541 2787 3662 2825; x_wconf 93' lang='lat' dir='ltr'>cor-</span> 
     </span>
    </p>
   </div>
   <div class='ocr_carea' id='block_1_29' title="bbox 2007 2864 3663 2935">
    <p class='ocr_par' dir='ltr' id='par_1_29' title="bbox 2007 2864 3663 2935">
     <span class='ocr_line' id='line_1_29' title="bbox 2007 2864 3663 2935; baseline -0.003 -17"><span class='ocrx_word' id='word_1_389' title='bbox 2007 2864 2301 2935; x_wconf 90' lang='lat' dir='ltr'>ripiuntur</span> <span class='ocrx_word' id='word_1_390' title='bbox 2358 2880 2573 2929; x_wconf 90' lang='lat' dir='ltr'>mores,</span> <span class='ocrx_word' id='word_1_391' title='bbox 2628 2864 2740 2935; x_wconf 89' lang='lat' dir='ltr'>ipsi</span> <span class='ocrx_word' id='word_1_392' title='bbox 2773 2880 3005 2934; x_wconf 89' lang='lat' dir='ltr'>quoque</span> <span class='ocrx_word' id='word_1_393' title='bbox 3058 2879 3197 2917; x_wconf 89' lang='lat' dir='ltr'>suos</span> <span class='ocrx_word' id='word_1_394' title='bbox 3228 2864 3663 2933; x_wconf 89' lang='lat' dir='ltr'>persequuntur</span> 
     </span>
    </p>
   </div>
   <div class='ocr_carea' id='block_1_30' title="bbox 242 2594 1892 2672">
    <p class='ocr_par' dir='ltr' id='par_1_30' title="bbox 242 2594 1892 2672">
     <span class='ocr_line' id='line_1_30' title="bbox 242 2594 1892 2672; baseline 0.004 -24"><span class='ocrx_word' id='word_1_395' title='bbox 242 2594 393 2663; x_wconf 84' lang='lat' dir='ltr'>gnita</span> <span class='ocrx_word' id='word_1_396' title='bbox 424 2595 695 2651; x_wconf 86' lang='lat' dir='ltr'>haberet.</span> <span class='ocrx_word' id='word_1_397' title='bbox 727 2597 989 2651; x_wconf 84' lang='lat' dir='ltr'>Armav1t</span> <span class='ocrx_word' id='word_1_398' title='bbox 1020 2598 1237 2670; x_wconf 90' lang='lat' dir='ltr'>quippe</span> <span class='ocrx_word' id='word_1_399' title='bbox 1276 2616 1404 2655; x_wconf 89' lang='lat' dir='ltr'>eam</span> <span class='ocrx_word' id='word_1_400' title='bbox 1438 2600 1637 2672; x_wconf 87' lang='lat' dir='ltr'>clypeo</span> <span class='ocrx_word' id='word_1_401' title='bbox 1668 2601 1892 2671; x_wconf 88' lang='lat' dir='ltr'>patien-</span> 
     </span>
    </p>
   </div>
   <div class='ocr_carea' id='block_1_31' title="bbox 240 2682 1890 2761">
    <p class='ocr_par' dir='ltr' id='par_1_31' title="bbox 240 2682 1890 2761">
     <span class='ocr_line' id='line_1_31' title="bbox 240 2682 1890 2761; baseline 0.007 -26"><span class='ocrx_word' id='word_1_402' title='bbox 240 2682 348 2754; x_wconf 72' lang='lat' dir='ltr'>tiae,</span> <span class='ocrx_word' id='word_1_403' title='bbox 385 2683 674 2755; x_wconf 89' lang='lat' dir='ltr'>quoniam</span> <span class='ocrx_word' id='word_1_404' title='bbox 710 2683 894 2741; x_wconf 90' lang='lat' dir='ltr'>levius</span> <span class='ocrx_word' id='word_1_405' title='bbox 923 2691 1174 2758; x_wconf 87' lang='lat' dir='ltr'>possunt</span> <span class='ocrx_word' id='word_1_406' title='bbox 1223 2688 1358 2743; x_wconf 87' lang='lat' dir='ltr'>ferri</span> <span class='ocrx_word' id='word_1_407' title='bbox 1406 2689 1561 2745; x_wconf 81' lang='lat' dir='ltr'>mala</span> <span class='ocrx_word' id='word_1_408' title='bbox 1606 2690 1890 2761; x_wconf 83' lang='lat' dir='ltr'>praescita,</span> 
     </span>
    </p>
   </div>
   <div class='ocr_carea' id='block_1_32' title="bbox 239 2774 1897 2846">
    <p class='ocr_par' dir='ltr' id='par_1_32' title="bbox 239 2774 1897 2846">
     <span class='ocr_line' id='line_1_32' title="bbox 239 2774 1897 2846; baseline 0.005 -20"><span class='ocrx_word' id='word_1_409' title='bbox 239 2788 413 2842; x_wconf 90' lang='lat' dir='ltr'>quam</span> <span class='ocrx_word' id='word_1_410' title='bbox 448 2789 521 2828; x_wconf 89' lang='lat' dir='ltr'>ea</span> <span class='ocrx_word' id='word_1_411' title='bbox 539 2774 899 2844; x_wconf 66' lang='lat' dir='ltr'>quassabile,</span> <span class='ocrx_word' id='word_1_412' title='bbox 918 2778 975 2829; x_wconf 91' lang='lat' dir='ltr'>et</span> <span class='ocrx_word' id='word_1_413' title='bbox 994 2775 1313 2846; x_wconf 88' lang='lat' dir='ltr'>improvisa</span> <span class='ocrx_word' id='word_1_414' title='bbox 1341 2778 1646 2845; x_wconf 87' lang='lat' dir='ltr'>eveniunt;</span> <span class='ocrx_word' id='word_1_415' title='bbox 1676 2780 1897 2834; x_wconf 91' lang='lat' dir='ltr'>undeet</span> 
     </span>
    </p>
   </div>
   <div class='ocr_carea' id='block_1_33' title="bbox 234 2860 1895 2933">
    <p class='ocr_par' dir='ltr' id='par_1_33' title="bbox 234 2860 1895 2933">
     <span class='ocr_line' id='line_1_33' title="bbox 234 2860 1895 2933; baseline 0.004 -18"><span class='ocrx_word' id='word_1_416' title='bbox 234 2860 527 2916; x_wconf 89' lang='lat' dir='ltr'>Dominus</span> <span class='ocrx_word' id='word_1_417' title='bbox 560 2862 699 2917; x_wconf 88' lang='lat' dir='ltr'>alibi</span> <span class='ocrx_word' id='word_1_418' title='bbox 730 2881 742 2917; x_wconf 87' lang='lat'>:</span> <span class='ocrx_word' id='word_1_419' title='bbox 779 2868 892 2919; x_wconf 86' lang='lat' dir='ltr'>Hoc</span> <span class='ocrx_word' id='word_1_420' title='bbox 925 2864 1134 2919; x_wconf 89' lang='lat' dir='ltr'>locutus</span> <span class='ocrx_word' id='word_1_421' title='bbox 1175 2881 1299 2919; x_wconf 83' lang='lat' dir='ltr'>sum</span> <span class='ocrx_word' id='word_1_422' title='bbox 1346 2866 1513 2933; x_wconf 80' lang='lat' dir='ltr'>vobis,</span> <span class='ocrx_word' id='word_1_423' title='bbox 1551 2876 1607 2921; x_wconf 87' lang='lat' dir='ltr'>ut</span> <span class='ocrx_word' id='word_1_424' title='bbox 1654 2884 1779 2921; x_wconf 89' lang='lat' dir='ltr'>cum</span> <span class='ocrx_word' id='word_1_425' title='bbox 1809 2884 1895 2921; x_wconf 89' lang='lat' dir='ltr'>vc-</span> 
     </span>
    </p>
   </div>
   <div class='ocr_carea' id='block_1_34' title="bbox 231 2949 3659 3024">
    <p class='ocr_par' dir='ltr' id='par_1_34' title="bbox 231 2949 3659 3024">
     <span class='ocr_line' id='line_1_34' title="bbox 231 2949 3659 3024; baseline -0 -20"><span class='ocrx_word' id='word_1_426' title='bbox 231 2952 377 3005; x_wconf 81' lang='lat' dir='ltr'>nerit</span> <span class='ocrx_word' id='word_1_427' title='bbox 410 2950 570 3018; x_wconf 86' lang='lat' dir='ltr'>hora,</span> <span class='ocrx_word' id='word_1_428' title='bbox 604 2966 798 3005; x_wconf 87' lang='lat' dir='ltr'>eorum</span> <span class='ocrx_word' id='word_1_429' title='bbox 851 2954 1316 3019; x_wconf 84' lang='lat' dir='ltr'>reminiscamini,</span> <span class='ocrx_word' id='word_1_430' title='bbox 1351 2956 1486 3024; x_wconf 84' lang='lat' dir='ltr'>quia</span> <span class='ocrx_word' id='word_1_431' title='bbox 1537 2970 1630 3023; x_wconf 87' lang='lat' dir='ltr'>ego</span> <span class='ocrx_word' id='word_1_432' title='bbox 1659 2954 1783 3007; x_wconf 63' lang='lat' dir='ltr'>dinei</span> <span class='ocrx_word' id='word_1_433' title='bbox 1809 2971 1899 3009; x_wconf 84' lang='lat' dir='ltr'>vo~</span> <span class='ocrx_word' id='word_1_434' title='bbox 2009 2954 2294 3018; x_wconf 86' lang='lat' dir='ltr'>doctores,</span> <span class='ocrx_word' id='word_1_435' title='bbox 2328 2958 2385 3007; x_wconf 89' lang='lat' dir='ltr'>ct</span> <span class='ocrx_word' id='word_1_436' title='bbox 2418 2957 2479 3006; x_wconf 90' lang='lat' dir='ltr'>ut</span> <span class='ocrx_word' id='word_1_437' title='bbox 2511 2952 2972 3007; x_wconf 88' lang='lat' dir='ltr'>ecclesiasticam</span> <span class='ocrx_word' id='word_1_438' title='bbox 2995 2950 3228 3007; x_wconf 86' lang='lat' dir='ltr'>valeant</span> <span class='ocrx_word' id='word_1_439' title='bbox 3257 2950 3509 3021; x_wconf 83' lang='lat' dir='ltr'>effugere</span> <span class='ocrx_word' id='word_1_440' title='bbox 3540 2949 3659 3004; x_wconf 90' lang='lat' dir='ltr'>dis-</span> 
     </span>
    </p>
   </div>
   <div class='ocr_carea' id='block_1_35' title="bbox 229 3037 3660 3112">
    <p class='ocr_par' dir='ltr' id='par_1_35' title="bbox 229 3037 3660 3112">
     <span class='ocr_line' id='line_1_35' title="bbox 229 3037 3660 3112; baseline 0 -21"><span class='ocrx_word' id='word_1_441' title='bbox 229 3039 307 3092; x_wconf 86' lang='lat' dir='ltr'>bis</span> <span class='ocrx_word' id='word_1_442' title='bbox 344 3039 533 3107; x_wconf 87' lang='lat' dir='ltr'>(Joan.</span> <span class='ocrx_word' id='word_1_443' title='bbox 565 3054 682 3102; x_wconf 74' lang='lat' dir='ltr'>xvr,</span> <span class='ocrx_word' id='word_1_444' title='bbox 719 3038 792 3107; x_wconf 82' lang='grc'>4).</span> <span class='ocrx_word' id='word_1_445' title='bbox 827 3037 957 3091; x_wconf 69' lang='lat' dir='ltr'>Haec</span> <span class='ocrx_word' id='word_1_446' title='bbox 988 3038 1184 3109; x_wconf 89' lang='lat' dir='ltr'>itaque</span> <span class='ocrx_word' id='word_1_447' title='bbox 1216 3040 1427 3095; x_wconf 91' lang='lat' dir='ltr'>domus</span> <span class='ocrx_word' id='word_1_448' title='bbox 1460 3058 1573 3095; x_wconf 92' lang='lat' dir='ltr'>non</span> <span class='ocrx_word' id='word_1_449' title='bbox 1626 3058 1693 3095; x_wconf 89' lang='lat' dir='ltr'>ex</span> <span class='ocrx_word' id='word_1_450' title='bbox 1724 3042 1903 3112; x_wconf 84' lang='lat' dir='ltr'>parie-</span> <span class='ocrx_word' id='word_1_451' title='bbox 2011 3039 2285 3109; x_wconf 87' lang='lat' dir='ltr'>ciplinam</span> <span class='ocrx_word' id='word_1_452' title='bbox 2336 3043 2658 3108; x_wconf 88' lang='lat' dir='ltr'>[pastorum</span> <span class='ocrx_word' id='word_1_453' title='bbox 2691 3057 2805 3095; x_wconf 92' lang='lat' dir='ltr'>non</span> <span class='ocrx_word' id='word_1_454' title='bbox 2840 3044 3111 3094; x_wconf 90' lang='lat' dir='ltr'>metuunt</span> <span class='ocrx_word' id='word_1_455' title='bbox 3142 3039 3426 3094; x_wconf 78' lang='lat' dir='ltr'>infamare</span> <span class='ocrx_word' id='word_1_456' title='bbox 3453 3038 3660 3093; x_wconf 88' lang='lat' dir='ltr'>vitam.</span> 
     </span>
    </p>
   </div>
   <div class='ocr_carea' id='block_1_36' title="bbox 231 3124 3663 3201">
    <p class='ocr_par' dir='ltr' id='par_1_36' title="bbox 231 3124 3663 3201">
     <span class='ocr_line' id='line_1_36' title="bbox 231 3124 3663 3201; baseline 0 -20"><span class='ocrx_word' id='word_1_457' title='bbox 231 3126 401 3181; x_wconf 88' lang='lat' dir='ltr'>tibus</span> <span class='ocrx_word' id='word_1_458' title='bbox 436 3124 816 3189; x_wconf 87' lang='lat' dir='ltr'>manufactis,</span> <span class='ocrx_word' id='word_1_459' title='bbox 849 3126 951 3180; x_wconf 91' lang='lat' dir='ltr'>sed</span> <span class='ocrx_word' id='word_1_460' title='bbox 984 3142 1052 3180; x_wconf 87' lang='lat' dir='ltr'>ex</span> <span class='ocrx_word' id='word_1_461' title='bbox 1093 3126 1237 3182; x_wconf 89' lang='lat' dir='ltr'>vivis</span> <span class='ocrx_word' id='word_1_462' title='bbox 1270 3132 1325 3182; x_wconf 88' lang='lat' dir='ltr'>et</span> <span class='ocrx_word' id='word_1_463' title='bbox 1355 3127 1551 3183; x_wconf 85' lang='lat' dir='ltr'>electis</span> <span class='ocrx_word' id='word_1_464' title='bbox 1582 3128 1896 3201; x_wconf 86' lang='lat' dir='ltr'>lapidibus,</span> <span class='ocrx_word' id='word_1_465' title='bbox 1944 3199 1969 3201; x_wconf 16' lang='grc' dir='ltr'><em>,ν</em></span> <span class='ocrx_word' id='word_1_466' title='bbox 2014 3127 2123 3182; x_wconf 90' lang='lat' dir='ltr'>Sed</span> <span class='ocrx_word' id='word_1_467' title='bbox 2156 3126 2264 3180; x_wconf 94' lang='lat' dir='ltr'>hoc</span> <span class='ocrx_word' id='word_1_468' title='bbox 2292 3127 2477 3180; x_wconf 89' lang='lat' dir='ltr'>sancti</span> <span class='ocrx_word' id='word_1_469' title='bbox 2510 3130 2710 3181; x_wconf 88' lang='lat' dir='ltr'>Patres</span> <span class='ocrx_word' id='word_1_470' title='bbox 2756 3126 3156 3197; x_wconf 86' lang='lat' dir='ltr'>sagacissime]</span> <span class='ocrx_word' id='word_1_471' title='bbox 3204 3127 3663 3193; x_wconf 89' lang='lat' dir='ltr'>considerantes,</span> 
     </span>
    </p>
   </div>
   <div class='ocr_carea' id='block_1_37' title="bbox 230 3199 3664 3287">
    <p class='ocr_par' dir='ltr' id='par_1_37' title="bbox 230 3199 3664 3287">
     <span class='ocr_line' id='line_1_37' title="bbox 230 3199 3664 3287; baseline 0 -19"><span class='ocrx_word' id='word_1_472' title='bbox 230 3215 285 3269; x_wconf 92' lang='lat' dir='ltr'>id</span> <span class='ocrx_word' id='word_1_473' title='bbox 319 3216 438 3280; x_wconf 89' lang='lat' dir='ltr'>est,</span> <span class='ocrx_word' id='word_1_474' title='bbox 484 3219 821 3269; x_wconf 84' lang='lat' dir='ltr'>sanctorum</span> <span class='ocrx_word' id='word_1_475' title='bbox 874 3214 1122 3269; x_wconf 86' lang='lat' dir='ltr'>coetibus</span> <span class='ocrx_word' id='word_1_476' title='bbox 1170 3215 1602 3287; x_wconf 89' lang='lat' dir='ltr'>elegantissime</span> <span class='ocrx_word' id='word_1_477' title='bbox 1643 3199 1894 3274; x_wconf 78' lang='lat' dir='ltr'>constat.</span> <span class='ocrx_word' id='word_1_478' title='bbox 1931 3199 1972 3264; x_wconf 59' lang='grc' dir='ltr'>(ἶ</span> <span class='ocrx_word' id='word_1_479' title='bbox 2010 3216 2139 3270; x_wconf 88' lang='lat' dir='ltr'>ideo</span> <span class='ocrx_word' id='word_1_480' title='bbox 2171 3213 2503 3269; x_wconf 87' lang='lat' dir='ltr'>inviolabile</span> <span class='ocrx_word' id='word_1_481' title='bbox 2554 3220 2856 3285; x_wconf 88' lang='lat' dir='ltr'>pastorum</span> <span class='ocrx_word' id='word_1_482' title='bbox 2919 3218 3238 3270; x_wconf 87' lang='lat' dir='ltr'>sanxerunt</span> <span class='ocrx_word' id='word_1_483' title='bbox 3294 3213 3664 3286; x_wconf 86' lang='lat' dir='ltr'>privilegium</span> 
     </span>
    </p>
   </div>
   <div class='ocr_carea' id='block_1_38' title="bbox 230 3302 1890 3374">
    <p class='ocr_par' dir='ltr' id='par_1_38' title="bbox 230 3302 1890 3374">
     <span class='ocr_line' id='line_1_38' title="bbox 230 3302 1890 3374; baseline 0.003 -16"><span class='ocrx_word' id='word_1_484' title='bbox 230 3303 372 3373; x_wconf 87' lang='lat' dir='ltr'>Ejus</span> <span class='ocrx_word' id='word_1_485' title='bbox 407 3317 545 3356; x_wconf 83' lang='lat' dir='ltr'>vero</span> <span class='ocrx_word' id='word_1_486' title='bbox 576 3304 883 3356; x_wconf 76' lang='lat' dir='ltr'>structurae</span> <span class='ocrx_word' id='word_1_487' title='bbox 916 3306 1056 3357; x_wconf 92' lang='lat' dir='ltr'>sunt</span> <span class='ocrx_word' id='word_1_488' title='bbox 1098 3302 1316 3374; x_wconf 89' lang='lat' dir='ltr'>quique</span> <span class='ocrx_word' id='word_1_489' title='bbox 1348 3305 1547 3361; x_wconf 89' lang='lat' dir='ltr'>ﬁdeles</span> <span class='ocrx_word' id='word_1_490' title='bbox 1575 3307 1773 3362; x_wconf 91' lang='lat' dir='ltr'>variis.</span> <span class='ocrx_word' id='word_1_491' title='bbox 1819 3349 1831 3362; x_wconf 96' lang='lat'>.</span> <span class='ocrx_word' id='word_1_492' title='bbox 1878 3350 1890 3363; x_wconf 92' lang='lat'>.</span> 
     </span>
    </p>
   </div>
   <div class='ocr_carea' id='block_1_39' title="bbox 232 3389 1898 3467">
    <p class='ocr_par' dir='ltr' id='par_1_39' title="bbox 232 3389 1898 3467">
     <span class='ocr_line' id='line_1_39' title="bbox 232 3389 1898 3467; baseline 0.005 -23"><span class='ocrx_word' id='word_1_493' title='bbox 232 3389 563 3445; x_wconf 88' lang='lat' dir='ltr'>virtutibus</span> <span class='ocrx_word' id='word_1_494' title='bbox 586 3394 971 3446; x_wconf 89' lang='lat' dir='ltr'>coruscantur</span> <span class='ocrx_word' id='word_1_495' title='bbox 991 3408 1003 3458; x_wconf 92' lang='lat'>;</span> <span class='ocrx_word' id='word_1_496' title='bbox 1025 3396 1346 3449; x_wconf 88' lang='lat' dir='ltr'>structores</span> <span class='ocrx_word' id='word_1_497' title='bbox 1364 3398 1557 3450; x_wconf 89' lang='lat' dir='ltr'>autem</span> <span class='ocrx_word' id='word_1_498' title='bbox 1576 3394 1689 3467; x_wconf 91' lang='lat' dir='ltr'>ipsi</span> <span class='ocrx_word' id='word_1_499' title='bbox 1707 3396 1898 3451; x_wconf 87' lang='lat' dir='ltr'>docto-</span> 
     </span>
    </p>
   </div>
   <div class='ocr_carea' id='block_1_40' title="bbox 234 3494 1891 3540">
    <p class='ocr_par' dir='ltr' id='par_1_40' title="bbox 234 3494 1891 3540">
     <span class='ocr_line' id='line_1_40' title="bbox 234 3494 1891 3540; baseline 0.004 -7"><span class='ocrx_word' id='word_1_500' title='bbox 234 3494 1891 3540; x_wconf 72' lang='lat' dir='ltr'>res..........~.......</span> 
     </span>
    </p>
   </div>
   <div class='ocr_carea' id='block_1_41' title="bbox 238 3656 1896 3730">
    <p class='ocr_par' dir='ltr' id='par_1_41' title="bbox 238 3656 1896 3730">
     <span class='ocr_line' id='line_1_41' title="bbox 238 3656 1896 3730; baseline 0.004 -19"><span class='ocrx_word' id='word_1_501' title='bbox 238 3671 496 3728; x_wconf 88' lang='lat' dir='ltr'>quorum</span> <span class='ocrx_word' id='word_1_502' title='bbox 529 3670 632 3727; x_wconf 90' lang='lat' dir='ltr'>per</span> <span class='ocrx_word' id='word_1_503' title='bbox 661 3656 835 3712; x_wconf 89' lang='lat' dir='ltr'>ﬁdem</span> <span class='ocrx_word' id='word_1_504' title='bbox 867 3661 923 3712; x_wconf 90' lang='lat' dir='ltr'>et</span> <span class='ocrx_word' id='word_1_505' title='bbox 954 3657 1421 3730; x_wconf 86' lang='lat' dir='ltr'>operationem.</span> <span class='ocrx_word' id='word_1_506' title='bbox 1504 3701 1516 3714; x_wconf 95' lang='lat'>.</span> <span class='ocrx_word' id='word_1_507' title='bbox 1599 3704 1611 3715; x_wconf 95' lang='lat'>.</span> <span class='ocrx_word' id='word_1_508' title='bbox 1693 3704 1705 3716; x_wconf 95' lang='lat'>.</span> <span class='ocrx_word' id='word_1_509' title='bbox 1787 3705 1798 3716; x_wconf 90' lang='lat'>.</span> <span class='ocrx_word' id='word_1_510' title='bbox 1881 3702 1896 3718; x_wconf 94' lang='lat'>.</span> 
     </span>
    </p>
   </div>
   <div class='ocr_carea' id='block_1_42' title="bbox 537 3745 1897 3815">
    <p class='ocr_par' dir='ltr' id='par_1_42' title="bbox 537 3745 1897 3815">
     <span class='ocr_line' id='line_1_42' title="bbox 537 3745 1897 3815; baseline 0.004 -15"><span class='ocrx_word' id='word_1_511' title='bbox 537 3787 550 3800; x_wconf 96' lang='lat'>.</span> <span class='ocrx_word' id='word_1_512' title='bbox 628 3746 801 3815; x_wconf 79' lang='lat' dir='ltr'>cujUs</span> <span class='ocrx_word' id='word_1_513' title='bbox 834 3745 1226 3802; x_wconf 88' lang='lat' dir='ltr'>institutionis</span> <span class='ocrx_word' id='word_1_514' title='bbox 1258 3749 1561 3804; x_wconf 87' lang='lat' dir='ltr'>exordium</span> <span class='ocrx_word' id='word_1_515' title='bbox 1594 3750 1652 3803; x_wconf 91' lang='lat' dir='ltr'>in</span> <span class='ocrx_word' id='word_1_516' title='bbox 1683 3750 1897 3805; x_wconf 85' lang='lat' dir='ltr'>beatis-</span> 
     </span>
    </p>
   </div>
   <div class='ocr_carea' id='block_1_43' title="bbox 240 3833 1898 3911">
    <p class='ocr_par' dir='ltr' id='par_1_43' title="bbox 240 3833 1898 3911">
     <span class='ocr_line' id='line_1_43' title="bbox 240 3833 1898 3911; baseline 0.003 -22"><span class='ocrx_word' id='word_1_517' title='bbox 240 3835 372 3889; x_wconf 91' lang='lat' dir='ltr'>simi</span> <span class='ocrx_word' id='word_1_518' title='bbox 422 3833 583 3889; x_wconf 89' lang='lat' dir='ltr'>Petri</span> <span class='ocrx_word' id='word_1_519' title='bbox 637 3834 793 3889; x_wconf 80' lang='lat' dir='ltr'>fideli</span> <span class='ocrx_word' id='word_1_520' title='bbox 845 3834 1213 3891; x_wconf 81' lang='lat' dir='ltr'>confessione</span> <span class='ocrx_word' id='word_1_521' title='bbox 1245 3836 1537 3892; x_wconf 90' lang='lat' dir='ltr'>credimus</span> <span class='ocrx_word' id='word_1_522' title='bbox 1564 3839 1898 3911; x_wconf 86' lang='lat' dir='ltr'>fundatum,</span> 
     </span>
    </p>
   </div>
   <div class='ocr_carea' id='block_1_44' title="bbox 241 3922 1897 3984">
    <p class='ocr_par' dir='ltr' id='par_1_44' title="bbox 241 3922 1897 3984">
     <span class='ocr_line' id='line_1_44' title="bbox 241 3922 1897 3984; baseline 0.002 -5"><span class='ocrx_word' id='word_1_523' title='bbox 241 3939 372 3979; x_wconf 89' lang='lat' dir='ltr'>cum</span> <span class='ocrx_word' id='word_1_524' title='bbox 405 3922 493 3979; x_wconf 88' lang='lat' dir='ltr'>ait</span> <span class='ocrx_word' id='word_1_525' title='bbox 524 3923 597 3978; x_wconf 87' lang='lat' dir='ltr'>ad</span> <span class='ocrx_word' id='word_1_526' title='bbox 625 3922 972 3979; x_wconf 88' lang='lat' dir='ltr'>Dominum:</span> <span class='ocrx_word' id='word_1_527' title='bbox 1002 3926 1071 3979; x_wconf 89' lang='lat' dir='ltr'>Tu</span> <span class='ocrx_word' id='word_1_528' title='bbox 1086 3941 1144 3979; x_wconf 92' lang='lat' dir='ltr'>es</span> <span class='ocrx_word' id='word_1_529' title='bbox 1177 3924 1423 3981; x_wconf 74' lang='lat' dir='ltr'>Christus</span> <span class='ocrx_word' id='word_1_530' title='bbox 1447 3928 1631 3982; x_wconf 83' lang='lat' dir='ltr'>Filius</span> <span class='ocrx_word' id='word_1_531' title='bbox 1652 3929 1751 3982; x_wconf 90' lang='lat' dir='ltr'>Dei</span> <span class='ocrx_word' id='word_1_532' title='bbox 1772 3931 1897 3984; x_wconf 80' lang='lat' dir='ltr'>visi.</span> 
     </span>
    </p>
   </div>
   <div class='ocr_carea' id='block_1_45' title="bbox 244 4011 1900 4084">
    <p class='ocr_par' dir='ltr' id='par_1_45' title="bbox 244 4011 1900 4084">
     <span class='ocr_line' id='line_1_45' title="bbox 244 4011 1900 4084; baseline 0.004 -19"><span class='ocrx_word' id='word_1_533' title='bbox 244 4016 346 4067; x_wconf 88' lang='lat' dir='ltr'>Pro</span> <span class='ocrx_word' id='word_1_534' title='bbox 379 4028 504 4084; x_wconf 89' lang='lat' dir='ltr'>qua</span> <span class='ocrx_word' id='word_1_535' title='bbox 533 4011 705 4066; x_wconf 89' lang='lat' dir='ltr'>etiam</span> <span class='ocrx_word' id='word_1_536' title='bbox 743 4014 1216 4070; x_wconf 88' lang='lat' dir='ltr'>remuneratione</span> <span class='ocrx_word' id='word_1_537' title='bbox 1261 4014 1464 4070; x_wconf 89' lang='lat' dir='ltr'>audire</span> <span class='ocrx_word' id='word_1_538' title='bbox 1514 4016 1665 4071; x_wconf 90' lang='lat' dir='ltr'>inter</span> <span class='ocrx_word' id='word_1_539' title='bbox 1696 4022 1900 4073; x_wconf 69' lang='lat' dir='ltr'>caetera</span> 
     </span>
    </p>
   </div>
   <div class='ocr_carea' id='block_1_46' title="bbox 245 4100 1904 4178">
    <p class='ocr_par' dir='ltr' id='par_1_46' title="bbox 245 4100 1904 4178">
     <span class='ocr_line' id='line_1_46' title="bbox 245 4100 1904 4178; baseline 0.004 -22"><span class='ocrx_word' id='word_1_540' title='bbox 245 4100 492 4157; x_wconf 90' lang='lat' dir='ltr'>meruit:</span> <span class='ocrx_word' id='word_1_541' title='bbox 527 4104 593 4156; x_wconf 87' lang='lat' dir='ltr'>Et</span> <span class='ocrx_word' id='word_1_542' title='bbox 621 4117 714 4172; x_wconf 88' lang='lat' dir='ltr'>ego</span> <span class='ocrx_word' id='word_1_543' title='bbox 739 4101 857 4157; x_wconf 85' lang='lat' dir='ltr'>dico</span> <span class='ocrx_word' id='word_1_544' title='bbox 889 4102 993 4157; x_wconf 85' lang='lat' dir='ltr'>tibi</span> <span class='ocrx_word' id='word_1_545' title='bbox 1043 4105 1173 4173; x_wconf 89' lang='lat' dir='ltr'>quia</span> <span class='ocrx_word' id='word_1_546' title='bbox 1203 4110 1261 4157; x_wconf 88' lang='lat' dir='ltr'>tu</span> <span class='ocrx_word' id='word_1_547' title='bbox 1309 4120 1363 4158; x_wconf 87' lang='lat' dir='ltr'>es</span> <span class='ocrx_word' id='word_1_548' title='bbox 1393 4106 1609 4171; x_wconf 87' lang='lat' dir='ltr'>Petrus,</span> <span class='ocrx_word' id='word_1_549' title='bbox 1641 4114 1691 4161; x_wconf 86' lang='lat' dir='ltr'>et</span> <span class='ocrx_word' id='word_1_550' title='bbox 1741 4123 1904 4178; x_wconf 87' lang='lat' dir='ltr'>super</span> 
     </span>
    </p>
   </div>
   <div class='ocr_carea' id='block_1_47' title="bbox 246 4190 1905 4267">
    <p class='ocr_par' dir='ltr' id='par_1_47' title="bbox 246 4190 1905 4267">
     <span class='ocr_line' id='line_1_47' title="bbox 246 4190 1905 4267; baseline 0.003 -23"><span class='ocrx_word' id='word_1_551' title='bbox 246 4191 379 4245; x_wconf 83' lang='lat' dir='ltr'>hanc</span> <span class='ocrx_word' id='word_1_552' title='bbox 405 4196 630 4263; x_wconf 90' lang='lat' dir='ltr'>petrum</span> <span class='ocrx_word' id='word_1_553' title='bbox 658 4190 940 4261; x_wconf 72' lang='lat' dir='ltr'>aediﬁcabo</span> <span class='ocrx_word' id='word_1_554' title='bbox 974 4192 1277 4248; x_wconf 81' lang='lat' dir='ltr'>Ecclesium</span> <span class='ocrx_word' id='word_1_555' title='bbox 1305 4209 1502 4261; x_wconf 87' lang='lat' dir='ltr'>meam,</span> <span class='ocrx_word' id='word_1_556' title='bbox 1535 4200 1586 4249; x_wconf 88' lang='lat' dir='ltr'>et</span> <span class='ocrx_word' id='word_1_557' title='bbox 1616 4199 1790 4267; x_wconf 68' lang='lat' dir='ltr'>porta;</span> <span class='ocrx_word' id='word_1_558' title='bbox 1822 4198 1905 4251; x_wconf 88' lang='lat' dir='ltr'>in-</span> 
     </span>
    </p>
   </div>
   <div class='ocr_carea' id='block_1_48' title="bbox 247 4280 1961 4355">
    <p class='ocr_par' dir='ltr' id='par_1_48' title="bbox 247 4280 1961 4355">
     <span class='ocr_line' id='line_1_48' title="bbox 247 4280 1961 4355; baseline 0.003 -21"><span class='ocrx_word' id='word_1_559' title='bbox 247 4280 348 4348; x_wconf 81' lang='lat' dir='ltr'>feri</span> <span class='ocrx_word' id='word_1_560' title='bbox 376 4294 493 4334; x_wconf 85' lang='lat' dir='ltr'>non</span> <span class='ocrx_word' id='word_1_561' title='bbox 516 4280 901 4350; x_wconf 69' lang='lat' dir='ltr'>praevalebunt</span> <span class='ocrx_word' id='word_1_562' title='bbox 951 4280 1208 4336; x_wconf 86' lang='lat' dir='ltr'>adversus</span> <span class='ocrx_word' id='word_1_563' title='bbox 1238 4297 1357 4337; x_wconf 86' lang='lat' dir='ltr'>eam</span> <span class='ocrx_word' id='word_1_564' title='bbox 1409 4284 1623 4355; x_wconf 82' lang='lat' dir='ltr'>(Matth.</span> <span class='ocrx_word' id='word_1_565' title='bbox 1660 4301 1773 4353; x_wconf 73' lang='lat' dir='ltr'>xvx,</span> <span class='ocrx_word' id='word_1_566' title='bbox 1812 4286 1905 4338; x_wconf 87' lang='lat'>16-</span> <span class='ocrx_word' id='word_1_567' title='bbox 1960 4348 1961 4351; x_wconf 25' lang='grc' dir='ltr'><strong>η</strong></span> 
     </span>
    </p>
   </div>
   <div class='ocr_carea' id='block_1_49' title="bbox 252 4368 1905 4444">
    <p class='ocr_par' dir='ltr' id='par_1_49' title="bbox 252 4368 1905 4444">
     <span class='ocr_line' id='line_1_49' title="bbox 252 4368 1905 4444; baseline 0.004 -24"><span class='ocrx_word' id='word_1_568' title='bbox 252 4368 352 4438; x_wconf 89' lang='grc'>18).</span> <span class='ocrx_word' id='word_1_569' title='bbox 402 4368 711 4423; x_wconf 65' lang='lat' dir='ltr'>ZEdiﬁcata</span> <span class='ocrx_word' id='word_1_570' title='bbox 740 4372 829 4423; x_wconf 87' lang='lat' dir='ltr'>est</span> <span class='ocrx_word' id='word_1_571' title='bbox 859 4385 994 4441; x_wconf 89' lang='lat' dir='ltr'>ergo</span> <span class='ocrx_word' id='word_1_572' title='bbox 1046 4374 1253 4426; x_wconf 88' lang='lat' dir='ltr'>sancta</span> <span class='ocrx_word' id='word_1_573' title='bbox 1296 4371 1560 4427; x_wconf 85' lang='lat' dir='ltr'>Ecclesia</span> <span class='ocrx_word' id='word_1_574' title='bbox 1595 4390 1775 4444; x_wconf 89' lang='lat' dir='ltr'>supra</span> <span class='ocrx_word' id='word_1_575' title='bbox 1806 4389 1905 4444; x_wconf 87' lang='lat' dir='ltr'>pe-</span> 
     </span>
    </p>
   </div>
   <div class='ocr_carea' id='block_1_50' title="bbox 250 4456 1906 4530">
    <p class='ocr_par' dir='ltr' id='par_1_50' title="bbox 250 4456 1906 4530">
     <span class='ocr_line' id='line_1_50' title="bbox 250 4456 1906 4530; baseline 0.003 -21"><span class='ocrx_word' id='word_1_576' title='bbox 250 4458 393 4510; x_wconf 84' lang='lat' dir='ltr'>tram</span> <span class='ocrx_word' id='word_1_577' title='bbox 422 4456 481 4510; x_wconf 87' lang='lat' dir='ltr'>in</span> <span class='ocrx_word' id='word_1_578' title='bbox 516 4456 809 4511; x_wconf 86' lang='lat' dir='ltr'>soliditate</span> <span class='ocrx_word' id='word_1_579' title='bbox 841 4457 1171 4528; x_wconf 70' lang='lat' dir='ltr'>apostolica:</span> <span class='ocrx_word' id='word_1_580' title='bbox 1204 4459 1361 4525; x_wconf 87' lang='lat' dir='ltr'>ﬁdei,</span> <span class='ocrx_word' id='word_1_581' title='bbox 1395 4476 1498 4530; x_wconf 91' lang='lat' dir='ltr'>per</span> <span class='ocrx_word' id='word_1_582' title='bbox 1528 4460 1703 4515; x_wconf 89' lang='lat' dir='ltr'>ﬁdem</span> <span class='ocrx_word' id='word_1_583' title='bbox 1734 4465 1791 4515; x_wconf 86' lang='lat' dir='ltr'>et</span> <span class='ocrx_word' id='word_1_584' title='bbox 1822 4460 1906 4514; x_wconf 90' lang='lat' dir='ltr'>di-</span> 
     </span>
    </p>
   </div>
   <div class='ocr_carea' id='block_1_51' title="bbox 2008 3302 3665 3375">
    <p class='ocr_par' dir='ltr' id='par_1_51' title="bbox 2008 3302 3665 3375">
     <span class='ocr_line' id='line_1_51' title="bbox 2008 3302 3665 3375; baseline 0 -16"><span class='ocrx_word' id='word_1_585' title='bbox 2008 3309 2385 3375; x_wconf 88' lang='lat' dir='ltr'>[permanere,</span> <span class='ocrx_word' id='word_1_586' title='bbox 2421 3320 2493 3358; x_wconf 90' lang='lat' dir='ltr'>ne</span> <span class='ocrx_word' id='word_1_587' title='bbox 2541 3304 2953 3375; x_wconf 87' lang='lat' dir='ltr'>superbientes</span> <span class='ocrx_word' id='word_1_588' title='bbox 3003 3308 3060 3359; x_wconf 89' lang='lat' dir='ltr'>et</span> <span class='ocrx_word' id='word_1_589' title='bbox 3089 3303 3382 3371; x_wconf 90' lang='lat' dir='ltr'>vecordes]</span> <span class='ocrx_word' id='word_1_590' title='bbox 3416 3318 3514 3358; x_wconf 91' lang='lat' dir='ltr'>eos</span> <span class='ocrx_word' id='word_1_591' title='bbox 3546 3302 3665 3359; x_wconf 92' lang='lat' dir='ltr'>ullo</span> 
     </span>
    </p>
   </div>
   <div class='ocr_carea' id='block_1_52' title="bbox 2006 3392 3668 3464">
    <p class='ocr_par' dir='ltr' id='par_1_52' title="bbox 2006 3392 3668 3464">
     <span class='ocr_line' id='line_1_52' title="bbox 2006 3392 3668 3464; baseline -0.001 -17"><span class='ocrx_word' id='word_1_592' title='bbox 2006 3393 2179 3447; x_wconf 89' lang='lat' dir='ltr'>modo</span> <span class='ocrx_word' id='word_1_593' title='bbox 2217 3393 2499 3447; x_wconf 85' lang='lat' dir='ltr'>auderent</span> <span class='ocrx_word' id='word_1_594' title='bbox 2543 3393 2865 3464; x_wconf 86' lang='lat' dir='ltr'>despicere,</span> <span class='ocrx_word' id='word_1_595' title='bbox 2930 3392 3018 3447; x_wconf 89' lang='lat' dir='ltr'>vel</span> <span class='ocrx_word' id='word_1_596' title='bbox 3072 3393 3335 3463; x_wconf 88' lang='lat' dir='ltr'>ipsorum</span> <span class='ocrx_word' id='word_1_597' title='bbox 3384 3395 3668 3463; x_wconf 78' lang='lat' dir='ltr'>praecepta</span> 
     </span>
    </p>
   </div>
   <div class='ocr_carea' id='block_1_53' title="bbox 2006 3480 3662 3553">
    <p class='ocr_par' dir='ltr' id='par_1_53' title="bbox 2006 3480 3662 3553">
     <span class='ocr_line' id='line_1_53' title="bbox 2006 3480 3662 3553; baseline -0.002 -15"><span class='ocrx_word' id='word_1_598' title='bbox 2006 3486 2396 3538; x_wconf 87' lang='lat' dir='ltr'>contemnere.</span> <span class='ocrx_word' id='word_1_599' title='bbox 2451 3483 2751 3545; x_wconf 89' lang='lat' dir='ltr'>Quomodo</span> <span class='ocrx_word' id='word_1_600' title='bbox 2806 3482 2963 3536; x_wconf 87' lang='lat' dir='ltr'>enim</span> <span class='ocrx_word' id='word_1_601' title='bbox 3009 3480 3291 3553; x_wconf 66' lang='lat' dir='ltr'>praesules</span> <span class='ocrx_word' id='word_1_602' title='bbox 3322 3485 3662 3536; x_wconf 72' lang='lat' dir='ltr'>czeterorum</span> 
     </span>
    </p>
   </div>
   <div class='ocr_carea' id='block_1_54' title="bbox 2006 3569 3667 3642">
    <p class='ocr_par' dir='ltr' id='par_1_54' title="bbox 2006 3569 3667 3642">
     <span class='ocr_line' id='line_1_54' title="bbox 2006 3569 3667 3642; baseline -0.001 -17"><span class='ocrx_word' id='word_1_603' title='bbox 2006 3574 2255 3642; x_wconf 87' lang='lat' dir='ltr'>possunt</span> <span class='ocrx_word' id='word_1_604' title='bbox 2275 3570 2476 3641; x_wconf 89' lang='lat' dir='ltr'>culpas</span> <span class='ocrx_word' id='word_1_605' title='bbox 2509 3586 2772 3641; x_wconf 82' lang='lat' dir='ltr'>arguere,</span> <span class='ocrx_word' id='word_1_606' title='bbox 2799 3571 2847 3625; x_wconf 91' lang='lat' dir='ltr'>si</span> <span class='ocrx_word' id='word_1_607' title='bbox 2869 3570 2951 3624; x_wconf 90' lang='lat' dir='ltr'>illi</span> <span class='ocrx_word' id='word_1_608' title='bbox 2982 3587 3082 3625; x_wconf 88' lang='lat' dir='ltr'>eos</span> <span class='ocrx_word' id='word_1_609' title='bbox 3109 3570 3620 3625; x_wconf 86' lang='lat' dir='ltr'>audentinfestare</span> <span class='ocrx_word' id='word_1_610' title='bbox 3639 3569 3667 3623; x_wconf 85' lang='lat'><strong>?</strong></span> 
     </span>
    </p>
   </div>
   <div class='ocr_carea' id='block_1_55' title="bbox 2008 3655 3665 3728">
    <p class='ocr_par' dir='ltr' id='par_1_55' title="bbox 2008 3655 3665 3728">
     <span class='ocr_line' id='line_1_55' title="bbox 2008 3655 3665 3728; baseline -0.001 -16"><span class='ocrx_word' id='word_1_611' title='bbox 2008 3660 2074 3713; x_wconf 80' lang='lat' dir='ltr'>Et</span> <span class='ocrx_word' id='word_1_612' title='bbox 2104 3658 2233 3713; x_wconf 92' lang='lat' dir='ltr'>ideo</span> <span class='ocrx_word' id='word_1_613' title='bbox 2264 3656 2396 3713; x_wconf 90' lang='lat' dir='ltr'>illos</span> <span class='ocrx_word' id='word_1_614' title='bbox 2423 3674 2536 3713; x_wconf 93' lang='lat' dir='ltr'>non</span> <span class='ocrx_word' id='word_1_615' title='bbox 2562 3658 2765 3713; x_wconf 90' lang='lat' dir='ltr'>leviter</span> <span class='ocrx_word' id='word_1_616' title='bbox 2788 3658 3168 3728; x_wconf 89' lang='lat' dir='ltr'>accusandos,</span> <span class='ocrx_word' id='word_1_617' title='bbox 3193 3656 3280 3712; x_wconf 90' lang='lat' dir='ltr'>vel</span> <span class='ocrx_word' id='word_1_618' title='bbox 3298 3655 3665 3712; x_wconf 89' lang='lat' dir='ltr'>calumnian-</span> 
     </span>
    </p>
   </div>
   <div class='ocr_carea' id='block_1_56' title="bbox 2010 3744 3661 3818">
    <p class='ocr_par' dir='ltr' id='par_1_56' title="bbox 2010 3744 3661 3818">
     <span class='ocr_line' id='line_1_56' title="bbox 2010 3744 3661 3818; baseline -0.003 -15"><span class='ocrx_word' id='word_1_619' title='bbox 2010 3748 2113 3803; x_wconf 89' lang='lat' dir='ltr'>dos</span> <span class='ocrx_word' id='word_1_620' title='bbox 2136 3752 2474 3803; x_wconf 85' lang='lat' dir='ltr'>sanctorum</span> <span class='ocrx_word' id='word_1_621' title='bbox 2498 3750 2719 3803; x_wconf 86' lang='lat' dir='ltr'>statuta</span> <span class='ocrx_word' id='word_1_622' title='bbox 2740 3747 2976 3803; x_wconf 89' lang='lat' dir='ltr'>Patrum</span> <span class='ocrx_word' id='word_1_623' title='bbox 3000 3746 3245 3818; x_wconf 89' lang='lat' dir='ltr'>pleniter</span> <span class='ocrx_word' id='word_1_624' title='bbox 3270 3744 3661 3812; x_wconf 88' lang='lat' dir='ltr'>interdicunt;</span> 
     </span>
    </p>
   </div>
   <div class='ocr_carea' id='block_1_57' title="bbox 2010 3834 3664 3906">
    <p class='ocr_par' dir='ltr' id='par_1_57' title="bbox 2010 3834 3664 3906">
     <span class='ocr_line' id='line_1_57' title="bbox 2010 3834 3664 3906; baseline -0.001 -16"><span class='ocrx_word' id='word_1_625' title='bbox 2010 3852 2115 3891; x_wconf 88' lang='lat' dir='ltr'>nec</span> <span class='ocrx_word' id='word_1_626' title='bbox 2147 3835 2400 3906; x_wconf 89' lang='lat' dir='ltr'>aliquem</span> <span class='ocrx_word' id='word_1_627' title='bbox 2435 3836 2505 3890; x_wconf 89' lang='lat' dir='ltr'>ad</span> <span class='ocrx_word' id='word_1_628' title='bbox 2532 3852 2733 3890; x_wconf 90' lang='lat' dir='ltr'>eorum</span> <span class='ocrx_word' id='word_1_629' title='bbox 2757 3836 3189 3891; x_wconf 88' lang='lat' dir='ltr'>accusationem</span> <span class='ocrx_word' id='word_1_630' title='bbox 3210 3834 3392 3890; x_wconf 89' lang='lat' dir='ltr'>sancti</span> <span class='ocrx_word' id='word_1_631' title='bbox 3411 3848 3664 3889; x_wconf 88' lang='lat' dir='ltr'>canones</span> 
     </span>
    </p>
   </div>
   <div class='ocr_carea' id='block_1_58' title="bbox 2011 3921 3667 3994">
    <p class='ocr_par' dir='ltr' id='par_1_58' title="bbox 2011 3921 3667 3994">
     <span class='ocr_line' id='line_1_58' title="bbox 2011 3921 3667 3994; baseline -0.002 -14"><span class='ocrx_word' id='word_1_632' title='bbox 2011 3924 2356 3991; x_wconf 87' lang='lat' dir='ltr'>admittunt,</span> <span class='ocrx_word' id='word_1_633' title='bbox 2388 3924 2499 3978; x_wconf 88' lang='lat' dir='ltr'>nisi</span> <span class='ocrx_word' id='word_1_634' title='bbox 2534 3924 2633 3994; x_wconf 90' lang='lat' dir='ltr'>qui</span> <span class='ocrx_word' id='word_1_635' title='bbox 2663 3925 2780 3977; x_wconf 85' lang='lat' dir='ltr'>vita</span> <span class='ocrx_word' id='word_1_636' title='bbox 2804 3929 2863 3979; x_wconf 90' lang='lat' dir='ltr'>et</span> <span class='ocrx_word' id='word_1_637' title='bbox 2894 3923 3157 3979; x_wconf 90' lang='lat' dir='ltr'>moribus</span> <span class='ocrx_word' id='word_1_638' title='bbox 3190 3922 3347 3978; x_wconf 89' lang='lat' dir='ltr'>ﬁdeli</span> <span class='ocrx_word' id='word_1_639' title='bbox 3377 3921 3667 3977; x_wconf 85' lang='lat' dir='ltr'>examina-</span> 
     </span>
    </p>
   </div>
   <div class='ocr_carea' id='block_1_59' title="bbox 2013 4008 3662 4081">
    <p class='ocr_par' dir='ltr' id='par_1_59' title="bbox 2013 4008 3662 4081">
     <span class='ocr_line' id='line_1_59' title="bbox 2013 4008 3662 4081; baseline -0.001 -16"><span class='ocrx_word' id='word_1_640' title='bbox 2013 4012 2167 4065; x_wconf 90' lang='lat' dir='ltr'>tione</span> <span class='ocrx_word' id='word_1_641' title='bbox 2190 4011 2384 4081; x_wconf 89' lang='lat' dir='ltr'>dignis</span> <span class='ocrx_word' id='word_1_642' title='bbox 2419 4011 2826 4065; x_wconf 86' lang='lat' dir='ltr'>sacerdotibus</span> <span class='ocrx_word' id='word_1_643' title='bbox 2873 4011 3270 4081; x_wconf 75' lang='lat' dir='ltr'>coeequandus</span> <span class='ocrx_word' id='word_1_644' title='bbox 3315 4008 3662 4063; x_wconf 85' lang='lat' dir='ltr'>inveniatur.</span> 
     </span>
    </p>
   </div>
   <div class='ocr_carea' id='block_1_60' title="bbox 2013 4096 3668 4169">
    <p class='ocr_par' dir='ltr' id='par_1_60' title="bbox 2013 4096 3668 4169">
     <span class='ocr_line' id='line_1_60' title="bbox 2013 4096 3668 4169; baseline -0.003 -13"><span class='ocrx_word' id='word_1_645' title='bbox 2013 4100 2123 4156; x_wconf 90' lang='lat' dir='ltr'>Sed</span> <span class='ocrx_word' id='word_1_646' title='bbox 2157 4115 2260 4155; x_wconf 91' lang='lat' dir='ltr'>nec</span> <span class='ocrx_word' id='word_1_647' title='bbox 2294 4099 2422 4153; x_wconf 91' lang='lat' dir='ltr'>ideo</span> <span class='ocrx_word' id='word_1_648' title='bbox 2456 4098 2615 4169; x_wconf 91' lang='lat' dir='ltr'>ipsos</span> <span class='ocrx_word' id='word_1_649' title='bbox 2668 4098 2906 4169; x_wconf 89' lang='lat' dir='ltr'>impune</span> <span class='ocrx_word' id='word_1_650' title='bbox 2959 4099 3210 4153; x_wconf 88' lang='lat' dir='ltr'>transire</span> <span class='ocrx_word' id='word_1_651' title='bbox 3242 4101 3580 4166; x_wconf 85' lang='lat' dir='ltr'>sanxerunt,</span> <span class='ocrx_word' id='word_1_652' title='bbox 3618 4096 3668 4151; x_wconf 92' lang='lat' dir='ltr'>si</span> 
     </span>
    </p>
   </div>
   <div class='ocr_carea' id='block_1_61' title="bbox 2015 4186 3667 4259">
    <p class='ocr_par' dir='ltr' id='par_1_61' title="bbox 2015 4186 3667 4259">
     <span class='ocr_line' id='line_1_61' title="bbox 2015 4186 3667 4259; baseline -0.004 -15"><span class='ocrx_word' id='word_1_653' title='bbox 2015 4189 2261 4244; x_wconf 91' lang='lat' dir='ltr'>crimina</span> <span class='ocrx_word' id='word_1_654' title='bbox 2306 4205 2429 4259; x_wconf 82' lang='lat' dir='ltr'>quae</span> <span class='ocrx_word' id='word_1_655' title='bbox 2483 4188 2896 4243; x_wconf 89' lang='lat' dir='ltr'>Sacerdotibus</span> <span class='ocrx_word' id='word_1_656' title='bbox 2928 4186 3178 4258; x_wconf 88' lang='lat' dir='ltr'>objicere</span> <span class='ocrx_word' id='word_1_657' title='bbox 3212 4202 3329 4241; x_wconf 91' lang='lat' dir='ltr'>non</span> <span class='ocrx_word' id='word_1_658' title='bbox 3373 4188 3667 4251; x_wconf 90' lang='lat' dir='ltr'>metuunt,</span> 
     </span>
    </p>
   </div>
   <div class='ocr_carea' id='block_1_62' title="bbox 2017 4274 3671 4350">
    <p class='ocr_par' dir='ltr' id='par_1_62' title="bbox 2017 4274 3671 4350">
     <span class='ocr_line' id='line_1_62' title="bbox 2017 4274 3671 4350; baseline -0.004 -15"><span class='ocrx_word' id='word_1_659' title='bbox 2017 4278 2336 4350; x_wconf 86' lang='lat' dir='ltr'>approbare</span> <span class='ocrx_word' id='word_1_660' title='bbox 2362 4294 2474 4332; x_wconf 93' lang='lat' dir='ltr'>non</span> <span class='ocrx_word' id='word_1_661' title='bbox 2508 4282 2755 4349; x_wconf 85' lang='lat' dir='ltr'>possunt</span> <span class='ocrx_word' id='word_1_662' title='bbox 2784 4295 2796 4333; x_wconf 88' lang='lat'>:</span> <span class='ocrx_word' id='word_1_663' title='bbox 2822 4277 3090 4332; x_wconf 89' lang='lat' dir='ltr'>eamdem</span> <span class='ocrx_word' id='word_1_664' title='bbox 3115 4274 3555 4331; x_wconf 88' lang='lat' dir='ltr'>accusatoribus</span> <span class='ocrx_word' id='word_1_665' title='bbox 3586 4290 3671 4329; x_wconf 87' lang='lat' dir='ltr'>re-</span> 
     </span>
    </p>
   </div>
   <div class='ocr_carea' id='block_1_63' title="bbox 2015 4361 3670 4439">
    <p class='ocr_par' dir='ltr' id='par_1_63' title="bbox 2015 4361 3670 4439">
     <span class='ocr_line' id='line_1_63' title="bbox 2015 4361 3670 4439; baseline -0.002 -18"><span class='ocrx_word' id='word_1_666' title='bbox 2015 4366 2274 4439; x_wconf 85' lang='lat' dir='ltr'>probatis</span> <span class='ocrx_word' id='word_1_667' title='bbox 2305 4366 2676 4437; x_wconf 88' lang='lat' dir='ltr'>imponentes</span> <span class='ocrx_word' id='word_1_668' title='bbox 2717 4367 3030 4436; x_wconf 83' lang='lat' dir='ltr'>jacturam,</span> <span class='ocrx_word' id='word_1_669' title='bbox 3064 4382 3240 4437; x_wconf 90' lang='lat' dir='ltr'>quam</span> <span class='ocrx_word' id='word_1_670' title='bbox 3271 4362 3517 4419; x_wconf 90' lang='lat' dir='ltr'>convicti</span> <span class='ocrx_word' id='word_1_671' title='bbox 3548 4361 3670 4434; x_wconf 89' lang='lat' dir='ltr'>pati</span> 
     </span>
    </p>
   </div>
   <div class='ocr_carea' id='block_1_64' title="bbox 2017 4453 3670 4526">
    <p class='ocr_par' dir='ltr' id='par_1_64' title="bbox 2017 4453 3670 4526">
     <span class='ocr_line' id='line_1_64' title="bbox 2017 4453 3670 4526; baseline -0.003 -16"><span class='ocrx_word' id='word_1_672' title='bbox 2017 4456 2339 4510; x_wconf 88' lang='lat' dir='ltr'>debuerant</span> <span class='ocrx_word' id='word_1_673' title='bbox 2369 4455 2626 4511; x_wconf 88' lang='lat' dir='ltr'>accusati</span> <span class='ocrx_word' id='word_1_674' title='bbox 2657 4473 2669 4521; x_wconf 90' lang='lat'>;</span> <span class='ocrx_word' id='word_1_675' title='bbox 2704 4455 3047 4526; x_wconf 89' lang='lat' dir='ltr'>nullamque</span> <span class='ocrx_word' id='word_1_676' title='bbox 3079 4453 3512 4509; x_wconf 87' lang='lat' dir='ltr'>accusationem</span> <span class='ocrx_word' id='word_1_677' title='bbox 3536 4468 3670 4506; x_wconf 86' lang='lat' dir='ltr'>con-</span> 
     </span>
    </p>
   </div>
   <div class='ocr_carea' id='block_1_65' title="bbox 253 4540 3670 4629">
    <p class='ocr_par' dir='ltr' id='par_1_65' title="bbox 253 4540 3670 4629">
     <span class='ocr_line' id='line_1_65' title="bbox 253 4540 3670 4629; baseline 0 -33"><span class='ocrx_word' id='word_1_678' title='bbox 253 4542 559 4600; x_wconf 90' lang='lat' dir='ltr'>lectionem</span> <span class='ocrx_word' id='word_1_679' title='bbox 590 4544 829 4617; x_wconf 88' lang='lat' dir='ltr'>Christi,</span> <span class='ocrx_word' id='word_1_680' title='bbox 855 4550 913 4601; x_wconf 92' lang='lat' dir='ltr'>et</span> <span class='ocrx_word' id='word_1_681' title='bbox 932 4548 1361 4617; x_wconf 91' lang='lat' dir='ltr'>perceptionem</span> <span class='ocrx_word' id='word_1_682' title='bbox 1385 4555 1906 4616; x_wconf 88' lang='lat' dir='ltr'>sacramentorum,</span> <span class='ocrx_word' id='word_1_683' title='bbox 1937 4566 1985 4629; x_wconf 84' lang='lat' dir='ltr'><strong>D</strong></span> <span class='ocrx_word' id='word_1_684' title='bbox 2016 4548 2105 4599; x_wconf 91' lang='lat' dir='ltr'>tra</span> <span class='ocrx_word' id='word_1_685' title='bbox 2135 4561 2196 4599; x_wconf 80' lang='lat' dir='ltr'>se</span> <span class='ocrx_word' id='word_1_686' title='bbox 2230 4544 2518 4615; x_wconf 86' lang='lat' dir='ltr'>prolatam</span> <span class='ocrx_word' id='word_1_687' title='bbox 2545 4544 2843 4623; x_wconf 83' lang='lat' dir='ltr'>suscipere</span> <span class='ocrx_word' id='word_1_688' title='bbox 2863 4543 2951 4599; x_wconf 89' lang='lat' dir='ltr'>vel</span> <span class='ocrx_word' id='word_1_689' title='bbox 2973 4544 3279 4598; x_wconf 86' lang='lat' dir='ltr'>defendere</span> <span class='ocrx_word' id='word_1_690' title='bbox 3297 4542 3528 4609; x_wconf 90' lang='lat' dir='ltr'>debere,</span> <span class='ocrx_word' id='word_1_691' title='bbox 3553 4540 3670 4595; x_wconf 87' lang='lat' dir='ltr'>nisi</span> 
     </span>
    </p>
   </div>
   <div class='ocr_carea' id='block_1_66' title="bbox 256 4633 1905 4710">
    <p class='ocr_par' dir='ltr' id='par_1_66' title="bbox 256 4633 1905 4710">
     <span class='ocr_line' id='line_1_66' title="bbox 256 4633 1905 4710; baseline 0.005 -24"><span class='ocrx_word' id='word_1_692' title='bbox 256 4637 307 4687; x_wconf 89' lang='lat' dir='ltr'>et</span> <span class='ocrx_word' id='word_1_693' title='bbox 333 4633 771 4691; x_wconf 87' lang='lat' dir='ltr'>observantiam</span> <span class='ocrx_word' id='word_1_694' title='bbox 814 4636 1226 4691; x_wconf 86' lang='lat' dir='ltr'>mandatorum</span> <span class='ocrx_word' id='word_1_695' title='bbox 1280 4638 1430 4708; x_wconf 88' lang='lat' dir='ltr'>ejus.</span> <span class='ocrx_word' id='word_1_696' title='bbox 1484 4638 1637 4694; x_wconf 83' lang='lat' dir='ltr'>Felix</span> <span class='ocrx_word' id='word_1_697' title='bbox 1670 4640 1905 4710; x_wconf 90' lang='lat' dir='ltr'>quidem</span> 
     </span>
    </p>
   </div>
   <div class='ocr_carea' id='block_1_67' title="bbox 261 4721 1913 4797">
    <p class='ocr_par' dir='ltr' id='par_1_67' title="bbox 261 4721 1913 4797">
     <span class='ocr_line' id='line_1_67' title="bbox 261 4721 1913 4797; baseline 0.005 -22"><span class='ocrx_word' id='word_1_698' title='bbox 261 4721 493 4791; x_wconf 90' lang='lat' dir='ltr'>domus,</span> <span class='ocrx_word' id='word_1_699' title='bbox 530 4740 655 4795; x_wconf 70' lang='lat' dir='ltr'>quas</span> <span class='ocrx_word' id='word_1_700' title='bbox 688 4724 904 4796; x_wconf 92' lang='lat' dir='ltr'>pluviis</span> <span class='ocrx_word' id='word_1_701' title='bbox 926 4725 1289 4782; x_wconf 90' lang='lat' dir='ltr'>irruentibus</span> <span class='ocrx_word' id='word_1_702' title='bbox 1306 4743 1419 4782; x_wconf 89' lang='lat' dir='ltr'>non</span> <span class='ocrx_word' id='word_1_703' title='bbox 1452 4726 1698 4797; x_wconf 82' lang='lat' dir='ltr'>laeditur,</span> <span class='ocrx_word' id='word_1_704' title='bbox 1724 4728 1913 4783; x_wconf 88' lang='lat' dir='ltr'>ﬂumi-</span> 
     </span>
    </p>
   </div>
   <div class='ocr_carea' id='block_1_68' title="bbox 261 4810 1910 4888">
    <p class='ocr_par' dir='ltr' id='par_1_68' title="bbox 261 4810 1910 4888">
     <span class='ocr_line' id='line_1_68' title="bbox 261 4810 1910 4888; baseline 0.005 -24"><span class='ocrx_word' id='word_1_705' title='bbox 261 4810 427 4866; x_wconf 90' lang='lat' dir='ltr'>nibus</span> <span class='ocrx_word' id='word_1_706' title='bbox 460 4812 891 4869; x_wconf 89' lang='lat' dir='ltr'>inundantibus</span> <span class='ocrx_word' id='word_1_707' title='bbox 921 4831 1034 4869; x_wconf 92' lang='lat' dir='ltr'>non</span> <span class='ocrx_word' id='word_1_708' title='bbox 1067 4815 1311 4883; x_wconf 86' lang='lat' dir='ltr'>eruitur,</span> <span class='ocrx_word' id='word_1_709' title='bbox 1342 4817 1533 4873; x_wconf 89' lang='lat' dir='ltr'>ventis</span> <span class='ocrx_word' id='word_1_710' title='bbox 1563 4816 1910 4888; x_wconf 88' lang='lat' dir='ltr'>impellenti-</span> 
     </span>
    </p>
   </div>
   <div class='ocr_carea' id='block_1_69' title="bbox 262 4896 1908 4976">
    <p class='ocr_par' dir='ltr' id='par_1_69' title="bbox 262 4896 1908 4976">
     <span class='ocr_line' id='line_1_69' title="bbox 262 4896 1908 4976; baseline 0.006 -25"><span class='ocrx_word' id='word_1_711' title='bbox 262 4896 368 4953; x_wconf 87' lang='lat' dir='ltr'>bus</span> <span class='ocrx_word' id='word_1_712' title='bbox 396 4916 511 4955; x_wconf 91' lang='lat' dir='ltr'>non</span> <span class='ocrx_word' id='word_1_713' title='bbox 547 4901 836 4971; x_wconf 90' lang='lat' dir='ltr'>dejicitur.</span> <span class='ocrx_word' id='word_1_714' title='bbox 858 4904 1148 4959; x_wconf 85' lang='lat' dir='ltr'>Adversus</span> <span class='ocrx_word' id='word_1_715' title='bbox 1179 4921 1359 4975; x_wconf 88' lang='lat' dir='ltr'>quam</span> <span class='ocrx_word' id='word_1_716' title='bbox 1394 4922 1500 4961; x_wconf 91' lang='lat' dir='ltr'>nec</span> <span class='ocrx_word' id='word_1_717' title='bbox 1532 4912 1706 4976; x_wconf 82' lang='lat' dir='ltr'>portae</span> <span class='ocrx_word' id='word_1_718' title='bbox 1738 4905 1908 4963; x_wconf 87' lang='lat' dir='ltr'>inferi</span> 
     </span>
    </p>
   </div>
   <div class='ocr_carea' id='block_1_70' title="bbox 265 4987 1908 5065">
    <p class='ocr_par' dir='ltr' id='par_1_70' title="bbox 265 4987 1908 5065">
     <span class='ocr_line' id='line_1_70' title="bbox 265 4987 1908 5065; baseline 0.007 -25"><span class='ocrx_word' id='word_1_719' title='bbox 265 4987 593 5056; x_wconf 62' lang='lat' dir='ltr'>pravalent,</span> <span class='ocrx_word' id='word_1_720' title='bbox 625 4991 892 5061; x_wconf 89' lang='lat' dir='ltr'>quamvis</span> <span class='ocrx_word' id='word_1_721' title='bbox 940 4993 1101 5049; x_wconf 92' lang='lat' dir='ltr'>vario</span> <span class='ocrx_word' id='word_1_722' title='bbox 1152 4991 1471 5050; x_wconf 87' lang='lat' dir='ltr'>luctamine</span> <span class='ocrx_word' id='word_1_723' title='bbox 1514 4994 1736 5065; x_wconf 85' lang='lat' dir='ltr'>jugiter</span> <span class='ocrx_word' id='word_1_724' title='bbox 1781 5012 1908 5052; x_wconf 90' lang='lat' dir='ltr'>eam</span> 
     </span>
    </p>
   </div>
   <div class='ocr_carea' id='block_1_71' title="bbox 271 5072 1910 5153">
    <p class='ocr_par' dir='ltr' id='par_1_71' title="bbox 271 5072 1910 5153">
     <span class='ocr_line' id='line_1_71' title="bbox 271 5072 1910 5153; baseline 0.007 -24"><span class='ocrx_word' id='word_1_725' title='bbox 271 5072 596 5145; x_wconf 88' lang='lat' dir='ltr'>lacessant;</span> <span class='ocrx_word' id='word_1_726' title='bbox 657 5095 781 5150; x_wconf 63' lang='lat' dir='ltr'>qua:</span> <span class='ocrx_word' id='word_1_727' title='bbox 848 5097 950 5136; x_wconf 90' lang='lat' dir='ltr'>nec</span> <span class='ocrx_word' id='word_1_728' title='bbox 1006 5080 1251 5138; x_wconf 90' lang='lat' dir='ltr'>occultis</span> <span class='ocrx_word' id='word_1_729' title='bbox 1306 5082 1750 5153; x_wconf 87' lang='lat' dir='ltr'>tentationibus,</span> <span class='ocrx_word' id='word_1_730' title='bbox 1806 5102 1910 5141; x_wconf 91' lang='lat' dir='ltr'>nec</span> 
     </span>
    </p>
   </div>
   <div class='ocr_carea' id='block_1_72' title="bbox 270 5165 1908 5243">
    <p class='ocr_par' dir='ltr' id='par_1_72' title="bbox 270 5165 1908 5243">
     <span class='ocr_line' id='line_1_72' title="bbox 270 5165 1908 5243; baseline 0.009 -28"><span class='ocrx_word' id='word_1_731' title='bbox 270 5165 475 5232; x_wconf 86' lang='lat' dir='ltr'>apertis</span> <span class='ocrx_word' id='word_1_732' title='bbox 507 5169 1028 5242; x_wconf 89' lang='lat' dir='ltr'>persecutionibus,</span> <span class='ocrx_word' id='word_1_733' title='bbox 1085 5187 1189 5226; x_wconf 90' lang='lat' dir='ltr'>nec</span> <span class='ocrx_word' id='word_1_734' title='bbox 1221 5171 1485 5243; x_wconf 89' lang='lat' dir='ltr'>ipsorum</span> <span class='ocrx_word' id='word_1_735' title='bbox 1531 5172 1707 5227; x_wconf 88' lang='lat' dir='ltr'>etiam</span> <span class='ocrx_word' id='word_1_736' title='bbox 1742 5174 1908 5230; x_wconf 89' lang='lat' dir='ltr'>mali-</span> 
     </span>
    </p>
   </div>
   <div class='ocr_carea' id='block_1_73' title="bbox 274 5261 856 5280">
    <p class='ocr_par' dir='ltr' id='par_1_73' title="bbox 274 5261 856 5280">
     <span class='ocr_line' id='line_1_73' title="bbox 274 5261 856 5280; baseline 0 0"><span class='ocrx_word' id='word_1_737' title='bbox 274 5264 501 5280; x_wconf 57' lang='lat' dir='ltr'>”hhuc~~</span> <span class='ocrx_word' id='word_1_738' title='bbox 552 5261 856 5280; x_wconf 63' lang='grc' dir='ltr'>-..Σ-ἐι------</span> 
     </span>
    </p>
   </div>
   <div class='ocr_carea' id='block_1_74' title="bbox 2018 4628 3669 4704">
    <p class='ocr_par' dir='ltr' id='par_1_74' title="bbox 2018 4628 3669 4704">
     <span class='ocr_line' id='line_1_74' title="bbox 2018 4628 3669 4704; baseline -0.003 -17"><span class='ocrx_word' id='word_1_739' title='bbox 2018 4634 2151 4689; x_wconf 88' lang='lat' dir='ltr'>data</span> <span class='ocrx_word' id='word_1_740' title='bbox 2182 4634 2252 4688; x_wconf 88' lang='lat' dir='ltr'>ad</span> <span class='ocrx_word' id='word_1_741' title='bbox 2285 4633 2530 4689; x_wconf 85' lang='lat' dir='ltr'>invicem</span> <span class='ocrx_word' id='word_1_742' title='bbox 2564 4633 2829 4689; x_wconf 89' lang='lat' dir='ltr'>cautione</span> <span class='ocrx_word' id='word_1_743' title='bbox 2859 4652 2871 4701; x_wconf 93' lang='lat'>;</span> <span class='ocrx_word' id='word_1_744' title='bbox 2897 4650 3083 4704; x_wconf 89' lang='lat' dir='ltr'>neque</span> <span class='ocrx_word' id='word_1_745' title='bbox 3106 4630 3358 4703; x_wconf 88' lang='lat' dir='ltr'>jndicari</span> <span class='ocrx_word' id='word_1_746' title='bbox 3390 4630 3505 4685; x_wconf 90' lang='lat' dir='ltr'>nisi</span> <span class='ocrx_word' id='word_1_747' title='bbox 3526 4628 3669 4684; x_wconf 84' lang='lat' dir='ltr'>scri-</span> 
     </span>
    </p>
   </div>
   <div class='ocr_carea' id='block_1_75' title="bbox 2020 4716 3672 4794">
    <p class='ocr_par' dir='ltr' id='par_1_75' title="bbox 2020 4716 3672 4794">
     <span class='ocr_line' id='line_1_75' title="bbox 2020 4716 3672 4794; baseline -0.004 -16"><span class='ocrx_word' id='word_1_748' title='bbox 2020 4723 2156 4794; x_wconf 89' lang='lat' dir='ltr'>ptis,</span> <span class='ocrx_word' id='word_1_749' title='bbox 2192 4722 2650 4794; x_wconf 88' lang='lat' dir='ltr'>prudentissime</span> <span class='ocrx_word' id='word_1_750' title='bbox 2690 4726 3042 4778; x_wconf 87' lang='lat' dir='ltr'>statuerunt.</span> <span class='ocrx_word' id='word_1_751' title='bbox 3090 4721 3400 4792; x_wconf 90' lang='lat' dir='ltr'>lpsamque</span> <span class='ocrx_word' id='word_1_752' title='bbox 3448 4716 3672 4775; x_wconf 89' lang='lat' dir='ltr'>cautio-</span> 
     </span>
    </p>
   </div>
   <div class='ocr_carea' id='block_1_76' title="bbox 2021 4804 3677 4882">
    <p class='ocr_par' dir='ltr' id='par_1_76' title="bbox 2021 4804 3677 4882">
     <span class='ocr_line' id='line_1_76' title="bbox 2021 4804 3677 4882; baseline -0.003 -16"><span class='ocrx_word' id='word_1_753' title='bbox 2021 4830 2175 4882; x_wconf 88' lang='lat' dir='ltr'>nem,</span> <span class='ocrx_word' id='word_1_754' title='bbox 2210 4812 2257 4867; x_wconf 91' lang='lat' dir='ltr'>si</span> <span class='ocrx_word' id='word_1_755' title='bbox 2284 4813 2358 4881; x_wconf 85' lang='lat' dir='ltr'>vi,</span> <span class='ocrx_word' id='word_1_756' title='bbox 2395 4816 2496 4867; x_wconf 88' lang='lat' dir='ltr'>aut</span> <span class='ocrx_word' id='word_1_757' title='bbox 2524 4815 2705 4878; x_wconf 88' lang='lat' dir='ltr'>metu,</span> <span class='ocrx_word' id='word_1_758' title='bbox 2732 4812 2821 4867; x_wconf 88' lang='lat' dir='ltr'>vel</span> <span class='ocrx_word' id='word_1_759' title='bbox 2853 4811 2984 4865; x_wconf 93' lang='lat' dir='ltr'>dolo</span> <span class='ocrx_word' id='word_1_760' title='bbox 3006 4814 3201 4865; x_wconf 88' lang='lat' dir='ltr'>exorta</span> <span class='ocrx_word' id='word_1_761' title='bbox 3224 4807 3420 4874; x_wconf 89' lang='lat' dir='ltr'>fuerit,</span> <span class='ocrx_word' id='word_1_762' title='bbox 3446 4804 3677 4861; x_wconf 88' lang='lat' dir='ltr'>nullum</span> 
     </span>
    </p>
   </div>
   <div class='ocr_carea' id='block_1_77' title="bbox 2020 4901 2686 4979">
    <p class='ocr_par' dir='ltr' id='par_1_77' title="bbox 2020 4901 2686 4979">
     <span class='ocr_line' id='line_1_77' title="bbox 2020 4901 2686 4979; baseline -0.003 -22"><span class='ocrx_word' id='word_1_763' title='bbox 2020 4902 2223 4979; x_wconf 88' lang='lat' dir='ltr'>dicunt</span> <span class='ocrx_word' id='word_1_764' title='bbox 2254 4904 2431 4958; x_wconf 90' lang='lat' dir='ltr'>robur</span> <span class='ocrx_word' id='word_1_765' title='bbox 2458 4901 2686 4956; x_wconf 86' lang='lat' dir='ltr'>habere.</span> 
     </span>
    </p>
   </div>
   <div class='ocr_carea' id='block_1_78' title="bbox 2090 4981 3686 5062">
    <p class='ocr_par' dir='ltr' id='par_1_78' title="bbox 2090 4981 3686 5062">
     <span class='ocr_line' id='line_1_78' title="bbox 2090 4981 3686 5062; baseline -0.004 -16"><span class='ocrx_word' id='word_1_766' title='bbox 2090 4992 2403 5047; x_wconf 89' lang='lat' dir='ltr'>Judicandi</span> <span class='ocrx_word' id='word_1_767' title='bbox 2454 5005 2688 5062; x_wconf 91' lang='lat' dir='ltr'>quoque</span> <span class='ocrx_word' id='word_1_768' title='bbox 2736 4989 2976 5061; x_wconf 88' lang='lat' dir='ltr'>pariter,</span> <span class='ocrx_word' id='word_1_769' title='bbox 3010 4990 3069 5042; x_wconf 90' lang='lat' dir='ltr'>et</span> <span class='ocrx_word' id='word_1_770' title='bbox 3107 4981 3421 5039; x_wconf 87' lang='lat' dir='ltr'>accusandi</span> <span class='ocrx_word' id='word_1_771' title='bbox 3452 4982 3515 5037; x_wconf 90' lang='lat' dir='ltr'>in</span> <span class='ocrx_word' id='word_1_772' title='bbox 3564 4998 3686 5039; x_wconf 90' lang='lat' dir='ltr'>uno</span> 
     </span>
    </p>
   </div>
   <div class='ocr_carea' id='block_1_79' title="bbox 2021 5068 3689 5153">
    <p class='ocr_par' dir='ltr' id='par_1_79' title="bbox 2021 5068 3689 5153">
     <span class='ocr_line' id='line_1_79' title="bbox 2021 5068 3689 5153; baseline -0.004 -18"><span class='ocrx_word' id='word_1_773' title='bbox 2021 5082 2347 5153; x_wconf 90' lang='lat' dir='ltr'>eodemque</span> <span class='ocrx_word' id='word_1_774' title='bbox 2378 5080 2633 5152; x_wconf 88' lang='lat' dir='ltr'>negotio,</span> <span class='ocrx_word' id='word_1_775' title='bbox 2679 5080 3089 5149; x_wconf 84' lang='lat' dir='ltr'>cujuscunque</span> <span class='ocrx_word' id='word_1_776' title='bbox 3138 5068 3509 5128; x_wconf 87' lang='lat' dir='ltr'>auctoritatis</span> <span class='ocrx_word' id='word_1_777' title='bbox 3548 5084 3689 5141; x_wconf 91' lang='lat' dir='ltr'>per-</span> 
     </span>
    </p>
   </div>
   <div class='ocr_carea' id='block_1_80' title="bbox 2023 5157 3689 5238">
    <p class='ocr_par' dir='ltr' id='par_1_80' title="bbox 2023 5157 3689 5238">
     <span class='ocr_line' id='line_1_80' title="bbox 2023 5157 3689 5238; baseline -0.005 -13"><span class='ocrx_word' id='word_1_778' title='bbox 2023 5186 2166 5225; x_wconf 88' lang='lat' dir='ltr'>sona</span> <span class='ocrx_word' id='word_1_779' title='bbox 2198 5169 2295 5238; x_wconf 90' lang='lat' dir='ltr'>sit,</span> <span class='ocrx_word' id='word_1_780' title='bbox 2331 5168 2688 5227; x_wconf 91' lang='lat' dir='ltr'>omnimodis</span> <span class='ocrx_word' id='word_1_781' title='bbox 2710 5157 3427 5222; x_wconf 88' lang='lat' dir='ltr'>excluseruntlicentiam.</span> <span class='ocrx_word' id='word_1_782' title='bbox 3466 5162 3689 5217; x_wconf 91' lang='lat' dir='ltr'>Locum</span> 
     </span>
    </p>
   </div>
   <div class='ocr_carea' id='block_1_81' title="bbox 2767 5248 3657 5280">
    <p class='ocr_par' dir='ltr' id='par_1_81' title="bbox 2767 5248 3657 5280">
     <span class='ocr_line' id='line_1_81' title="bbox 2767 5248 3657 5280; baseline 0 0"><span class='ocrx_word' id='word_1_783' title='bbox 2767 5273 2789 5280; x_wconf 69' lang='grc'>..</span> <span class='ocrx_word' id='word_1_784' title='bbox 2827 5256 2946 5280; x_wconf 47' lang='lat' dir='ltr'>LM].</span> <span class='ocrx_word' id='word_1_785' title='bbox 2992 5249 3236 5280; x_wconf 55' lang='grc' dir='ltr'>ᾹΛι-ιιὶηηι</span> <span class='ocrx_word' id='word_1_786' title='bbox 3270 5248 3537 5280; x_wconf 50' lang='grc' dir='ltr'>ιγηνὶξῖιηκῖ</span> <span class='ocrx_word' id='word_1_787' title='bbox 3599 5250 3657 5280; x_wconf 59' lang='grc' dir='ltr'>εἴη</span> 
     </span>
    </p>
   </div>
   <div class='ocr_carea' id='block_1_82' title="bbox 2110 5265 2752 5280">
    <p class='ocr_par' dir='ltr' id='par_1_82' title="bbox 2110 5265 2752 5280">
     <span class='ocr_line' id='line_1_82' title="bbox 2110 5265 2752 5280; baseline 0 0"><span class='ocrx_word' id='word_1_788' title='bbox 2110 5275 2192 5280; x_wconf 57' lang='grc' dir='ltr'>-..Α</span> <span class='ocrx_word' id='word_1_789' title='bbox 2243 5265 2281 5280; x_wconf 56' lang='grc' dir='ltr'>,Ι</span> <span class='ocrx_word' id='word_1_790' title='bbox 2326 5265 2336 5280; x_wconf 85' lang='grc' dir='ltr'>ι</span> <span class='ocrx_word' id='word_1_791' title='bbox 2384 5276 2553 5280; x_wconf 41' lang='grc' dir='ltr'>Ά-λ----</span> <span class='ocrx_word' id='word_1_792' title='bbox 2587 5265 2638 5280; x_wconf 66' lang='grc' dir='ltr'>ἐ..</span> <span class='ocrx_word' id='word_1_793' title='bbox 2681 5272 2752 5280; x_wconf 61' lang='grc' dir='ltr'>με.-</span> 
     </span>
    </p>
   </div>
  </div>
