4030 5310
353 276 433 339 ss
1381 276 1723 338 ATTONIS
1767 224 2348 335 VERCELLENSIS
2392 272 2745 337 EPISGOPI
3680 273 3759 337 56

353 410 411 466 di
441 423 789 481 responsum
822 410 1056 480 propter
1100 408 1503 464 innocentium
1533 408 1992 481 simplicitatem,
2025 407 2080 473 Α
2111 405 2232 461 lum
2266 422 2467 462 eorum
2501 408 2793 463 sententia
2840 424 2955 464 non
2989 424 3023 463 a
3071 424 3177 463 suo
3201 406 3404 479 judice
3430 408 3587 465 dicta
3620 426 3759 466 con-

352 503 409 555 et
444 498 845 571 improborum
902 503 1315 570 argumentosa
1362 499 1838 553 machinamenta
1884 512 1998 551 non

350 588 641 645 modicam
674 591 1108 653 concesserunt,
1142 588 1415 642 Damnari
1439 588 1615 643 etiam
1647 603 1745 642 eos
1777 587 1999 657 absque

352 681 563 733 sanctae
599 677 869 732 Romanis
891 677 1057 732 Sedis
1073 678 1410 732 auctoritate
1436 677 1860 731 interdixerunt
1881 690 2002 729 om-

353 767 525 833 nino;
560 765 826 837 quamvis
857 766 1081 832 audire,
1112 766 1199 820 vel
1223 767 1510 820 discutere
1538 764 2001 836 metropolitanis

353 871 473 911 una
493 872 625 911 cum
657 870 947 910 consensu
980 855 1245 909 omnium
1281 853 1855 925 comprovincialium
1886 852 2005 924 epi-

355 961 666 1017 scoporum
700 944 776 999 sit
805 942 1039 999 licentia
1069 943 1369 998 attributa.

426 1034 535 1088 Sed
570 1049 641 1089 ne
667 1032 886 1104 aliquid
940 1033 1255 1087 enormiter
1303 1032 1462 1102 loqui
1514 1030 1833 1096 videamur,
1868 1046 2001 1084 san-

354 1126 581 1178 ctorum
611 1123 849 1177 Patrum
870 1122 1343 1177 institutionibus
1364 1138 1432 1175 ea
1453 1137 1577 1191 quae
1597 1122 1723 1190 jam
1747 1119 2002 1174 diximus

353 1211 589 1266 interim
621 1212 1005 1266 aflirmemus.
1058 1210 1479 1266 Sanctissimae
1525 1209 1741 1281 quippe
1782 1212 2003 1279 martyr

352 1299 671 1355 Alexander
703 1318 766 1355 ac
787 1301 1080 1355 Romanus
1114 1316 1263 1371 papa
1289 1298 1367 1353 ait
1388 1300 1565 1369 (epist.
1594 1300 1645 1365 1)
1672 1314 1684 1350 :
1720 1320 1745 1346 ‹‹
1771 1296 1829 1351 Si
1870 1296 2002 1367 quis

354 1406 491 1460 erga
556 1389 898 1460 episcopum
950 1389 1032 1443 vel
1084 1394 1304 1443 actores
1360 1387 1625 1441 Ecclesiae
1680 1385 2005 1457 quamlibet

356 1479 651 1549 querelam
686 1480 935 1549 justam,
969 1495 1030 1533 se
1062 1476 1274 1531 habere
1301 1475 1631 1539 crediderit,
1681 1492 1795 1529 non
1840 1474 2003 1545 prius

356 1566 636 1638 primates
666 1571 768 1622 aut
815 1566 957 1621 alios
998 1564 1231 1636 judices
1282 1580 1457 1635 quam
1508 1564 1666 1635 ipsos
1708 1580 1742 1618 a
1789 1562 2003 1634 quibus

357 1672 419 1712 se
451 1656 653 1711 laesum
683 1654 997 1723 existimat,
1032 1653 1337 1709 conveniat
1367 1652 1769 1720 familiariter;
1803 1656 1860 1707 et
1889 1668 2003 1706 non

356 1747 582 1800 tantum
618 1742 817 1810 semel,
852 1744 953 1798 sed
986 1743 1329 1814 saepissime,
1364 1746 1428 1797 ut
1454 1742 1525 1796 ab
1558 1742 1643 1797 eis
1691 1745 1793 1796 aut
1837 1756 2004 1796 suam

350 1833 666 1904 justitiam,
729 1836 829 1887 aut
878 1832 1106 1902 justam
1165 1830 1411 1903 accipiat
1467 1830 1921 1887 excusationem.
1976 1851 2003 1879 »

355 1924 501 1977 Item
531 1921 841 1977 Anacletus
872 1922 1048 1993 (epist.
1071 1924 1143 1976 2:
1167 1944 1195 1971 «
1225 1921 1281 1975 Si
1307 1919 1462 1976 enim
1495 1921 1619 1976 sine
1647 1921 1893 1975 crimine
1915 1936 2006 1974 sa-

353 2011 555 2068 cerdos
588 2010 719 2083 eligi
769 2010 1120 2083 prmoipitur,
1171 2010 1509 2065 nullatenus
1558 2011 1629 2065 ab
1664 2008 2005 2064 hominibus

352 2100 699 2156 criminibus
729 2099 967 2155 irretitis
1015 2100 1276 2154 accusari
1329 2104 1427 2154 aut
1476 2098 1824 2154 caluminari
1876 2115 2003 2169 per-

354 2189 625 2254 mittitur,
649 2204 753 2243 nec
781 2188 851 2242 ab
884 2186 1016 2242 aliis
1046 2204 1221 2258 quam
1256 2188 1327 2241 ab
1355 2187 1445 2241 his
1477 2188 1574 2258 qui
1602 2187 1726 2241 sine
1761 2186 2005 2241 crimine

355 2280 512 2346 sunt,
562 2280 618 2332 et
669 2278 841 2347 juxta
916 2274 1286 2341 electionem,
1337 2276 1384 2330 si
1433 2276 1751 2331 necessitas
1809 2275 2001 2345 fuerit,

355 2370 456 2422 aut
511 2365 621 2436 ipsi
670 2364 911 2421 volendo
968 2365 1214 2420 Domino
1270 2365 1485 2419 servire
1542 2364 1841 2435 elegerint,
1905 2382 2003 2419 sa-

355 2455 733 2525 cerdotesque
765 2454 893 2509 sine
923 2453 1167 2509 crimine
1203 2454 1344 2519 fieri,
1379 2458 1435 2508 et
1459 2454 1717 2509 ordinari
1754 2452 2001 2525 possint,

355 2547 412 2598 et
442 2542 587 2599 tales
612 2560 715 2614 per
744 2542 941 2599 omnia
971 2542 1207 2608 fuerint,
1259 2542 1463 2613 quales
1494 2542 1626 2613 eligi
1673 2544 2003 2598 sacerdotes

346 2631 652 2703 jubentur.
713 2653 742 2681 »
790 2631 1189 2703 Eutychianus
1247 2631 1422 2702 (epist.
1482 2632 1575 2698 2):
1642 2652 1667 2679 ‹‹
1725 2630 2002 2702 Quisquis

352 2721 449 2776 ille
479 2723 568 2777 est
619 2721 717 2792 qui
775 2720 997 2776 crimen
1056 2720 1328 2789 intendit,
1387 2720 1445 2775 in
1489 2720 1781 2791 judicium
1812 2720 2004 2774 veniat

353 2826 563 2865 nomen
600 2810 680 2865 rei
706 2809 946 2874 indicet,
980 2809 1279 2864 vinculum
1307 2808 1705 2881 inscrpitionis
1738 2808 1998 2880 arripiat,

352 2899 630 2955 custodian
652 2896 1125 2963 similitudinem,
1141 2898 1342 2954 habita
1362 2903 1555 2953 tamen
1575 2898 1879 2969 dignitatis
1892 2898 2003 2953 exi-

352 2987 993 3059 stimatione,patiatur,
1015 3002 1086 3041 ne
1110 2987 1253 3041 forte
1280 2986 1503 3041 noverit
1523 2986 1632 3041 sibi
1656 2985 2000 3041 attributam

350 3076 643 3133 licentiam
662 3075 1141 3141 mentiendi,cum
1160 3075 1583 3131 calumniantes
1599 3076 1667 3130 ad
1684 3075 1998 3130 vindictam

2110 495 2377 567 stringat.
2416 517 2442 545 ››
2478 497 2543 551 Et
2570 497 2756 552 idem:
2792 520 2819 547 ‹‹
2870 496 3186 553 Duodecim
3229 498 3463 569 judices
3512 498 3762 570 quilibet

2108 584 2417 656 episcopus
2448 589 2776 655 accusatus,
2811 586 2860 642 si
2883 603 3119 643 necesse
3139 587 3331 658 fuerit,
3351 587 3546 660 eligat,
3580 605 3613 644 a
3633 589 3759 660 qui-

2107 674 2219 729 bus
2252 676 2378 745 ejus
2411 690 2589 730 causa
2612 676 2773 746 juste
2796 677 3129 746 judicetur;
3156 692 3260 731 nec
3289 678 3452 748 prius
3485 678 3760 733 audiatur

2111 767 2210 816 aut
2229 764 2770 819 excommunicetur
2790 764 2873 819 vel
2889 764 3208 835 judicetur,
3234 782 3411 837 quam
3434 766 3545 837 ipsi
3576 783 3677 838 per
3698 783 3760 823 se

2110 851 2347 923 eligant.
2386 874 2412 901 »
2447 854 2514 907 Et
2542 852 2722 910 Felix:
2760 876 2786 902 «
2818 859 2893 909 De
2913 854 3165 909 induciis
3186 870 3318 910 vero
3348 856 3759 927 episcoporum

2111 957 2287 1010 super
2316 942 2530 1011 quibus
2560 943 2963 1009 consuluistis,
2997 944 3261 998 diversas
3299 960 3333 998 a
3363 944 3634 999 Patribus
3668 960 3761 998 re-

2110 1028 2278 1101 gulas
2309 1028 2639 1085 invenimus
2672 1031 2993 1087 institutas.
3027 1032 3274 1095 Quidam
3299 1032 3453 1087 enim
3478 1034 3547 1087 ad
3582 1031 3764 1104 repel-

2112 1119 2285 1173 lenda
2314 1119 2721 1191 imperitorum
2753 1121 3248 1191 machinamenta,
3281 1126 3336 1177 et
3369 1138 3506 1177 suas
3538 1137 3759 1194 praepa-

2112 1208 2326 1263 randas
2346 1209 2773 1281 responsiones,
2802 1213 2857 1264 et
2874 1214 3050 1265 testes
3074 1209 3525 1277 confirmandos,
3543 1216 3600 1265 et
3622 1227 3759 1266 con-

2112 1294 2244 1350 silia
2273 1295 2701 1367 episcoporum,
2727 1303 2901 1370 atque
2933 1299 3254 1353 amicorum
3298 1301 3630 1370 quaerenda,
3663 1317 3760 1354 an—

2113 1401 2255 1438 num
2286 1390 2343 1439 et
2375 1402 2473 1439 sex
2506 1402 2737 1441 menses
2760 1387 3182 1441 mandaverunt
3207 1387 3442 1443 concedi
3472 1406 3485 1455 ;
3521 1388 3758 1458 quidam

2114 1478 2308 1528 autem
2340 1490 2559 1529 annum
2588 1475 2646 1529 in
2678 1492 2792 1546 quo
2841 1475 3079 1548 plurimi
3137 1476 3510 1532 concordant.
3569 1476 3760 1531 Minus

2111 1579 2244 1617 vero
2277 1578 2455 1634 quam
2499 1579 2597 1617 sex
2642 1580 2871 1620 menses
2921 1582 3035 1620 non
3085 1563 3289 1637 reperi.
3326 1588 3353 1614 ››
3405 1565 3629 1621 Rursus
3660 1566 3760 1621 Ze-

2115 1652 2399 1723 phyrinus
2431 1653 2648 1723 (ibat):
2702 1676 2729 1702 ‹‹
2782 1654 3135 1710 Patriarcbze
3180 1669 3314 1710 vero
3341 1654 3428 1711 vel
3478 1654 3761 1726 primates

2115 1744 2453 1796 accusatum
2484 1741 2867 1797 discutientes
2914 1744 3277 1815 episcopum,
3313 1759 3426 1798 non
3468 1748 3603 1799 ante
3629 1760 3759 1799 sen-

2117 1830 2359 1885 tentiam
2389 1831 2687 1901 proferant
2734 1831 3037 1898 finitivam,
3074 1849 3251 1904 quam
3284 1833 3603 1905 apostolica
3633 1832 3762 1888 fulti

2117 1918 2477 1989 auctoritate,
2513 1923 2613 1974 aut
2643 1936 2805 1975 reum
2830 1921 3091 1993 seipsum
3113 1922 3478 1991 confiteatur,
3504 1926 3603 1977 aut
3662 1938 3763 1994 per

2116 2006 2453 2062 innocentes
2502 2012 2559 2062 et
2608 2008 2953 2080 regulariter
2999 2010 3361 2065 examinatos
3390 2010 3765 2065 convincatur

2114 2100 2314 2161 testes,
2348 2096 2447 2167 qui
2480 2096 2687 2152 minori
2723 2115 2837 2153 non
2870 2097 2987 2155 sint
3015 2114 3255 2154 numero
3287 2096 3566 2170 quamilli
3594 2098 3764 2155 disci-

2114 2183 2236 2255 puli
2264 2185 2519 2254 fuerunt,
2544 2203 2691 2257 quos
2723 2186 3006 2241 Dominus
3026 2188 3433 2258 adjumentum
3466 2186 3762 2259 apostolo-

2114 2290 2246 2328 rum
2277 2273 2490 2345 eligere
2522 2276 2807 2346 praecepit.
2846 2298 2873 2324 n
2914 2276 2974 2331 Id
3008 2282 3115 2343 est,
3151 2278 3523 2348 septuaginta
3549 2276 3685 2331 duo.

2186 2363 2399 2417 Multos
2432 2363 2605 2418 etiam
2630 2370 2688 2419 et
2709 2364 2853 2419 alios
2880 2371 3092 2421 sancte:
3118 2364 3382 2421 Ecclesiae
3414 2365 3678 2420 doctores
3702 2365 3758 2419 in

2113 2451 2205 2507 his
2236 2453 2510 2508 omnibus
2555 2454 2856 2522 assentire,
2917 2471 3206 2510 canonum
3253 2454 3443 2510 edicta
3495 2458 3761 2526 patenter

2113 2542 2431 2597 ostendunt
2448 2559 2459 2608 ;
2478 2543 2575 2597 sed
2604 2559 2757 2598 nunc
2781 2545 2934 2615 quod
2957 2545 3179 2617 absque
3195 2544 3413 2617 injuria
3433 2548 3645 2602 sancta:
3663 2545 3759 2601 Dei

2114 2630 2375 2686 Ecclesiae
2408 2630 2596 2687 dicere
2614 2648 2727 2687 non
2761 2649 3103 2706 possumus,
3137 2634 3249 2690 heu
3277 2635 3288 2689 l
3314 2635 3373 2690 in
3399 2638 3629 2690 tantum
3652 2634 3761 2690 hoc

2112 2719 2395 2787 aboletur,
2430 2725 2495 2775 ut
2526 2721 2583 2775 in
2617 2721 2883 2777 ordinata
2898 2722 3073 2779 etiam
3097 2723 3466 2780 accusatione
3486 2724 3759 2779 vixlocus

2112 2808 2631 2881 maneatlegitimae
2656 2811 3032 2867 defensionis.
3073 2813 3187 2869 Nec
3206 2813 3759 2885 approbandajudi-

2112 2904 2246 2954 cant
2276 2916 2404 2969 quae
2436 2899 2636 2971 inique
2666 2901 2977 2972 objiciunt,
3001 2901 3103 2957 sed
3134 2904 3546 2958 tantummodo
3570 2902 3758 2957 vindi-

2111 3004 2241 3043 care
2272 3005 2530 3060 quaequae
2563 2988 2728 3044 illata
2756 2996 3044 3061 quaerunt.
3071 2992 3231 3057 Quod
3258 2991 3305 3045 si
3329 2992 3399 3046 de
3424 2990 3761 3047 defensione

2114 3078 2263 3147 apud
2297 3093 2395 3132 eos
2426 3078 2724 3148 quaeritur,
2758 3080 2916 3133 omni
2950 3077 3214 3150 synodali
3248 3095 3495 3133 censura
3527 3081 3761 3151 postpo-

352 3170 554 3237 poscat
583 3164 909 3221 similitudo
932 3164 1223 3235 supplicii.
1248 3186 1275 3213 ››
1297 3166 1521 3219 Rursus
1542 3166 1729 3219 isdem
1754 3166 2001 3219 Alexan-
2034 3148 2076 3213 C
2116 3165 2247 3231 sita,
2282 3165 2406 3218 suis
2454 3148 3191 3220 adinventionibusitalem
3252 3166 3373 3220 fieri
3406 3148 3758 3236 dijudicaint,

353 3256 457 3310 der
486 3256 663 3324 (epist.
697 3254 787 3323 1):
834 3275 860 3301 ‹‹
912 3252 1190 3305 Similiter
1238 3253 1287 3305 si
1337 3252 1681 3321 bujusmodi
1731 3253 1995 3324 personis

351 3343 620 3416 quasdam
653 3340 963 3412 sbripturae
988 3340 1281 3410 quomodo
1306 3341 1477 3396 modo
1503 3357 1601 3411 per
1619 3346 1861 3412 metum,
1896 3346 1997 3397 aut

349 3432 636 3497 fraudem,
691 3437 794 3485 aut
834 3445 937 3501 per
966 3430 1081 3483 vim
1111 3432 1342 3484 extortae
1368 3430 1606 3499 fuerint,
1638 3431 1724 3485 vel
1757 3435 1820 3485 ut
1851 3447 1912 3486 se
1935 3430 1996 3484 li-

349 3521 551 3576 berare
583 3524 843 3591 possent,
877 3534 1228 3589 quocunque
1273 3519 1345 3573 ab
1403 3518 1487 3574 eis
1517 3518 1875 3591 conscriptae,
1907 3520 1995 3575 vel

349 3608 630 3665 roborata;
645 3606 1123 3678 fuerintingenio,
1140 3607 1211 3662 ad
1235 3606 1462 3662 nullum
1488 3607 1570 3663 eis
1594 3607 1995 3679 przejudicium

351 3702 453 3751 aut
481 3700 897 3751 nocumentum
924 3696 1224 3767 provenire
1248 3711 1574 3751 censemus.
1618 3718 1647 3744 ››
1704 3697 1996 3752 Fabianus

348 3788 527 3857 (epist.
559 3785 615 3856 2)
642 3800 653 3839 :
692 3806 720 3835 «
750 3785 865 3839 Nec
887 3784 1044 3839 ullus
1067 3801 1325 3855 unquam
1350 3789 1667 3856 praesumat
1696 3790 1999 3841 accusator

351 3874 527 3930 simul
557 3890 685 3929 esse
733 3877 790 3929 et
812 3874 994 3943 judex
1045 3877 1099 3927 et
1151 3872 1337 3938 testis,
1389 3874 1667 3945 quoniam
1722 3876 1779 3929 in
1839 3875 1994 3929 omni

345 3964 568 4035 judicio
593 3968 845 4035 quatuor
862 3979 1140 4035 personas
1163 3979 1398 4019 necesse
1412 3968 1497 4018 est
1519 3980 1751 4035 semper
1771 3964 1994 4019 adesse:

351 4052 408 4109 id
444 4056 551 4116 est,
575 4053 812 4123 judices
842 4052 1074 4120 electos,
1123 4057 1179 4107 et
1208 4057 1601 4119 accusatores,
1634 4069 1699 4106 ac
1732 4053 1999 4107 defenso-

354 4159 467 4213 res,
500 4147 675 4213 atque
704 4145 901 4197 testes.
938 4164 965 4189 ››
1000 4140 1153 4195 Felix
1185 4141 1398 4211 quippe
1424 4142 1504 4195 ait
1536 4142 1709 4211 (epist.
1747 4142 1833 4210 2):
1870 4165 1898 4190 «
1940 4141 1998 4196 Si

355 4231 491 4302 quis
514 4231 825 4302 episcopus
843 4230 915 4284 ab
939 4228 1055 4283 illis
1087 4229 1523 4285 accusatoribus
1555 4230 1653 4300 qui
1686 4229 2001 4301 recipiendi

357 4322 518 4385 sunt,
551 4318 721 4373 fuerit
743 4322 1075 4383 accusatus,
1104 4322 1414 4388 postquam
1446 4318 1566 4389 ipse
1594 4318 1665 4373 ab
1697 4320 1780 4373 eis
1812 4318 2000 4374 chari-

356 4408 535 4462 tative
566 4412 881 4461 conventus
911 4406 1102 4476 fuerit,
1124 4407 1394 4477 utipsam
1429 4423 1663 4462 causam
1692 4408 2000 4463 emendare

2105 3269 2281 3323 quam
2314 3253 2571 3307 accusati
2607 3252 2848 3324 implere
2872 3252 3113 3308 minime
3136 3253 3390 3319 valeant,
3412 3253 3501 3309 vel
3533 3271 3660 3326 quae
3697 3254 3762 3309 il-

2105 3342 2191 3398 los
2216 3342 2349 3412 jure
2380 3341 2554 3396 officii
2585 3341 2822 3397 omnino
2852 3342 3194 3414 impediant,
3229 3349 3287 3397 ut
3319 3342 3378 3398 in
3429 3344 3760 3401 sacerdotes

2107 3430 2203 3485 Dei
2219 3428 2459 3485 liberius
2483 3430 2998 3503 smviant.Qnippe,
3015 3447 3147 3487 cum
3170 3432 3494 3487 secundum
3520 3433 3757 3488 beatum

2105 3517 2350 3573 Paulum
2383 3517 2714 3589 apostolum
2744 3518 2856 3590 ipsi
2900 3519 3011 3574 sibi
3056 3520 3177 3575 sint
3206 3520 3295 3576 lex
3331 3522 3507 3591 (Rom.
3544 3534 3607 3589 ΙΙ,
3642 3524 3754 3593 14),

2108 3610 2494 3673 accusatores,
2543 3606 2774 3677 judices
2824 3611 2881 3662 et
2925 3611 3126 3676 testes,
3157 3625 3270 3665 non
3318 3609 3541 3665 ratione
3572 3610 3671 3665 sed
3702 3611 3756 3665 vi

2106 3696 2218 3767 ipsi
2246 3694 2469 3768 [simul]
2502 3694 2782 3750 existunt.
2803 3696 3469 3770 Satisfactionemigitur
3499 3700 3757 3754 accusati

2108 3784 2425 3840 sacerdotis
2458 3783 2592 3853 [sub
2620 3785 3001 3855 jurejurando
3035 3786 3277 3842 minime
3308 3788 3507 3842 dicunt
3537 3787 3753 3856 valere,

2110 3873 2219 3929 nisi
2249 3874 2444 3945 plures
2476 3874 2650 3928 etiam
2684 3877 3014 3930 sacerdotes
3047 3877 3270 3947 secum]
3300 3875 3613 3948 compellat
3652 3877 3759 3947 ju-

2110 3964 2471 4033 rare,inique
2504 3962 2609 4017 hoc
2637 3968 3004 4019 assumentes
3044 3964 3101 4018 in
3140 3964 3562 4033 testimonium,
3599 3967 3755 4037 quod

2112 4052 2331 4106 factum
2387 4067 2447 4105 se
2479 4050 2690 4122 legisse
2714 4054 2942 4121 jactant
2992 4053 3049 4106 in
3102 4053 3327 4109 actibus
3359 4054 3755 4109 Romanorum

2111 4139 2477 4212 pontiﬁcum.
2512 4141 2654 4194 Nam
2690 4141 2842 4212 quod
2899 4141 2969 4196 de
3002 4141 3250 4197 Damaso
3281 4146 3336 4197 et
3366 4142 3545 4211 Sixto,
3581 4148 3757 4214 atque

2109 4228 2457 4300 Symmacho
2486 4228 2915 4285 venerabilibus
2946 4230 3318 4301 pontificibus
3350 4231 3665 4297 invenitur,
3690 4248 3756 4287 eo

2111 4319 2267 4388 quod
2300 4318 2438 4372 dum
2464 4334 2497 4372 a
2519 4317 2871 4387 quibusdam
2892 4318 3181 4389 perversis
3203 4319 3273 4374 de
3296 4314 3643 4376 criminibus
3667 4338 3758 4376 ac-

2111 4412 2475 4473 cusarentur,
2497 4405 2750 4461 collectis
2773 4408 3177 4478 episcoporum
3203 4407 3464 4463 conciliis
3483 4410 3757 4481 synodica

357 4496 589 4563 debeat,
624 4500 678 4550 et
707 4512 833 4549 eam
868 4495 1150 4565 corrigere
1200 4496 1485 4555 noluerit;
1533 4513 1646 4551 non
1678 4496 1838 4563 olim,
1899 4497 1997 4552 sed
2032 4509 2078 4572 D
2113 4497 2341 4568 purgati
2373 4498 2531 4561 sunt,
2562 4494 2671 4549 hoc
2702 4512 2767 4555 se,
2810 4495 2903 4550 his
2950 4496 3140 4551 verbis
3169 4495 3404 4566 penitus
3437 4497 3757 4569 intelligere

353 4588 493 4641 tunc
522 4585 593 4639 ad
620 4600 884 4639 summos
917 4583 1198 4655 primates
1231 4600 1406 4638 causa
1428 4586 1554 4655 ejus
1586 4586 1861 4643 canonice
1892 4588 1995 4643 de-

356 4675 593 4741 feratur,
619 4674 717 4744 qui
743 4673 799 4727 in
832 4689 1088 4744 congruo
1110 4671 1233 4727 loco
1258 4673 1407 4727 infra
1428 4672 1615 4744 ipsam
1640 4675 1996 4745 provinciam

358 4767 617 4835 tempore
648 4777 923 4833 congruo,
949 4761 1001 4815 id
1038 4765 1127 4816 est
1146 4761 1493 4829 autumnali,
1515 4762 1605 4817 vel
1624 4762 1842 4835 aestivo,
1868 4782 2002 4819 con-

359 4852 558 4907 cilium
592 4850 935 4924 regulariter
964 4866 1279 4905 convocare
1331 4850 1647 4919 debebunt,
1706 4852 1787 4907 ita
1830 4858 1892 4907 ut
1931 4854 2003 4906 ab

358 4940 634 4996 omnibus
666 4940 931 5011 ejusdem
965 4939 1268 5010 provinciae
1298 4940 1587 5010 episcopis
1620 4939 1761 4995 inibi
1797 4942 2001 4996 audia-

359 5033 473 5083 tur.
500 5029 620 5092 Quo
642 5028 766 5098 ipse
790 5032 845 5082 et
868 5026 1212 5099 regulariter
1229 5033 1594 5092 convocatus,
1617 5028 1665 5082 si
1685 5044 1819 5083 cum
1840 5030 1999 5084 infir-

360 5116 556 5183 mitas,
591 5120 693 5169 aut
722 5116 835 5171 alia
883 5116 1076 5188 gravis
1122 5116 1437 5171 necessitas
1495 5133 1608 5171 non
1664 5118 1998 5187 detinuerit,

356 5205 562 5262 adesse
593 5202 854 5270 debebit;
889 5205 984 5273 qui
1008 5204 1161 5260 ultra
1191 5203 1497 5275 provinciae
1530 5206 1812 5261 terminos
1838 5223 2005 5262 accu-

2111 4586 2385 4647 fatentur,
2420 4584 2573 4653 quod
2606 4599 2808 4637 omnes
2860 4582 3115 4654 praedicti
3156 4584 3409 4656 episcopi
3443 4600 3577 4641 cum
3608 4586 3755 4659 ipsis

2113 4673 2511 4746 pontificibus,
2546 4687 2647 4742 pro
2680 4671 2858 4727 illatis
2885 4674 3189 4742 jurasscnt
3210 4673 3753 4749 criminibus,quasi

2112 4780 2228 4818 non
2261 4778 2357 4817 eos
2380 4759 2613 4832 propria
2632 4763 3039 4817 tantummodo
3061 4760 3385 4818 absolveret
3414 4764 3751 4833 satisfactio,

2113 4850 2227 4905 nisi
2260 4849 2367 4904 hoc
2419 4849 2596 4903 etiam
2649 4849 3053 4920 praedictorum
3104 4852 3461 4907 confratrum
3494 4853 3753 4907 firmaret

2104 4939 2343 5011 juratio.
2379 4939 2556 4993 Nobis
2591 4942 2787 4992 tamen
2837 4939 2989 5009 quod
3037 4938 3118 4994 sic
3168 4938 3613 5012 intelligendum
3655 4940 3748 5009 sit,

2112 5044 2307 5084 revera
2330 5044 2442 5082 non
2478 5032 2655 5098 patet.
2690 5026 2868 5081 Plane
2898 5028 3052 5081 enim
3076 5044 3108 5082 a
3139 5027 3432 5099 praedictis
3462 5027 3751 5100 episcopis

2112 5118 2414 5189 praedictos
2438 5115 2738 5184 pontifices
2755 5119 3034 5187 purgatos
3051 5117 3394 5188 accipimus,
3414 5116 3461 5172 si
3487 5117 3748 5189 ipsorum

2112 5205 2503 5277 suggestione,
2521 5203 2753 5275 propria
2769 5206 3176 5260 tantummodo
3191 5206 3589 5263 satisfactione
3606 5206 3750 5279 ipsis
