4030 5310
213 261 283 323 57
1052 261 1154 322 DE
1200 258 1629 325 PBESSUlllS
1674 260 2323 326 ECOLESIASTIGIS.
2354 296 2434 311 —
2462 262 2664 326 PARS
2706 264 2756 326 Ι.
3530 262 3607 325 58

216 391 297 448 dis
321 390 551 464 (placet.
582 391 999 450 Verumtamen
1025 393 1158 450 licet
1188 411 1589 467 perversorum
1614 394 1851 451 infesta-
1882 396 1937 462 Α
1968 394 2201 468 propria
2226 394 2411 452 solum
2443 413 2617 452 manu
2652 395 2909 469 praestita
2940 399 3302 451 sacramento
3332 394 3607 453 omnibus

213 482 359 537 tione
388 481 447 535 in
483 482 799 554 primitiva]
859 484 1118 539 Ecclesia
1177 484 1285 539 hoc
1342 485 1466 539 fieri
1524 485 1845 557 potuisset;

216 570 454 643 [nullum
479 577 676 626 tamen
699 573 1054 645 exemplum]
1078 573 1133 628 in
1159 578 1455 645 posterum
1481 572 1729 645 relinqui
1751 575 1848 628 de-

214 660 355 714 buit.
386 661 506 724 Quo
536 662 755 716 etenim
790 668 991 718 sancto
1025 661 1292 729 concilio,
1325 662 1415 717 vel
1456 663 1623 733 cujus
1657 662 1850 717 catho-

213 749 305 806 lici
325 754 377 804 et
396 749 639 820 apostoli
667 750 773 805 viri
796 752 1026 806 decreto
1067 751 1354 807 sancitum
1397 752 1491 819 sit,
1520 751 1849 806 sacerdotes

214 838 307 893 Dei
328 854 358 891 a
377 838 723 893 criminibus
750 839 967 895 absolvi
994 856 1110 894 non
1138 857 1326 911 posse,
1353 841 1463 895 nisi
1489 841 1847 895 confratrum

214 926 619 997 satisfactione,
645 928 877 1000 penitus
900 929 1260 1001 ignoramus.
1305 931 1447 985 Cum
1472 929 1624 984 enim
1650 946 1847 985 sacra-

212 1019 395 1070 menta
427 1017 705 1072 omnibus
753 1017 1066 1073 interdicta
1114 1019 1234 1074 sint
1281 1019 1647 1085 Christianis,
1682 1018 1847 1073 valde

210 1104 589 1176 perniciosum
619 1112 707 1161 est
732 1110 1063 1164 sacerdotes
1108 1109 1178 1163 ad
1211 1108 1331 1163 haec
1362 1108 1540 1163 etiam
1573 1107 1717 1163 alios
1748 1123 1848 1161 co-

208 1208 349 1265 gere,
379 1196 540 1250 unde
570 1200 690 1251 tam
722 1212 784 1252 se
811 1197 1124 1263 custodire,
1159 1214 1336 1270 quam
1368 1202 1425 1252 et
1456 1196 1597 1252 alios
1628 1198 1842 1251 debue-

208 1287 326 1338 rant
346 1299 611 1355 arguere.
636 1286 728 1341 Ait
753 1287 1032 1342 Dominus
1072 1288 1132 1341 in
1158 1286 1463 1358 Evangelio
1486 1303 1497 1340 :
1524 1287 1629 1357 Ego
1659 1295 1848 1341 autem

206 1372 311 1426 dico
338 1372 509 1441 vobis,
553 1390 663 1429 non
720 1376 908 1443 iurare
963 1376 1188 1430 omnino
1247 1374 1451 1445 (Matth.
1515 1392 1571 1442 v,
1635 1375 1746 1444 34).
1782 1375 1847 1429 Et

205 1460 448 1516 Jacobus
481 1462 782 1533 apostolus
836 1467 1269 1519 sacramentum
1321 1464 1631 1535 perhibens
1664 1462 1841 1517 dicit:

204 1550 331 1605 Ante
356 1552 567 1617 omnia,
596 1555 802 1623 fratres
834 1555 963 1619 mei,
1010 1553 1183 1608 nolite
1226 1554 1427 1624 jurare
1472 1555 1613 1623 (Jac.
1644 1568 1699 1621 v,
1734 1553 1841 1623 12).

204 1640 265 1743 lit
288 1640 590 1697 Cornelius
636 1658 789 1743 papa
841 1640 922 1697 ait
970 1644 1144 1713 (epist.
1176 1645 1271 1710 2):
1325 1666 1353 1691 «
1398 1641 1843 1742 Sacramentum

1962 485 2261 540 satisfecit.
2296 485 2577 541 Similiter
2605 491 2661 541 et
2693 484 3044 541 venerabilis
3077 502 3228 557 papa
3259 484 3393 553 Leo,
3416 501 3549 540 cum
3572 503 3606 541 a

1958 575 2314 645 quibusdam
2347 574 2627 631 falsidicis
2661 575 2730 631 de
2762 575 3007 631 crimine
3038 576 3213 630 etiam
3246 574 3603 644 fatigaretur,

1959 680 2063 719 suo
2096 668 2326 719 tantum
2359 668 2642 737 purgatus
2674 670 2760 719 est
2800 674 3183 720 sacramento.
3217 663 3427 718 Beatus
3459 679 3606 734 quo-

1958 768 2069 824 que
2094 754 2427 825 Gregorius,
2446 753 2790 810 universalis
2812 759 3009 827 pastor
3029 752 3293 809 Ecclesiae
3324 756 3381 808 et
3411 752 3470 807 in
3494 752 3612 808 dis-

1958 841 2245 897 cutiendis
2274 844 2637 897 sacerdotum
2664 842 3011 897 criminibus
3034 841 3452 914 sagacissimus
3475 859 3605 914 per-

1958 936 2264 1000 scrutator,
2291 931 2745 1004 quibuscunque
2777 935 3079 987 accusatos
3110 930 3456 987 criminibus
3476 936 3607 1003 post

1956 1024 2145 1074 actam
2179 1021 2638 1075 satisfactionem
2670 1021 2829 1075 omni
2882 1021 3099 1076 honore
3130 1020 3430 1076 habendos
3462 1038 3602 1076 con-

1956 1108 2316 1164 stantissime
2348 1110 2719 1181 praedicabat.
2765 1110 2927 1173 Quod
2958 1110 3131 1165 etiam
3182 1110 3253 1164 de
3302 1110 3487 1165 Leone
3515 1125 3607 1165 ve-

1956 1197 2200 1251 nerabili
2259 1199 2553 1271 episcopo,
2616 1204 2671 1255 et
2728 1203 2933 1254 Menna
2990 1216 3213 1254 necnon
3263 1203 3319 1254 et
3348 1197 3601 1254 Maximo

1955 1284 2292 1341 Salonitano
2332 1288 2603 1360 episcopo
2636 1287 2837 1344 multis
2886 1288 3234 1343 criminibus
3278 1289 3434 1359 apud
3467 1304 3601 1342 eum

1954 1381 2244 1443 accusato,
2279 1377 2619 1449 caeterisque
2652 1377 3052 1449 compluribus
3083 1377 3507 1444 sacerdotibus,
3541 1376 3601 1431 in

1952 1464 2183 1535 paginis
2216 1464 2307 1520 sui
2340 1466 2569 1536 registri
2602 1466 2967 1522 lucidissime
3020 1465 3447 1538 conspeximus.
3494 1465 3606 1520 Ve-

1953 1558 2287 1609 rumtamen
2312 1555 2360 1609 si
2386 1554 2760 1610 sacerdotalis
2786 1557 2977 1611 status
2992 1555 3160 1625 juxta
3180 1570 3488 1627 pravorum
3515 1571 3607 1609 ex-

1954 1640 2287 1712 quireretur
2317 1644 2428 1715 (34)
2459 1644 2837 1710 voluntatem,
2884 1648 2985 1699 aut
3014 1643 3125 1715 vix,
3158 1648 3258 1699 aut
3286 1643 3485 1699 nullus
3516 1643 3605 1698 in-

203 1728 481 1785 hactenus
510 1746 542 1785 a
571 1728 823 1786 summis
846 1732 1249 1787 sacerdotibus
1270 1731 1441 1803 exigi,
1466 1730 1579 1785 nisi
1604 1747 1704 1801 pro
1728 1731 1841 1786 fide
1876 1766 1924 1829 B
1954 1732 2248 1787 veniretur
2280 1734 2570 1788 sacerdos.

205 1822 347 1874 recta
373 1820 619 1876 minime
650 1822 1051 1892 cognovimus,
1088 1837 1193 1876 nec
1243 1826 1450 1893 sponte
1493 1836 1592 1876 eos
1614 1821 1848 1890 jurasse

202 1909 534 1979 reperimus.
561 1931 588 1959 »
615 1910 725 1965 Sed
750 1914 808 1965 et
832 1910 965 1981 quis
990 1910 1231 1966 adverso
1250 1908 1846 1982 principe,judicibus

206 2013 416 2068 quoque
453 1997 709 2066 infestis,
752 2004 931 2054 testes
983 2015 1182 2054 secum
1233 1999 1555 2053 conducere
1596 1995 1747 2052 valet
1774 1997 1843 2051 ad

211 2102 419 2141 causam
448 2086 480 2140 *ἲ
504 2086 781 2158 Nunquid
802 2088 1021 2159 Joseph
1070 2086 1374 2142 mentienti
1398 2087 1648 2141 dominae
1671 2090 1847 2141 testes

214 2191 484 2245 apponere
523 2176 733 2247 potuit,
767 2193 840 2231 ne
872 2175 1120 2232 carceris
1154 2180 1399 2231 sentiret
1438 2174 1713 2244 injuriam
1744 2177 1765 2229 Ρ
1793 2178 1849 2229 et

211 2268 377 2317 tamen
401 2266 616 2336 justus
648 2264 923 2320 inventus
957 2269 1060 2319 est.
1117 2264 1339 2319 Carceri
1393 2264 1627 2335 quidem
1660 2262 1849 2336 potuit

206 2352 537 2425 mancipari,
561 2354 661 2408 sed
680 2358 875 2408 tamen
893 2354 1126 2408 crimini
1146 2353 1306 2409 nullo
1327 2354 1499 2408 modo
1518 2352 1844 2424 subjugari.

203 2438 595 2496 Valueruntne
643 2442 963 2498 Nabuthst
1013 2447 1191 2498 testes
1240 2459 1597 2507 succurrere,
1632 2458 1765 2496 cum
1797 2440 1848 2495 ei

200 2528 369 2600 regali
393 2530 641 2585 avaritia
662 2530 857 2587 dolose
880 2532 1173 2601 abjectum
1206 2533 1302 2601 sit,
1332 2532 1485 2603 quod
1512 2530 1847 2585 maledixis-

196 2621 274 2672 set
308 2622 422 2674 Deo
456 2624 513 2673 et
556 2619 726 2691 regi?
766 2622 851 2675 Au
899 2622 1104 2676 beatus
1156 2638 1306 2692 papa
1355 2620 1634 2676 Silverius
1669 2624 1849 2675 testes

192 2707 515 2762 conducere
538 2712 783 2778 poterat,
808 2709 907 2780 qui
933 2709 1265 2781 principum
1303 2709 1570 2777 factione,
1600 2725 1664 2763 eo
1693 2709 1847 2779 quod

188 2794 368 2850 nollet
391 2811 599 2851 eorum
628 2797 820 2868 pravis
842 2798 1073 2853 obedire
1106 2798 1427 2863 mandatis,
1459 2797 1600 2851 false
1623 2798 1692 2851 de
1717 2813 1848 2866 pro-

184 2880 410 2937 ditione
434 2898 678 2936 suorum
702 2883 1052 2949 concivium,
1076 2883 1316 2954 insuper
1337 2890 1391 2936 et
1410 2883 1672 2952 ipsorum
1696 2882 1850 2951 prin-

180 2968 384 3040 cipum
406 2974 722 3024 accusatus
745 2969 1108 3035 infidelitate,
1136 2987 1268 3024 mox
1291 2968 1478 3024 exsilii
1502 2986 1673 3040 poena
1690 2970 1849 3024 dam-

180 3061 356 3113 natus
380 3059 494 3123 est,
545 3058 647 3111 sed
699 3056 917 3128 inique.
952 3055 1151 3112 Exsilii
1184 3057 1420 3128 quidem
1453 3073 1682 3128 pcenam
1711 3057 1841 3112 ideo

2027 1821 2261 1876 Addunt
2284 1822 2544 1893 insuper,
2570 1821 2847 1893 quoniam
2877 1822 2925 1877 si
2968 1822 3180 1894 aliquis
3216 1820 3471 1877 militum
3508 1840 3606 1877 sa-

1956 1910 2215 1965 cerdotes
2238 1911 2338 1965 Dei
2360 1911 2418 1965 in
2442 1909 2684 1966 crimine
2723 1911 3061 1983 pulsaverit,
3084 1928 3186 1983 per
3220 1927 3472 1984 pugnam
3497 1911 3607 1967 hoc

1957 1997 2241 2069 singulari
2261 1997 2577 2053 certamine
2594 2015 2720 2054 esse
2739 1998 3157 2055 dicernendum
3177 2000 3309 2071 (35),
3330 2000 3430 2055 sed
3449 1999 3605 2054 istud

1947 2087 2241 2158 judicium
2294 2088 2685 2157 quorumdam
2742 2086 3022 2143 laicorum
3078 2087 3445 2142 solummodo
3496 2090 3603 2155 est,

1957 2176 2111 2247 quod
2135 2192 2235 2230 nec
2258 2176 2404 2247 ipsis
2423 2176 2599 2230 etiam
2624 2177 2863 2231 omnino
2885 2176 3263 2248 approbatur.
3281 2174 3427 2231 Nam
3452 2193 3603 2248 saepe

1956 2265 2297 2320 innocentes
2344 2264 2501 2331 victi,
2549 2269 2821 2320 nocentes
2858 2282 2990 2320 vero
3012 2263 3257 2320 victores
3292 2264 3351 2319 in
3376 2262 3474 2319 tali
3501 2266 3605 2335 ju-

1956 2352 2105 2407 dicio
2138 2368 2264 2408 esse
2294 2353 2584 2409 videntur.
2624 2354 2767 2408 Dicit
2814 2354 2969 2409 enim
3015 2353 3222 2409 beatus
3253 2353 3603 2425 Gregorius:

1958 2440 2097 2505 Quis
2115 2440 2401 2513 intelligat
2413 2458 2537 2513 qum
2552 2457 2678 2497 esse
2694 2441 2839 2498 ratio
2851 2444 3202 2497 secretorum
3219 2444 3428 2513 potest,
3449 2440 3604 2513 quod

1958 2546 2107 2601 saepe
2129 2530 2429 2601 virjustus
2456 2549 2487 2586 a
2519 2530 2744 2602 judicio
2780 2549 2893 2587 non
2921 2530 3110 2587 solum
3133 2531 3479 2599 vindicatus,
3504 2530 3604 2586 sed

1958 2617 2133 2673 etiam
2166 2620 2410 2690 punitus
2442 2619 2673 2688 redeat;
2708 2625 2764 2675 et
2809 2620 3047 2692 iniquus
3079 2621 3205 2691 ejus
3238 2619 3604 2675 adversarius

1956 2724 2070 2762 non
2104 2707 2295 2762 solum
2330 2725 2443 2763 non
2473 2708 2735 2779 punitur,
2770 2709 2869 2765 sed
2902 2709 3074 2764 etiam
3098 2709 3279 2764 victor
3304 2708 3601 2763 abscedat.

1955 2797 2026 2850 Et
2056 2796 2341 2851 Dominus
2370 2796 2430 2851 in
2462 2796 2789 2870 Evangelio.
2824 2798 3062 2853 Diabolo
3087 2796 3196 2852 sibi
3222 2795 3512 2861 suadenti,
3539 2803 3603 2853 ut

1956 2882 2053 2937 Dei
2080 2883 2289 2939 Filium
2313 2900 2374 2939 se
2397 2902 2523 2940 esse
2546 2886 2615 2939 de
2638 2886 2836 2957 templi
2872 2885 3284 2958 praecipitando
3306 2885 3487 2957 pinna
3508 2903 3601 2941 os-

1956 2971 2237 3039 tenderet,
2271 2971 2385 3025 ait:
2422 2973 2702 3045 Scriptum
2751 2980 2863 3029 est:
2898 2976 3013 3029 Non
3052 2974 3282 3029 tentabis
3313 2976 3603 3029 Dominum

1954 3060 2125 3113 Deum
2140 3064 2295 3113 tuum
2313 3058 2533 3130 (Matth.
2556 3078 2632 3131 1v,
2649 3062 2726 3129 6).
2749 3063 2809 3116 In
2834 3078 2949 3132 qua
2968 3066 3089 3116 tam
3113 3062 3398 3132 exemplo,
3424 3079 3598 3133 quam

181 3145 385 3209 subiit,
413 3146 555 3215 quia
577 3144 869 3215 ajustitizs
898 3158 959 3199 se
982 3144 1134 3199 linea
1183 3162 1296 3200 non
1346 3145 1597 3200 retorsit.
1622 3149 1838 3201 Tamen
1869 3131 1912 3198 C
1950 3148 2140 3202 verbis
2171 3147 2386 3217 docuit,
2419 3165 2489 3203 ne
2511 3148 2759 3219 alicujus
2791 3131 3029 3221 periculi
3060 3131 3401 3205 discrimina
3432 3131 3602 3205 nobis

181 3235 225 3289 si
257 3232 489 3290 cuihoc
510 3234 777 3305 ignotum
802 3232 996 3303 fuerit,
1036 3233 1226 3305 ipsius
1266 3237 1431 3289 actus
1456 3232 1624 3288 lectio
1648 3233 1841 3305 pleni-

180 3327 263 3378 ter
290 3322 560 3378 indicare
590 3320 825 3377 valebit.

249 3410 422 3467 Multi
460 3411 635 3465 etiam
670 3410 767 3465 alii
798 3410 987 3465 sancti
1017 3414 1219 3466 Patres
1255 3415 1375 3466 tam
1407 3410 1632 3466 Veteris
1664 3427 1841 3483 quam

184 3500 319 3556 Novi
354 3499 722 3555 Testamenti
768 3498 1021 3555 falsitate
1063 3499 1345 3569 damnati,
1400 3500 1470 3556 ab
1503 3499 1842 3557 infidelibus

188 3589 415 3644 diversa
446 3588 815 3659 pertulerunt
866 3592 1177 3658 tormenta,
1230 3590 1445 3659 quibus
1496 3606 1601 3644 nec
1636 3592 1838 3657 testes,

187 3692 283 3731 nec
312 3677 657 3732 defensores
688 3674 1016 3744 adfuerant,
1053 3678 1152 3748 qui
1203 3676 1319 3732 illis
1372 3676 1606 3749 aliquod
1640 3678 1840 3732 defen-

187 3765 351 3821 dendi
400 3768 681 3837 praestare
726 3765 1070 3822 viderentur
1124 3765 1494 3837 suffragium.
1557 3766 1667 3820 Sed
1701 3766 1839 3837 quid

189 3852 350 3925 plura
367 3854 396 3909 ?
416 3853 531 3925 Ipsi
556 3870 811 3925 namque
829 3854 1016 3910 sancti
1034 3853 1281 3925 apostoli
1303 3854 1647 3909 imminente
1664 3871 1839 3927 praes-

190 3958 337 4009 sura,
362 3942 567 3999 relicto
600 3942 845 3999 Domino
892 3944 1188 4015 fugerunt.
1215 3943 1491 4015 Nunquid
1516 3944 1642 4000 ideo
1666 3960 1839 3999 excu-

190 4033 402 4088 sandus
430 4036 523 4087 est
543 4031 787 4099 Pilatus,
813 4032 901 4088 vel
925 4034 1179 4105 populus
1216 4033 1581 4100 Judaeorum,
1611 4032 1749 4104 quia
1774 4050 1838 4089 eo

192 4125 455 4177 accusato
480 4125 660 4177 testes
684 4139 716 4177 a
742 4122 957 4193 quibus
998 4121 1397 4177 absolveretur
1419 4121 1615 4177 omnio
1640 4121 1836 4177 defue-

192 4216 332 4279 rant,
364 4212 467 4266 sed
502 4215 837 4278 accusatus,
873 4211 974 4266 sed
998 4211 1325 4282 judicatus,
1360 4211 1459 4266 sed
1489 4211 1840 4266 condemna-

191 4302 295 4370 tus,
321 4300 525 4370 justus
556 4304 611 4356 et
637 4300 763 4355 sine
805 4299 937 4355 dolo
988 4301 1259 4355 inventus
1313 4300 1444 4356 est?
1492 4299 1840 4372 Plerumque

192 4386 332 4444 enim
366 4390 700 4445 secundum
731 4390 970 4445 beatum
1022 4388 1368 4461 Gregorium
1412 4388 1532 4462 (lib.
1567 4406 1699 4443 xxxx
1729 4389 1838 4445 Μο-

1952 3234 2240 3307 eligamus
2269 3262 2281 3303 ;
2318 3238 2589 3308 quamvis
2626 3238 2697 3293 ab
2728 3239 2989 3310 ejusdem
3034 3238 3255 3295 Satanas
3279 3238 3416 3295 filiis
3448 3237 3601 3294 mul-

1950 3329 2075 3379 tum
2092 3325 2266 3380 etiam
2292 3325 2517 3391 afﬂicti,
2540 3327 2649 3382 hoc
2662 3344 2830 3400 agere
2851 3327 3140 3399 hodieque
3157 3327 3600 3401 compellamur,

1950 3428 2016 3469 eo
2034 3414 2185 3486 quod
2205 3430 2273 3469 ea
2290 3430 2415 3485 qum
2440 3415 2693 3471 dicimus
2708 3432 2767 3471 se
2792 3415 3034 3472 minime
3051 3417 3282 3473 credere
3295 3416 3462 3473 aliter
3479 3434 3606 3488 pos-

1950 3518 2012 3557 se
2041 3506 2344 3559 testentur.
2380 3503 2579 3559 Simile
2608 3521 2740 3560 vero
2774 3522 2842 3560 ea
2886 3505 2944 3560 in
2997 3522 3167 3561 cruce
3198 3506 3385 3578 posito
3414 3506 3603 3562 Judaei

1951 3588 2221 3647 dicebant
2246 3609 2257 3646 :
2293 3591 2352 3647 Si
2372 3594 2550 3648 Filius
2568 3595 2664 3649 Dei
2693 3602 2790 3661 est,
2834 3594 3121 3650 descendat
3146 3611 3297 3651 nunc
3327 3595 3391 3650 de
3417 3612 3599 3664 cruce,

1953 3688 2004 3735 et
2029 3681 2299 3736 credimus
2341 3685 2411 3736 ei.
2465 3683 2714 3751 Conﬁdit
2760 3684 2821 3737 in
2866 3684 2992 3753 Deo,
3028 3685 3221 3740 liberet
3251 3700 3375 3740 eum
3401 3685 3454 3740 .ςί
3480 3686 3601 3741 vult

1951 3770 2157 3840 (Matth.
2191 3786 2363 3840 xxvn,
2397 3770 2505 3841 41).
2542 3771 2703 3833 Quod
2742 3771 3027 3827 Dominus
3049 3773 3320 3844 quamvis
3344 3790 3460 3829 non
3486 3773 3601 3829 im-

1950 3856 2208 3929 pleverit,
2244 3874 2545 3928 nunquam
2568 3862 2762 3913 tamen
2790 3859 2970 3915 Filius
2994 3860 3092 3916 Dei
3109 3878 3237 3917 esse
3258 3861 3459 3919 desiit:
3484 3879 3599 3918 non

1949 3946 2105 4000 enim
2128 3946 2409 4000 Dominus
2442 3947 2639 4001 omnia
2668 3963 2775 4002 suo
2809 3948 3597 4018 praesentijudiciodeclarat,

1950 4035 2048 4089 sed
2072 4039 2367 4106 exspectat
2392 4034 2566 4089 etiam
2589 4034 2843 4106 plurima
2865 4035 2921 4090 in
2946 4034 3230 4107 futurum,
3258 4037 3354 4091 ubi
3379 4037 3599 4091 illumi-

1950 4123 2467 4179 nabitabscondita
2478 4124 3345 4193 tenebrarum,etmanifestabit
3357 4124 3602 4182 consilia

1950 4213 2234 4269 cordium.
2251 4213 2487 4269 Occulto
2507 4214 2879 4285 namqueDei
2892 4214 3118 4285 judicio
3134 4215 3386 4272 Jacobus
3405 4215 3476 4270 ab
3490 4215 3596 4271 He—

1950 4302 2087 4357 rode
2145 4302 2623 4373 comprehensus,
2688 4301 2842 4358 illico
2898 4303 3223 4371 occiditur;
3283 4306 3339 4359 et
3395 4304 3598 4359 Petrus

1948 4394 2081 4463 post
2114 4390 2339 4446 Pascha
2366 4391 2803 4463 producendus,
2852 4396 2908 4447 et
2959 4391 3019 4447 in
3079 4408 3306 4447 carcere
3335 4396 3599 4449 servatus

192 4478 308 4546 ναι,
338 4488 465 4550 Cap.
494 4480 608 4550 23),
633 4478 814 4551 quieti
840 4482 1015 4551 atque
1068 4477 1387 4534 indiscussi
1430 4477 1838 4551 relinquimur,
1873 4494 1920 4558 D
1952 4478 2296 4534 mirabiliter
2325 4479 2545 4535 interea
2600 4481 2901 4550 liberatur,
2956 4498 3087 4537 cum
3145 4498 3323 4537 unam
3354 4485 3599 4553 uterque

196 4560 235 4618 si
253 4566 481 4623 obviare
503 4568 695 4640 pravis
735 4582 839 4640 pro
874 4567 1113 4639 justitia
1137 4584 1252 4623 non
1275 4583 1574 4624 curamus.
1600 4568 1761 4634 Quod
1794 4576 1845 4632 si

197 4646 417 4712 illorum
452 4657 803 4729 redarguere
834 4656 1155 4730 nequitiam
1188 4656 1560 4728 coeperimus,
1588 4656 1743 4713 illico
1767 4658 1838 4714 ab

196 4741 323 4813 ipsis
352 4747 784 4819 persequimur,
814 4749 869 4801 et
900 4745 1077 4801 etiam
1110 4742 1493 4816 infamamur,
1527 4749 1592 4799 ut
1622 4744 1708 4801 vel
1741 4747 1825 4803 sic

198 4830 357 4889 vitam
379 4836 741 4907 reprobando
764 4834 1040 4904 doctoris,
1062 4832 1290 4890 valeant
1314 4850 1682 4907 compescere
1710 4851 1828 4891 ser-

198 4934 407 4978 monem
442 4925 841 4996 correptionis.
932 4980 935 4983 .

258 5006 376 5083 Sed,
410 5017 475 5068 ut
504 5014 574 5068 ad
606 5013 837 5086 incepta
868 5012 1194 5080 redeamus,
1225 5012 1456 5071 nullum
1489 5016 1825 5072 sanctorum

200 5094 415 5155 Patrum
442 5102 566 5173 [pro
597 5118 657 5158 se
688 5104 757 5157 ad
806 5090 1237 5159 sacramentum
1290 5105 1437 5162 alios
1473 5103 1827 5174 protraxisse

195 5188 271 5243 vel
320 5191 593 5249 invitasse
659 5193 974 5266 aliquando
1030 5194 1307 5267 legimus.
1352 5197 1511 5253 Nam
1546 5196 1822 5269 domnus]

503 5280 631 5310 ηεαςη
680 5282 942 5310 ἡιιΛννιναξη
991 5300 1103 5310 -Ααιι
1141 5284 1327 5310 ..κιαι-ι..
1365 5282 1564 5310 :_-':An
1616 5298 1814 5310 cun-n.—

200 5288 327 5310 hn‘ﬁo
370 5281 456 5310 ὩΛΙ
468 5296 492 5310 n

1957 4569 2281 4623 doctrinam
2315 4570 2516 4625 eadem
2550 4570 2897 4636 constantia,
2949 4571 3058 4625 sub
3104 4587 3220 4625 uno
3254 4569 3512 4642 principe
3543 4574 3601 4625 et

1948 4662 2209 4730 tempore
2237 4658 2666 4731 evangelizasse
2694 4663 3030 4715 noscantur.
3056 4658 3336 4714 Similiter
3356 4660 3412 4713 et
3432 4657 3600 4713 Urias

1947 4746 2135 4802 Semei
2169 4746 2327 4802 illius
2384 4747 2578 4815 cadit;
2639 4748 2937 4819 simulque
2983 4747 3268 4803 Jeremias
3324 4747 3385 4798 in
3432 4750 3601 4799 Jeru-

1941 4835 2121 4893 salem
2157 4836 2535 4908 prophetans,
2564 4839 2698 4909 post
2730 4838 2929 4910 fugam
2973 4854 3041 4892 ex
3088 4836 3327 4906 Egypto
3357 4832 3604 4904 insuper

1939 4929 2226 4982 retractus
2262 4924 2649 4993 interficitur;
2683 4931 2741 4982 et
2769 4925 3060 4983 Jeremias
3092 4921 3235 4975 inibi
3264 4918 3443 4974 etiam
3475 4938 3605 4993 per-

1939 5014 2157 5071 sistens
2180 5019 2577 5070 conservatur.
2598 5014 2812 5071 Beatus
2831 5027 3067 5086 quoque
3090 5007 3443 5065 Laurentius
3463 5010 3606 5081 igne

1936 5111 2202 5173 exustus,
2234 5102 2462 5159 Christo
2487 5104 2743 5159 reddidit
2766 5101 3039 5176 spiritum
3063 5116 3074 5165 ;
3102 5112 3234 5151 cum
3263 5098 3603 5157 noverimus

1934 5195 2113 5252 etiam
2145 5190 2440 5260 mulieres,
2473 5197 2529 5248 et
2558 5193 2836 5265 parvulos
2869 5188 3056 5259 ipsius
3102 5183 3510 5257 confessionis,
3543 5192 3604 5244 et

1936 5282 2066 5310 ΩᾹΑξ
2096 5278 2276 5310 Μαςιιη
2302 5281 2506 5310 Μηξηκζ
2533 5280 2649 5310 ἕης-ιζ
2676 5278 2977 5310 ἶννιννὶῖοαηο
3026 5291 3137 5310 nnn
3162 5277 3389 5310 {tantum
3414 5273 3563 5310 Ωᾘῖη
