4030 5310
335 370 415 434 89
1353 377 1690 443 ATTONIS
1734 379 2317 447 VERCELLENSIS
2362 384 2720 451 EPISGOPI
3661 385 3745 452 60

336 521 519 565 annes
532 505 1005 580 Baptista,misso
1017 510 1887 583 spiculatore,illicodecollatus
1899 517 1988 573 est
2014 517 2072 583 Α
2099 520 2357 590 tempore
2387 527 2740 594 properaret.
2773 522 2932 587 Quos
2961 519 3117 577 enim
3145 519 3270 577 vult
3294 518 3600 593 Dominus,
3630 520 3767 577 mi-I

338 595 798 667 cumlegerimus
812 599 881 654 de
894 598 1434 672 aliquibussanctos
1447 604 1987 674 percuterevolenti-

338 684 470 751 bus,
490 687 643 757 quod
658 703 858 743 eorum
876 688 1115 745 brachia
1129 691 1270 747 adeo
1288 692 1668 764 obriguerint,
1693 698 1757 749 ut
1774 694 1884 749 nisi
1899 694 1984 766 ip-

339 773 422 830 sis
444 776 1216 845 sanctisintervenientibus,
1236 781 1395 836 eailli
1413 781 1746 838 nullatenus
1761 798 1988 838 movere

341 862 496 919 ultra
513 865 815 921 valuerint.
834 867 994 923 Sicut
1008 869 1132 925 etin
1155 870 1527 943 Dialogorum
1542 872 1709 927 libris
1723 872 1800 945 (S.
1818 873 1981 943 Greg.

342 952 485 1007 Dial.
524 951 624 1009 lib.
650 973 731 1025 ιιι,
756 972 805 1010 c.
831 956 922 1027 57)
950 958 1297 1029 reperimus,
1322 960 1392 1015 de
1421 961 1674 1033 quodam
1698 960 1986 1027 sanctulo,

344 1040 596 1113 quicum
611 1043 1043 1116 aLongobardis
1058 1048 1411 1104 occidendus
1424 1053 1738 1117 teneretur,
1752 1049 1987 1103 tandem

342 1130 413 1184 ad
441 1130 848 1188 decollandum
874 1135 1085 1190 ductus
1124 1141 1229 1192 est.
1258 1140 1326 1192 Et
1362 1137 1498 1210 quia
1527 1139 1690 1209 prius
1721 1154 1854 1193 eum
1888 1137 1988 1191 ha-

343 1217 560 1274 bebant
591 1221 989 1289 notissimum,
1024 1225 1287 1296 undique
1334 1231 1724 1283 convenerant
1749 1227 1820 1281 ad
1858 1243 1990 1296 spe-

343 1308 620 1364 ctandum
638 1315 883 1366 mortem
902 1312 953 1383 ej
963 1313 1789 1388 us.Circumsteteruntitaque
1817 1315 1992 1385 acies,

342 1394 431 1450 vir
452 1400 645 1453 autem
682 1400 912 1455 Domini
953 1402 1242 1460 deductus
1268 1404 1325 1459 in
1361 1405 1553 1461 medio
1583 1410 1690 1473 est,
1722 1408 1897 1477 atque
1928 1419 1996 1458 ex

344 1485 620 1541 omnibus
654 1486 903 1546 fortibus
936 1490 1155 1548 electus
1185 1498 1275 1549 est
1302 1511 1477 1561 unus,
1512 1495 1582 1549 de
1612 1510 1727 1567 quo
1748 1493 1994 1548 dubium

346 1588 458 1628 non
492 1579 665 1647 esset,
699 1580 851 1648 quod
882 1597 997 1635 uno
1042 1580 1160 1637 ictu
1212 1588 1384 1654 caput
1428 1585 1556 1654 ejus
1606 1582 1997 1648 abscinderet,

343 1662 725 1722 Venerandus
751 1667 929 1739 igitur
950 1670 1039 1726 vir
1060 1671 1213 1727 inter
1247 1677 1503 1728 armatos
1533 1672 1764 1736 ductus,
1789 1670 1859 1726 ad
1893 1686 2001 1726 sua

351 1768 515 1807 arma
545 1755 739 1809 statim
776 1759 1091 1814 concurrit.
1124 1760 1267 1816 Nam
1320 1760 1486 1832 petiit
1528 1765 1592 1816 ut
1623 1760 1733 1816 sibi
1766 1761 2003 1815 daretur

348 1841 653 1913 paululum
686 1846 890 1901 orandi
922 1846 1176 1904 licentia.
1203 1850 1305 1905 Cui
1329 1850 1469 1905 dum
1494 1865 1835 1905 concessum
1863 1847 2001 1902 fuis-

349 1936 457 2003 set,
490 1932 547 1986 in
580 1937 735 1989 terra
764 1951 826 1990 se
857 1937 1080 2006 stravit,
1113 1941 1171 1992 et
1200 1939 1402 1994 oravit.
1451 1940 1558 2005 Qui
1598 1941 1739 1994 dum
1773 1936 1996 1993 diutius

349 2025 559 2087 oraret,
581 2021 736 2077 hunc
751 2022 1088 2081 interfector
1101 2025 1255 2082 calce
1272 2027 1547 2099 pulsavit,
1564 2028 1793 2082 dicens:
1816 2026 2000 2097 Surge

349 2114 405 2164 et
434 2126 587 2182 genu
628 2112 772 2167 ﬂexo
804 2114 979 2169 tende
1032 2115 1338 2170 cervicem.
1372 2116 1632 2171 Surrexit
1689 2119 1881 2170 autem
1912 2113 2001 2169 vir

349 2199 472 2264 Dei,
515 2203 571 2254 et
617 2216 766 2273 genu
818 2203 962 2258 ﬂexo
1018 2204 1299 2260 cervicem
1358 2205 1648 2272 tetendit;
1702 2204 1803 2259 sed
1838 2206 2000 2258 tenso

352 2287 499 2343 collo
530 2290 799 2349 eductam
831 2294 1032 2347 contra
1055 2309 1115 2347 se
1137 2293 1380 2363 spadam
1406 2292 1662 2365 intuens,
1685 2292 1795 2348 hoc
1817 2308 2001 2348 unum

353 2376 537 2431 fertur
567 2377 799 2449 publice
852 2380 1109 2436 dixisse:
1164 2382 1374 2437 Sancte
1420 2382 1677 2439 Joannes
1724 2381 2003 2453 Baptista,

355 2464 585 2537 suscipe
615 2465 799 2522 illam.
832 2469 995 2523 Tunc
1058 2468 1279 2526 electus
1333 2471 1592 2525 carnifex
1636 2470 2004 2542 evaginatum

351 2552 614 2626 gladium
648 2559 876 2625 tenens,
909 2557 1119 2613 adnisu
1166 2559 1321 2629 forti,
1374 2559 1432 2614 in
1487 2559 1667 2615 altum
1701 2558 2005 2615 brachium

352 2658 743 2715 percussurus
778 2645 1001 2715 levavit,
1034 2648 1135 2702 sed
1171 2647 1461 2720 deponere
1502 2647 1663 2703 nullo
1697 2649 1869 2703 modo
1901 2664 2005 2719 po-

351 2731 464 2787 tuit
487 2747 501 2787 :
521 2749 657 2787 nam
682 2739 917 2804 repente
937 2734 1203 2808 diriguit,
1222 2741 1277 2792 et
1297 2741 1486 2792 erecto
1508 2737 1565 2792 in
1587 2736 1797 2792 coelum
1814 2734 2007 2808 gladio

352 2821 657 2876 brachium
683 2821 999 2878 inflexibile
1027 2825 1329 2881 remansit.
1364 2826 1529 2881 Tunc
1562 2826 1754 2881 omnis
1786 2826 2011 2896 Longo-

351 2909 669 2964 bardorum
702 2911 875 2966 turba
906 2928 1031 2982 quas
1084 2915 1155 2968 ad
1188 2912 1332 2968 illud
1366 2914 1572 2969 mortis
1607 2913 2010 2986 spectaculum

355 2998 575 3067 aderat,
609 2998 667 3053 in
700 2998 893 3055 laudis
933 2986 1207 3072 pavorem
1257 3019 1537 3058 conversa
1585 3001 1790 3058 mirari
1817 3001 2011 3074 coepit,

352 3085 660 3157 virumque
687 3088 784 3142 Dei
815 3104 948 3144 cum
1000 3089 1209 3146 timore
1256 3092 1541 3160 venerari,
1586 3091 1725 3163 quia
1753 3090 2012 3163 profecto

356 3173 647 3231 claruerat
673 3178 845 3248 cujus
878 3179 1210 3235 sanctitatis
1239 3184 1411 3247 esset,
1455 3180 1555 3252 qui
1586 3180 1877 3236 carniﬁcis
1918 3187 2012 3238 sui

2096 608 2360 665 rabiliter
2380 610 2452 665 ab
2474 610 2805 667 imminenti
2822 610 2995 684 eripit
3015 610 3585 683 periculo,quosdum
3606 627 3741 668 vero

2095 697 2191 752 hic
2223 698 2399 753 etiam
2424 699 2761 756 innocentes
2794 701 2911 772 pati
2970 699 3276 772 permittit,
3336 699 3436 771 qui
3496 700 3567 754 ab
3612 698 3741 771 ipso

2097 803 2325 859 quoque
2348 787 2532 844 multo
2564 790 2802 862 dignius
2833 790 2893 844 in
2924 789 3119 845 futuro
3152 793 3523 844 coronantur.
3579 787 3744 844 Unde

2098 892 2203 931 nec
2234 876 2316 931 illi
2341 879 2662 933 sanctiores
2694 878 3083 945 habendi,nec
3107 878 3203 933 isti
3248 877 3549 932 inferiores
3611 876 3742 931 nul-

2097 963 2329 1021 latenus
2351 984 2385 1022 a
2411 967 2580 1022 nobis
2599 972 2738 1023 sunt
2749 967 3195 1050 judicandi.Sed
3214 972 3272 1022 et
3291 965 3401 1021 hoc
3422 966 3745 1021 cavendum

2100 1058 2280 1121 est,ut
2311 1072 2414 1111 nec
2443 1057 2585 1127 justi
2617 1056 2771 1111 mala
2794 1056 3084 1128 patientes
3110 1072 3171 1111 se
3194 1054 3362 1127 quasi
3383 1054 3516 1110 victi
3541 1055 3640 1110 des
3654 1069 3749 1126 pe-

2102 1138 2250 1203 rent,
2282 1152 2387 1191 nec
2418 1135 2734 1192 inferentes
2765 1136 3073 1208 supplicia,
3106 1135 3275 1206 quasi
3298 1133 3751 1192 devictoriasibi

2103 1228 2411 1280 assumant
2441 1224 2715 1280 ﬁduciam
2744 1243 2756 1281 :
2782 1225 2863 1280 ait
2892 1224 3049 1281 enim
3076 1224 3357 1280 Dominus
3396 1223 3467 1278 ad
3499 1222 3633 1292 Job,
3674 1222 3749 1276 de

2103 1312 2308 1383 iniqua
2348 1314 2664 1370 Leviathan
2690 1312 2937 1385 loquens
2959 1313 3219 1386 potentia
3242 1330 3257 1380 ;
3281 1312 3453 1368 Dolus
3484 1314 3543 1367 in
3570 1327 3751 1367 manu

2104 1403 2220 1473 ejus
2245 1402 2522 1471 dirigetur
2549 1402 2679 1474 (Job
2710 1420 2833 1470 VIII,
2862 1405 2975 1472 25).
3009 1402 3170 1469 Quod
3192 1417 3485 1473 exponens
3514 1401 3749 1469 ;beatus

2106 1491 2418 1563 Gregorius
2450 1492 2566 1547 ait:
2600 1491 2779 1548 Dolus
2802 1493 3019 1564 quippe
3049 1491 3109 1546 in
3142 1508 3321 1547 manu
3353 1494 3462 1557 est,
3496 1490 3657 1545 fraus
3688 1489 3749 1543 in

2106 1578 2485 1651 virtute,quia
2513 1597 2686 1636 omne
2717 1582 2873 1653 quod
2894 1578 3468 1653 nequitervolot,boc
3497 1579 3569 1634 ad
3601 1582 3745 1633 tem-

2109 1685 2220 1739 pus
2250 1670 2483 1741 exsequi
2517 1669 2691 1725 etiam
2725 1670 2948 1725 fortiter
2978 1673 3188 1741 potest.
3212 1666 3390 1723 Dolus
3434 1682 3566 1722 vero
3623 1666 3752 1736 ejus

2110 1758 2283 1831 dirigi
2302 1758 2675 1828 dicitur,quia
2701 1759 2924 1815 fraudis
2937 1759 3064 1829 ejus
3087 1756 3309 1813 malitia
3326 1755 3488 1812 nulla
3507 1753 3756 1810 difﬁcul-

2110 1850 2229 1902 tate
2259 1848 2631 1919 praapeditur.
2656 1847 2773 1903 Hoc
2804 1848 2960 1904 enim
2992 1846 3313 1903 Leviathan
3344 1845 3474 1911 iste,
3497 1843 3587 1900 vel
3617 1860 3756 1899 vasa

2104 1937 2233 2008 ejus
2253 1936 2464 1993 habere
2486 1938 2685 1992 crebro
2707 1937 3010 2009 proprium
3033 1934 3406 2007 solent,quod
3439 1934 3511 1989 ad
3537 1930 3753 2002 iniqui-

2107 2026 2245 2082 tatis
2275 2043 2392 2081 suae
2415 2026 2743 2096 cumulum,
2772 2042 2840 2081 ea
2869 2042 2995 2096 quae
3027 2023 3292 2096 nequiter
3323 2026 3625 2095 appetunt,
3655 2037 3755 2076 ex-

2109 2113 2266 2186 plere
2298 2114 2548 2185 nequius
2565 2118 2834 2186 possunt.

2181 2205 2350 2275 Ergo,
2386 2205 2592 2260 fratres
2626 2202 2990 2274 charissimi,
3047 2201 3226 2258 nolite
3249 2201 3521 2273 judicare
3552 2216 3761 2256 secun-

2117 2292 2259 2347 dum
2292 2291 2523 2359 faciem,
2558 2293 2659 2347 sed
2684 2293 2917 2363 justum
2952 2291 3247 2363 judicium
3270 2290 3553 2362 judicate,
3578 2288 3770 2345 consi-

2114 2380 2386 2435 derantes
2418 2380 2572 2450 quod
2607 2379 2916 2450 perversis,
2951 2379 3067 2433 imo
3098 2382 3156 2433 et
3176 2375 3567 2448 iniquissimis
3607 2375 3769 2447 judi-

2115 2468 2280 2524 cibus
2311 2467 2645 2539 evangelica
2668 2467 2944 2538 loquatur
2970 2467 3413 2538 sententia,quaa
3437 2466 3516 2520 ait
3539 2483 3550 2521 :
3589 2466 3772 2533 Quare

2116 2563 2169 2614 et
2200 2575 2287 2613 vos
2328 2557 2793 2625 transgredimini
2819 2555 3141 2612 mandatum
3173 2555 3269 2610 Dei
3313 2558 3540 2626 propter
3591 2552 3771 2608 tradi-

2118 2649 2323 2702 tionem
2356 2654 2589 2702 vestram
2620 2645 2905 2716 (Matt.xv,
2937 2644 2991 2715 3)
3022 2648 3047 2697 .9
3076 2644 3362 2700 Dominus
3393 2642 3548 2698 enim
3581 2642 3723 2697 dicit
3756 2666 3771 2710 ;

2120 2736 2181 2791 Si
2204 2737 2326 2807 quis
2356 2738 2405 2789 te
2430 2736 2759 2805 percusserit
2793 2736 2857 2789 in
2887 2734 3113 2788 dextera
3141 2733 3377 2788 maxilla
3404 2736 3528 2797 tua,
3584 2732 3775 2802 praebe

2120 2827 2175 2879 ei
2202 2832 2253 2879 et
2283 2824 2599 2894 alteram,et
2628 2826 2724 2896 qui
2748 2832 2925 2879 tecum
2947 2823 3182 2879 voluerit
3203 2821 3424 2894 judicio
3453 2812 3776 2876 contendere

2122 2917 2172 2968 et
2201 2915 2445 2969 tunicam
2476 2922 2626 2968 tuam
2656 2911 3092 2980 tollere,remitte
3119 2913 3172 2966 ei
3200 2920 3253 2967 et
3277 2909 3776 2983 palliumﬂlatthw

2121 3001 2213 3075 39)
2241 3020 2262 3065 ,·
2291 3006 2349 3058 et
2378 3020 2396 3056 :
2414 3002 2475 3057 Si
2486 3006 2704 3075 patrem
2714 3002 2860 3073 ﬁlias
2880 3000 3186 3057 Beelzebub
3216 3002 3775 3069 vocaverunt,quanto

2120 3093 2297 3161 magis
2325 3095 2378 3146 et
2402 3091 2723 3147 domesticos
2752 3091 2868 3162 ejus
2887 3090 2914 3144 ‘?
2934 3090 3004 3145 Et
3034 3089 3093 3144 in
3139 3088 3412 3161 passione
3442 3106 3460 3142 :
3519 3086 3669 3155 Quod
3724 3086 3778 3139 si

2123 3182 2184 3235 in
2213 3181 2382 3236 viridi
2412 3180 2561 3248 tigno
2590 3181 2702 3235 haec
2720 3179 3061 3253 fecerunt,in
3082 3179 3241 3233 arido
3257 3176 3389 3247 quid
3405 3176 3587 3244 ﬁet?et
3613 3173 3774 3229 alibi:

354 3263 661 3321 brachium
676 3264 734 3321 in
752 3283 882 3323 aere
900 3267 1155 3338 ligasset.
1176 3270 1375 3339 Itaque
1390 3251 1723 3341 postulatus
1738 3273 1805 3323 ut
1817 3283 2016 3338 surge-
2046 3251 2088 3317 (ἶ
2125 3269 2190 3323 In
2194 3268 2469 3338 patientia
2486 3271 2662 3322 vestra
2672 3251 3014 3337 possidebitis
3025 3268 3241 3320 animas
3254 3270 3459 3317 vestras
3481 3263 3497 3334 (
3507 3264 3630 3316 Luc.
3658 3279 3776 3330 xxx,

358 3357 465 3419 ret,
492 3355 778 3410 surrexit:
806 3355 1139 3427 postulatus
1163 3373 1299 3428 ergo
1322 3357 1708 3412 utbrachium
1728 3354 2023 3411 suicarni'

359 3442 486 3497 ﬁcis
507 3447 764 3511 sanaret,
787 3444 1020 3515 negavit
1042 3444 1276 3500 dicens:
1302 3445 1419 3517 Ego
1444 3462 1547 3517 pro
1574 3461 1639 3500 eo
1665 3444 1825 3500 nullo
1851 3444 2021 3500 modo

361 3532 559 3599 orabo,
582 3532 696 3587 nisi
710 3535 884 3587 antea
899 3532 1246 3603 mihijuram
1257 3538 1457 3589 entum
1474 3534 1717 3603 dederit,
1735 3532 1871 3605 quia
1887 3550 2021 3590 cum

362 3637 540 3675 manu
568 3620 684 3676 ista
726 3620 1119 3677 Christianum
1144 3622 1447 3679 hominem
1488 3639 1600 3679 non
1631 3622 1878 3678 occidat.
1910 3622 2021 3677 Sed

363 3709 785 3782 Longobardus
810 3709 963 3766 idem
987 3710 1108 3783 qui,
1139 3715 1204 3767 ut
1234 3711 1316 3767 ita
1336 3713 1549 3783 dicam,
1575 3712 1877 3769 brachium
1892 3728 2024 3767 con-

364 3802 456 3854 tra
478 3802 660 3853 Deum
683 3798 972 3854 tendendo
994 3799 1348 3874 perdiderat,
1397 3818 1570 3872 poena
1620 3818 1730 3856 sua
1760 3800 2026 3873 exigente

366 3886 708 3959 compulsus
729 3891 818 3942 est
832 3888 1036 3958 jurare
1057 3903 1119 3944 se
1142 3889 1542 3946 Christianum
1561 3890 1860 3946 hominem
1876 3906 2023 3945 nun-

368 3992 545 4048 quam
569 3993 675 4032 sua
700 3993 877 4031 manu
904 3977 1185 4034 occidere.
1210 3977 1376 4034 Nunc
1400 3978 1487 4033 vir
1507 3979 1606 4036 Dei
1632 3979 1776 4034 dixit
1799 3978 1849 4035 ei
1877 3996 1888 4034 :
1920 3979 2023 4034 De-

370 4082 519 4138 pone
548 4082 788 4121 manum
812 4066 1087 4122 deorsum
1115 4067 1250 4140 :qui
1284 4068 1487 4124 statim
1513 4068 1825 4140 deposuit;
1850 4072 2025 4139 atque

370 4154 530 4211 illico
552 4155 853 4226 adjunxit:
901 4156 1150 4211 Remitte
1171 4158 1537 4228 evaginatum
1564 4157 1824 4228 gladium
1844 4156 1904 4211 in
1926 4173 2023 4211 va-

375 4246 598 4319 ginam,
632 4249 689 4301 et
718 4245 919 4302 statim
952 4246 1201 4302 remisit.
1235 4246 1497 4317 Miroque
1528 4246 1701 4301 modo
1722 4246 1807 4300 sic
1829 4250 2025 4300 actum

373 4338 483 4404 est,
515 4337 581 4388 ut
609 4337 667 4388 et
697 4333 820 4404 ipse
866 4333 1074 4389 beatus
1132 4351 1166 4388 a
1226 4349 1565 4405 percussore
1619 4336 1795 4405 caput
1823 4332 2028 4387 incun-

375 4427 599 4478 ctanter
628 4421 941 4492 amitteret,
971 4426 1027 4476 et
1056 4421 1165 4477 iste
1195 4424 1321 4492 ejus
1352 4421 1617 4478 invocato
1647 4421 1884 4477 nomine
1909 4438 2025 4477 non

376 4516 605 4567 tantum
641 4526 816 4564 suum
849 4514 1123 4581 servaret,
1157 4511 1259 4566 sed
1308 4512 1487 4567 etiam
1537 4511 1705 4567 ferire
1734 4509 2024 4567 volentem

376 4601 519 4657 adeo
550 4599 611 4654 in
642 4599 924 4677 membris
954 4599 1301 4656 debilitaret.

450 4689 532 4745 Ibi
558 4688 733 4745 etiam
756 4689 942 4759 (lbid.,
977 4707 1026 4745 c.
1062 4690 1148 4761 18)
1180 4694 1237 4745 et
1265 4688 1483 4764 legitur
1520 4690 1591 4746 de
1612 4691 1829 4761 juvene
1856 4690 2034 4747 Bene-

378 4780 531 4836 dicto
560 4778 990 4850 nomine,cujus
1020 4778 1294 4835 cellulam
1323 4796 1458 4834 cum
1484 4779 1655 4834 Gothi
1677 4778 1836 4834 nullo
1859 4780 2031 4835 modo

377 4870 689 4927 incendere
719 4868 1066 4940 potuissent,
1108 4868 1245 4923 inde
1291 4884 1425 4924 eum
1476 4867 1864 4934 extrahentes,
1898 4884 2026 4923 suc-

2132 3356 2315 3427 19).Et
2345 3354 2425 3408 illi
2455 3355 2675 3409 dicunt:
2702 3354 2763 3408 Si
2795 3352 3013 3426 aliquid
3039 3353 3317 3408 adversus
3331 3351 3663 3407 sacerdotes
3677 3350 3781 3406 Dei

2132 3444 2305 3499 fuerit
2325 3443 2983 3515 prolatum,pugnaesse
3001 3440 3545 3497 vincendum.Unde
3560 3444 3617 3495 et
3638 3456 3780 3512 pra:-

2131 3534 2297 3588 dictze
2328 3532 2628 3588 sententiae
2650 3548 2785 3588 mox
2810 3531 3081 3587 subditur
3105 3530 3598 3603 :Hypocritae,bene
3618 3530 3781 3584 devo-

2134 3623 2217 3677 bis
2245 3623 2592 3693 praphetavit
2611 3623 2783 3676 Isaias
2803 3621 3262 3692 dicens:Populus
3283 3619 3378 3676 hic
3391 3620 3552 3675 tabiis
3576 3634 3665 3673 me
3681 3618 3779 3674 ho-

2129 3720 2311 3777 norat,
2343 3727 2436 3766 cor
2462 3715 2649 3766 autem
2680 3726 2874 3765 eorum
2904 3711 3059 3781 longe
3094 3717 3171 3766 est
3197 3728 3233 3765 a
3260 3724 3347 3764 me
3377 3727 3395 3763 :
3436 3710 3557 3764 sine
3614 3723 3784 3763 causa

2132 3810 2318 3856 autem
2342 3800 2529 3856 colunt
2556 3816 2660 3867 me,
2684 3799 2930 3858 docentes
2960 3798 3238 3855 doctrinas
3266 3806 3317 3853 et
3359 3796 3628 3853 mandata
3684 3796 3779 3851 ho-

2134 3893 2347 3945 minum
2378 3889 2585 3960 (Matth.
2620 3905 2714 3955 xv,
2743 3889 2817 3960 7).
2857 3887 3001 3943 Hinc
3033 3888 3215 3943 Isaias
3247 3904 3265 3941 :
3304 3887 3394 3943 Vae
3422 3887 3519 3958 qui
3546 3883 3783 3940 condunt

2137 3979 2281 4049 leges
2311 3981 2552 4050 iniquas,
2584 3982 2639 4033 et
2668 3977 2959 4033 scribentes
2988 3977 3321 4048 injustitiam
3340 3976 3695 4046 scripserunt,
3721 3976 3785 4027 ut

2132 4068 2507 4141 opprimodent
2526 4068 2582 4123 in
2606 4066 2818 4138 judicio
2835 4068 3181 4138 pauperes,et
3202 4066 3315 4120 vim
3341 4066 3585 4136 facerent
3606 4076 3785 4118 causa:

2133 4158 2431 4213 humilium
2461 4157 2596 4226 (Isa.
2630 4174 2683 4221 ιι,
2720 4156 2792 4226 1).
2827 4158 2896 4210 Et
2925 4155 3174 4210 fortasse
3205 4152 3495 4209 audierint
3535 4150 3785 4207 Paulum

2135 4244 2465 4319 apostolum
2493 4246 2780 4300 dicentem
2811 4260 2822 4299 :
2850 4244 3089 4315 Accipite
3120 4259 3210 4299 vos
3270 4250 3617 4297 armaturam
3668 4238 3785 4308 Dei,

2132 4344 2196 4392 ut
2227 4335 2446 4407 possitis
2475 4334 2724 4389 resistere
2753 4335 2815 4389 in
2844 4333 2932 4388 die
2954 4332 3103 4388 malo
3131 4330 3347 4404 (Ephes.
3380 4347 3460 4396 vx,
3485 4330 3594 4397 13).
3614 4327 3778 4392 Quod

2136 4426 2185 4482 si
2215 4424 2304 4481 vel
2324 4422 2644 4490 audierint,
2678 4422 2904 4478 utinam
2931 4419 3348 4493 intelligant,et
3378 4435 3505 4491 quis
3536 4433 3789 4487 sequun-

2136 4519 2231 4571 tur
2255 4531 2267 4569 :
2296 4514 2510 4571 Induite
2539 4514 2765 4568 loricam
2786 4513 3040 4580 iustitia,
3062 4514 3342 4566 sumentes
3387 4511 3605 4564 scutum
3636 4504 3785 4575 ﬁdei,

2043 4617 2090 4683 D
2122 4614 2173 4666 et
2195 4605 2410 4677 galeam
2438 4603 2633 4658 salutis
2664 4603 2940 4667 assumite,
2973 4604 3026 4655 et
3048 4600 3299 4671 gladium
3346 4598 3606 4668 spiritus,
3639 4592 3791 4665 quod

2141 4701 2217 4755 est
2246 4694 2470 4751 verbum
2494 4692 2593 4745 Dei
2639 4688 2860 4760 (Ephes.
2916 4705 2996 4755 γι,
3049 4688 3157 4755 15).
3198 4686 3360 4749 Quod
3410 4687 3468 4739 et
3518 4682 3790 4739 Salomon

2141 4797 2376 4859 quoque
2405 4780 2476 4834 de
2501 4777 2683 4849 justis
2712 4776 2980 4848 loquens,
3017 4774 3099 4831 ait
3127 4791 3140 4828 :
3166 4776 3403 4831 Induent
3425 4789 3526 4845 pro
3573 4778 3792 4829 thorace

2123 4872 2437 4947 justitiam,
2463 4874 2516 4923 et
2536 4873 2814 4922 assument
2854 4880 2957 4936 pro
3013 4864 3176 4935 galea
3206 4862 3501 4935 judicium
3556 4866 3791 4927 certum,

381 4976 554 5015 censo
584 4958 644 5013 in
665 4957 891 5013 clibano
912 4956 1249 5013 clauserunt
1273 4975 1286 5025 ;
1310 4957 1402 5013 die
1420 4972 1555 5012 vero
1578 4955 1761 5012 altera
1774 4955 2025 5012 illaesum
2134 4963 2357 5019 sument
2383 4961 2598 5013 scutum
2630 4953 3059 5026 inexpugnabile
3089 4953 3371 5023 aequitatis
3399 4952 3510 5024 (ap.
3559 4967 3615 5021 v,
3680 4947 3788 5019 19).

383 5064 518 5103 eum
540 5048 908 5117 invenerunt,
935 5047 1035 5101 sed
1075 5063 1181 5101 nee
1199 5045 1546 5101 vestimenta
1566 5046 1694 5115 ejus
1712 5044 1831 5100 ullo
1854 5046 2027 5100 modo

384 5139 523 5170 ann}
553 5139 752 5170 OVI1D+0
822 5134 987 5170 ῘῘτιΑο
1020 5135 1095 5170 ειἶῦ
1146 5135 1349 5170 hochic
1396 5133 1709 5170 annona-ina
1736 5134 1792 5170 εἴη
1826 5134 2026 5170 οητῖοτη

2139 5046 2490 5122 Hujusmcdi
2520 5043 2701 5100 armis
2731 5043 2827 5098 isti
2878 5042 3065 5099 nostri
3121 5039 3490 5114 antesignani
3546 5056 3655 5096 nos
3702 5038 3795 5092 in-

2141 5142 2373 5170 ..ι-η-ςηι
2403 5135 2682 5170 Αἷηηίιιονιο
2723 5131 2866 5170 Nam
2893 5130 3276 5170 umnnlnrihnc
3308 5128 3487 5170 armi:
3508 5139 3785 5170 nnanarn.
