4030 5310
231 387 303 451 δι
1067 389 1169 451 nn
1212 388 1644 452 pnnssums
1692 387 2337 451 ECCLESIASTICIS.
2370 420 2449 433 -
2491 385 2694 449 Pisas
2736 384 2789 447 ι.
3250 450 3257 455 ,
3548 373 3629 440 es
3732 352 3746 363 ”

229 522 406 581 vocati
433 522 582 592 estis,
616 529 676 578 ut
706 521 1130 580 benedictionem
1153 524 1492 581 haereditatis
1550 523 1874 593 possidentis
1901 523 1958 590 Α
1988 538 2145 577 mam
2178 538 2346 577 suam
2379 520 2543 593 ponit
2570 535 2675 591 pro
2706 516 2933 572 ovibus.
2955 514 3219 571 Rursus:
3260 511 3628 571 Hercenarius

232 616 277 687 (I
298 618 449 670 Petr.
486 630 570 679 In,
604 614 679 683 9).

298 703 428 757 Haec
458 706 653 756 tamen
687 702 886 756 omnia
916 707 972 757 et
1003 702 1117 757 alia
1147 708 1483 759 sanctarum
1542 704 1868 777 Scriptura-

234 809 364 847 rum
395 791 744 845 documenta
760 790 996 862 maligni
1022 795 1078 846 et
1098 791 1347 864 improbi
1368 793 1869 865 parvipendentes,

234 881 304 938 ad
345 895 596 952 pugnam
632 881 960 935 sacerdotes
991 880 1313 954 impingere
1343 888 1631 953 quaerunt,
1651 882 1869 937 nullam

235 968 481 1040 amplius
514 969 897 1024 reverentiam
930 970 1073 1042 ipsis
1106 971 1499 1041 observantes,
1551 972 1665 1027 nisi
1714 973 1868 1042 quod

234 1075 339 1115 non
364 1058 616 1130 propriis
641 1058 933 1125 manibus,
959 1060 1057 1115 sed
1084 1076 1184 1131 per
1205 1060 1664 1117 submissasillis
1688 1062 1744 1116 in
1769 1062 1869 1116 tali

232 1146 567 1203 discrimine
589 1147 860 1217 judicant
882 1148 992 1219 (36)
1017 1148 1327 1205 dimicare:
1351 1154 1407 1205 et
1436 1151 1653 1221 quibus
1683 1150 1873 1223 prohi-

229 1236 408 1292 bitum
434 1240 526 1290 est
544 1240 908 1291 armatorum
932 1238 1249 1305 cuneis,vel
1267 1240 1441 1294 etiam
1468 1240 1717 1312 publicis
1738 1256 1867 1311 spe-

230 1323 463 1381 ctaculis
497 1325 804 1390 interesse,
827 1326 900 1380 ad
923 1343 1182 1399 pugnam
1205 1330 1542 1399 producere,
1559 1329 1669 1383 heu
1698 1330 1709 1383 l
1742 1345 1873 1384 nos-

230 1419 340 1470 tros
371 1412 789 1485 compellimur
816 1415 1081 1483 vicarios,
1114 1421 1179 1471 ut
1208 1416 1294 1473 vel
1323 1418 1570 1474 istorum
1604 1420 1756 1475 caede
1788 1418 1868 1472 vi-

229 1504 319 1571 cti,
352 1502 440 1557 vel
470 1502 712 1558 illorum
746 1506 910 1575 quasi
944 1505 1194 1561 absoluti
1226 1523 1353 1562 esse
1394 1507 1731 1576 videamur;
1766 1524 1871 1563 nec

228 1592 453 1665 purgari
471 1592 906 1657 acrimine,nisi
923 1599 1253 1667 perpetrato
1272 1596 1515 1651 crimine
1545 1596 1867 1653 valeamus.

227 1682 360 1737 Cum
388 1682 552 1736 enim
576 1686 930 1754 praeceptum
954 1683 1031 1738 sit
1052 1684 1231 1740 David
1263 1701 1378 1740 non
1412 1686 1698 1741 aedificare
1732 1686 1871 1741 visi—

184 1802 187 1807 ‹
226 1769 333 1825 bile
360 1770 675 1841 templum,
700 1771 838 1842 quia
868 1773 1228 1845 sanguinum
1254 1773 1341 1828 vir
1369 1774 1507 1830 belli
1539 1774 1872 1846 frequentia

225 1859 335 1930 (37)
365 1863 556 1926 esset;
586 1861 880 1931 quomodo
934 1861 1189 1932 poterint
1244 1864 1575 1919 sacerdotes
1624 1864 1867 1935 bellum,
1905 1892 1952 1958 Β

230 1953 325 2003 aut
352 1964 615 2019 pugnam
649 1965 756 2004 sua
786 1950 960 2005 etiam
993 1968 1097 2023 pro
1118 1952 1353 2021 justitia
1380 1952 1547 2019 inire,
1584 1953 1684 2025 qui
1724 1958 1867 2009 tem-

231 2034 376 2107 plum
400 2035 626 2091 debent
649 2037 1017 2107 mdiﬁcareﬁd
1042 2044 1131 2094 est
1151 2040 1467 2096 Ecclesiam
1496 2041 1594 2096 Dei
1618 2042 1823 2098 docere
1844 2044 1872 2098 ?

230 2106 310 2178 Ait
334 2124 552 2180 beatus
582 2125 798 2181 Paulus
827 2106 1139 2198 Ap'dstolus
1167 2146 1179 2183 :
1243 2130 1521 2201 Templum
1574 2131 1721 2186 enim
1772 2133 1873 2187 Dei

236 2219 316 2280 est,
344 2211 493 2282 quod
522 2214 648 2268 estis
678 2230 767 2269 vos
798 2213 843 2281 (l
870 2214 990 2270 Cor.
1024 2232 1110 2285 ιιι,
1144 2218 1252 2285 17).
1280 2218 1349 2271 Et
1380 2217 1518 2272 alibi
1544 2234 1556 2272 :
1598 2220 1691 2274 Vos
1717 2221 1899 2275 enim'

241 2302 343 2354 estis
370 2299 651 2372 templum
680 2303 777 2357 Dei
811 2304 944 2370 vivi,
1003 2306 1144 2359 sicut
1198 2305 1331 2360 dicit
1388 2307 1548 2373 Deus,
1607 2310 1871 2378 quoniam

237 2390 544 2445 inhabitarbo
578 2392 634 2445 in
668 2391 783 2445 illis
811 2399 865 2446 et
894 2394 1246 2449 inambulabo
1275 2396 1420 2450 inter
1449 2412 1562 2462 eos,
1591 2405 1641 2452 et
1670 2414 1761 2453 ero
1792 2399 1869 2451 il-

230 2476 386 2532 lorum
416 2480 585 2545 Deus,
620 2484 674 2534 et
705 2481 813 2551 ipsi
835 2485 995 2535 erunt
1024 2481 1166 2537 mihi
1182 2484 1415 2555 populus
1437 2484 1509 2554 (ll
1532 2484 1650 2539 Cor.
1671 2486 1870 2555 vr,l6.)

225 2567 582 2639 Quapropter
612 2568 693 2623 ait
724 2569 929 2625 beatus
958 2571 1304 2627 Ambrosius
1335 2572 1462 2640 (lib.
1494 2592 1511 2628 1
1543 2574 1608 2629 de
1640 2575 1819 2646 Ofﬁc.)
1854 2592 1865 2628 :

224 2676 247 2700 ‹‹
264 2653 617 2712 Bellicarum
643 2674 835 2712 rerum
860 2659 1121 2714 studium
1139 2679 1171 2715 a
1184 2666 1380 2717 nostro
1395 2663 1719 2733 ofticiojam
1736 2664 1871 2719 alie-

224 2758 359 2797 num
387 2746 645 2813 videtur,
679 2746 819 2818 quia
848 2748 1056 2803 anima:
1088 2750 1275 2822 magis
1306 2768 1481 2821 quam
1502 2753 1759 2824 corporis
1790 2753 1871 2808 of-

221 2830 348 2888 ficio
379 2833 792 2903 intendimus;
829 2853 933 2891 nec
966 2838 1037 2892 ad
1070 2854 1234 2893 arma
1258 2840 1383 2911 jam
1417 2846 1616 2896 noster
1646 2846 1869 2913 spectat

220 2934 386 2976 usus.
425 2922 572 2978 Nam
606 2941 753 2979 usus
782 2924 897 2979 cito
928 2924 1173 2981 inﬂectit
1202 2933 1495 2983 naturam.
1534 2950 1560 2976 »
1595 2930 1665 2982 Et
1696 2930 1869 2999 paulo

208 3013 387 3077 post:
431 3032 462 3058 «
506 3010 808 3064 Fortitudo
852 3012 1008 3066 enim
1031 3013 1742 3084 sinejustitiainiquitatis
1759 3033 1872 3071 ma-

206 3096 363 3151 teria
380 3099 494 3150 est.
518 3097 699 3152 David
721 3113 954 3169 quoque
975 3100 1358 3155 confirmatus
1397 3102 1454 3154 in
1492 3117 1690 3173 regno,
1722 3119 1872 3157 nun-

207 3199 397 3255 quam
426 3183 541 3239 nisi
575 3185 843 3241 consulto
872 3186 1120 3242 Domino
1151 3188 1369 3244 bellum
1419 3190 1666 3244 adorsus
1696 3195 1804 3245 est.
1842 3214 1867 3240 »

209 3273 273 3327 Et
297 3271 444 3327 alibi
470 3288 533 3327 :«
557 3273 804 3329 Videtur
825 3275 991 3343 mihi,
1017 3277 1170 3346 quod
1193 3277 1280 3330 vir
1300 3277 1634 3333 Cbistianus
1666 3280 1866 3350 justus

213 3364 266 3415 et
290 3360 556 3433 sapiens,
590 3377 848 3432 quaerere
883 3363 996 3417 sibi
1052 3364 1232 3419 vitam
1294 3365 1483 3421 aliena
1542 3372 1727 3424 morte
1756 3386 1870 3425 non

214 3449 446 3519 debeat,
481 3453 682 3521 utpote
714 3450 813 3521 qui
844 3450 1079 3505 etiamsi
1120 3452 1177 3506 in
1236 3452 1523 3511 latronem
1573 3462 1868 3514 armatum

220 3537 462 3605 incidat,
497 3538 796 3594 ferientem
828 3540 1065 3594 referire
1093 3557 1209 3595 non
1241 3542 1446 3613 possit,
1483 3561 1553 3599 ne
1610 3547 1748 3602 dum
1783 3565 1871 3602 sa-

220 3624 403 3681 lutem
439 3626 719 3695 defendit,
753 3628 1027 3699 pietatem
1058 3631 1436 3686 contaminet.
1472 3656 1500 3681 »
1532 3634 1612 3689 De
1664 3652 1777 3706 quo
1810 3636 1867 3690 in

220 3715 668 3788 Evangeliorum
693 3716 860 3773 libris
882 3722 1082 3790 aperta
1103 3722 1163 3774 et
1180 3719 1416 3776 evidens
1429 3723 1721 3779 sententia
1750 3728 1866 3781 est:

224 3805 461 3861 Reconde
490 3806 740 3875 gladium
771 3814 928 3862 tuum
958 3810 1017 3861 in
1050 3809 1227 3863 locum
1254 3826 1420 3864 suum
1447 3828 1465 3863 :
1510 3814 1693 3867 omnis
1722 3814 1871 3869 enim

223 3894 315 3962 qui
339 3894 527 3963 gladio
558 3898 905 3965 percusserit,
939 3896 1128 3964 gladio
1157 3897 1390 3968 ferietur
1435 3900 1665 3967 (Matth.
1715 3919 1868 3973 xxnv,

223 3980 330 4052 52.)
360 3982 500 4047 Quis
534 3982 681 4038 latro
712 3983 1134 4053 detestabilior,
1168 4002 1345 4057 quam
1392 3993 1729 4059 persecutor
1770 3990 1869 4062 qui

224 4076 470 4143 venerat,
499 4075 565 4126 ut
593 4072 893 4129 Christum
917 4074 1254 4130 occideret?
1276 4077 1387 4131 Sed
1408 4076 1597 4132 noluit
1619 4095 1679 4134 se
1700 4079 1867 4135 Chri-

228 4160 344 4213 stus
368 4164 810 4230 persecutorum
833 4162 1063 4216 defendi
1086 4162 1458 4231 vulnere,nec
1482 4182 1657 4220 suum
1684 4184 1869 4240 usque

229 4245 292 4299 ad
322 4245 706 4313 homicidium
740 4250 1013 4321 quamvis
1046 4250 1325 4324 religione
1353 4252 1655 4326 pervenire
1677 4255 1870 4312 taliter

230 4338 513 4392 consensit
534 4337 891 4410 apostolum;
912 4339 1068 4396 unde
1085 4343 1142 4395 et
1162 4356 1336 4411 quem
1360 4340 1458 4398 ille
1474 4350 1865 4415 percusserat,

232 4436 351 4479 mox
379 4425 507 4498 ipse
537 4443 744 4483 sanare
774 4427 1051 4499 dignatus
1084 4433 1190 4484 est.
1220 4429 1394 4486 Nulla
1422 4448 1558 4504 ergo
1580 4433 1870 4504 proinno-

235 4514 407 4569 centia
436 4516 821 4573 saecularibus
846 4516 1027 4571 armis
1058 4534 1341 4590 pugnare,
1369 4525 1470 4576 aut
1489 4520 1636 4576 alios
1666 4522 1737 4577 ad
1762 4522 1870 4578 hoc

1979 614 2135 680 cuius
2164 628 2275 666 non
2304 619 2430 664 sunt
2460 626 2582 664 oves
2603 606 2857 679 propriae,
2880 604 3024 660 videt
3070 605 3259 673 lupum
3297 605 3623 666 venientem,

1978 708 2028 759 et
2057 703 2285 758 dimittit
2306 718 2424 755 oves
2447 704 2496 755 et
2516 696 2860 771 [ugit(lbid.,
2888 696 2998 766 12.)
3043 692 3101 749 Si
3146 691 3231 746 illi
3283 689 3623 746 mercenarii

1981 792 2257 847 dicuntur
2286 790 2386 863 qui
2418 793 2649 844 tantum
2694 786 3037 858 relinquunt
3085 798 3238 849 oves,
3272 783 3328 835 et
3361 779 3615 852 fugiunt,

1980 881 2137 954 quali
2186 884 2501 936 censentur
2527 875 2807 932 vocabulo
2840 874 2937 945 qui
2970 889 3069 928 eas
3094 870 3268 927 morti
3299 867 3615 940 objiciunt?

1980 976 2081 1026 aut
2112 970 2401 1041 quomodo
2432 971 2633 1023 contra
2656 982 2754 1021 eos
2777 962 2958 1019 armis
2980 961 3261 1016 dimicare
3282 974 3623 1031 possumus,

1981 1077 2128 1132 quos
2150 1060 2387 1114 omnino
2411 1057 2675 1127 diligere,
2700 1059 2756 1111 et
2785 1070 2888 1125 pro
2914 1051 3132 1123 quibus
3161 1049 3341 1104 etiam
3367 1063 3529 1101 orare
3550 1045 3624 1101 ab

1980 1149 2107 1221 ipso
2144 1148 2383 1203 Domino
2406 1143 2717 1218 iubemur?
2749 1142 2841 1198 Ait
2869 1140 3024 1196 enim
3050 1138 3335 1194 Dominus
3356 1136 3413 1189 in
3436 1135 3623 1189 Evan-

1980 1238 2166 1312 gelio:
2202 1238 2423 1308 Diligite
2453 1237 2708 1290 inimicos
2764 1236 3005 1286 vestros:
3067 1228 3362 1298 benefacite
3408 1224 3494 1279 his
3525 1225 3622 1295 qui

1978 1330 2209 1383 oderunt
2241 1344 2331 1381 vos
2360 1325 2565 1396 (Matth.
2588 1340 2644 1394 v,
2679 1323 2793 1389 44.)
2814 1323 2919 1376 Et:
2957 1320 3125 1375 Orate
3166 1332 3264 1389 pro
3285 1329 3621 1387 persequen-

1980 1419 2124 1473 tibus
2154 1424 2207 1471 et
2234 1414 2698 1470 calumniantibus
2728 1426 2817 1466 vos
2876 1410 3025 1482 (Luc.
3086 1423 3251 1471 xxm,
3309 1404 3424 1475 34.)
3457 1400 3622 1466 Quod

1980 1506 2156 1562 etiam
2182 1506 2240 1560 in
2265 1521 2434 1559 cruce
2455 1501 2824 1575 positusipse
2859 1497 3114 1565 edocuit,
3158 1495 3390 1551 dicens:
3426 1494 3617 1558 Pater,

1978 1612 2047 1652 ne
2076 1602 2281 1650 statuas
2306 1594 2423 1649 illis
2452 1593 2553 1647 hoc
2607 1598 2882 1663 peccatum
2933 1588 3069 1659 (Act.
3128 1602 3225 1656 vn,
3260 1582 3371 1653 59.)
3409 1584 3531 1647 Quo
3563 1583 3621 1634 et

1981 1683 2245 1755 exemplo
2275 1684 2511 1737 beatum
2542 1680 2799 1746 levitam,
2832 1683 2889 1733 et
2918 1677 3397 1750 protomartyrem
3443 1686 3621 1726 suum

1981 1772 2343 1844 Stephanum
2376 1772 2520 1826 adeo
2578 1770 2893 1825 informare
2950 1767 3227 1838 dignatus
3265 1766 3372 1830 est,
3406 1764 3471 1815 ut
3499 1759 3624 1831 ipse

1982 1878 2216 1934 quoque
2242 1860 2464 1916 noverit
2486 1860 2609 1915 suis
2642 1875 2746 1930 pro
2777 1853 3244 1912 interfectoribus
3265 1865 3520 1907 exorare.
3553 1848 3626 1903 Et

1981 1953 2188 2008 beatus
2202 1947 2729 2021 Paulusapostolus
2748 1947 2818 2001 ad
2834 1947 3144 2001 Romanos:
3166 1941 3475 1998 Benedicite
3492 1953 3621 2009 per-

1979 2040 2324 2112 sequentibus
2334 2054 2423 2093 vos
2433 2037 2829 2102 ,benedicite,et
2840 2035 3011 2089 nolite
3024 2029 3445 2087 maledicere.Et
3458 2024 3619 2083 alibi:

1981 2130 2042 2184 Si
2059 2130 2317 2184 esurierit
2339 2127 2598 2181 inimicus
2628 2124 2906 2193 tuus,ciba
2933 2123 3170 2186 illum,si
3196 2119 3330 2189 sitit,
3344 2124 3531 2189 potum
3552 2112 3625 2168 da

1982 2218 2071 2272 illi
2092 2221 2269 2286 (Rom.
2292 2214 2666 2285 xu,22).ltem
2689 2207 3169 2276 Ambrosius(lib.
3196 2206 3410 2275 10fﬁ6.,
3435 2203 3581 2272 0.118)
3607 2218 3619 2255 :

1982 2330 2007 2356 ‹‹
2034 2306 2090 2361 Si
2115 2306 2406 2378 perfectus
2422 2301 2842 2369 sim,benedico
2886 2297 3352 2357 maledicentem,
3386 2292 3543 2347 sicut
3570 2292 3625 2344 et

1979 2395 2361 2451 benedicebat
2390 2392 2626 2455 Paulus,
2650 2389 2751 2461 qui
2788 2388 2903 2443 ait:
2947 2384 3326 2442 Maledicimur
3366 2384 3419 2436 et
3463 2379 3623 2433 bene-

1979 2485 2234 2551 dicimus,
2255 2483 2687 2555 persecutionem
2717 2479 2965 2549 patimur
2989 2483 3039 2530 et
3056 2474 3390 2529 sustinemus
3420 2470 3466 2537 (I
3499 2468 3619 2523 Cor.

1980 2591 2054 2637 ιν,
2088 2575 2197 2645 12).
2233 2595 2260 2621 ››
2295 2574 2515 2627 Tamen
2547 2575 2603 2625 et
2650 2572 2919 2623 sanctum
2952 2563 3129 2620 David
3163 2562 3220 2616 in
3253 2560 3363 2614 hoc
3389 2569 3622 2629 quoque

1978 2678 2188 2735 genere
2216 2661 2450 2717 virtutis
2481 2660 2768 2731 imparem
2800 2655 2979 2710 Paulo
3004 2669 3118 2708 non
3154 2647 3620 2744 fuisse-edoceret

1979 2768 2335 2825 possumus;
2369 2749 2468 2822 qui
2500 2748 2689 2822 primo
2721 2746 2983 2817 quidem,
3008 2757 3143 2797 eum
3167 2736 3539 2825 malediceret
3569 2736 3620 2787 ei

1980 2824 2135 2896 filius
2167 2840 2377 2906 Semei,
2410 2844 2468 2894 et
2496 2836 2744 2893 crimina
2792 2833 3090 2904 objiceret,
3124 2828 3371 2892 tacebat,
3404 2828 3460 2880 et
3501 2824 3618 2877 hu-

1981 2930 2245 2984 miliabat
2275 2946 2357 2994 se,
2390 2933 2445 2984 et
2475 2927 2686 2983 silebat
2715 2942 2747 2979 a
2779 2922 2950 2978 bonis
2972 2919 3118 2986 suis,
3141 2918 3251 2973 hoc
3281 2920 3371 2971 est
3398 2914 3618 2968 bonum

1979 3034 2218 3087 operum
2254 3015 2650 3071 conscientia:
2689 3013 2900 3068 deinde
2928 3007 3306 3081 exspectabat
3353 2997 3621 3059 maledici

1982 3104 2258 3174 sibi,quia
2286 3104 2592 3158 maledicto
2622 3102 2722 3156 illo
2742 3101 3001 3156 divinam
3032 3095 3371 3168 acquirehat
3400 3088 3622 3147 miseri-

1983 3193 2260 3247 cordiam.
2302 3191 2408 3257 Qui
2440 3191 2615 3245 etiam
2646 3194 2702 3244 et
2729 3188 2789 3242 in
2823 3188 3068 3258 psalmis
3098 3186 3214 3240 ait:
3239 3185 3429 3238 Averte
3470 3178 3623 3233 mala

1980 3281 2227 3336 inimicis
2256 3280 2413 3343 meis,
2447 3283 2499 3333 et
2538 3280 2595 3333 in
2622 3279 2850 3333 veritate
2881 3282 2974 3331 tua
3003 3273 3252 3344 disperde
3290 3271 3413 3325 illos
3444 3266 3618 3340 (Psal.

1982 3388 2101 3437 LIII,
2129 3370 2210 3441 7.)
2240 3368 2385 3432 Quid
2420 3384 2554 3439 ergo
2586 3370 2839 3439 praestat,
2874 3365 2923 3420 si
2966 3361 3291 3419 secundum
3340 3372 3622 3431 quorum-

1980 3459 2113 3514 dam
2137 3457 2431 3530 judicium
2473 3472 2684 3528 corpus
2714 3455 2823 3509 hoc
2852 3452 3202 3507 moriturum
3235 3447 3388 3504 male
3418 3448 3489 3503 de
3525 3446 3621 3502 in-

1981 3544 2159 3601 famia
2186 3544 2270 3600 vel
2304 3544 2592 3617 supplicio
2642 3542 2980 3606 liberemus,
3012 3539 3269 3596 animam
3318 3540 3512 3593 autem
3564 3536 3622 3590 in

1979 3639 2325 3707 perpetuum
2358 3635 2709 3689 damnemur
2732 3650 2745 3699 ;
2769 3632 2997 3686 dicente
3020 3628 3267 3685 Domino
3293 3644 3306 3682 :
3333 3626 3473 3696 Quid
3492 3643 3619 3698 pro-

1977 3724 2094 3778 dest
2122 3724 2339 3779 homini
2364 3725 2415 3777 si
2438 3724 2757 3777 universum
2783 3720 3059 3776 mundum
3114 3719 3375 3787 lucretur,
3417 3717 3624 3771 animi?

1976 3828 2100 3867 vero
2129 3828 2248 3869 suae
2267 3813 2656 3868 detrimentum
2680 3812 2973 3882 patiatur?
3001 3807 3211 3878 (Matth.
3240 3823 3358 3872 xvr,
3381 3805 3491 3875 16.)
3510 3803 3619 3858 Sed

1977 3902 2076 3958 illa
2097 3901 2298 3958 infelix
2328 3901 2527 3957 anima
2554 3900 2663 3954 hoc
2695 3901 2765 3954 ad
2791 3898 3214 3970 perficiendum
3234 3896 3346 3967 (38)
3368 3892 3616 3960 obediet,

1978 3992 2048 4046 de
2081 4008 2198 4062 qua
2226 3990 2511 4061 scriptum
2534 3994 2655 4044 est:
2692 3990 2937 4044 Privavit
2964 4003 3087 4043 eam
3115 3987 3258 4041 Deus
3322 3984 3619 4055 sapientia,

1975 4096 2076 4135 nec
2103 4080 2250 4136 dedit
2279 4080 2369 4133 illi
2398 4078 2833 4148 intelligentiam
2862 4076 2998 4147 (Job.
3033 4091 3225 4142 xxxrx,
3255 4073 3337 4139 7.)

2048 4168 2228 4223 Nobis
2259 4183 2392 4222 vero
2423 4166 2686 4221 divinum
2710 4165 2932 4236 jugiter
2983 4161 3253 4218 convenit
3309 4159 3624 4230 implorare

1977 4256 2350 4325 auxilium,et
2369 4253 2722 4310 omnimodis
2747 4254 3102 4325 satagerc,ut
3123 4249 3261 4321 quia
3276 4247 3388 4319 (38)
3403 4248 3626 4319 absque

1976 4350 2211 4419 peccato
2243 4361 2371 4401 esse
2402 4362 2517 4399 non
2549 4358 2888 4415 possumus,
2912 4340 3051 4397 vela
3080 4337 3426 4394 criminibus
3449 4335 3622 4392 alieni

1978 4436 2224 4493 existere
2253 4433 2573 4499 valeamus,
2598 4432 2737 4503 quia
2757 4430 3083 4486 secundum
3106 4429 3342 4484 beatum
3376 4425 3622 4481 Paulum

1978 4523 2308 4596 apostolum
2342 4523 2467 4579 sine
2498 4520 2740 4577 crimine
2769 4521 3100 4576 sacerdotes
3129 4533 3259 4574 esse
3288 4515 3519 4572 debent.
3554 4515 3624 4569 Et

235 4615 323 4669 pro
344 4604 512 4661 nobis
535 4605 884 4678 compellere
907 4606 1194 4662 convenit.
1216 4607 1363 4664 Nam
1408 4610 1457 4665 si
1508 4610 1787 4668 facientes
1818 4617 1876 4669 et
1905 4617 1950 4681 D
1982 4613 2250 4685 quamvis
2270 4627 2675 4685 perversorum
2694 4609 3046 4665 oraomnino
3060 4608 3362 4663 obstruere
3376 4620 3626 4677 nequea-

237 4694 649 4750 consentientes
682 4693 808 4765 pari
863 4712 1034 4766 poena
1096 4696 1599 4770 constringuntur,
1651 4706 1871 4772 quanto

238 4780 404 4851 magis
424 4784 495 4839 ad
520 4799 779 4855 pugnam
804 4784 1244 4855 persuadentes,
1269 4786 1358 4841 vel
1380 4788 1556 4843 etiam
1587 4789 1734 4846 alios
1766 4808 1869 4863 pro

241 4878 293 4919 se
319 4876 700 4942 opponentes,
718 4888 926 4945 pugnae
942 4873 1323 4946 implicantur
1350 4877 1607 4947 periculo
1627 4877 1655 4932 ?
1676 4878 1872 4936 Insen-

247 4957 344 5010 sati
377 4966 427 5016 et
454 4962 686 5035 perfidi,
719 4967 872 5018 certe
902 4964 952 5020 si
984 4964 1156 5021 nobis
1173 4965 1353 5022 armis
1384 4972 1606 5025 certare
1636 4986 1869 5042 compe-

244 5043 385 5131 teret,
416 5048 659 5106 liberius
688 5067 795 5123 pro
818 5052 1101 5109 fratribus
1124 5053 1549 5129 bellare,quam
1573 5075 1677 5131 pro
1699 5059 1870 5115 nobis

247 5129 376 5242 1alios
403 5138 653 5210 objicere
679 5139 1085 5210 crederemus;
1118 5159 1276 5211 nam,
1333 5146 1414 5201 ait
1462 5129 1750 5205 Dominus
1808 5148 1869 5203 in

1981 4720 2135 4775 mus,
2171 4704 2241 4757 de
2272 4718 2420 4773 pura
2447 4698 2637 4756 securi
2658 4698 3033 4763 conscientia,
3087 4694 3333 4751 interius
3382 4690 3625 4747 fiducia-

1977 4791 2108 4847 liter
2138 4791 2521 4863 gaudeamus.
2546 4789 2693 4843 Nam
2725 4785 2862 4858 quid
2893 4785 3108 4840 mirum
3131 4784 3179 4839 si
3200 4781 3471 4837 homines
3492 4796 3626 4851 per-

1979 4880 2107 4949 diti,
2132 4884 2190 4934 et
2218 4878 2481 4935 subversi
2513 4878 2800 4933 bonorum
2830 4875 3011 4930 vitam
3041 4872 3328 4929 infamare
3358 4884 3473 4923 non
3506 4883 3631 4921 me-

1977 4972 2156 5025 tuunt
2178 4967 2315 5023 ‘tAit
2342 4967 2499 5023 enim
2527 4967 2736 5022 beatus
2768 4962 3084 5036 Gregorius
3108 4979 3121 5016 :
3144 4959 3329 5016 Habet
3361 4955 3473 5011 hoc
3497 4972 3631 5028 pro-

1978 5058 2176 5129 prium
2204 5056 2431 5129 antiqui
2454 5056 2640 5111 hostis
2662 5054 2904 5119 invidia,
2929 5056 2994 5105 ut
3023 5065 3172 5120 quos
3212 5046 3273 5098 in
3317 5058 3638 5113 pravorum

1978 5152 2220 5203 actuum
2245 5143 2691 5218 perpetratione,
2724 5142 2841 5198 Deo
2874 5139 2986 5195 sibi
3017 5136 3344 5201 resistente,
3367 5130 3642 5234 decipere
