4030 5310
324 359 404 427 63
1344 363 1684 434 ATTONIS
1725 365 2310 432 VERCELLENSIS
2353 364 2709 432 EPISCOPI
3647 367 3729 428 64

323 499 520 554 tamen
553 495 720 557 aliter
765 500 1126 560 excusandas
1183 520 1312 562 esse
1368 505 1807 580 perpendimus,
1851 505 1963 563 nisi
1994 507 2049 570 Α
2079 503 2138 558 id
2171 503 2326 576 quod
2357 505 2527 576 turpe
2553 505 2663 570 est,
2696 517 2813 558 non
2843 499 3031 574 possit
3059 516 3188 558 esse
3221 498 3579 574 utile,neque
3597 515 3727 557 rur-

326 589 824 659 quemadmodum
870 597 1209 650 sanctorum
1257 596 1494 652 Patrum
1557 596 1967 654 suluberrimis

334 677 809 736 institutionibus
840 675 1244 751 admonemur,
1269 687 1408 758 quia
1439 687 1724 759 scriptum
1747 692 1836 743 est
1864 706 1876 743 :
1901 689 1976 744 Ne

329 769 758 840 transgredioris
788 773 940 843 ﬁnes,
974 791 1107 845 quos
1134 787 1435 847 posuerunt
1461 789 1648 850 patres
1674 781 1756 835 tui
1782 783 1970 848 (Prov.

324 873 466 923 XXII,
495 859 610 930 28.)
643 860 702 915 Si
735 861 867 932 quis
898 867 1090 919 tamen
1124 867 1400 922 canonico
1431 868 1490 924 in
1521 869 1616 924 his
1666 873 1972 924 contentus

326 943 439 1018 (40)
473 963 604 1002 esse
635 947 883 1005 noluerit
903 949 1150 1022 judicio,
1173 956 1273 1010 sed
1303 973 1410 1012 sua
1441 957 1849 1013 adinventione
1880 976 1972 1012 sa-

327 1036 589 1092 cerdotes
621 1036 722 1091 Dei
765 1055 1143 1111 praegravare,
1201 1061 1429 1112 vexare,
1483 1045 1571 1100 vel
1629 1047 1970 1118 exspoliare,

327 1123 570 1197 insuper
598 1126 771 1181 etiam
805 1132 863 1182 et
893 1128 942 1184 si
973 1131 1233 1187 occidere
1265 1135 1721 1207 praesumpserit,
1748 1140 1976 1208 oportet

327 1229 433 1268 nos
467 1219 803 1272 sanctorum
836 1234 1146 1276 censuram
1205 1224 1486 1278 servando
1546 1224 1761 1296 puniri,
1795 1243 1971 1296 quam

326 1303 454 1373 ejus
485 1321 671 1374 pravae
704 1307 1040 1364 satisfacere
1095 1310 1404 1382 voluntati,
1454 1313 1721 1383 quamvis
1779 1314 1973 1369 ethoc

327 1408 496 1464 agere
528 1395 922 1464 perniciosum
954 1398 1051 1466 sit,
1085 1404 1140 1454 et
1168 1399 1304 1456 talis
1329 1419 1519 1473 pcena,
1554 1403 1636 1457 vel
1691 1420 1849 1458 mors
1881 1421 1972 1459 sa-

325 1477 403 1537 tis
437 1499 649 1554 aspera
677 1484 963 1542 videatur.
1000 1490 1134 1554 Quae
1166 1491 1320 1545 enim
1379 1507 1538 1547 mors
1569 1492 1627 1547 in
1667 1491 1798 1560 [hoc
1829 1510 1972 1564 prae-

329 1570 477 1625 senti
508 1571 720 1628 saeculo
752 1575 1043 1632 crudelior
1073 1594 1200 1632 esse
1228 1579 1459 1649 poterit,
1479 1597 1655 1651 quam
1683 1597 1812 1635 cum
1840 1597 1971 1651 pas-

328 1662 485 1714 tores
514 1657 782 1718 Ecclesiaa
815 1663 886 1719 ab
918 1664 1122 1721 ovibus
1153 1672 1537 1739 separantur;
1582 1673 1660 1736 et,
1690 1673 1790 1724 aut
1849 1687 1972 1725 car-

328 1746 465 1818 ceri]
497 1748 900 1819 includuntur,
930 1753 1020 1809 vel
1050 1754 1251 1811 exsilio
1284 1755 1599 1828 pelluntur,
1631 1759 1974 1830 [eorumque

2083 611 2186 650 sus
2219 595 2276 650 id
2305 593 2455 664 quod
2489 593 2800 649 honestum
2834 596 2940 661 est,
2973 591 3201 660 inutile,
3245 589 3384 662 quia
3428 589 3733 662 complexa

2082 683 2375 740 honestati
2406 687 2495 738 est
2526 698 2758 754 semper
2788 681 3032 747 utilitas,
3065 685 3122 736 et
3151 679 3388 736 utilitati
3424 680 3727 736 honestas.

2085 773 2195 829 Sed
2227 773 2327 845 qui
2363 776 2699 828 sanctorum
2752 771 2991 826 Patrum
3051 770 3481 843 parvipendunt
3521 769 3731 837 edicta,
3805 757 3810 760 ’

2085 878 2366 934 magnum
2381 879 2496 917 non
2518 866 2606 917 est
2619 860 2668 916 si
2683 864 2882 916 nostra
2895 861 3069 915 etiam
3086 859 3180 915 red
3191 863 3728 931 arguantetoperu:

2085 968 2293 1024 nempe
2325 951 2425 1023 qui
2457 949 2694 1006 illorum
2727 965 2843 1005 non
2877 953 3146 1005 metuunt
3183 952 3401 1004 statuta
3421 952 3729 1015 temerare,

2085 1058 2190 1097 nec
2213 1046 2427 1097 nostrae
2455 1043 2728 1096 metuunt
2753 1039 2882 1093 vita
2913 1038 3234 1104 detrahere,
3257 1053 3457 1093 verum
3482 1037 3658 1092 etiam
3679 1041 3737 1092 et

2077 1131 2367 1203 judicium
2386 1127 3047 1202 praegravareouamvis
3064 1127 3242 1200 igitur
3253 1127 3324 1182 ab
3338 1126 3735 1182 ecclesiastica

2085 1221 2426 1276 rec-edamus
2459 1235 2727 1285 censura,
2762 1217 3118 1288 quibusdam
3167 1233 3235 1271 ex
3282 1215 3427 1288 ipsis
3467 1215 3732 1285 [faventi-

2085 1311 2216 1376 bus,
2252 1309 2486 1364 illorum
2520 1308 2695 1363 etiam
2718 1306 2962 1377 judicio,
2989 1305 3385 1361 satisfaciendi
3414 1305 3607 1360 locum
3639 1320 3730 1360 re-

2088 1399 2272 1470 perire
2300 1398 2455 1470 apud
2490 1395 2798 1452 saculares
2827 1396 2887 1450 in
2918 1395 3260 1466 hujusmodi
3301 1394 3724 1467 potuissemus,

2085 1487 2526 1542 incommodum
2560 1485 2935 1549 arbitramur,
2973 1501 3044 1540 ne
3075 1483 3208 1540 aliis
3233 1483 3343 1540 hoc
3375 1482 3604 1552 assequi
3631 1499 3726 1537 vo-

2082 1575 2359 1642 lentibus,
2385 1575 2472 1629 vel
2495 1574 2697 1646 etiam]
2721 1572 3138 1640 valentibus,in
3163 1571 3493 1644 exemplum
3520 1573 3731 1642 produ-

2085 1669 2313 1721 ceretur
2343 1664 2477 1736 (41),
2506 1667 2563 1719 et
2624 1663 2906 1718 fratribus
2964 1661 3217 1718 eveniret
3248 1661 3305 1715 in
3361 1660 3730 1728 scandalum,

2085 1753 2240 1826 quod
2273 1769 2307 1808 a
2331 1752 2498 1807 nobis
2532 1751 2942 1824 quoquomodo
2991 1750 3201 1805 fuisset
3249 1751 3559 1804 extortum.
3603 1749 3728 1804 Non

325 1851 570 1908 corpora
587 1840 848 1910 penuriis
871 1844 1453 1911 atteruntur,mentes
1479 1852 1672 1903 autem
1705 1853 1968 1916 mcerore]
2002 1875 2050 1940 Β
2084 1843 2241 1899 enim
2271 1845 2359 1896 est
2387 1841 2620 1911 sapiens
2643 1840 2741 1911 qui
2775 1842 2960 1895 nocet.
2983 1839 3152 1894 Aliud
3177 1842 3266 1894 est
3287 1854 3422 1893 vero
3461 1854 3725 1893 commu-

327 1925 718 1983 afﬁciuntur‘?
748 1929 827 1985 De
875 1948 936 1987 se
994 1933 1313 2005 suspirant,
1369 1934 1438 1990 de
1491 1935 1601 1991 sibi
1635 1936 1968 1992 commissis

327 2012 570 2086 ejulant,
607 2019 914 2088 praesentia
943 2019 1248 2092 patiuntur
1276 2023 1586 2096 supplicia,
1608 2026 1971 2096 futuraquea

327 2101 701 2162 carniﬁcibus
732 2108 1174 2177 promittuntur,
1205 2115 1485 2183 expavent
1515 2115 1969 2184 majora,conso-

327 2191 541 2247 latores
573 2193 644 2248 ab
701 2193 847 2266 ipsis
903 2197 1208 2265 tolluntur,
1243 2201 1676 2271 exprobrantes,
1710 2201 1797 2256 vel
1852 2205 1969 2256 ter-

328 2283 526 2336 rentes
563 2281 786 2354 jugiter
841 2285 1177 2342 assistunt?
1231 2288 1434 2344 Nonne
1488 2289 1671 2345 levius
1731 2288 1972 2362 praecisa

328 2366 546 2424 cervice
567 2371 978 2429 occumberent
999 2375 1026 2430 ‘?
1049 2375 1164 2431 Aut
1183 2377 1430 2433 fortasse
1452 2378 1561 2433 hoc
1579 2382 1816 2451 agentes
1843 2379 1970 2434 ideo

327 2453 634 2513 homicidae
686 2477 800 2515 non
845 2466 1004 2528 sunt,
1063 2466 1200 2535 quia
1247 2464 1346 2520 isti
1406 2467 1628 2538 absque
1684 2468 1971 2538 sanguine

329 2549 627 2601 necantur.
664 2547 828 2606 Certe
858 2551 1133 2608 Julianus
1167 2553 1294 2609 ideo
1326 2554 1616 2611 crudelior
1645 2573 1760 2626 pra:
1801 2559 1970 2611 caete-

329 2631 410 2688 ris
441 2636 705 2706 tyrannis
737 2636 930 2695 dictus
959 2644 1067 2705 est,
1103 2642 1241 2713 quia
1269 2647 1552 2716 martyres
1584 2643 1798 2700 Christi
1844 2662 1972 2699 san-

329 2721 569 2793 guinem
602 2723 843 2782 fundere
875 2745 989 2785 non
1022 2728 1273 2798 sinebat,
1304 2733 1404 2787 sed
1456 2732 1703 2788 diversis
1747 2732 1970 2805 suppli-

329 2809 435 2864 ciis
465 2813 767 2883 torquens,
814 2819 946 2887 post
993 2816 1226 2889 longam
1284 2821 1735 2876 macerationem
1792 2821 1971 2876 vitam

330 2897 497 2953 ﬁnire
532 2902 792 2972 cogebat.
827 2903 972 2960 Hinc
1005 2906 1186 2964 Isaias
1217 2908 1332 2964 ait:
1370 2910 1538 2966 Omne
1565 2917 1725 2980 caput
1750 2909 1971 2978 langui-

332 2983 482 3058 dum,
515 2998 566 3044 et
595 3007 753 3047 omne
781 3009 874 3048 cor
897 3011 1144 3066 mterens,
1178 3015 1214 3052 a
1241 2999 1435 3068 planta
1469 2997 1623 3070 pedis
1677 3015 1848 3070 usque
1904 2999 1974 3054 ad

331 3077 596 3132 verticem
625 3095 735 3134 non
759 3089 840 3136 est
865 3083 925 3136 in
949 3099 1009 3138 eo
1038 3086 1250 3140 sanitas
1281 3086 1436 3158 (Isai.
1470 3103 1507 3154 1,
1540 3085 1618 3157 3.)

401 3161 815 3225 Verumtamen
837 3169 974 3227 licet
994 3171 1116 3228 haec
1145 3174 1466 3230 durissima
1486 3191 1613 3229 esse
1641 3174 1970 3244 videantur,

332 3249 592 3310 divinam
624 3258 725 3312 sed
759 3257 914 3314 enim
963 3259 1288 3317 habeamus
1329 3261 1808 3328 consolationem,
1843 3241 1970 3332 quae
2002 3241 2044 3309 α

329 3341 446 3398 ait:
478 3343 654 3400 Nolite
682 3347 874 3423 timere
904 3364 998 3404 eos
1027 3352 1123 3419 qui
1152 3349 1400 3405 occidunt
1454 3366 1668 3422 corpus,
1719 3350 1974 3404 animam

329 3438 516 3486 autem
545 3449 650 3488 non
678 3439 905 3505 possunt
936 3436 1181 3492 occidere
1204 3453 1225 3498 ;
1255 3438 1348 3493 sed
1373 3427 1552 3509 potius
1607 3455 1732 3493 eum
1767 3439 1971 3509 timete,

330 3521 427 3590 qui
450 3527 624 3590 potest
648 3524 895 3578 animam
926 3527 975 3580 et
1033 3541 1223 3597 corpus
1271 3526 1497 3598 perdere
1556 3528 1612 3581 in
1669 3527 1973 3597 gehennam

331 3606 541 3677 (Matth.
565 3627 618 3674 ι,
652 3609 768 3682 28.)
797 3611 942 3666 Nam
974 3614 1298 3669 secundum
1331 3614 1564 3669 beatum
1599 3615 1971 3670 Ambrosium

331 3695 393 3762 (l.
429 3710 491 3750 III
517 3695 695 3767 0fﬁc.,
721 3714 769 3752 c.
792 3699 846 3766 9)
879 3705 1118 3756 sanctus
1132 3701 1490 3758 Nabutbzeus
1512 3703 1571 3758 in
1594 3719 1660 3757 eo
1683 3703 1972 3774 perlectus

333 3783 572 3854 exstitit,
606 3785 744 3855 quia
773 3788 1060 3859 sanguine
1081 3789 1313 3862 proprio
1336 3789 1672 3846 defenderat
1683 3791 1822 3862 jura
1845 3808 1972 3846 ma-

323 3873 546 3942 jorum,
587 3875 643 3928 et
672 3873 995 3931 honestatis
1055 3877 1541 3952 contemplatione
1587 3885 1835 3937 mortem
1883 3880 1970 3935 in-

334 3969 564 4018 eurrere
596 3980 710 4018 non
743 3963 1096 4023 formidavit.
1132 3966 1275 4023 Cum
1333 3968 1488 4024 enim
1544 3969 1615 4025 ab
1647 3986 1712 4025 eo
1744 3967 1972 4025 vineam

334 4066 433 4106 rex
454 4059 719 4124 posceret
743 4055 1052 4126 pecuniam
1086 4073 1146 4112 se
1176 4059 1452 4114 daturum
1485 4057 1786 4130 pollicens,
1808 4059 1972 4114 inde-

333 4157 534 4196 corum
568 4143 821 4214 pretium
855 4160 958 4216 pro
1008 4149 1250 4218 paterna
1298 4148 1587 4203 recusavit
1616 4147 1972 4216 haereditate,

335 4229 658 4302 maluitque
691 4238 877 4288 morte
910 4234 1201 4290 declinare
1268 4234 1608 4307 hujusmodi
1653 4236 1976 4308 turpitudi-

335 4334 468 4372 nem
493 4337 510 4371 :
540 4319 658 4375 Non
688 4321 846 4392 mihi,
879 4322 1091 4394 inquit,
1125 4325 1222 4395 ﬁat
1251 4341 1285 4378 a
1315 4325 1444 4395 Deo,
1475 4328 1536 4379 ut
1566 4325 1695 4380 dem
1725 4326 1827 4380 tibi
1863 4325 1975 4382 ἡξε-

333 4405 621 4462 reditatem
645 4415 874 4479 patrum
903 4428 1147 4466 meorum
1206 4413 1314 4481 (III
1372 4415 1499 4486 Reg.
1560 4431 1674 4481 XXI,
1731 4414 1822 4486 3):
1868 4414 1978 4469 hoc

334 4497 422 4549 est
452 4499 684 4551 tantum
716 4498 862 4552 mihi
894 4501 1271 4571 opprobrium
1305 4519 1420 4558 non
1443 4502 1566 4568 ﬁat,
1590 4519 1703 4558 non
1736 4502 1976 4574 permit-

2079 1931 2231 1987 niter
2258 1929 2647 2002 sapere,aliud
2670 1932 2759 1984 est
2791 1943 2994 2000 sapere
3025 1927 3292 2000 perfecte.
3318 1927 3426 1993 Qui
3465 1943 3732 1982 commu-

2081 2019 2233 2074 niter
2266 2019 2440 2090 sapit,
2473 2035 2575 2091 pro
2607 2016 3031 2089 temporalibus
3049 2016 3221 2089 sapit,
3251 2016 3351 2088 qui
3373 2020 3568 2072 autem
3592 2032 3727 2086 per-

2082 2108 2228 2163 fecte
2275 2109 2449 2180 sapit,
2479 2125 2592 2163 non
2626 2108 2833 2179 quaerit
2860 2110 3091 2161 tantum
3125 2106 3278 2176 quod
3306 2105 3417 2160 sibi
3450 2103 3590 2159 utile
3617 2107 3725 2172 est,

2081 2197 2182 2252 sed
2215 2197 2368 2268 quod
2404 2197 2700 2252 omnibus.
2725 2195 2820 2250 Ait
2853 2195 3089 2267 quidem
3122 2195 3326 2250 beatus
3371 2193 3686 2266 Gregorius
3713 2211 3725 2248 :

2083 2289 2246 2357 Saepe
2268 2286 2338 2340 ab
2363 2285 2706 2340 hominibus
2727 2285 2904 2339 timor
2927 2282 3135 2339 debilis
3177 2287 3347 2338 cauta
3368 2281 3727 2354 dispensatio

2079 2379 2339 2442 vocatur,
2364 2379 2420 2429 et
2450 2373 2619 2445 quasi
2648 2373 2966 2444 prudenter
2996 2373 3281 2443 impetum
3305 2388 3366 2427 se
3397 2371 3729 2425 declinasse

2081 2469 2515 2530 asserunt,cum
2549 2461 2837 2532 fugientes
2853 2461 2962 2533 (42)
2982 2459 3226 2532 turpiter
3245 2460 3303 2513 in
3326 2463 3491 2529 terga
3513 2459 3729 2513 feriun-

2079 2556 2195 2608 tur.
2231 2550 2664 2623 Congruentius
2697 2567 2832 2623 ergo
2873 2547 3145 2622 eligimus
3192 2553 3450 2604 nostram
3501 2551 3730 2620 portare

2081 2641 2379 2711 injuriam,
2416 2655 2592 2711 quam
2626 2637 2756 2694 aliis
2788 2638 2999 2694 inferre
3025 2635 3404 2706 calumniam,
3427 2639 3483 2691 et
3505 2635 3576 2690 ab
3599 2633 3731 2690 aliis

2083 2730 2302 2801 injuste
2326 2728 2653 2800 pati,quam
2677 2745 2710 2783 a
2727 2726 2896 2783 nobis
2913 2726 3136 2798 injuste
3157 2725 3407 2782 defendi:
3429 2741 3541 2780 non
3568 2723 3730 2778 enim

2083 2819 2142 2874 in
2175 2823 2523 2890 perpetuum
2554 2817 2928 2886 damnamur,
2961 2831 3093 2870 cum
3125 2815 3344 2886 injuste
3365 2813 3730 2890 judicamur,

2083 2907 2310 2964 dicente
2332 2906 2680 2962 Psalmista:
2715 2908 2827 2961 Nec
2877 2903 3164 2960 damnabit
3220 2920 3344 2960 eum
3369 2919 3494 2959 cum
3523 2902 3730 2972 judica-

2085 2995 2230 3053 bitur
2259 2995 2355 3052 illi
2381 2995 2556 3064 (Psal.
2579 3011 2746 3061 xxxv,
2778 2993 2892 3066 33.)

2155 3085 2321 3141 Multi
2353 3085 2606 3156 denique
2628 3084 2999 3140 sacerdotum
3023 3080 3253 3152 culpam
3276 3080 3396 3136 zelo
3419 3079 3519 3136 Dei
3536 3096 3730 3152 perse-

2083 3175 2183 3246 qui
2215 3191 2277 3229 se
2302 3175 2670 3244 proﬁtentur,
2705 3172 2807 3228 sed
2839 3171 2980 3226 dum
3012 3169 3327 3225 indiscrete
3374 3168 3483 3222 hoc
3524 3172 3731 3238 agunt.

2084 3260 2370 3334 sacrilegii
2395 3261 2622 3316 facinus
2643 3259 3037 3324 incurrunt,et
3059 3258 3199 3311 dum
3220 3254 3544 3328 praecipites
3558 3256 3732 3327 quasi

2081 3351 2152 3407 ad
2185 3349 2620 3404 emendandum
2650 3354 2852 3414 ruunt,
2874 3345 2985 3417 ipsi
3007 3361 3238 3417 quoque
3271 3343 3524 3399 deterius
3547 3343 3730 3400 multo

2083 3438 2269 3510 magis
2301 3438 2553 3492 cadunt:
2589 3436 2743 3492 unde
2766 3439 2824 3490 et
2851 3434 2910 3488 in
2944 3433 3092 3489 libro
3121 3437 3346 3505 Regum
3369 3434 3439 3488 de
3470 3449 3603 3490 arca
3627 3435 3732 3490 Do-

2083 3527 2229 3584 mini
2258 3525 2491 3599 legitur,
2525 3525 2663 3596 quia
2688 3527 2978 3596 postquam
3006 3525 3275 3578 venerunt
3307 3522 3376 3578 ad
3406 3539 3596 3579 arcam
3627 3524 3732 3578 Na-

2035 3669 2038 3671 .
2080 3619 2229 3684 clior,
2254 3614 2506 3671 extendit
2523 3629 2755 3668 manum
2776 3615 2890 3671 01a
2910 3612 2980 3667 ad
2999 3629 3186 3668 arcam
3222 3613 3462 3681 Domini,
3485 3617 3537 3668 et
3557 3614 3731 3668 tenuit

2079 3721 2222 3774 eam,
2249 3705 2516 3776 quoniam
2566 3701 2940 3758 calcitrabant
2988 3701 3162 3768 boves,
3207 3707 3264 3757 et
3315 3701 3730 3758 declinaverunt

2080 3812 2200 3851 eam
2224 3802 2310 3857 ;et
2340 3795 2517 3849 iratus
2547 3791 2935 3866 indignatione
2966 3791 3226 3847 Dominus
3251 3793 3439 3847 contra
3474 3791 3659 3860 0mm,
3680 3795 3732 3846 et

2076 3885 2344 3956 percussit
2367 3898 2491 3937 eum
2519 3897 2684 3953 super
2709 3882 3108 3941 temeritatem;
3131 3882 3228 3950 qui
3259 3885 3508 3936 mortuus
3541 3883 3620 3935 est
3651 3881 3734 3936 ibi

2066 3979 2248 4049 juxta
2267 3989 2456 4028 arcam
2482 3971 2702 4026 Domini
2743 3970 2821 4041 (II
2855 3970 2980 4040 Reg.
3033 3986 3109 4039 v1,
3133 3969 3212 4040 6.)
3245 3970 3392 4034 Quid
3444 3968 3598 4024 enim
3631 3986 3734 4041 per

2085 4077 2282 4119 arcam
2306 4058 2516 4115 melius
2538 4075 2715 4130 quam
2733 4055 3732 4130 sanctaEcclesiadesignatur?Quid

2085 4167 2188 4223 per
2213 4150 2410 4216 boves,
2446 4163 2623 4219 quam
2657 4146 3009 4202 dissidentes
3037 4145 3412 4202 sacerdotes?
3445 4145 3591 4210 Quid
3631 4162 3734 4217 per

2084 4227 2406 4306 Ozam,nisi
2439 4235 2691 4307 aliquem
2724 4233 3100 4290 temerarium
3132 4233 3564 4306 intelligimus?
3594 4233 3734 4289 Saul

2088 4327 2264 4383 etiam
2297 4325 2368 4380 ab
2398 4324 2526 4397 ipso
2552 4323 2798 4380 Domino
2823 4323 2884 4378 in
2907 4338 3085 4395 regno
3107 4322 3348 4389 electus,
3371 4322 3510 4393 quia
3539 4338 3732 4377 sacer-

2084 4415 2237 4472 dotis
2275 4430 2559 4485 usurpare
2585 4429 2765 4468 ausus
2791 4416 2878 4466 est
2897 4409 3311 4478 ministerium,
3335 4410 3540 4466 merito
3560 4427 3733 4481 apro-

2086 4504 2259 4576 pheta
2291 4501 2548 4558 audivit:
2580 4501 2754 4556 Stulte
2778 4502 2957 4572 egisti,
2988 4515 3088 4554 nec
3132 4499 3418 4555 custodisti
3464 4498 3733 4554 mandata

335 4587 422 4638 tat
452 4584 606 4676 Deus
639 4590 869 4642 tantum
900 4591 1227 4662 extorqueri
1259 4589 1566 4663 flagitium.
1598 4590 1724 4646 Non
1777 4591 1978 4663 utique
2007 4611 2054 4676 D
2090 4594 2312 4650 Domini
2339 4593 2438 4648 Dei
2460 4593 2565 4661 tui,
2597 4605 2723 4661 quae
2746 4591 3017 4660 praecepit
3045 4588 3168 4643 tibi.
3203 4589 3330 4655 Qum
3358 4590 3408 4643 si
3432 4604 3543 4644 non
3569 4587 3736 4659 fecis-

334 4690 436 4744 pro
469 4673 688 4731 vitibus
718 4675 826 4731 hoc
857 4677 1022 4733 dicit:
1059 4696 1247 4752 neque
1277 4680 1435 4736 enim
1484 4681 1555 4737 de
1585 4681 1803 4737 vitibus
1837 4698 1974 4737 cura

331 4766 420 4817 est
450 4763 586 4831 Deo,
621 4782 809 4837 neque
839 4767 1166 4838 de3terreno
1197 4769 1406 4842 spatio,
1443 4770 1540 4824 sed
1605 4771 1676 4825 de
1727 4771 1861 4841 jure
1890 4769 1972 4824 lo-

332 4850 534 4922 quitur
566 4850 1027 4911 Patrum.Potuit
1060 4857 1263 4927 utique
1293 4861 1349 4912 et
1379 4857 1621 4913 alteram
1652 4858 1881 4913 vineam
1905 4858 1974 4911 de

328 4941 517 4996 vineis
547 4942 701 5016 regis
736 4945 1106 5017 accipere,‘,et
1138 4946 1366 5001 amicus
1415 4946 1568 5019 regis
1609 4963 1736 5001 esse
1767 4946 1827 5000 in
1859 4959 1972 5016 quo

333 5047 448 5086 non
473 5032 784 5088 mediocris
815 5032 1009 5088 saeculi
1037 5034 1214 5105 hujus
1233 5033 1458 5090 utilitas
1483 5033 1758 5090 aastimari
1789 5033 1934 5090 solet
1959 5051 1971 5090 :

332 5119 431 5177 sed
459 5119 613 5190 quod
636 5125 804 5194 turpe
828 5123 1252 5195 eratjudicavit
1273 5141 1386 5179 non
1436 5123 1617 5178 videri
1659 5123 1818 5192 utile,
1857 5139 1975 5178 ma-

331 5209 558 5258 lnitrme
588 5210 910 5258 nerimilnm
944 5229 1074 5258 niim
1103 5213 1404 5258 bnnestntp.
1429 5213 1624 5258 snhirn
1653 5230 1827 5258 mmm
1854 5213 1972 5258 nisi-

2094 4699 2197 4748 ses,
2224 4681 2349 4752 jam
2379 4695 2526 4733 nunc
2551 4686 2920 4748 przeparasset
2977 4677 3240 4732 Dominus
3295 4692 3533 4745 regnum
3579 4681 3736 4732 tuum

2085 4787 2248 4842 super
2281 4768 2450 4824 Israel
2477 4769 2536 4822 in
2569 4769 2980 4839 sempiternum,
3006 4766 3098 4822 sed
3125 4781 3470 4837 nequaquam
3508 4783 3735 4837 regnum

2083 4865 2242 4915 tuum
2276 4856 2432 4912 ultra
2464 4864 2769 4927 consurget.
2801 4857 3068 4923 Quaesivit
3102 4856 3366 4911 Dominus
3404 4856 3512 4910 sibi
3550 4858 3733 4911 virum

2067 4952 2248 5022 juxta
2274 4961 2368 5003 cor
2396 4961 2578 5015 suum,
2599 4949 2649 5001 et
2673 4947 2940 5016 praecepit
2960 4946 3015 5001 ei
3063 4946 3348 5012 Dominus,
3371 4947 3434 4998 ut
3463 4951 3600 5000 esset
3620 4945 3734 4999 dua:

2083 5052 2244 5110 super
2273 5036 2581 5108 populuum
2611 5049 2796 5102 suum,
2829 5049 2892 5090 eo
2940 5032 3078 5106 quod
3122 5049 3234 5089 non
3281 5035 3578 5089 servaveris
3615 5050 3734 5106 quae

2082 5127 2350 5199 prmcepit
2373 5125 2640 5180 Dominus
2661 5123 2710 5195 (I
2725 5123 2849 5193 Reg.
2874 5135 2998 5193 mi,
3023 5122 3135 5195 13.)
3156 5121 3323 5178 Ozias
3361 5138 3593 5194 quoque
3613 5140 3731 5190 rex,

2088 5231 2221 5258 num
2257 5229 2359 5258 nar
2390 5212 2613 5258 nlimmt
2643 5227 2827 5258 annos
2857 5210 3005 5258 Dens
3035 5211 3276 5258 favente.
3303 5211 3393 5258 cui
3428 5209 3629 5258 davnia
3656 5213 3734 5258 fa-
