4030 5310
228 317 294 375 65
1028 311 1128 371 DE
1169 310 1609 373 PRESSURIS
1656 309 2312 375 ECCLESIASTICIS.
2363 345 2440 354 —-
2482 311 2682 372 PARS
2730 311 2775 370 Ι.
3525 314 3604 379 66

228 446 378 504 fanda
406 442 638 497 tandem
671 442 1124 513 praesumptione
1155 443 1547 498 sacerdotium
1610 444 1847 514 insuper
1874 446 1927 511 Α
1960 446 2341 509 monstratur,
2375 444 2445 497 de
2477 459 2591 513 qua
2622 442 2905 513 scriptum
2937 446 3055 498 est:
3083 443 3162 497 Sit
3191 446 3349 501 homo
3372 447 3607 504 veloxad

228 532 525 602 contrajus
557 530 806 602 arripere
833 530 1033 585 voluit.
1094 531 1200 586 Pro
1261 548 1377 603 qua
1431 531 1605 587 etiam
1645 530 1846 585 illicita
1955 531 2315 601 audiendum,
2348 534 2399 585 et
2447 531 2640 587 tardus
2686 531 2757 585 ad
2784 533 2963 587 iram:
3026 534 3110 589 ira
3140 536 3288 588 enim
3326 536 3607 605 justitiam

226 622 522 680 temeritate
542 619 699 692 lepra
724 636 1312 692 percussus,regnum
1336 637 1451 692 quo
1478 620 1737 693 legitime
1763 620 1844 674 uti
1956 621 2053 675 Dei
2082 636 2189 674 non
2220 628 2478 690 cperatur
2498 623 2642 687 (Jac.
2671 638 2707 686 ι,
2741 620 2827 686 19,
2858 621 2972 692 20).
3006 620 3151 676 Hinc
3211 640 3414 679 rursus
3461 626 3607 681 scri-

226 716 442 787 poterat,
476 713 532 763 et
561 707 810 765 salutem
842 709 1060 765 amisit.
1096 714 1203 765 Per
1245 710 1400 765 viam
1459 726 1594 782 ergo
1626 710 1844 783 regiam
1959 714 2125 781 ptum
2148 714 2236 763 est
2260 725 2272 765 :
2293 710 2423 777 Quis
2444 709 2876 780 potesthaoitare
2899 726 3021 764 cum
3045 710 3283 780 homine,
3317 715 3409 769 cui
3436 716 3606 785 spiri-

227 814 679 869 unumquemque
725 797 1027 854 ambulare
1081 804 1326 871 oportet,
1389 800 1558 856 sicut.
1642 841 1653 853 .
1736 842 1748 854 .
1831 840 1843 852 .
1959 806 2042 854 tus
2065 800 2248 868 facilis
2278 798 2456 852 estad
2486 797 3079 867 irascendum?(Prov.
3139 816 3298 864 xvm,
3350 801 3459 870 14.)
3492 802 3608 857 Hoc

226 892 307 946 via
332 886 549 945 Domini
581 892 670 943 est
701 892 757 943 et
786 892 961 955 recta,
995 904 1088 943 ne.
1170 931 1182 943 .
1263 931 1276 946 .
1360 931 1371 943 .
1455 930 1468 943 .
1548 930 1559 942 .
1644 929 1657 942 .
1738 931 1749 942 .
1831 929 1844 943 .
1961 888 2171 942 iterum
2195 887 2591 941 dicitueroli
2611 902 2721 942 esse
2748 903 2875 940 cum
2927 887 3145 943 homine
3186 890 3449 945 iracundo
3470 909 3491 945 :
3520 906 3612 947 ne-

227 1020 241 1036 .
313 1021 324 1033 .
395 1019 405 1031 .
489 1018 500 1030 .
582 1021 594 1032 .
675 1019 686 1030 .
770 1020 783 1033 .
865 1019 876 1031 .
959 1018 971 1031 .
1054 1020 1069 1033 .
1150 1019 1161 1032 .
1244 1019 1256 1031 .
1348 1021 1359 1032 .
1443 1019 1455 1031 .
1537 1020 1550 1032 .
1646 1020 1658 1032 .
1739 1020 1752 1033 .
1833 1017 1844 1028 .
1961 992 2065 1048 que
2090 976 2331 1031 ambules
2358 991 2485 1031 cum
2516 974 2987 1045 homz'nefurioso,
3020 994 3089 1031 ne
3115 980 3257 1048 forte
3293 980 3469 1039 discas
3526 996 3607 1035 se-

229 1112 239 1124 .
311 1111 321 1122 .
395 1110 406 1121 .
491 1109 503 1119 .
585 1109 599 1120 .
679 1108 690 1119 .
774 1066 1134 1121 .dexteram
1194 1065 1525 1136 declinavit,
1584 1067 1681 1138 qui
1717 1065 1850 1137 plus
1959 1064 3608 1141 mitaseius,etsumasscandalumanimeetua:(Prov.xxn,

227 1172 377 1229 quam
407 1171 556 1226 opus
587 1158 677 1209 est
702 1154 840 1226 agit,
861 1156 932 1211 ad
956 1154 1278 1210 sinistram.
1362 1197 1374 1209 .
1455 1199 1470 1211 .
1552 1198 1565 1210 .
1646 1198 1657 1210 .
1740 1198 1752 1209 .
1834 1196 1846 1208 .
1960 1152 2073 1223 24),
2107 1157 2317 1209 Contra
2349 1153 2499 1208 hanc
2531 1154 2589 1207 in
2622 1153 2792 1208 laude
2825 1154 3113 1225 patientiae
3146 1156 3429 1227 scriptum
3481 1162 3606 1214 est:

871 1287 883 1299 .
966 1284 978 1297 .
1013 1244 1326 1300 Psalmista
1353 1245 1433 1299 ait
1459 1261 1471 1298 :
1535 1246 1714 1299 Deduc
1741 1259 1846 1308 me,
1963 1242 2159 1296 Melior
2195 1246 2272 1296 est
2304 1243 2387 1296 vir
2414 1245 2512 1313 qui
2542 1244 2709 1297 vincit
2739 1244 2902 1311 iram,
2937 1260 3101 1314 quam
3129 1247 3227 1315 qui
3244 1248 3391 1315 capit
3420 1248 3611 1303 civita-

228 1334 455 1397 Domine,
487 1333 547 1385 in
579 1332 667 1386 via
690 1336 793 1387 tua
814 1331 985 1404 (Psal.
1020 1350 1188 1399 xxxv,
1222 1334 1331 1403 11).
1376 1333 1589 1387 Beatus
1620 1348 1852 1404 quoque

225 1421 415 1478 Paulus
445 1420 750 1493 apostolus
783 1420 898 1488 ait;
936 1422 1308 1493 Unusquisque
1337 1423 1397 1476 in
1454 1422 1751 1486 vocatione,
1794 1422 1855 1483 in,

227 1528 318 1586 qua
344 1514 560 1567 vocatus
585 1518 682 1576 est,
716 1512 772 1564 in
805 1526 869 1565 ea
894 1514 1216 1581 permaneat
1248 1512 1296 1582 (Ι
1324 1510 1443 1565 Cor.
1487 1528 1561 1577 1v,
1620 1510 1711 1577 20)
1733 1528 1751 1563 :
1784 1525 1855 1564 ne

226 1602 347 1657 dum
377 1598 561 1655 ambit
592 1598 811 1667 illicita,
831 1599 993 1669 juste
1024 1598 1227 1670 perdat
1259 1598 1567 1671 acquisita,
1627 1603 1684 1653 et
1715 1599 1854 1652 dum

225 1689 394 1745 aliena
421 1687 755 1743 ministeria
774 1704 1059 1758 usurpare
1076 1689 1457 1760 gaudet,jure
1474 1688 1534 1743 in
1561 1686 1672 1744 sibi
1694 1686 1855 1742 debi-

222 1777 287 1833 tis
317 1781 558 1849 torpeat.
593 1775 756 1832 Unde
786 1777 1012 1831 evenire
1043 1776 1210 1844 solet,
1275 1781 1339 1831 ut
1396 1776 1722 1843 saeculares,
1758 1775 1856 1847 qui

220 1865 658 1922 ecclesiasticam
691 1870 1058 1937 praesumunt
1089 1865 1362 1921 invadere
1383 1865 1853 1937 dispositionem,

223 1972 309 2010 nec
329 1954 596 2010 Ecclesiae
615 1954 982 2009 orationibus
997 1958 1330 2009 mereantur
1342 1955 1640 2025 acquirere
1655 1970 1855 2026 pacem

223 2061 309 2099 nec
338 2042 452 2099 suis
497 2042 725 2098 valeant
760 2043 939 2097 armis
970 2042 1213 2114 adipisci
1246 2043 1570 2098 victoriam.

281 2134 376 2188 Sed
408 2132 561 2187 dicit
593 2131 845 2204 aliquis;
881 2132 1169 2203 numquid
1202 2133 1399 2188 omnia
1430 2131 1585 2187 mala
1614 2149 1739 2203 quae
1774 2133 1859 2186 fe-

233 2223 383 2277 cerint
436 2221 805 2291 sacerdotes,
866 2222 1156 2292 portanda
1213 2222 1397 2277 sunt?
1455 2222 1677 2288 Quibus
1724 2237 1859 2276 con-

237 2315 481 2382 gruenter
513 2311 922 2383 respondetur,
954 2311 1107 2381 quod
1167 2328 1199 2365 a
1253 2311 1523 2383 pluribus
1574 2310 1864 2383 portanda

232 2405 401 2472 sunt,a
420 2400 787 2473 quibusdam
808 2416 941 2455 vero
964 2400 1285 2455 secundum
1306 2400 1585 2455 creditam
1609 2400 1722 2454 sibi
1748 2399 1864 2454 dis—

226 2491 618 2561 pensationem
659 2506 793 2545 cum
825 2489 1083 2545 maxima
1113 2489 1338 2546 cautela
1369 2493 1509 2545 sunt
1539 2489 1860 2562 arguenda.

222 2577 444 2635 Temere
458 2578 619 2635 enim
644 2579 716 2634 ab
738 2577 1081 2634 hominibus
1106 2596 1220 2634 non
1235 2577 1864 2644 suntillidiscutiendi,

220 2666 307 2737 qui
337 2668 393 2734 fa
424 2667 568 2738 Deo]
602 2672 951 2738 potestatem
979 2673 1326 2740 acceperunt
1349 2668 1525 2723 etiam
1554 2668 1624 2722 de
1645 2665 1868 2740 angelis

210 2755 536 2825 judicandi.
571 2760 717 2811 Nam
748 2754 819 2811 ‘ut
849 2756 929 2812 ait
959 2758 1166 2812 beatus
1199 2756 1556 2829 Augustinus
1587 2756 1689 2827 (lib
1738 2774 1776 2809 ιι
1807 2755 1872 2811 de

215 2843 478 2901 Sermone
508 2846 729 2901 Domini
782 2861 844 2900 in
894 2850 1094 2917 monte,
1153 2863 1202 2901 c.
1264 2844 1418 2915 18.):
1459 2864 1485 2897 α
1524 2846 1873 2914 Plerumque

212 2933 354 2988 nihil
382 2938 561 2989 nocet
581 2933 632 2988 ei
656 2935 725 2991 de
748 2950 862 3004 quo
887 2935 1443 3004 temerejudicatur,
1468 2934 1521 2988 ei
1554 2937 1748 2986 autem
1773 2932 1873 3002 qui

206 3027 433 3077 temere
458 3022 713 3091 judicat,
747 3022 875 3092 ipsa
902 3022 1206 3076 temeritas
1263 3030 1352 3075 est
1407 3036 1643 3075 necesse
1676 3024 1739 3073 ut
1770 3036 1872 3072 no-

204 3115 354 3165 ceat.
392 3131 422 3158 ››
464 3108 537 3162 Et
566 3109 704 3162 item
732 3125 742 3161 :
776 3131 802 3156 ‹‹
836 3109 943 3173 Qui
977 3108 1133 3163 enim
1166 3113 1352 3174 nocet,
1416 3108 1498 3163 ait
1544 3106 1878 3179 Apostolus,

1887 1820 1935 1884 B

1962 1334 2070 1387 tem
2097 1348 2357 1400 magnam
2385 1332 2573 1403 (Prov.
2607 1349 2721 1402 xvx,
2753 1333 2863 1401 32(.
2899 1331 3044 1387 Hinc
3085 1333 3264 1389 David
3299 1352 3609 1405 personam

1966 1421 2024 1475 in
2053 1437 2113 1476 se
2145 1420 2514 1476 infirmorum
2548 1438 2876 1488 assumens,
2910 1422 3028 1477 ait:
3066 1423 3327 1478 Turbatus
3390 1427 3469 1478 cst
3488 1440 3612 1497 prz

1966 1511 2055 1564 ira
2085 1511 2271 1565 oculus
2300 1526 2474 1565 meus.
2505 1510 2693 1580 Atque
2726 1526 2793 1564 ex
2823 1510 2952 1582 ipsa
2977 1511 3307 1567 turbatione
3347 1513 3487 1584 quid
3521 1530 3610 1570 se-

1968 1604 2181 1670 quatur
2211 1599 2511 1669 adjunxit:
2570 1600 2876 1654 Inveteravi
2933 1601 3074 1654 inter
3120 1617 3305 1656 omnes
3358 1603 3612 1661 inimicos

1965 1704 2109 1742 meos
2138 1689 2311 1756 (Psal.
2344 1706 2421 1758 VI,
2454 1689 2532 1755 8).
2558 1688 2633 1741 Ex
2657 1687 2742 1742 ira
2762 1688 2977 1760 quippe
3000 1706 3132 1743 cum
3149 1690 3420 1746 turbatus
3439 1691 3613 1746 fuerit

1968 1776 2174 1832 oculus
2197 1777 2408 1844 cordis,
2428 1776 2580 1831 inter
2609 1775 2868 1831 inimicos
2899 1781 3130 1831 nostros
3161 1778 3232 1833 ad
3265 1784 3613 1835 vetustatem

1969 1866 2324 1932 reducimur,
2359 1866 2497 1936 quia
2530 1864 2679 1919 inter
2708 1865 2997 1937 malignos
3020 1866 3264 1936 spiritus
3297 1868 3367 1921 ad
3401 1869 3614 1923 vetusti

1966 1953 2224 2009 hominis
2246 1952 2693 2008 similitudinem
2720 1971 3073 2008 revocamur.
3099 1956 3241 2010 Cum
3266 1956 3445 2028 igitur
3468 1956 3613 2012 iram

1969 2060 2095 2115 quae
2130 2056 2227 2097 cor
2257 2046 2570 2113 permovet,
2595 2059 2761 2097 sacra
2782 2042 3013 2114 eloquia
3034 2048 3119 2098 tot
3140 2044 3493 2101 testimoniis
3517 2046 3616 2101 de-

1968 2131 2635 2203 testentur,perpendam
2647 2148 2715 2186 us
2738 2149 2856 2203 qua
2876 2131 3197 2188 intentione
3211 2133 3491 2189 debemus
3506 2134 3616 2192 hoc

1970 2220 2176 2275 vitium
2210 2220 2429 2291 fugere,
2464 2219 2618 2289 quod
2651 2224 2761 2273 Deo
2785 2220 2986 2290 judice
3018 2220 3074 2274 in
3098 2221 3434 2277 testimonio
3457 2223 3616 2278 illius

1975 2310 2145 2365 toties
2204 2309 2570 2380 reprobatur.
2631 2310 2771 2363 Item
2831 2309 2901 2363 ad
2960 2309 3376 2365 Godescalcum
3410 2312 3618 2368 ducem

1972 2398 2340 2469 Campagnine
2370 2398 2549 2469 (idem
2581 2398 2645 2452 Η.
2680 2398 2847 2469 Greg.
2884 2397 2921 2452 1.
2958 2415 3078 2464 vm,
3112 2401 3265 2470 egist.
3294 2401 3378 2473 12)
3406 2418 3418 2455 ;
3457 2422 3483 2453 α
3515 2401 3619 2457 Illa

1976 2487 2422 2559 prmpositorum
2446 2485 2775 2541 sollicitudo
2808 2486 2989 2551 utilis,
3022 2486 3122 2542 illa
3152 2492 3241 2542 est
3262 2489 3621 2545 cautelalau-

1978 2575 2211 2642 dabilis,
2247 2575 2301 2629 in
2338 2592 2452 2645 qua
2476 2578 2663 2629 totum
2698 2576 2843 2629 ratio
2877 2576 3015 2648 agit,
3050 2582 3107 2631 et
3137 2577 3299 2632 furor
3339 2578 3449 2632 sibi
3473 2579 3619 2635 nihil

1976 2665 2251 2720 vindicat.
2277 2664 2700 2737 Restringenda
2722 2681 2856 2737 ergo
2879 2665 2988 2720 sub
3004 2667 3225 2721 ratione
3238 2672 3492 2737 potestas
3511 2673 3619 2741 est,

1979 2759 2035 2811 et
2060 2771 2163 2809 nec
2196 2754 2517 2825 quidquam
2549 2754 2860 2825 agendum,
2878 2754 3223 2825 priusquam
3246 2756 3533 2811 concitata
3549 2759 3620 2813 ad

1980 2842 2466 2915 tranquillitatem
2487 2859 2649 2897 mens
2663 2842 2876 2897 redeat.
2892 2843 3036 2897 Nam
3053 2846 3461 2900 commotionis
3484 2851 3625 2901 tem-

1984 2948 2121 3002 pore
2143 2933 2374 3001 justum
2408 2934 2575 3002 putat
2606 2930 2691 2985 ira
2721 2947 2892 2986 omne
2923 2932 3077 3003 quod
3113 2933 3329 3002 fecerit,
3365 2935 3461 2989 sed
3488 2940 3543 2989 et
3574 2935 3624 2991 si

1986 3036 2221 3073 oramus
2254 3024 2317 3071 ut
2349 3018 2405 3071 in
2438 3019 2523 3072 ira
2553 3036 2586 3073 a
2606 3018 2851 3073 Domino
2876 3037 2985 3074 non
3016 3022 3627 3096 corrripiamur,expe-

1989 3105 2072 3159 dit
2095 3109 2157 3158 ut
2178 3104 2323 3158 alios
2342 3120 2473 3157 eum
2496 3104 2582 3157 ira
2606 3104 3082 3173 nonjudicemus.
3099 3107 3392 3178 Scriptum
3414 3111 3630 3181 quippe

204 3198 421 3272 recipit
454 3197 517 3251 id
551 3198 705 3268 quod
739 3198 916 3251 novit.
956 3219 983 3245 ››
1018 3198 1083 3251 Et
1111 3197 1396 3252 Dominus
1426 3196 1486 3251 in
1518 3195 1826 3267 Evangelio
1857 3211 1869 3248 :
1906 3183 1949 3248 C
1986 3199 2109 3249 est:
2146 3193 2461 3248 Memorare
2510 3193 2767 3247 timorem
2822 3193 3063 3259 Domini,
3117 3197 3168 3248 et
3222 3210 3333 3249 non
3364 3199 3630 3252 irascaris

208 3291 265 3343 In
286 3302 395 3360 quo
428 3284 649 3357 judicio
682 3286 1087 3357 judicavcritis,
1111 3286 1541 3356 judicabimini:
1574 3294 1627 3341 et
1679 3287 1737 3339 in
1766 3301 1875 3355 qua

206 3392 477 3432 mensura
499 3376 680 3429 mensi
687 3376 1248 3444 fueritis,remetzetur
1267 3374 1645 3445 vobis(Matth.
1669 3391 1769 3440 v11,
1795 3374 1871 3439 2).

212 3465 457 3539 Oportet
482 3478 622 3534 ergo
644 3479 741 3519 eos
765 3463 981 3534 quibus
995 3463 1139 3518 alios
1164 3463 1466 3534 judicandi
1490 3464 1772 3518 attributa
1787 3466 1877 3517 est

214 3560 502 3626 potestas,
539 3559 658 3607 tam
690 3553 952 3608 modeste
980 3552 1089 3608 hoc
1121 3569 1310 3625 agere,
1336 3556 1401 3608 ut
1430 3553 1769 3608 redeuntem
1803 3552 1875 3607 ad

215 3662 271 3701 se
302 3643 595 3700 talionem
628 3641 869 3697 minime
899 3642 1362 3713 perhorrescant.
1422 3642 1672 3697 Caveant
1700 3641 1876 3696 etiam

217 3749 284 3788 ne
306 3733 445 3788 odio
473 3734 579 3786 aut
600 3730 946 3797 invidia,seu
980 3748 1082 3801 pro
1106 3730 1303 3803 aliqua
1333 3730 1647 3786 inimicitia
1674 3735 1877 3785 contra

217 3822 519 3894 proximos
546 3819 859 3891 plusquam
884 3818 1879 3890 przesenspostuletactio,invehan-

220 3919 324 3967 tur.
360 3910 817 3968 Prmvidendum
850 3925 1082 3979 quoque
1115 3924 1186 3962 ne
1220 3907 1546 3973 fraudibus,
1587 3908 1676 3962 vel
1710 3923 1879 3961 man-

220 4001 366 4056 datis
400 3998 815 4055 accusanlium
845 3996 963 4052 ullo
987 3997 1159 4052 modo
1189 3996 1654 4067 decipiantur,ne
1678 3995 1879 4051 adula~

220 4090 314 4154 lio,
347 4106 455 4145 seu
489 4086 807 4143 oblectatio
837 4085 1032 4141 locum
1062 4085 1471 4154 obtineant,ne
1498 4101 1882 4157 personarum

222 4178 359 4234 inibi
391 4178 473 4233 sit
506 4175 790 4247 acceptio,
817 4180 917 4230 aut
944 4173 1271 4244 affinitatis,
1306 4178 1408 4229 aut
1438 4173 1687 4244 alicujus
1709 4173 1887 4229 clien-

223 4266 343 4322 telm
366 4270 702 4338 respectus,
737 4280 876 4318 neve
897 4262 1279 4317 exardescant
1308 4262 1368 4316 in
1399 4263 1504 4332 ira,
1540 4279 1664 4333 qua:
1684 4260 1885 4333 procul

226 4356 505 4427 ajudicio
539 4354 783 4410 omnino
814 4353 984 4408 debet
1015 4351 1243 4423 expelli.
1277 4350 1372 4406 Ait
1402 4352 1557 4407 enim
1602 4352 1887 4407 Dominus

227 4444 280 4501 in
312 4443 631 4517 Evangelia
673 4443 861 4497 Omnis
920 4444 1015 4512 qui
1068 4443 1335 4495 irascitur
1387 4441 1557 4511 fratri
1613 4457 1728 4506 suo,
1762 4457 1889 4495 reus

1985 3285 2240 3355 proximo
2271 3282 2471 3353 (Eccli.
2504 3297 2703 3349 xxvm,
2730 3282 2801 3346 8).
2833 3300 2859 3331 ι
2898 3283 2966 3336 Et
3015 3283 3219 3338 beatus
3265 3286 3631 3356 Augustinus

1987 3372 2069 3426 ait
2093 3390 2103 3426 :
2133 3371 2239 3436 Qui
2264 3370 2567 3424 irascendo
2591 3386 2651 3424 se
2678 3370 2995 3425 terribilem
3016 3373 3270 3428 ostendit
3297 3374 3481 3441 fratri,
3515 3379 3630 3430 ter-

1988 3477 2176 3515 rorem
2200 3459 2381 3517 divini
2399 3459 2608 3530 judicii
2641 3459 2973 3514 sustinebit.
2997 3460 3107 3514 Sed
3133 3460 3240 3516 hoc
3263 3479 3377 3517 non
3400 3468 3633 3520 tantum

1989 3568 2022 3605 a
2051 3548 2401 3605 Christianis
2432 3552 2486 3602 et
2516 3546 2837 3616 catholicis,
2869 3565 3071 3604 verum
3102 3549 3277 3605 etiam
3328 3568 3361 3607 a
3390 3553 3635 3625 paganis

1989 3641 2361 3696 observatum
2395 3639 2452 3693 in
2486 3637 2688 3692 multis
2721 3639 3069 3709 invenimus,
3129 3639 3353 3695 scilicet
3408 3646 3473 3696 ut
3504 3642 3637 3696 irati

1992 3729 2286 3784 neminem
2318 3724 2630 3792 discutere,
2672 3730 2774 3781 aut
2803 3727 3009 3797 punire
3069 3734 3507 3800 praesumerent.
3541 3729 3640 3784 Ait

1992 3818 2149 3872 enim
2178 3815 2563 3871 Terentianus
2598 3813 2912 3886 philophus
2945 3816 3016 3870 ad
3054 3816 3315 3872 villicum
3347 3836 3520 3873 suum
3548 3837 3560 3875 :
3594 3819 3639 3874 Ο

1995 3911 2047 3960 te
2080 3903 2389 3971 infelicem,
2425 3918 2599 3972 quem
2631 3902 2994 3973 afﬂictarem,
3031 3904 3143 3958 nisi
3201 3904 3385 3961 iratus
3425 3923 3637 3963 essem.

2066 3997 2347 4047 Prmterea
2378 3990 2776 4063 quodincerta
2822 3993 3089 4061 judicare
3145 4010 3262 4048 non
3303 3995 3641 4068 debeamus,

1994 4082 2264 4155 plurimis
2296 4081 2601 4137 sententiis
2659 4081 2989 4135 edocemur.
3050 4080 3213 4135 Unde
3268 4083 3644 4140 beatissimus

1997 4170 2357 4245 papaJulius
2384 4171 2463 4226 ait
2486 4172 2570 4243 (In
2583 4172 2746 4240 epist.
2769 4173 2941 4224 contr.
2969 4169 3175 4224 Orient.
3235 4186 3332 4242 pro
3354 4171 3641 4241 Athanas.,

1997 4279 2045 4317 c.
2080 4262 2167 4331 19)
2193 4277 2205 4316 :
2236 4282 2263 4310 ‹‹
2296 4262 2521 4316 Incerta
2552 4276 2813 4333 unquam
2872 4258 3071 4313 nullus
3116 4260 3457 4332 pontiﬁcum
3483 4261 3648 4332 judi-

1999 4367 2129 4406 care
2156 4355 2473 4421 praasumat
2500 4368 2512 4417 ;
2540 4349 2677 4421 quia
2699 4348 2967 4421 quamvis
2991 4364 3125 4404 vera
3145 4348 3283 4415 sint,
3309 4354 3644 4406 nontamen

2000 4440 2289 4495 credenda
2308 4444 2467 4507 sunt,
2492 4439 2605 4495 nisi
2628 4455 2752 4510 quae
2779 4436 3105 4493 manifestis
3129 4437 3362 4494 incidiis
3381 4456 3649 4513 compro-

230 4538 326 4590 erit
347 4536 572 4605 judicio
607 4531 817 4603 (Matth.
852 4535 1023 4599 v,22).
1052 4531 1121 4585 Et
1146 4530 1351 4587 beatus
1381 4531 1633 4585 Jacobus
1656 4536 1890 4603 aposto-
1924 4552 1971 4615 θ
2002 4531 2236 4598 bantur,
2270 4529 2381 4583 nisi
2416 4546 2542 4600 quae
2576 4528 2889 4585 manifesto
2940 4527 3169 4598 judicio
3202 4527 3646 4599 convincuntur,

230 4622 354 4681 lus:
386 4627 483 4680 Ira
506 4625 664 4680 enim
696 4621 801 4676 viri
828 4622 1098 4689 justitiam
1111 4621 1207 4675 Dei
1238 4636 1347 4675 non
1393 4624 1654 4692 aperatur
1682 4621 1820 4691 (Jac.
1850 4637 1890 4686 1,

231 4715 335 4785 20).
367 4715 439 4769 Et
473 4715 661 4768 item:
697 4713 861 4767 Homo
891 4712 1103 4766 homini
1150 4712 1329 4766 servat
1386 4712 1557 4777 iram,
1618 4713 1667 4765 et
1716 4728 1749 4765 a
1791 4711 1890 4765 Deo

235 4806 419 4874 quzrit
447 4802 730 4858 medelam
759 4802 946 4873 (Eccli.
978 4817 1172 4871 xxvm,
1207 4801 1281 4871 3).
1344 4799 1620 4857 Salomon
1673 4799 1889 4872 quippe

238 4892 311 4945 ait
338 4911 349 4947 :
374 4895 463 4947 Ira
484 4894 551 4946 in
569 4893 703 4946 sinu
724 4891 878 4945 stulti
900 4891 1186 4960 requiescit
1210 4890 1396 4959 (Eccli.
1441 4908 1543 4958 v11,
1582 4889 1690 4960 10).
1726 4887 1890 4943 Unde

242 4986 292 5035 et
319 4983 529 5037 beatus
563 4980 880 5051 Gregorius
912 4979 982 5033 ad
1021 4978 1323 5035 Leontium
1347 4979 1723 5036 exconsulem
1756 4979 1893 5033 seri-

245 5072 379 5125 bens
409 5070 493 5125 ait
527 5070 651 5139 (lib.
688 5085 810 5134 vm,
843 5068 999 5140 epist.
1030 5069 1121 5141 51)
1148 5087 1160 5124 :
1202 5089 1223 5117 α
1250 5070 1483 5134 Quoties
1510 5069 1600 5123 ira
1627 5067 1893 5123 animum

2006 4618 2117 4675 nisi
2151 4635 2277 4689 quae
2301 4616 2614 4688 judiciario
2646 4616 2847 4671 ordine
2868 4616 3262 4689 publicentur.
3295 4637 3321 4667 η

2076 4710 2220 4779 Deus
2246 4724 2477 4780 quoque
2510 4706 2902 4777 omnipotens,
2937 4710 3003 4760 ut
3029 4722 3134 4761 nos
3166 4724 3200 4761 a
3229 4704 3650 4777 praecipitantia

2001 4798 2303 4854 sententia:
2334 4798 2658 4868 prolatione
2700 4800 3111 4866 compesceret,
3145 4796 3239 4849 cui
3271 4795 3472 4847 omnia
3502 4792 3659 4846 nuda

2001 4893 2057 4944 et
2088 4892 2288 4953 aperta
2319 4894 2459 4943 sunt
2489 4883 2679 4942 oculis
2709 4886 2856 4956 ejus,
2920 4883 3075 4938 mala
3131 4888 3329 4939 tamen
3390 4881 3658 4935 Sodomae

2003 4977 2190 5033 noluit
2221 4976 2660 5049 przeeipitanter
2683 4972 2967 5043 judicare.
3003 4972 3109 5035 Qui
3144 4971 3258 5024 ait:
3306 4966 3665 5037 Descendam,

2003 5075 2053 5122 et
2080 5066 2277 5121 videbo
2302 5072 2489 5122 utrum
2552 5062 2846 5118 clamorem
2892 5063 2986 5132 qui
3048 5061 3190 5113 veni:
3246 5054 3318 5110 ad
3367 5072 3456 5111 me
3514 5071 3672 5127 opere

3366 5160 3381 5161 κ
3558 5144 3646 5162 σας
