4030 5310
426 428 501 486 67
1442 416 1782 479 ATTONIS
1825 414 2411 477 VEBCELLENSIS
2456 416 2811 477 EPISCOPI

3747 421 3829 481 68

424 557 730 625 linquentes
758 560 942 609 autem
997 567 1186 607 coram
1240 550 1493 605 omnibus
1546 564 1723 620 argue
1780 552 1838 602 ut
1880 550 2066 603 caeteri
2098 553 2151 615 Α
2182 547 2459 603 adversus
2483 546 2883 603 auctoritatem
2912 546 3128 619 proprii
3186 546 3442 619 episcopi
3500 552 3699 606 contra
3720 549 3827 620 jus

424 648 629 700 metum
658 644 893 698 habeant
952 644 995 713 (ι
1056 642 1189 696 Tim.
1246 657 1302 706 v,
1360 639 1465 706 19).
1522 638 1646 692 Non
1695 637 1851 693 enim
1905 636 2068 692 facile

420 734 575 789 credi
607 733 778 789 debet
807 733 878 786 de
906 730 1198 803 episcOpo,
1257 727 1343 783 vel
1402 727 1759 799 presbytero,
1815 742 2064 798 quorum

419 824 559 879 ordo
590 821 781 879 adhuc
810 819 1031 875 divisus
1061 835 1177 873 non
1209 822 1353 881 erat,
1385 815 1652 888 quamvis
1710 815 1796 871 eis
1843 816 2064 870 crimen

419 911 749 983 objiciatur,
782 908 895 964 nisi
928 908 1239 979 probetur;
1275 905 1411 977 quia
1442 906 1800 960 sacerdotem
1840 902 2062 958 nemini

419 997 865 1063 damnarelicet,
886 996 999 1051 nisi
1024 1000 1123 1051 aut
1139 999 1344 1067 sponte
1370 995 1725 1053 confessum.
1750 996 1851 1047 aut
1873 990 2060 1064 legiti-

418 1088 530 1143 mis
556 1087 803 1143 testibus
822 1084 1098 1140 canonice
1115 1083 1577 1154 comprobatum.
1600 1083 1820 1137 Tamen
1849 1080 1896 1135 si
1917 1079 2058 1152 legi-

413 1176 555 1231 time
578 1176 888 1248 probatum
904 1171 989 1228 vel
1006 1172 1383 1227 manifestum
1406 1171 1579 1225 fuerit
1596 1170 1745 1238 quod
1762 1170 2057 1239 objectum

412 1269 521 1329 est,
554 1263 784 1335 publice
814 1266 902 1318 est
947 1262 1304 1333 arguendos,
1368 1265 1431 1315 ut
1487 1259 1675 1314 caeteri
1706 1262 2051 1313 terreantur.

411 1354 552 1409 Cum
577 1352 733 1408 enim
756 1351 951 1407 vident
976 1356 1207 1405 tantum
1231 1349 1417 1404 virum
1442 1348 1654 1404 erroris
1685 1364 1863 1402 causa
1876 1347 2051 1401 corri-

408 1442 488 1514 pi,
523 1457 759 1497 necesse
791 1445 881 1496 est
912 1444 974 1495 ut
1009 1439 1213 1511 reliqui
1246 1439 1357 1494 sibi
1390 1443 1645 1493 caveant.
1697 1436 1846 1491 lllud
1878 1436 2051 1491 etiam

407 1532 578 1604 plane
602 1530 1022 1586 attendendum
1045 1535 1133 1585 est
1154 1529 1309 1600 quod
1334 1528 1616 1582 Dominus
1636 1526 2053 1597 aitinEvange-

404 1620 481 1675 lio
512 1637 523 1676 :
550 1620 726 1675 Nolite
765 1627 893 1675 ante
921 1622 1131 1690 tempus
1153 1618 1431 1688 judicare,
1467 1615 1644 1687 quoad
1672 1632 1841 1686 usque
1865 1616 2052 1670 veniat

352 1696 361 1699 ’
402 1711 689 1773 Dominus,
722 1710 818 1782 qui
844 1716 896 1762 et
924 1708 1275 1762 illuminabit
1314 1705 1644 1762 abscondita.
1696 1708 2052 1761 tenebrarum

403 1802 455 1854 et
474 1799 852 1869 manifestabit
877 1798 1108 1852 consilia
1131 1796 1379 1851 cordium
1434 1796 1481 1865 (Ι
1510 1796 1630 1851 Cor.
1693 1812 1766 1864 1v,
1799 1794 1872 1864 5).
1924 1794 2047 1849 Non

403 1888 561 1943 enim
594 1891 785 1958 potest
816 1886 1072 1941 humano
1104 1885 1477 1941 condemnari
1536 1884 1820 1951 examine,
1872 1900 2046 1954 quem

401 1977 557 2032 Deus
590 1992 695 2031 suo
758 1975 1070 2030 reservavit
1111 1974 1357 2045 judicio.
1414 1973 1836 2029 Constantinus
1867 1974 2042 2027 etiam

400 2065 817 2121 sanctissimus
848 2064 1187 2135 imperator,
1246 2080 1381 2117 cum
1440 2062 1499 2116 in
1558 2062 1791 2117 Nicmna
1823 2062 2042 2133 synodo

400 2154 698 2227 querelam
733 2152 1123 2224 quorumdam
1156 2152 1563 2223 episcoporum
1588 2167 1782 2206 coram
1807 2167 1867 2205 se
1893 2150 2046 2205 dela-

399 2250 521 2299 tam
553 2243 933 2314 conspiceret,
968 2242 1083 2297 ait:
1119 2241 1235 2296 Vos
1266 2259 1299 2295 a
1328 2241 1559 2295 nemine
1595 2239 1845 2310 judicari
1880 2245 2040 2311 pote-

398 2333 525 2400 stis,
577 2333 716 2403 quia
746 2328 928 2386 solius
958 2329 1058 2385 Dei
1080 2329 1303 2401 judicio
1334 2329 1729 2385 reservamini.
1766 2328 1851 2383 Dii
1884 2329 2037 2383 enim

394 2420 581 2477 vocati
604 2420 768 2486 estis,
792 2419 1005 2473 idcirco
1027 2435 1139 2473 non
1162 2418 1403 2489 potestis
1427 2418 1497 2473 ab
1522 2417 2038 2488 hominibusjudi-

394 2510 534 2565 cari.
560 2509 721 2574 Quod
746 2514 803 2564 et
826 2507 1106 2563 Dominus
1130 2508 1187 2561 in
1212 2507 1405 2561 Exodo
1437 2507 1749 2561 ostendens
1781 2506 1861 2560 ait
1889 2523 1901 2560 :
1927 2508 2041 2561 Diis

386 2616 456 2654 ne
484 2599 767 2665 detrahas,
827 2602 880 2652 et
936 2598 1184 2668 principi
1228 2596 1429 2667 populi
1485 2595 1567 2650 tui
1622 2612 1692 2650 ne
1738 2596 2040 2652 maledicas

387 2686 579 2759 (Exod.
612 2704 751 2757 χχιι,
782 2686 895 2757 28).
946 2685 1014 2739 Et
1045 2686 1248 2739 beatus
1280 2683 1593 2756 Gregorius
1625 2682 2037 2753 imperatorem

390 2776 741 2832 Mauricium
771 2776 828 2829 in
862 2775 969 2829 hoc
1003 2773 1252 2829 laudans
1306 2773 1389 2828 ait
1447 2773 1544 2840 (lib
1603 2788 1665 2839 ιι,
1714 2774 1870 2843 epist.
1902 2773 2032 2843 56):

388 2888 414 2915 ‹‹
437 2866 584 2932 Quia
604 2864 965 2921 serenissimi
988 2863 1207 2918 domini
1236 2861 1604 2935 imperatoris
1632 2862 1893 2916 animum
1918 2878 2033 2917 non

389 2956 749 3026 ignoramus,
789 2954 944 3025 quod
972 2970 1034 3008 se
1068 2953 1125 3005 in
1159 2953 1354 3007 causis
1384 2952 1754 3007 sacerdotum
1791 2951 2033 3006 miscere

389 3061 501 3099 non
536 3042 739 3113 soleat,
772 3058 842 3097 ne
874 3041 1091 3097 nostris
1121 3040 1180 3095 in
1214 3040 1411 3112 aliquo
1445 3040 1696 3112 peccatis
1740 3044 2030 3112 gravetur.

387 3132 530 3188 Item
563 3132 635 3187 ad
659 3132 946 3187 Joannem
967 3131 1330 3186 defensorem
1360 3147 1372 3185 :
1401 3130 1479 3184 De
1508 3146 1755 3201 persona
1786 3130 2027 3202 presby-

383 3222 492 3277 teri
526 3220 632 3276 hoc
662 3220 1080 3276 attendendum
1113 3225 1221 3289 est,
1285 3220 1421 3291 quia
1477 3219 1525 3273 si
1580 3236 1755 3289 quam
1789 3236 2027 3274 causam

380 3309 607 3379 habuit,
641 3327 755 3365 non
788 3310 859 3364 ab
890 3308 1004 3365 alio
1035 3309 1239 3375 teneri,
1302 3309 1403 3362 sed
1464 3308 1801 3377 episcopum
1836 3308 2025 3377 ipsius
2056 3296 2098 3361 C

383 3398 530 3453 adiri
551 3397 771 3454 debuit.
802 3420 831 3447 ››
860 3397 1239 3453 Beatissimus
1260 3395 1431 3450 etiam
1450 3393 1735 3465 Sylvester
1755 3412 2026 3451 summus

377 3486 637 3558 pontifex
668 3486 747 3557 (in
779 3486 1025 3557 Epilog.,
1057 3490 1113 3539 et
1140 3499 1267 3555 cap.
1297 3484 1330 3537 3
1360 3499 1507 3538 conc.
1566 3484 1763 3552 Rom),
1810 3487 1865 3537 et
1894 3484 2022 3538 uni-

374 3574 617 3631 versalis
643 3575 946 3646 apostolus
976 3572 1215 3629 collecta
1244 3572 1464 3644 synodo
1495 3572 1552 3625 in
1584 3576 1785 3626 sancta
1822 3576 1879 3627 et
1930 3589 2021 3628 ve-

372 3663 619 3720 nerabili
651 3663 913 3719 Romana
943 3660 1199 3717 Ecclesia
1230 3678 1331 3733 per
1360 3659 1558 3715 omnia
1603 3659 1921 3727 interdixit,
1957 3666 2022 3715 ut

370 3752 570 3808 nullus
598 3752 784 3809 laicus
817 3753 1037 3806 crimen
1069 3750 1278 3807 clerico
1309 3750 1521 3805 audeat
1578 3748 1811 3815 inferre,
1871 3753 1925 3804 et
1958 3754 2021 3804 ut

367 3842 674 3914 presbyter
702 3858 815 3896 non
850 3842 1131 3896 adversus
1164 3839 1526 3911 episcopum,
1591 3856 1694 3895 nec
1737 3840 2018 3893 diaconus

367 3930 646 3986 adversus
675 3931 1104 4003 presbyterum,
1136 3946 1251 3985 non
1282 3928 1679 3985 subdiaconus
1737 3929 2015 3985 adversus

365 4018 819 4091 diaconum,non
836 4018 1137 4091 acolythus
1152 4019 1430 4074 adversus
1444 4018 2012 4083 subdiaconum,non

363 4108 651 4164 exorcista
682 4109 960 4165 adversus
990 4107 1347 4180 acolythum,
1377 4124 1494 4163 non
1525 4105 1706 4162 lector
1735 4107 2013 4163 adversus

361 4197 729 4264 exorcistam,
764 4214 879 4253 non
911 4198 1187 4253 ostiarius
1245 4197 1523 4252 adversus
1578 4196 1872 4259 lectorem,
1918 4197 2013 4250 det

360 4287 789 4342 accusationem
814 4285 1167 4356 aliquam.Et
1189 4301 1303 4339 non
1328 4286 1638 4339 damnetur
1660 4283 2011 4355 praesul,nisi

358 4373 419 4428 in
453 4375 830 4446 septuaginta
861 4373 1110 4438 duobus,
1163 4389 1351 4445 neque
1410 4371 1621 4444 pracsul
1676 4388 1948 4427 summus
1978 4388 2011 4426 a

358 4462 1009 4533 quoquamjudicetur:
1037 4460 1317 4532 quoniam
1343 4461 1626 4532 scriptum
1651 4465 1741 4516 est
1764 4462 1909 4516 :Non
1936 4470 2013 4517 est

356 4551 663 4621 discipulus
691 4567 861 4622 supra
890 4552 1220 4620 magistrum
1277 4549 1487 4621 (Matth.
1551 4568 1604 4620 x,
1651 4549 1760 4621 24).
1797 4551 2008 4605 Beatus

357 4638 1123 4728 quoquePaulusapostolus
1137 4640 1216 4693 ait
1228 4640 1297 4693 ad
1312 4638 1682 4693 Timotheum
1702 4638 2004 4694 :Seniorem
2032 4664 2078 4728 D

355 4744 424 4783 ne
454 4730 846 4801 increpaveris,
896 4727 987 4782 sed
1019 4728 1234 4783 obsecra
1264 4731 1323 4782 ut
1347 4738 1554 4800 partem
1590 4728 1632 4799 (ι
1668 4729 1801 4783 Tim.
1833 4744 1887 4797 ν,
1922 4728 1996 4801 4).

357 4817 502 4890 Ergo
533 4834 647 4873 non
679 4822 767 4874 est
799 4818 1014 4873 mirum
1047 4817 1223 4889 [quod
1283 4818 1353 4873 de
1410 4817 1697 4889 episcopis
1728 4817 1998 4888 superius

357 4906 577 4962 dictum
596 4911 686 4962 est
714 4907 784 4961 ad
810 4923 1059 4977 quorum
1084 4906 1470 4978 cognitionem
1487 4906 1713 4977 judicia
1735 4905 1997 4961 omnium

355 4996 686 5066 specialiter
706 4996 999 5067 pertinent
1018 4995 1383 5069 clericorum]
1410 5014 1423 5063 ;
1455 5013 1587 5051 cum
1611 4997 1786 5051 etiam
1811 4998 1998 5065 [caete-

354 5099 450 5138 ros
477 5084 731 5156 Domini]
763 5084 1114 5152 sacerdotes,
1148 5084 1349 5140 levitas
1381 5090 1437 5139 et
1490 5085 1897 5152 subdiacones,
1932 5101 1997 5140 ac

736 5173 905 5196 ,3212-
938 5189 1126 5202 ---ημλ
1158 5175 1226 5204 ..ι-1
1261 5173 1446 5208 ..ης-ης
1509 5174 1724 5214 σννηιῖιιςι
1756 5174 1996 5220 ρῖρνίηηςι

2078 1928 2125 1991 Β

2181 636 2291 708 (43)
2315 637 2678 692 defendatur.
2705 638 2868 692 Tunc
2888 636 3202 708 episcopali
3228 637 3688 710 suggestione,fsi
3721 657 3823 696 ne-

2175 739 2334 780 cesse
2357 724 2548 791 fuerit,
2574 724 2852 797 principis
2875 726 2959 780 vel
2974 725 3194 796 judicis
3227 726 3440 783 auxilio
3463 728 3665 783 tandiu
3683 729 3822 786 talis

2174 814 2614 886 persequendus
2644 814 2774 882 erit,
2810 814 2991 869 donec
3021 812 3432 871 ecclesiasticis
3464 818 3551 871 vel
3597 816 3819 874 invitus

2174 903 2361 958 discat
2392 902 2609 975 regulis
2640 903 2891 958 obedire.

2240 992 2653 1049 Accusationes
2685 996 2878 1047 autem
2901 1007 3102 1047 eorum
3136 1009 3251 1047 non
3285 991 3449 1047 aliter
3496 992 3814 1067 inquirere,

2167 1080 2531 1152 veljudicare
2552 1081 2718 1136 laicis
2739 1082 3209 1153 praet-sumendum
3238 1081 3467 1141 est.nisi
3494 1082 3566 1137 ab
3586 1086 3812 1155 episco-

2166 1170 2257 1240 pis
2277 1170 2615 1237 invitentur,
2641 1172 2712 1225 ad
2744 1188 2993 1243 quorum
3017 1170 3138 1226 haec
3162 1170 3495 1243 parochiam
3518 1173 3811 1244 pertinere

2163 1259 2454 1315 videntur.
2490 1260 2588 1315 Ait
2617 1260 2772 1315 enim
2805 1261 3010 1316 beatus
3040 1259 3255 1317 Paulus
3280 1259 3580 1332 apostolus
3607 1277 3621 1316 :
3655 1263 3719 1317 Et
3748 1272 3812 1318 tu

2166 1350 2285 1419 quis
2314 1366 2391 1417 es,
2442 1352 2539 1421 qui
2587 1350 2813 1420 judicas
2861 1349 3107 1404 alienum
3149 1349 3407 1405 servum?
3464 1363 3561 1405 suo
3582 1351 3809 1407 Domino

2160 1441 2267 1491 stat
2290 1442 2382 1493 aut
2412 1439 2555 1494 cadit
2581 1440 2754 1511 (Rom.
2780 1456 2893 1507 xiv,
2927 1440 3002 1509 4).
3036 1438 3343 1495 Saecularis
3374 1443 3568 1495 tamen
3603 1456 3632 1495 e
3664 1457 3804 1497 con-

2160 1528 2250 1581 tra
2279 1530 2557 1597 potestas,
2591 1527 2744 1599 quod
2777 1526 3170 1596 lamentabile,
3232 1527 3597 1585 multimodis
3626 1529 3806 1586 eccle-

2161 1613 2457 1671 siasticam
2473 1615 2767 1671 interdum
2787 1616 3104 1688 supprimit
3118 1616 3525 1674 auctoritatem
3542 1620 3804 1690 :etcujus

2160 1704 2442 1759 subsidiis
2461 1705 2739 1760 debuerat
2768 1705 3000 1774 elevari,
3036 1706 3163 1776 eius
3185 1705 3331 1761 solet
3352 1707 3805 1765 adversitatibus

2160 1792 2360 1866 affligi.
2398 1796 2463 1848 Et
2494 1794 2647 1849 sicut
2680 1794 2737 1848 in
2765 1792 3044 1851 electione
3092 1793 3411 1865 praesulum
3470 1813 3578 1851 sua
3610 1796 3805 1869 potius

2156 1886 2310 1951 vota,
2343 1900 2519 1954 quam
2553 1889 2889 1939 sanctorum
2922 1874 3155 1938 Patrum
3188 1883 3459 1940 instituta
3506 1886 3801 1959 principes

2156 1971 2388 2027 ﬁrmare
2409 1972 2875 2045 cou'tendunt,ita
2900 1971 3023 2027 etin
3040 1972 3797 2047 audiendo,veljudicando,

2155 2076 2256 2115 seu
2272 2062 2448 2117 etiam
2471 2061 2754 2132 ejiciendo
2777 2066 2897 2116 tam
2918 2060 3076 2132 ipsos
3090 2078 3267 2133 quam
3290 2060 3407 2117 illis
3430 2063 3800 2135 commissos,

2154 2155 2358 2205 contra
2371 2151 2472 2221 jus
2498 2167 2789 2205 canonum
2808 2168 2925 2205 suae
2941 2168 3043 2222 per
3059 2150 3255 2206 omnia
3277 2157 3545 2222 quarunt
3561 2152 3798 2208 satisfa-

2154 2256 2279 2294 cere
2303 2238 2613 2295 voluntati.
2649 2241 2717 2295 Et
2747 2241 3073 2295 secundum
3106 2256 3507 2312 perversorum
3525 2241 3797 2309 judicum

2153 2328 2500 2383 sententiam
2525 2345 2627 2383 nec
2657 2327 2829 2400 culpa
2860 2328 3103 2383 retrahit
3162 2328 3418 2400 aliquem
3478 2347 3511 2385 a
3542 2328 3800 2386 culmine

2152 2416 2585 2488 regiminis,nec
2609 2417 2865 2489 regimen
2882 2416 3068 2472 ullum
3088 2422 3325 2473 excusat
3342 2418 3413 2473 ab
3428 2419 3799 2474 accusatione

2151 2505 2402 2578 alicujus
2435 2506 2717 2561 criminis.
2753 2507 2913 2569 Quod
2948 2504 3187 2562 viriliter
3243 2507 3449 2562 beatus
3487 2506 3800 2563 Anacletus

2150 2611 2301 2666 papa
2331 2595 2734 2651 contradicens
2765 2594 2845 2650 ait
2873 2612 2884 2650 :
2923 2595 3272 2651 Electionem
3305 2613 3675 2652 summorum
3709 2612 3800 2653 sa-

2150 2684 2450 2739 cerdotum
2484 2684 2595 2739 sibi
2632 2685 2909 2739 Dominus
2931 2685 3262 2751 reservavit,
3294 2683 3427 2740 licet
3456 2684 3799 2741 electionem

2149 2788 2350 2827 eorum
2384 2773 2552 2827 bonis
2585 2774 2987 2829 sacerdotibus
3019 2778 3075 2829 et
3131 2774 3536 2845 spiritualibus
3567 2774 3800 2847 populis

2146 2861 2553 2916 concessisset.
2583 2861 2688 2917 Cui
2718 2878 2854 2933 ergo
2883 2861 3097 2918 similis
3154 2879 3282 2918 esse
3339 2863 3650 2931 videbitur,
3697 2862 3798 2934 qui

2146 2951 2300 3022 quod
2328 2950 2482 3006 Deus
2514 2951 2625 3005 sibi
2659 2956 2888 3006 tantum
2922 2951 3093 3006 modo
3126 2951 3457 3020 reservavit,
3495 2952 3796 3023 subripere

2144 3041 2466 3110 praesumit.
2501 3041 2700 3096 Restat
2730 3042 2935 3111 utique
2997 3044 3061 3095 ut
3119 3039 3223 3106 illi,
3278 3040 3379 3112 qui
3435 3041 3549 3096 ait:
3584 3046 3795 3097 Ponam

2139 3130 2315 3185 sedem
2347 3147 2525 3186 meam
2554 3130 2624 3185 ad
2655 3131 2997 3201 Aquilonem,
3023 3134 3073 3186 et
3130 3147 3221 3186 ero
3278 3131 3485 3186 similis
3516 3131 3792 3187 Altissimo

2140 3223 2278 3289 (Isa.
2320 3236 2433 3287 xw,
2465 3220 2572 3290 24).

2260 3326 2501 3396 Εεεριίεἰι
2526 3342 2664 3395 pars
2691 3327 2876 3395 prima
2904 3325 2967 3379 de
2982 3324 3224 3397 judiciis
3261 3328 3661 3395 episcoporum.

2526 3492 2789 3548 INCIPIT
2820 3491 3001 3547 PARS
3040 3492 3388 3550 SECUNDA.

2502 3610 2572 3663 De
2602 3610 3047 3665 ordinationibus
3070 3610 3407 3665 earumdem.

2200 3750 2347 3805 Illud
2379 3749 2549 3823 plane
2580 3750 2842 3823 diligenti
2874 3750 3273 3809 observatione
3311 3752 3634 3807 cavendum
3667 3759 3777 3823 est,

2128 3845 2193 3895 ut
2223 3840 2378 3912 quod
2409 3845 2561 3896 Deus
2593 3840 2762 3896 bonis
2795 3840 3222 3907 sacerdotibus,
3282 3845 3338 3895 et
3367 3840 3776 3913 spiritualibus

2127 3928 2361 4002 populis
2392 3928 2909 3996 concessit,nullus
2940 3930 3009 3983 ad
3046 3930 3346 4001 proprium
3372 3930 3583 3985 audeat
3603 3932 3778 4002 privi-

2123 4018 2341 4090 legium
2376 4024 2725 4090 retorquere.
2759 4020 2902 4074 Cum
2935 4018 3092 4073 enim
3126 4017 3443 4090 episcopali
3492 4018 3773 4077 electione

2122 4107 2434 4179 generalis,
2466 4112 2522 4162 et
2543 4124 2658 4162 non
2690 4105 2962 4179 specialis
2993 4108 3301 4178 quaerenda
3333 4108 3409 4161 sit
3440 4107 3682 4176 utilitas,
3716 4114 3774 4165 et

2121 4196 2528 4253 eeclesiasticze
2561 4196 2647 4252 aei
2680 4196 3069 4267 inquirendus
3102 4196 3178 4251 sit
3226 4197 3618 4269 dispensator,
3653 4216 3769 4255 non

2122 4286 2373 4359 publice,
2403 4285 2489 4342 vel
2518 4286 2740 4358 private
2797 4284 3011 4356 aliquis
3070 4291 3448 4357 procurator:
3495 4286 3627 4358 quis
3660 4304 3769 4343 un-

2120 4392 2295 4447 quam
2323 4374 2578 4446 aliquem
2606 4374 2758 4428 adid
2785 4374 3059 4428 idoneum
3092 4374 3343 4446 reperire
3392 4375 3623 4447 poterit,
3658 4375 3771 4433 nisi

2120 4464 2244 4536 ipse
2276 4464 2374 4535 qui
2408 4462 2767 4518 occultorum
2801 4466 2889 4518 est
2924 4462 3286 4534 cognitor?.
3375 4507 3387 4518 .
3470 4507 3482 4519 .
3563 4508 3577 4521 .
3659 4508 3671 4519 .
3753 4508 3765 4521 .

2122 4553 3768 4610 ......'.......custodiam?

2117 4641 2222 4707 Qui
2249 4642 2454 4696 merito
2477 4641 2585 4696 hoc
2618 4641 2794 4695 etiam
2828 4641 2999 4697 bonis
3047 4641 3471 4706 sacerdotibus,
3505 4646 3561 4697 et
3591 4643 3762 4714 spiri-

2111 4730 2370 4785 tualibus
2393 4745 2739 4800 cognoscere
2762 4746 2912 4801 sepe
2935 4729 3199 4785 concedit
3223 4730 3622 4802 p0pulis,quia
3639 4732 3763 4804 ipse

2110 4835 2343 4891 quoque
2373 4816 2510 4872 alibi
2545 4818 2929 4889 promiserat:
2968 4818 3068 4873 Ubi
3111 4820 3327 4889 fuerint
3365 4823 3675 4891 congregati
3703 4822 3761 4876 in

2109 4910 2332 4964 nomine
2345 4922 2462 4963 meo
2482 4907 2588 4961 duo
2610 4908 2692 4962 vel
2714 4911 2840 4974 (res,
2868 4910 2926 4961 in
2944 4907 3116 4962 medio
3162 4924 3349 4962 eorum
3390 4924 3515 4964 sum
3538 4910 3757 4977 (Matth.

2106 5015 2266 5069 xvm,
2298 4998 2408 5069 20).
2443 4998 2510 5052 Et
2541 4996 2597 5050 in
2630 4995 2873 5067 psalmis
2894 5013 2905 5051 ξ
2926 4997 3190 5051 Dominus
3218 5000 3364 5053 stetit
3390 5000 3451 5053 in
3479 5016 3757 5071 synagoga

2111 5086 2355 5154 deorum,
2381 5089 2441 5142 in
2468 5087 2648 5141 medio
2670 5094 2852 5140 autem
2874 5100 2961 5139 eos
2977 5085 3241 5151 diiudicat
3257 5085 3430 5157 (Psal.
3458 5105 3645 5157 LXXXI,
3684 5090 3754 5159 1).

2108 5175 2281 5220 plana.
2303 5192 2437 5220 nmn
2456 5176 2580 5220 inae.
2599 5174 2737 5220 facit.
2759 5174 2909 5220 mmri
2937 5173 3045 5220 insi
3078 5174 3425 5220 facinnt..nni
3446 5176 3501 5220 in
3521 5178 3754 5220 nnmina.
