4030 5310
202 393 266 449 73
1003 387 1105 446 DE
1149 384 1586 446 PRESSURIS
1635 385 2283 448 ECCLESIASTICIS.
2322 420 2396 432 -—
2429 389 2626 448 PARS
2675 391 2744 448 ll.
3497 395 3575 454 ’14

202 541 299 580 ιιοιι
330 524 515 594 potest
537 520 594 576 in
630 520 724 575 his
754 536 880 591 quae
910 520 978 575 ad
1015 519 1219 574 faciem
1253 523 1392 574 sunt
1423 534 1601 588 prava
1631 519 1822 573 subri-
1852 520 1906 585 Α
1937 519 2028 573 dis
2073 519 2440 576 solummodo
2489 522 2934 578 retributionem
2993 531 3278 597 quierunt,
3311 529 3351 582 ii
3401 527 3576 584 nimi-

199 609 552 686 pere,callide
573 609 762 680 specie
786 609 952 680 quasi
977 608 1208 680 pietatis
1226 609 1438 679 injecta
1456 607 1662 662 nititur
1682 625 1820 678 sup-

201 705 462 774 ptantare,
494 699 819 769 suadetque
851 698 1093 752 forsitan
1127 698 1335 752 debere
1367 698 1439 751 ab
1471 695 1821 751 habentibus

199 788 382 862 accipi,
413 792 477 843 ut
507 788 555 842 si
599 787 754 858 quod
805 787 990 858 possit
1020 803 1134 840 non
1166 785 1518 841 habentibus
1569 785 1815 856 erogari,

199 878 492 935 dummodo
522 875 610 931 vel
645 877 728 930 sic
752 892 974 931 venena
1003 875 1304 930 mortifera
1324 875 1703 947 eleemosynze
1737 890 1822 928 ce-

201 970 307 1024 lata
320 965 759 1022 obumbratione
777 965 1170 1020 transfundat.
1191 965 1389 1035 Neque
1407 963 1562 1019 enim
1585 963 1825 1018 eleemo-

200 1074 326 1130 syna
353 1054 674 1127 reputanda
695 1059 802 1119 est,
823 1054 872 1109 si
895 1053 1252 1125 pauperibus
1274 1053 1646 1123 dispensatur
1667 1053 1822 1124 quod

198 1164 258 1202 ex
283 1144 493 1200 illicitis
525 1144 696 1198 rebus
727 1142 1031 1212 accipitur,
1060 1143 1200 1214 quia
1230 1142 1331 1213 qui
1362 1143 1470 1197 hac
1501 1141 1824 1196 intentione

199 1235 329 1291 male
359 1232 592 1304 accipit,
620 1236 685 1287 ut
706 1231 875 1303 quasi
911 1232 1057 1286 bene
1079 1231 1398 1302 dispenset,
1421 1237 1695 1303 gravatur
1721 1248 1825 1302 po-

198 1325 298 1379 tius
319 1339 494 1394 quam
511 1323 769 1390 juvetur.
790 1320 1074 1385 Quoniam
1099 1319 1284 1391 liquet
1305 1335 1373 1375 ea
1395 1337 1524 1375 esse
1548 1325 1828 1390 perpetua

196 1429 249 1468 ac
297 1411 504 1476 solida,
538 1426 665 1480 quas
698 1426 831 1464 vera
884 1414 1041 1477 sunt,
1077 1413 1291 1479 etquae
1351 1407 1575 1462 sincere
1634 1407 1826 1479 potius

195 1517 351 1573 quam
374 1497 512 1554 dolo
540 1502 988 1570 congregantur.
1015 1496 1398 1568 Eleemosyna
1423 1495 1827 1567 Redemptoris

193 1589 355 1645 nostri
386 1586 578 1643 oculis
631 1585 732 1641 illa
790 1587 994 1658 placet,
1031 1603 1156 1657 qure
1213 1602 1328 1640 non
1389 1586 1460 1639 de
1519 1584 1741 1639 illicitis
1773 1587 1829 1639 et

191 1678 482 1750 iniquitate
513 1675 1047 1748 congeritur.Undc
1078 1674 1251 1729 etiam
1285 1673 1428 1728 illud
1461 1678 1684 1728 certum
1718 1677 1825 1739 est,

191 1767 314 1839 quia
357 1770 411 1822 et
463 1765 512 1820 si
565 1763 939 1834 monasteria,
991 1767 1092 1819 aut
1141 1761 1515 1830 xenodochia,
1548 1761 1635 1817 vel
1686 1761 1827 1833 quid

195 1856 337 1911 aliud
367 1858 762 1920 construatur,
798 1853 1048 1908 mercedi
1091 1869 1202 1907 non
1245 1852 1512 1924 proﬁcit:
1549 1851 1827 1922 quoniam

195 1946 319 2000 dum
352 1960 658 2016 perversus
689 1946 917 2013 emptor
945 1941 1185 1996 honoris
1216 1941 1274 1995 in
1311 1941 1501 1996 locum
1533 1940 1830 1995 transmit-

198 2034 340 2100 titur,
371 2038 425 2088 et
455 2031 608 2087 alios
643 2033 713 2086 ad
746 2031 835 2086 sui
884 2030 1332 2087 similitudinem
1381 2030 1488 2084 sub
1539 2028 1830 2084 commodi

200 2122 447 2177 dilatione
482 2120 813 2184 constituit,
839 2119 1008 2192 plura
1039 2120 1188 2175 male
1205 2119 1532 2174 ordinando
1559 2117 1827 2188 destruit,

206 2228 351 2282 quam
381 2210 482 2266 ille
517 2215 710 2281 potest
730 2211 1038 2274 aediﬁcare,
1063 2208 1161 2280 qui
1193 2209 1265 2263 ab
1295 2224 1360 2262 eo
1393 2208 1702 2279 pecuniam
1727 2224 1830 2278 pro

212 2300 546 2355 ordinatione
573 2298 814 2369 accepit.
839 2298 918 2352 Ne
941 2314 1076 2369 ergo
1110 2297 1220 2352 sub
1251 2298 1490 2352 obtentu
1519 2295 1832 2368 eleemosy-

210 2404 283 2442 om
303 2404 421 2443 cum
445 2391 690 2459 peccato
712 2386 934 2457 aliquid
961 2387 1306 2441 studeamus
1337 2385 1614 2457 accipere,
1639 2389 1834 2456 aperte

202 2492 340 2531 sacra
363 2477 676 2548 Scriptura
697 2493 803 2531 nos
826 2475 1113 2548 prohibet,
1137 2475 1336 2530 dicens
1362 2492 1374 2529 :
1407 2477 1608 2530 Hostiae
1640 2476 1834 2545 impio-

205 2581 312 2619 rum
340 2565 765 2629 abomi'nabiles,
813 2580 936 2634 quée
965 2565 1357 2636 oﬂerunturex
1401 2565 1600 2618 scelere
1645 2564 1831 2634 (Prov.

193 2669 292 2722 xxi,
317 2655 434 2725 27).
460 2653 759 2725 Quidquid
791 2653 948 2708 enim
984 2654 1041 2708 in
1079 2653 1170 2707 Dei
1205 2651 1488 2707 sacriﬁcio
1521 2669 1588 2706 ex
1619 2651 1834 2707 scelere

189 2742 442 2810 oﬁ'ertur,
472 2742 894 2814 omnipotentis
925 2742 1023 2797 Dei
1063 2758 1179 2796 non
1220 2741 1413 2812 placat
1443 2741 1831 2807 iracundiam,

185 2833 276 2886 sed
305 2833 524 2887 irritat.
560 2832 703 2886 Hinc
750 2848 956 2886 rursus
999 2831 1285 2902 scriptum
1317 2834 1405 2884 est
1438 2847 1450 2885 :
1483 2833 1703 2885 Honora
1728 2831 1834 2884 Do-

180 2923 390 2975 minum
425 2921 499 2975 de
521 2922 632 2976 tuis
655 2922 822 2990 justis
844 2920 1130 2975 laboribus
1150 2921 1337 2990 (Prov.
1365 2935 1449 2986 III,
1473 2919 1548 2989 9).
1573 2919 1679 2981 Qui
1701 2934 1836 2987 ergo

175 3008 320 3064 male
353 3007 539 3075 tollit,
573 3013 636 3061 ut
666 3008 834 3078 quasi
881 3009 1028 3062 bene
1061 3007 1333 3078 praebeat,
1370 3011 1597 3061 constat
1637 3003 1835 3075 procul

168 3097 347 3152 dubio
397 3096 566 3165 quod
617 3095 921 3148 Dominum
977 3110 1089 3148 non
1138 3093 1574 3147 honoratJlinc
1606 3106 1839 3162 quoque

162 3201 262 3256 per
308 3183 699 3238 Salomonem
749 3181 962 3237 dicitur
997 3198 1008 3236 :
1045 3183 1150 3249 Qui
1197 3183 1351 3252 offert
1395 3181 1732 3250 sacriﬁcium
1777 3179 1842 3233 de

1935 626 2063 663 rum
2097 611 2250 680 quod
2282 612 2466 681 gratis
2506 617 2873 682 acceperunt,
2905 614 3088 685 gratis
3119 633 3234 670 non
3280 617 3571 687 tribuunt,

1935 697 2070 767 quia
2102 699 2171 752 de
2201 697 2464 770 impenso
2496 699 2685 754 ofﬁcio
2717 702 3051 757 sanctitatis
3076 720 3384 759 nummum
3415 722 3580 778 expe-

1933 791 2064 839 tunt
2095 785 2325 841 favoris.
2361 787 2518 842 Unde
2549 789 2696 844 bene
2725 806 2858 845 cum
2881 791 3112 860 justum
3143 793 3335 848 virum
3369 793 3580 850 descri-

1934 874 2098 929 beret
2116 875 2400 946 propheta
2431 877 2547 932 ait:
2585 879 2690 946 Qui
2713 881 2918 934 excutit
2953 897 3153 936 manus
3182 898 3307 937 suas
3331 883 3399 938 ab
3430 886 3580 939 omni

1934 980 2163 1018 munere
2194 966 2344 1035 (Isai.
2384 980 2584 1036 xxxm,
2613 967 2720 1038 15).
2746 967 2943 1038 Neque
2973 968 3128 1023 enim
3160 969 3323 1038 dixit,
3347 970 3447 1043 qui
3478 988 3580 1026 ex-

1936 1053 2084 1108 cutit
2114 1069 2324 1108 manus
2356 1071 2493 1109 suas
2523 1072 2557 1110 a
2587 1072 2846 1122 munere,
2882 1058 2978 1112 sed
3010 1058 3278 1127 adjunxit
3305 1059 3378 1115 ab
3407 1061 3580 1127 omni,

1938 1141 2074 1213 quia
2131 1140 2290 1197 aliud
2349 1159 2570 1198 munus
2619 1144 2688 1198 ab
2747 1145 3048 1216 obsequio,
3083 1145 3233 1202 alius
3288 1164 3505 1204 munus
3549 1166 3584 1203 a

1937 1247 2139 1300 manu,
2163 1231 2321 1286 aliud
2382 1249 2597 1287 munus
2648 1251 2681 1288 a
2726 1233 2946 1304 lingua.
2987 1238 3197 1290 Munus
3247 1236 3461 1309 quippe
3511 1237 3582 1293 ab

1936 1320 2217 1391 obsequio
2248 1325 2337 1375 est
2368 1321 2654 1392 subjectio
2687 1323 2942 1378 indebita
2973 1324 3266 1395 impensa;
3301 1342 3520 1382 munus
3551 1343 3586 1381 a

1943 1425 2140 1474 manu,
2187 1410 2464 1479 pecunia;
2517 1428 2734 1466 munus
2764 1429 2797 1466 a
2827 1411 3048 1484 lingua,
3084 1413 3260 1468 favor.
3295 1414 3402 1479 Qui
3448 1431 3584 1488 ergo

1939 1513 2136 1552 sacros
2158 1497 2408 1554 honores
2431 1499 2658 1566 tribuit,
2676 1504 2816 1555 tunc
2840 1502 2911 1556 ab
2934 1503 3091 1558 omni
3113 1519 3354 1558 munere
3376 1520 3588 1560 manus

1938 1587 2175 1653 excutit,
2210 1589 2444 1658 quando
2476 1589 2533 1642 in
2567 1589 2780 1644 divinis
2804 1590 2978 1645 rebus
3009 1607 3124 1645 non
3147 1591 3338 1647 solum
3362 1592 3588 1648 nullam

1940 1675 2269 1745 pecuniam,
2295 1677 2394 1730 sed
2421 1676 2594 1732 etiam
2623 1677 2942 1733 humanam
2969 1679 3219 1750 gratiam
3251 1697 3366 1736 non
3396 1680 3588 1752 requi-

1942 1763 2036 1817 rit.
2065 1788 2086 1815 »
2111 1764 2273 1819 Unde
2303 1769 2359 1820 et
2387 1765 2597 1820 Joanni
2645 1767 2916 1839 episcopo
2949 1768 3380 1824 Corinthiorum
3429 1769 3587 1825 idem

1941 1849 2255 1920 Gregorius
2279 1856 2411 1922 post
2433 1853 2617 1908 multa
2637 1855 2900 1909 scribens
2924 1854 3004 1908 ait
3025 1854 3147 1925 (lib.
3173 1873 3248 1923 1v,
3272 1858 3426 1927 epist.
3453 1856 3543 1928 55)
3571 1873 3582 1911 :

1942 1939 2223 2009 «Oportet
2249 1945 2311 1994 ut
2335 1957 2438 1996 nec
2457 1957 2558 2012 per
2575 1943 3173 2015 commodum,neque
3194 1961 3295 2015 per
3315 1945 3588 2016 gratiam,

1941 2031 2043 2082 aut
2069 2029 2458 2098 quorumdam
2507 2030 2998 2101 supplicationem
3031 2032 3257 2104 aliquos
3289 2035 3358 2088 ad
3394 2049 3590 2090 sacros

1913 2154 1917 2158 -
1942 2116 2174 2172 ordines
2207 2118 2584 2173 consentiatis
2607 2119 2693 2172 vel
2721 2120 3072 2190 permittatis
3104 2122 3333 2176 adduci.
3358 2123 3504 2178 Nam
3534 2125 3591 2178 et

1941 2209 2266 2276 peccatum,
2291 2207 2446 2261 sicut
2477 2207 2752 2278 diximus,
2785 2225 2958 2280 grave
2987 2213 3095 2276 est,
3121 2215 3176 2265 et
3206 2210 3332 2266 sine
3363 2226 3589 2282 correp-

1941 2293 2098 2349 tione
2128 2293 2237 2348 hoc
2269 2311 2383 2348 non
2416 2295 2673 2366 patimur
2717 2313 3037 2352 remanere.
3070 2321 3090 2350 ι
3125 2300 3311 2362 Quare
3342 2297 3590 2353 nullate-

1941 2386 2113 2437 tenus
2151 2381 2332 2437 voluit
2363 2383 2697 2454 Gregorius.
2743 2426 2754 2438 .
2802 2426 2814 2438 .
2862 2426 2874 2438 .
2922 2427 2933 2438 .
2981 2425 2994 2439 .
3042 2427 3054 2438 .
3102 2429 3113 2439 .
3161 2429 3173 2440 .
3221 2428 3233 2440 .
3281 2427 3293 2440 .
3340 2428 3352 2440 .
3400 2427 3412 2440 .
3459 2428 3472 2440 .
3519 2428 3531 2440 .
3575 2427 3587 2440 .

1943 2472 2235 2542 Propterea
2267 2488 2352 2526 vos
2383 2489 2488 2527 non
2537 2474 2784 2534 auditis;
2829 2476 2960 2544 quia
3013 2491 3083 2529 ea:
3137 2477 3244 2530 Deo
3298 2491 3405 2530 non
3464 2477 3593 2530 estis

1944 2561 2127 2629 (.Ioan.
2154 2577 2234 2626 Ill,
2262 2561 2378 2628 li7);
2405 2565 2461 2616 et
2491 2561 2628 2615 alibi
2657 2579 2667 2614 :
2696 2561 2756 2616 Si
2783 2564 2906 2632 quis
2931 2562 3122 2634 diligit
3153 2580 3257 2631 me,
3293 2579 3593 2620 sermonem

1943 2665 2126 2704 meum.
2155 2651 2400 2704 servabit
2430 2651 2604 2719 (Joan.
2631 2668 2745 2716 x1v,
2769 2652 2881 2721 23).
2921 2652 2985 2705 Et
3024 2652 3335 2708 Psalmista
3366 2654 3434 2709 de
3469 2654 3590 2709 viro

1943 2737 2165 2808 injuste
2197 2739 2277 2792 ait
2311 2755 2323 2792 :
2356 2739 2543 2793 Noluit
2592 2741 2899 2808 intelligere
2926 2745 2984 2794 ut
3027 2741 3157 2798 bene
3203 2745 3386 2810 ageret
3417 2742 3588 2813 (Psal.

1944 2843 2112 2898 xxxv,
2139 2827 2209 2897 4).
2241 2828 2514 2893 Quamvis
2547 2828 2725 2900 igitur
2756 2829 2825 2882 ab
2857 2829 3099 2884 avaritia
3128 2831 3385 2902 pecunia:
3417 2830 3474 2884 in
3507 2848 3594 2885 or-

1947 2915 2222 2970 dinandis
2253 2916 2543 2987 episcopis
2576 2916 3006 2988 aliquantulum
3041 2918 3080 2972 ii
3112 2920 3256 2974 tales
3286 2918 3594 2974 videantur

1949 3005 2358 3073 quoquomodo
2394 3022 2633 3059 manum
2658 3007 2969 3074 retrahere,
2994 3023 3107 3061 non
3141 3007 3268 3062 ideo
3302 3007 3370 3062 ad
3403 3007 3592 3079 legiti-

1952 3107 2106 3144 mam
2142 3091 2549 3146 liberalitatem
2581 3093 2977 3149 ecclesiastica
3007 3096 3209 3151 electio
3242 3096 3592 3166 pertinebit;

1951 3179 2050 3232 sed
2072 3195 2141 3232 au
2154 3180 2710 3250 tconsanguinitatis
2724 3181 3063 3248 atl‘ectio,vel
3082 3183 3407 3238 amicorum
3424 3183 3597 3239 dilec-

159 3253 481 3330 substanlia
519 3273 795 3342 pauperis,
820 3288 886 3326 ac
907 3273 961 3325 si
987 3272 1232 3325 vietimet
1261 3271 1440 3339 ﬁlium
1472 3271 1528 3323 in
1553 3272 1837 3339 conspectu
1865 3253 1908 3320 C
1948 3267 2048 3336 tio,
2065 3283 2166 3322 seu
2188 3268 2363 3322 etiam
2387 3267 2764 3323 familiarium
2789 3270 3070 3341 obsequia
3090 3270 3505 3342 praevalebunt.
3528 3272 3598 3327 Et

157 3365 332 3435 patris
367 3361 577 3429 (Eoo-li.
604 3359 921 3430 xxxxv,24).
944 3360 1206 3424 Quantus
1239 3363 1433 3413 autem
1467 3357 1630 3412 dolor
1651 3356 1835 3428 patris

169 3453 242 3507 sit
275 3448 810 3523 perpendamus,si
829 3447 887 3502 in
912 3448 1041 3518 ejus
1063 3451 1373 3518 conspectu
1398 3445 1555 3500 ﬁlius
1581 3445 1840 3501 victime-

163 3547 270 3597 tur.
306 3541 374 3595 Et
395 3538 553 3592 hinc
584 3536 750 3592 facile
770 3535 1200 3608 cognoscimus,
1221 3539 1438 3601 quanto
1460 3539 1612 3590 Deus
1644 3535 1833 3589 omni-

171 3635 377 3702 potens
422 3625 634 3682 dolore
665 3630 1063 3697 exasperatur,
1096 3625 1330 3695 quando
1381 3623 1430 3677 ei
1480 3623 1833 3678 sacriﬁcium

175 3720 238 3774 de
269 3717 491 3789 rapina
538 3715 833 3769 tribuitur.
868 3714 1058 3770 Nimis
1099 3717 1256 3785 ergo'
1281 3711 1694 3767 declinandum
1726 3716 1833 3778 est,

180 3803 560 3862 dilectissimi
579 3804 922 3869 fratres,sub
941 3803 1179 3857 obtentu
1203 3800 1580 3873 eleemosynze
1606 3805 1840 3872 peccata

177 3895 516 3950 simoniacze
577 3891 865 3947 haereseos
922 3895 1274 3962 perpetrare.
1328 3890 1472 3945 Nam
1530 3889 1689 3944 aliud
1748 3895 1836 3944 est

180 3991 408 4057 prepter
443 3987 689 4055 peccata
733 3979 1136 4051 eleemosynas
1172 3980 1380 4045 facere,
1414 3978 1570 4033 aliud
1603 3982 1840 4051 peccata

179 4078 411 4145 propter
444 4071 859 4142 eleemosynas
891 4071 1274 4125 committere.
1303 4090 1330 4117 »

243 4162 337 4217 Ha:
371 4164 522 4217 sunt
547 4159 807 4231 Gregorii
848 4157 1208 4214 sanctissimi
1235 4162 1292 4212 et
1323 4156 1645 4212 doctissimi
1679 4172 1838 4226 papa

183 4266 275 4320 pro
289 4247 641 4306 simoniacis
656 4247 945 4303 etillicitis
958 4246 1426 4302 ordinationibus
1441 4245 1842 4300 saluberrimae

185 4339 646 4405 admonitiones;
682 4354 786 4392 nec
819 4336 1108 4408 acquievit
1137 4336 1374 4391 omnino
1401 4336 1581 4390 donec
1603 4333 1843 4388 collecta

188 4427 431 4499 generali
461 4426 693 4498 synodo
721 4426 843 4481 haec
866 4428 974 4480 sub
996 4424 1366 4480 anathemate
1390 4425 1665 4478 damnata
1687 4422 1843 4492 peni-

187 4521 274 4572 tus
303 4518 691 4589 impetraret;
741 4515 842 4570 sed
875 4517 1070 4570 astuta
1116 4512 1471 4583 turpissimae
1504 4510 1844 4582 cupiditatis

1946 3355 2086 3426 quid
2112 3357 2349 3426 prodest
2371 3355 2663 3412 declinare
2687 3374 2718 3410 a
2735 3357 2962 3429 laqueo,
2980 3359 3028 3413 si
3051 3360 3108 3413 in
3133 3360 3354 3416 foveam
3381 3359 3597 3415 incida-

1946 3445 2117 3499 mus?
2139 3445 2228 3498 Ait
2248 3445 2402 3499 enim
2429 3446 2633 3500 beatus
2655 3445 3074 3518 Hieronymus:
3102 3448 3312 3504 Electio
3334 3450 3597 3505 sacerdo-
3670 3480 3684 3486 -

1946 3538 2071 3587 tum
2105 3550 2218 3588 non
2244 3534 2370 3604 jam
2395 3535 2563 3606 juxta
2586 3536 2956 3606 sanguinem,
2981 3538 3080 3592 sed
3103 3539 3276 3607 juxta
3306 3537 3513 3594 merita
3542 3542 3598 3594 et

1944 3623 2189 3678 virtutes
2221 3624 2532 3678 deferenda
2569 3628 2675 3679 est.
2711 3625 2854 3679 Cum
2889 3627 3042 3680 enim
3077 3626 3290 3697 aliquis
3322 3617 3596 3698 dignissi¥

1949 3729 2082 3766 mus
2105 3713 2378 3767 sacerdos
2401 3713 2496 3767 diu
2523 3713 2579 3766 in
2606 3713 2862 3769 Ecclesia
2881 3714 3162 3784 militans,
3187 3716 3257 3770 ab
3281 3715 3595 3786 episcopali

1946 3800 2224 3856 electione
2248 3801 2433 3872 ipsius
2456 3803 2549 3856 cui
2573 3803 3151 3872 servieratEcclesiaa,
3175 3822 3208 3860 a
3232 3804 3596 3878 principibus

1948 3890 2312 3960 reprobatur,
2349 3891 2614 3961 nunquid
2658 3907 2772 3945 non
2823 3891 2922 3946 Dei
2974 3891 3128 3947 ﬁlius
3159 3893 3499 3964 despicitur,
3533 3895 3599 3947 ut

1946 3978 2090 4032 illud
2130 3996 2142 4032 :
2183 3979 2288 4047 Ego
2335 3978 2456 4032 dixi
2486 3997 2503 4031 :
2533 3979 2618 4032 dii
2661 3982 2808 4045 estis,
2855 3986 2905 4033 et
2955 3981 3063 4048 ﬁlii
3111 3981 3319 4035 excelsi
3364 3983 3600 4038 omnes?

1949 4067 2121 4138 (Psal.
2140 4066 2417 4136 Lxxx1,6.)
2434 4067 2573 4120 Cum
2600 4083 2731 4121 vero
2754 4067 3004 4136 alicujus
3027 4070 3279 4139 potentis
3302 4069 3456 4125 ﬁlius
3482 4071 3599 4124 im-

1949 4172 2052 4227 par
2077 4154 2390 4220 meritis,et
2414 4154 2631 4225 injuste
2659 4154 3036 4226 praeponitur,
3063 4157 3200 4226 quid
3234 4156 3391 4211 aliud
3425 4175 3599 4226 quam

1952 4244 2244 4300 Barabbas
2277 4243 2528 4314 eligitur,
2554 4244 2655 4314 qui
2687 4243 2842 4299 ﬁlius
2865 4243 3048 4314 patris
3074 4243 3510 4316 interpretatur,
3538 4250 3604 4301 ut

1953 4334 2159 4389 merito
2205 4333 2432 4388 eveniat
2477 4333 2631 4404 quod
2666 4333 2952 4405 scriptum
2984 4337 3075 4388 est
3106 4350 3120 4388 :
3153 4335 3262 4405 Ego
3303 4352 3426 4390 sum
3457 4340 3602 4391 Deus

1954 4423 2313 4493 omnipottus,
2349 4421 2579 4476 reddens
2627 4421 2986 4492 iniquitatem
3028 4429 3256 4494 patrum
3291 4423 3347 4476 in
3379 4424 3514 4494 ﬁliis
3542 4440 3605 4479 ac

1952 4509 2999 4581 uepotibus(Ercod.xxx1v,7).Quidam
3027 4516 3219 4567 autem
3245 4513 3387 4567 adeo
3411 4516 3605 4568 mente

194 4607 464 4678 iniquitas
490 4622 611 4661 non
637 4605 923 4659 suﬁ'erens
955 4620 1016 4658 se
1048 4603 1372 4658 commodis
1403 4600 1536 4656 licet
1567 4600 1844 4671 turpissi-
1877 4619 1922 4683 D
1954 4604 2011 4654 et
2043 4615 2282 4671 corpore
2313 4601 2695 4666 obczecantur,
2732 4604 2794 4653 ut
2823 4600 2982 4671 ipsos
3013 4601 3187 4656 etiam
3231 4601 3501 4672 parvulos
3534 4601 3606 4656 ad

194 4696 318 4761 mis,
349 4696 472 4751 imo
513 4692 1055 4766 periculosissimis,
1090 4691 1412 4768 angustari,
1446 4694 1845 4744 commentum

196 4785 328 4838 satis
352 4783 744 4839 artiﬁciosum
778 4781 1006 4853 reperit,
1032 4797 1147 4852 quo
1175 4781 1394 4836 scilicet
1417 4779 1551 4834 illos
1582 4778 1846 4834 sacerdo-

201 4873 270 4928 tio
299 4875 675 4940 sublimaret,
710 4871 807 4941 qui
840 4871 951 4926 sibi
994 4874 1124 4941 post
1154 4869 1648 4924 consecrationem
1681 4869 1846 4920 tanto

207 4945 582 5034 subjectiores
600 4976 731 5016 esse
745 4961 1329 5029 debuissent,quanto
1349 4975 1462 5014 non
1479 4955 1849 5027 divino,quin

212 5052 387 5120 potius
409 5048 914 5118 humanojudicio
939 5064 999 5101 se
1022 5047 1202 5102 fuisse
1228 5053 1546 5118 promotos,
1575 5046 1685 5117 ipsi
1715 5060 1848 5115 pro-

212 5141 290 5172 nul
323 5141 498 5172 Ᾱηῑπέη
535 5140 874 5172 “nuntur-ant
925 5139 1284 5172 nutant-rinion
1304 5134 1729 5172 nmninninnlia
1758 5133 1848 5172 [Ἰρῖ

1957 4687 2307 4760 pastoralem
2329 4705 2668 4758 promovere
2687 4705 2888 4743 curam
2909 4706 3022 4745 non
3043 4690 3486 4761 dubitent,quos
3505 4705 3610 4744 nec

1958 4782 2152 4832 mente
2185 4793 2289 4831 nec
2332 4794 2571 4849 corpore
2623 4777 2862 4833 idoneos
2922 4795 3048 4832 esse
3103 4782 3348 4833 constet.
3384 4778 3451 4831 Et
3509 4775 3610 4848 qui

1959 4867 2152 4921 adhuc
2184 4882 2290 4920 nec
2324 4866 2451 4936 ipsa
2483 4865 2815 4921 rudimenta
2839 4867 3107 4921 humanis
3132 4872 3350 4921 natura:
3374 4865 3613 4918 sull'ece-

1966 4957 2085 5010 rint
2107 4957 2351 5019 discere,
2371 4957 2477 5012 hos
2499 4956 2570 5009 ad
2600 4954 2996 5025 magisterium
3027 4953 3248 5009 elevare
3271 4969 3383 5006 non
3411 4952 3613 5007 formi-

1962 5044 2494 5117 dant,judicesque
2527 5045 2892 5098 constituunt
2923 5044 3274 5106 animarum,
3301 5039 3398 5107 qui
3422 5040 3618 5096 adhuc

1963 5136 2098 5172 mn‘rl
2137 5136 2331 5172 animo
2369 5136 2440 5172 ait
2475 5132 2798 5172 inionio-nm:
2824 5131 3055 5172 noniinq
3079 5131 3394 5172 nnmmnnt.
3420 5128 3492 5172 Et.
3518 5128 3616 5172 nni
