4030 5310
409 352 484 409 75
1423 345 1761 409 ATTONIS
1807 348 2391 411 VERCELLENCIS
2440 349 2791 411 EPISCOPI
3735 350 3813 411 76

408 482 572 539 illata
605 481 1034 551 sustinuerunt,
1059 479 1142 535 sic
1166 483 1221 535 et
1250 479 1346 536 isti
1370 497 1576 536 rursus
1598 481 1799 536 eadem
1826 480 2056 553 patiun-
2085 483 2140 548 Α
2171 481 2446 537 mulacris
2478 483 2558 538 ait
2590 500 2601 536 :
2639 482 2858 538 Similes
2887 484 3003 539 illis
3053 484 3188 554 ﬁant
3238 486 3332 556 qui
3375 486 3594 559 faciunt
3639 502 3733 549 ea;
3762 495 3814 543 et

406 575 523 640 tur,
560 575 624 626 ut
650 585 1014 642 paganorum
1047 568 1265 641 regulis
1306 569 1538 640 possint
1582 569 1822 625 erudiri.
1856 570 1924 624 Et
1953 586 2057 624 nec

407 659 677 715 indoctos
709 657 933 714 elevare
962 644 1235 713 metuunt
1263 657 1335 711 ad
1368 658 1730 730 cathedram,
1763 661 1820 714 et
1852 675 2058 714 rursus

403 747 655 804 elevatos
695 746 1018 820 disciplinae
1067 745 1517 820 philsophorum
1563 747 1907 803 submittere
1939 764 2055 802 non

404 836 745 893 formidant.

474 926 688 983 Beatus
719 924 938 998 quippe
954 923 1271 997 Gregorius
1301 941 1506 980 omnes
1538 924 1839 997 pontifices
1872 941 1906 980 a
1934 923 2053 979 lec-

399 1015 561 1072 tione
617 1014 901 1070 librorum
945 1012 1256 1086 gentilium
1315 1013 1663 1069 inhibebat:
1701 1017 2057 1084 quapropter

402 1104 697 1161 Desiderio
728 1102 1049 1159 Galliarum
1094 1101 1367 1174 episcopo
1413 1102 1674 1157 scribens
1704 1102 1786 1156 ait
1815 1102 1935 1171 (lib.
1973 1119 2052 1168 ix,

398 1196 557 1267 epist.
589 1193 680 1265 48)
714 1211 728 1249 :
758 1214 786 1243 ‹‹
822 1192 1088 1248 Pervenit
1118 1191 1189 1247 ad
1224 1208 1331 1246 nos
1362 1191 1514 1263 quod
1548 1191 1675 1246 sine
1705 1190 2053 1245 verecundia

397 1299 724 1340 memorare
746 1298 864 1337 non
886 1296 1203 1353 possumus
1226 1279 1650 1335 fraternitatem
1677 1283 1840 1334 tuam
1864 1295 2053 1351 gram-

398 1372 672 1430 maticam
704 1369 1062 1443 quibusdam
1094 1385 1378 1441 exponere
1408 1386 1420 1424 :
1449 1385 1626 1441 quam
1661 1385 1779 1423 rem
1815 1368 1896 1422 ita
1928 1384 2050 1423 mo-

397 1462 543 1518 leste
592 1458 985 1532 suscepimus,
1027 1476 1093 1514 ac
1142 1474 1350 1514 sumus
1400 1456 1800 1512 vehementius
1852 1472 2050 1527 asper—

398 1551 544 1620 nati,
576 1555 641 1605 ut
670 1566 738 1606 ea
767 1566 894 1621 qua:
940 1547 1107 1620 prius
1138 1547 1208 1603 de
1239 1550 1295 1601 te
1326 1545 1493 1602 nobis
1537 1546 1688 1601 bona
1735 1544 1891 1600 dicta
1923 1545 2049 1600 fue-

400 1645 555 1710 rant,
588 1638 644 1694 in
679 1638 963 1711 gemitum
1016 1640 1074 1691 et
1120 1635 1426 1691 tristitiam
1477 1639 1832 1690 verteremus
1867 1650 1878 1687 :
1913 1634 2051 1705 quia

396 1730 457 1784 in
491 1745 607 1785 uno
638 1744 700 1784 se
738 1743 836 1782 ore
881 1741 1019 1782 cum
1064 1724 1228 1780 Jovis
1273 1723 1549 1779 laudibus
1579 1723 1794 1779 Christi
1845 1722 2048 1777 laudes

393 1835 510 1875 non
568 1816 947 1889 capiuntzet
1003 1830 1181 1886 quam
1241 1828 1414 1885 grave
1472 1813 1916 1883 nefandumque
1975 1811 2047 1866 sit

395 1906 697 1981 EpiscOpis
728 1920 953 1972 canere,
987 1903 1143 1975 quod
1194 1919 1297 1958 nec
1336 1902 1483 1958 laico
1532 1901 1803 1974 religioso
1834 1917 2038 1956 conveo

394 1998 520 2054 niat
549 1996 674 2069 ipse
722 1992 1047 2050 considera.
1085 2014 1105 2041 ι
1144 1992 1441 2064 [Legimus
1472 2007 1706 2063 quoque
1754 1992 1824 2045 de
1870 1990 2040 2044 beato

394 2086 777 2158 Hieronymo,
829 2080 1108 2154 quoniam
1168 2098 1301 2137 cum
1359 2080 1576 2136 librum
1628 2079 1845 2153 legeret
1887 2078 2039 2135 Cice-

393 2174 575 2246 ronis,
606 2173 679 2229 ab
710 2171 929 2244 Angelo
973 2174 1275 2242 correptus
1323 2169 1420 2241 sit,
1453 2169 1607 2241 quod
1640 2168 1727 2223 vir
1756 2166 2043 2224 Christia-

398 2267 547 2334 nus]
605 2276 971 2335 paganorum
1028 2259 1357 2314 intenderet
1413 2257 1785 2329 [figmentis]
1845 2257 2041 2312 Rudes

397 2353 591 2409 adhuc
622 2348 956 2406 scholastici
978 2361 1213 2420 Operam
1237 2347 1381 2402 dant
1401 2345 1635 2411 studiis,
1660 2346 1877 2418 quibus
1906 2363 2040 2401 eum

396 2439 561 2498 nulla
589 2438 988 2510 suﬂragantur
1020 2436 1247 2503 merita,
1270 2451 1301 2490 a
1326 2433 1452 2490 sola
1480 2435 1891 2492 tantummodo
1921 2451 2044 2490 eas-

392 2530 561 2587 titate
589 2528 941 2585 laudantur:
976 2529 1033 2581 et
1062 2524 1353 2597 quomodo
1404 2524 1515 2578 dici
1570 2528 1767 2579 castus
1808 2523 2041 2598 poterit,

400 2618 501 2692 qui
531 2617 721 2674 adhuc
747 2614 1040 2671 incentiva
1059 2612 1172 2687 (45)
1197 2612 1413 2669 sentire
1439 2628 1553 2668 non
1576 2612 1802 2669 valeat?
1832 2615 2042 2669 statui-

400 2712 499 2766 tur
519 2704 801 2781 puerulus
824 2704 881 2760 in
903 2702 1184 2768 medium,
1209 2702 1605 2775 interrogatur
1625 2701 1877 2774 pepulus
1903 2720 2044 2774 qua-

399 2795 475 2854 lis
501 2797 713 2868 sit,qui
735 2794 1096 2852 ordinandus
1119 2792 1218 2860 sit;
1244 2792 1337 2848 cui
1363 2795 1559 2847 tamen
1588 2790 1855 2863 perhibet
1883 2791 2043 2847 testi-

396 2887 663 2943 monium
695 2900 811 2941 non
842 2883 1059 2952 volens,
1092 2882 1191 2937 sed
1240 2881 1480 2937 invitus.
1505 2879 1651 2946 Quid
1684 2896 2041 2952 supervacue

398 2975 682 3049 quaeritur
712 2978 776 3030 ut
802 2972 1092 3039 laudetur,
1125 2987 1258 3026 cum
1292 2970 1363 3025 ab
1395 2969 1670 3025 omnibus
1698 2968 1926 3026 inutilis
1957 2970 2037 3026 vi-

396 3064 646 3122 deatur?
673 3062 822 3118 Vota
849 3060 1113 3117 omnium
1145 3059 1543 3131 inquiruntur,
1576 3075 1701 3131 quae
1729 3059 1904 3115 etiam
1938 3077 2036 3117 os-

2165 587 2353 625 omnes
2378 575 2473 642 qui
2501 574 2771 642 conﬁdunt
2802 574 2861 627 in
2890 575 2969 629 eis
2996 573 3163 643 (Psal.
3188 592 3344 641 cxm,
3366 575 3442 645 8).
3467 575 3561 631 Ait
3591 574 3809 648 quippe

2165 659 2371 715 beatus
2415 660 2803 734 Hieronymus
2835 659 2897 734 (l.
2928 679 2983 717 v1
3014 662 3074 716 in
3102 666 3330 728 Jerem.,
3362 680 3409 718 ο.
3446 664 3534 734 12)
3566 679 3580 718 :
3622 687 3642 713 ι
3679 663 3810 719 Ido-

2164 746 2287 803 lum
2334 748 2621 821 hodieque
2672 751 2928 823 ponitur,
2963 753 3199 823 quando
3244 768 3456 807 novum
3505 752 3721 826 dogma
3750 753 3811 808 in

2165 836 2419 893 Ecclesia
2448 840 2846 895 constituitur.
2872 862 2899 890 ››
2924 840 3074 896 Sane
3104 840 3198 895 hic
3222 840 3397 895 etiam
3414 840 3808 897 .inserendum

2163 925 2461 992 duximus,
2494 928 2647 998 quod
2682 927 2738 982 in
2771 928 3394 1002 Ezechielepropheta
3439 929 3651 1002 legisse
3681 946 3810 985 me-

2164 1014 2447 1071 minimus
2472 1032 2484 1070 :
2509 1019 2574 1071 Et
2603 1020 2911 1087 factumest
2944 1020 3001 1072 in
3030 1034 3174 1073 anno
3207 1020 3485 1087 trigesimo
3508 1019 3811 1074 Ezechielis

2160 1104 2437 1173 prophetae
2468 1123 2485 1156 :
2518 1104 2653 1158 ϐαῖἰὶ
2680 1108 2861 1176 aperti
2887 1114 3013 1160 sunt
3042 1111 3091 1161 et
3121 1106 3259 1161 vidit
3294 1109 3527 1162 visiones
3557 1108 3779 1163 Domini
3786 1124 3808 1167 .'

2162 1201 2210 1245 et
2238 1199 2383 1262 facta
2408 1200 2486 1247 est
2507 1210 2672 1262 super
2692 1211 2816 1248 eum
2838 1195 2917 1249 ibi
2938 1212 3133 1249 manus
3162 1198 3381 1251 Domini
3408 1196 3638 1265 (Ezeeh.
3665 1214 3703 1266 ι,
3732 1198 3807 1267 1).

2161 1282 2321 1345 Quod
2370 1282 2574 1337 beatus
2608 1284 2920 1355 Gregorius
2973 1284 3471 1355 prudentissimus
3502 1286 3557 1340 in
3592 1285 3809 1340 divinis

2160 1369 2535 1441 dogmatibus
2565 1371 2896 1443 disputator
2932 1372 3015 1427 ita
3043 1373 3342 1444 disseruit,
3375 1373 3574 1430 dicens
3605 1372 3729 1445 (lib.
3763 1391 3806 1442 Ι,

2158 1475 2322 1529 super
2351 1461 2561 1526 Ezeeh.,
2595 1460 2799 1517 homil.
2831 1462 2885 1533 2)
2912 1479 2925 1517 :
2958 1481 2978 1509 α
3003 1462 3120 1517 Hoc
3153 1467 3345 1518 autem
3379 1463 3532 1534 quod
3566 1462 3805 1530 dicitur,

2159 1547 2300 1619 quia
2327 1549 2629 1621 trigesimo
2659 1567 2812 1606 anno
2843 1550 3116 1623 spiritum
3149 1551 3464 1623 prophetia:
3494 1552 3804 1624 acceperit,

2159 1636 2378 1691 indicat
2437 1637 2604 1693 nobis
2663 1638 2881 1710 aliquid
2951 1639 3472 1707 considerandum,
3532 1639 3805 1696 videlicet

2160 1724 2485 1797 quiajuxta
2514 1727 2757 1783 rationis
2780 1745 2952 1783 usum
2986 1729 3260 1783 doctrinm
3292 1745 3481 1784 sermo
3514 1746 3628 1784 non
3660 1746 3804 1801 sup-

2160 1814 2323 1886 petit,
2356 1816 2468 1872 nisi
2502 1816 2557 1870 in
2590 1821 2756 1872 astate
2786 1818 3056 1889 perfecta.
3086 1817 3246 1873 Unde
3278 1826 3333 1873 et
3362 1819 3487 1884 ipse
3517 1818 3802 1874 Dominus

2157 1920 2309 1959 anno
2341 1904 2684 1961 duodecimo
2715 1906 2902 1962 aetatis
2941 1924 3059 1961 suae
3092 1906 3149 1961 in
3182 1907 3371 1962 medio
3402 1908 3705 1963 doctorum
3739 1907 3800 1963 in

2148 1992 2366 2065 templo
2396 1995 2758 2063 sedcus,non
2790 1996 3002 2051 docens
3034 1996 3135 2051 sed
3167 1995 3533 2068 interrogans
3555 1996 3705 2068 (Luc.
3733 2014 3796 2063 η,

2150 2081 2238 2153 46)
2273 2081 2458 2138 voluit
2485 2084 2750 2140 inveniri.
2785 2084 2856 2139 Ut
2879 2085 3034 2139 enim
3071 2102 3185 2140 non
3217 2085 3499 2140 auderent
3529 2084 3799 2141 homines

2152 2168 2209 2223 in
2240 2168 2581 2227 infirmitate
2600 2171 2929 2243 praedicare,
2949 2170 3044 2227 ille
3066 2189 3217 2228 anno
3239 2172 3584 2228 duodecimo
3608 2172 3796 2227 (etatis
3824 2174 3829 2185 ’

2151 2275 2268 2313 suae
2296 2260 2652 2331 interrogare
2682 2260 2951 2316 homines
2981 2266 3070 2317 est
3099 2262 3372 2333 dignatus
3400 2261 3458 2316 in
3490 2265 3667 2330 terra,
3691 2260 3793 2332 qui

2152 2364 2254 2418 per
2292 2347 2654 2404 divinitatem
2710 2367 2878 2403 suam
2939 2366 3170 2421 semper
3221 2349 3459 2421 angelos
3510 2351 3677 2406 docet
3732 2349 3793 2404 in

2151 2436 2314 2493 cmlo.
2340 2437 2485 2501 Quia
2513 2438 2667 2494 enim
2702 2438 2827 2509 ipse
2857 2443 2946 2494 est
2977 2439 3073 2493 Dei
3107 2439 3412 2509 sapientia,
3437 2439 3508 2494 de
3536 2434 3665 2510 ipso
3696 2456 3798 2494 an-

2151 2525 2265 2597 geli
2296 2525 2540 2582 videndo
2590 2527 2810 2593 vivunt,
2846 2527 2954 2583 hoc
2998 2528 3150 2599 quod
3211 2527 3510 2583 beatitudo
3555 2531 3793 2594 acterna,

2152 2613 2462 2670 satiantur.
2485 2617 2647 2681 Quod
2671 2617 2900 2688 Moyses
2932 2633 3164 2688 quoque
3194 2632 3297 2688 per
3325 2614 3613 2689 allegoria:
3643 2633 3798 2688 mys-

2150 2704 2363 2759 terium
2413 2705 2706 2773 admonet,
2739 2705 2938 2761 dicens
2971 2722 2984 2759 :
3019 2707 3134 2761 Non
3173 2705 3365 2761 orabis
3412 2707 3471 2760 in
3514 2706 3794 2778 primoge-

2151 2795 2265 2848 nita
2321 2793 2467 2849 bavi:
2522 2795 2699 2866 (Deut.
2741 2812 2876 2865 xxu,
2912 2796 3019 2865 10).
3071 2793 3534 2866 Primogenitum
3594 2798 3789 2849 autem

2147 2883 2313 2940 bovis
2370 2885 2715 2956 accipimus,
2746 2884 2803 2939 in
2858 2885 3094 2939 infirma
3148 2887 3313 2939 aetate
3372 2883 3544 2955 primi
3601 2883 3789 2938 nostri

2146 2974 2426 3046 temporis
2461 2972 2670 3028 bonam
2706 2974 3122 3046 operationem.
3157 2973 3218 3028 In
3251 2990 3367 3044 qua
3396 2977 3589 3028 tamen
3618 2989 3788 3027 aran-

2145 3064 2285 3118 dum
2333 3081 2446 3120 non
2477 3064 2738 3135 est,quia
2783 3080 2915 3119 cum
2965 3063 3155 3135 prima
3201 3062 3319 3119 sint
3364 3061 3785 3130 adolescentia,

394 3155 632 3211 tendere
661 3151 893 3225 publice
923 3153 1213 3218 metuunt,
1244 3165 1313 3203 ea
1341 3152 1534 3205 tamen
1567 3165 1696 3219 quae
1737 3149 2037 3225 proferunt
2072 3215 2107 3225 Α
2138 3152 2467 3223 juventutis
2496 3160 2705 3208 nostrae
2750 3157 3029 3224 tempora,
3063 3152 3233 3207 nobis
3282 3150 3473 3205 adhuc
3503 3168 3536 3205 a
3573 3150 3785 3221 praedi-

394 3247 555 3300 metu
585 3245 827 3310 extorta,
852 3243 907 3295 et
936 3239 1046 3310 ipsi
1077 3237 1443 3308 inquirentes
1474 3254 1587 3291 non
1615 3238 1902 3292 ambiunt.
1937 3224 2036 3293 Ri:
2064 3215 2107 3281 α
2147 3242 2373 3295 catione
2429 3241 2780 3296 cessandum
2823 3215 2930 3309 est,
2965 3243 3029 3293 ut
3077 3253 3278 3293 vomer
3304 3236 3513 3309 linguae
3573 3242 3786 3292 nostrae

392 3333 534 3388 dent
562 3329 824 3403 plurimi,
849 3327 947 3383 alii
971 3326 1141 3399 quasi
1164 3327 1235 3380 de
1264 3325 1506 3379 infantis
1524 3324 1742 3380 honore
1771 3327 2034 3397 gauden-

390 3426 501 3490 tes,
534 3418 634 3474 alii
666 3423 861 3473 tamen
895 3416 1119 3471 clarum
1150 3418 1206 3469 et
1247 3413 1625 3468 manifestum
1674 3415 2032 3486 praistigium

391 3508 745 3565 deridentes.
771 3508 898 3577 Ipse
928 3520 1161 3576 quoque
1201 3501 1476 3574 parvulus
1514 3502 1583 3557 de
1619 3502 1915 3573 aliquibus
1943 3504 2033 3559 in-

384 3601 717 3670 terrogatus
746 3592 1043 3666 capitulis,
1068 3608 1195 3664 quae
1226 3590 1276 3647 si
1317 3608 1638 3663 praeparare
1670 3593 1880 3663 poterit
1910 3609 2032 3648 me-

387 3687 631 3743 moriter
650 3684 873 3753 reddet,
898 3681 983 3738 vel
1007 3681 1067 3735 in
1090 3680 1284 3752 aliquo
1310 3685 1565 3735 tremens
1592 3679 1741 3752 leget
1771 3680 2031 3752 pittaeio,

385 3792 501 3832 non
532 3771 923 3847 episcopalem
953 3770 1168 3825 timens
1209 3768 1448 3840 perdere
1477 3769 1748 3841 gratiam,
1774 3770 1871 3825 sed
1906 3788 2027 3827 ma-

382 3864 553 3938 gistri
585 3864 881 3918 incurrere
921 3859 1166 3931 virgam.
1202 3858 1328 3914 Non
1359 3858 1515 3914 enim
1548 3875 1673 3930 quae
1706 3860 1909 3914 recitat
1940 3859 2029 3915 in-

380 3953 613 4027 telligit,
642 3951 814 4022 cujus
846 3966 949 4007 nec
980 3949 1037 4004 id
1068 3948 1367 4005 corculum
1400 3948 1622 4004 discere
1655 3948 1890 4017 sufﬁcit,
1926 3951 2026 4006 sed

375 4044 553 4100 verba
581 4046 811 4098 tantum
843 4054 1181 4113 percurrere
1212 4038 1441 4110 qurerit.
1474 4039 1889 4111 Interrogatur,
1923 4041 2024 4095 sed

378 4133 536 4190 unde
566 4148 701 4188 eum
759 4130 982 4187 nescire
1011 4128 1114 4199 qui
1146 4128 1508 4199 interrogant
1561 4144 1674 4182 non
1731 4128 2021 4195 dubitant,

375 4220 729 4292 respondere
786 4223 982 4273 tamen
1042 4214 1248 4271 exinde
1302 4214 1712 4285 quoquomodo
1744 4215 2024 4271 didicisse

375 4308 698 4364 conﬁdunt.
724 4306 839 4362 Nec
870 4306 1154 4376 quaeritur
1183 4307 1247 4357 ut
1267 4318 1509 4358 sensum
1541 4306 1807 4374 exponat,
1833 4304 1932 4358 sed
1957 4309 2021 4359 ut

372 4397 549 4453 verba
574 4400 804 4451 tantum
837 4393 1028 4463 aliquo
1080 4392 1251 4447 modo
1285 4395 1543 4462 promat;
1578 4407 1692 4445 non
1742 4391 1899 4447 enim
1929 4392 2016 4447 in-

372 4486 628 4556 quiritur
678 4487 743 4538 ut
787 4481 1173 4549 examinetur,
1220 4480 1320 4535 sed
1371 4479 1537 4550 quasi
1589 4484 1653 4533 ut
1702 4481 2018 4536 canonicus

2142 3327 2513 3400 proscindere
2534 3345 2649 3383 non
2682 3328 2894 3382 audeat
2918 3331 3133 3382 terram
3160 3325 3351 3380 cordis
3382 3324 3574 3380 alieni.
3602 3327 3788 3391 Quoa-

2143 3417 2369 3488 dusque
2400 3416 2613 3471 etenim
2654 3415 2873 3471 infirmi
2904 3432 3133 3482 sumus,
3167 3415 3463 3470 continere
3494 3431 3599 3469 nos
3630 3415 3787 3470 intra

2141 3504 2535 3576 nosmetipsos
2565 3505 2869 3571 debemus,
2902 3522 2973 3560 ne
3013 3506 3149 3559 dum
3184 3509 3382 3559 tenera
3426 3505 3580 3560 bona
3608 3503 3785 3559 citius

2142 3595 2509 3650 ostendimus
2542 3612 2555 3648 :
2590 3593 2727 3665 quia
2770 3597 2825 3649 et
2868 3594 3107 3649 arbusta
3140 3593 3419 3666 plantata,
3452 3593 3500 3648 si
3533 3593 3696 3665 prius
3723 3592 3783 3647 in

2140 3688 2293 3739 terra
2326 3683 2584 3737 radicata
2614 3700 2727 3737 non
2761 3682 2997 3749 fuerint,
3030 3698 3207 3738 manu
3241 3686 3395 3737 tacta
3424 3681 3600 3736 citius
3632 3697 3786 3735 ares-

2140 3777 2306 3841 cunt;
2337 3776 2395 3827 at
2425 3772 2473 3826 si
2504 3770 2684 3828 semel
2714 3771 2964 3826 radicem
2992 3770 3243 3836 ﬁxerint,
3267 3787 3478 3826 manus
3508 3768 3697 3841 tangit
3726 3772 3784 3824 et

2138 3861 2285 3916 nihil
2309 3860 2508 3929 ofﬁcit,
2538 3860 2690 3917 venti
2714 3859 3044 3932 impellunt,
3071 3878 3173 3916 nec
3194 3864 3389 3915 tamen
3412 3856 3781 3930 impellentes

2137 3949 2378 4006 laedunt.
2439 3951 2507 4005 Et
2564 3950 2885 4005 constructi
2949 3950 3199 4021 parietes
3256 3948 3305 4002 si
3378 3946 3778 4019 impellantur,

2136 4045 2443 4108 eruuntur,
2475 4038 2588 4094 nisi
2631 4039 2794 4110 prius
2847 4038 3064 4093 fuerint
3105 4038 3176 4092 ab
3223 4036 3468 4091 humore
3515 4052 3621 4092 suo
3665 4035 3777 4091 sie-

2134 4128 2267 4182 eati.
2302 4128 2465 4182 Mens
2508 4126 2704 4198 itaque
2747 4143 3053 4198 quousque
3084 4126 3155 4181 ab
3183 4126 3429 4181 humore
3476 4124 3778 4197 pravitatis

2134 4232 2253 4271 sua:
2282 4216 2534 4287 perfecte
2575 4232 2688 4269 non
2738 4212 2914 4269 fuerit
2965 4214 3273 4285 exsiccata,
3306 4213 3505 4269 alienas
3562 4212 3776 4285 linguae

2134 4319 2311 4358 manu
2344 4304 2503 4375 tangi
2537 4320 2651 4358 non
2686 4303 2875 4373 debet,
2909 4319 2979 4358 ne
3018 4302 3361 4374 priusquam
3395 4300 3562 4373 plene
3591 4301 3777 4373 perci-

2131 4392 2271 4464 piat,
2308 4393 2510 4463 perdat
2561 4390 2918 4447 soliditatem
2971 4408 3164 4458 suam,
3196 4408 3267 4446 ne
3313 4388 3571 4462 impulsa
3620 4392 3776 4458 ruat,

2130 4498 2201 4536 ne
2231 4481 2386 4536 velut
2418 4481 2725 4537 arbustum
2753 4480 2879 4536 sine
2912 4481 3230 4546 radicibus,
3259 4480 3398 4535 dum
3429 4478 3562 4551 plus
3594 4494 3774 4551 quam

370 4574 510 4630 ordo
542 4576 824 4639 servetur,
859 4574 917 4626 et
948 4574 1013 4624 ut
1061 4568 1433 4624 mendacium
1482 4571 1539 4623 et
1585 4568 1746 4624 fraus
1772 4567 2019 4624 validior
2047 4580 2095 4645 D
2126 4570 2375 4626 tolerare
2430 4570 2602 4636 valet,
2664 4570 3014 4640 concutitur,
3074 4569 3311 4623 ﬂatibus
3382 4572 3626 4623 arescat.
3687 4568 3771 4622 Ad

368 4664 467 4732 sit,
502 4664 551 4719 si
599 4662 839 4718 veritate
888 4660 1294 4724 obumbretur,
1331 4662 1387 4713 et
1419 4674 1453 4712 a
1482 4657 1885 4729 compluribus
1917 4660 2011 4713 ﬁr-

369 4758 604 4810 metur:
641 4751 740 4807 sed
774 4749 907 4821 quis
940 4749 1174 4804 firmare
1204 4747 1416 4819 poterit
1463 4748 1617 4818 quod
1667 4746 1818 4801 Deus
1851 4747 2012 4801 infir-

367 4843 531 4898 mat?
559 4840 705 4907 Quid
737 4840 892 4895 enim
925 4837 1115 4893 dicere
1146 4853 1460 4910 possumus
1491 4852 1624 4891 cum
1654 4834 1786 4890 talis
1818 4836 1875 4890 in
1909 4837 2009 4891 Ec-

364 4930 542 4987 clesia
562 4927 944 5003 praeponitur,
962 4925 1074 4982 nisi
1093 4926 1247 4998 quod
1270 4923 1492 4980 idolum
1517 4924 1848 4980 statuatur?
1870 4925 2011 4979 Ocu-

358 5020 450 5077 los
478 5019 635 5075 enim
665 5019 863 5083 habet,
897 5020 954 5072 et
984 5032 1100 5071 non
1129 5015 1302 5081 videt,
1336 5014 1487 5069 sicut
1522 5014 1802 5070 Dominus
1834 5014 1916 5069 ait
1950 5014 2007 5069 in

358 5107 667 5180 Evangelio
697 5124 709 5164 :
745 5105 939 5163 Simile
967 5106 1096 5161 illos
1126 5122 1145 5159 :
1174 5105 1305 5160 ca‘ei
1332 5111 1534 5158 suntet
1562 5103 1720 5159 duces
1747 5120 2009 5159 caecorum

364 5196 574 5272 (Matth.
606 5196 816 5266 xv,ili).
850 5202 1034 5251 Aures
1064 5193 1242 5249 habet
1272 5196 1329 5247 et
1357 5209 1471 5247 non
1503 5193 1687 5262 audit,
1721 5198 1784 5247 ut
1814 5192 1952 5247 alibi
1989 5208 2001 5247 :

366 5288 471 5310 n-..~
508 5285 663 5310 1-].-.
692 5300 848 5310 κυνί.-
883 5300 947 5310 ι...

883 5283 1146 5310 -..λέηηᾹέ
1202 5282 1395 5310 ..ηιΗηι
1422 5280 1609 5310 [Ml-Ml.
1656 5297 1712 5310 υτ
1770 5283 1853 5310 ΔΚ)
1911 5283 1977 5310 DL

2124 4658 2453 4731 exemplum
2508 4674 2643 4728 ergo
2693 4675 2806 4712 non
2863 4661 3002 4712 sunt
3057 4656 3436 4723 ostendenda,
3469 4656 3584 4711 nisi
3642 4650 3770 4728 quae

2123 4748 2294 4802 firma
2324 4752 2479 4802 sunt.
2514 4746 2682 4800 Prius
2712 4746 2927 4801 etenim
2951 4744 3349 4801 convalescere
3379 4745 3551 4800 debet
3581 4760 3769 4811 mens,

2123 4842 2298 4906 atque
2341 4836 2412 4890 ad
2448 4827 2761 4891 utilitatem
2810 4836 3207 4907 proximorum
3261 4835 3632 4906 postmodum
3669 4834 3767 4888 de-

2123 4924 2453 4995 monstrari,
2485 4941 2617 4979 cum
2662 4926 2788 4994 jam
2823 4941 2927 4979 nec
2960 4939 3061 4995 per
3107 4923 3340 4978 laudem
3393 4922 3611 4978 elevata
3641 4939 3765 4979 cor-

2119 5019 2270 5083 ruat,
2301 5031 2403 5069 nec
2436 5030 2536 5085 per
2553 5013 3037 5085 vituperationem
3064 5030 3339 5084 percussa
3364 5012 3762 5068 contabescat.

2117 5103 2263 5157 Nam
2294 5107 2352 5157 et
2382 5103 2431 5158 si
2462 5101 2765 5156 Timotheo
2796 5101 3048 5156 dicitur:
3083 5104 3333 5173 Prazeipe
3362 5100 3493 5169 haec,
3524 5109 3575 5156 et
3601 5102 3764 5159 doce;

2114 5208 2273 5247 nemo
2305 5191 2728 5246 adolescentiam
2759 5198 2910 5244 luam
2939 5194 3244 5246 contemnat
3275 5191 3322 5263 (l
3353 5190 3488 5244 Tim.
3523 5206 3600 5259 ιν,
3636 5186 3759 5249 ll):

2116 5282 2417 5310 nn:nnrllim
2455 5284 2537 5310 nn‘
2586 5280 2738 5310 ΠΙΊΠᾹ
2774 5278 2828 5310 :U‘
2866 5296 3026 5310 nnnnn
3058 5279 3286 5310 n‘nnli:n
3336 5291 3758 5310 “nnnllnnliﬂm
