4030 5310
221 318 290 380 81
1051 326 1151 387 DE
1198 326 1623 387 PRESSUIIIS
1677 324 2317 385 ECtILESlAS'l‘lClS.
2357 359 2427 369 --
2465 325 2660 387 PARS
2705 328 2779 387 ΙΙ.
3554 330 3633 395 82

222 450 452 527 lepram
489 472 781 529 uvamque
811 464 1101 516 maturam
1134 465 1190 517 et
1219 460 1487 517 acerbam
1520 460 1763 517 minime
1793 463 1877 515 in-
1906 460 1958 526 Α
1992 475 2134 513 num
2166 457 2406 516 vulnera
2435 458 2641 518 altiora
2663 464 2817 517 esset
2848 459 3071 517 nesciat
3092 460 3432 522 vulneribus
3448 463 3632 523 visce-

222 545 453 617 telligat
484 547 512 601 ?
541 548 701 603 Unde
733 566 929 605 revera
960 567 1307 622 cognoscere
1360 570 1698 624 possumus,
1731 552 1877 608 irato

224 634 474 691 Domino
509 636 720 692 stultos
752 643 1015 708 pastores
1048 641 1105 695 in
1138 642 1411 699 Ecclesiis
1449 643 1713 708 contitui,
1750 661 1876 697 rur-

232 740 491 795 sumque
522 724 771 796 placato,
806 729 1101 799 sapientes
1140 746 1205 785 eo
1241 737 1551 802 praestante
1584 734 1873 788 ordinari.

226 814 391 877 Quod
426 814 547 884 ipse
582 830 813 885 quoque
842 824 973 887 post
995 818 1283 889 illata(.’17)
1307 820 1536 891 ﬂagella
1568 822 1875 893 indulgen-

229 901 371 955 tiam
406 901 581 957 Israel
614 920 717 974 per
747 907 1017 961 eumdem
1077 908 1389 964 Jeremiam
1443 912 1877 981 repromittens,

226 988 309 1043 ait
344 1006 357 1043 :
390 990 538 1043 Dabo
571 991 720 1045 vobis
746 996 991 1061 pastores
1007 996 1174 1065 juxta
1223 1012 1315 1049 cor
1346 1002 1601 1052 meamet
1654 1006 1877 1068 poscent

228 1094 317 1132 vos
356 1080 589 1133 scientia
637 1088 689 1134 et
727 1080 983 1136 doctrina
1023 1085 1149 1153 (Jer.
1204 1102 1285 1139 111.
1324 1086 1431 1155 15).
1491 1086 1663 1140 Stulti
1720 1085 1873 1141 enim

226 1167 487 1239 episcopi
526 1185 637 1222 non
671 1175 953 1240 pastores,
987 1174 1086 1227 sed
1117 1173 1437 1229 incubones
1468 1174 1579 1229 dici
1606 1178 1872 1246 possunt,

225 1272 289 1311 eo
322 1258 481 1327 quod
499 1260 1059 1317 sanctamincubent
1092 1262 1409 1318 Ecclesiam
1446 1281 1588 1331 ;non
1614 1270 1873 1318 errantes

224 1345 537 1415 requirunt
566 1362 722 1416 oves,
756 1350 857 1403 sed
891 1350 1162 1407 collectas
1193 1353 1368 1407 etiam
1400 1368 1593 1407 errare
1634 1353 1869 1423 permit-

222 1438 378 1503 tunt,
416 1440 479 1488 ut
511 1452 879 1509 unaquaeque
910 1456 1012 1510 per
1039 1440 1191 1495 viam
1224 1458 1401 1512 quam
1459 1441 1705 1495 voluerit
1733 1458 1869 1511 gra-

223 1522 424 1577 diatur
454 1529 513 1579 et
543 1525 601 1579 in
633 1525 726 1581 his
760 1544 955 1583 revera
985 1530 1300 1600 impleatur
1329 1532 1483 1601 quod
1507 1530 1563 1584 in
1594 1530 1869 1586 Judicum

220 1610 526 1668 volumine
572 1613 789 1685 legitur
821 1633 832 1670 :
870 1619 925 1671 In
961 1618 1149 1672 diebus
1176 1621 1289 1674 illis
1346 1638 1457 1675 non
1488 1630 1610 1675 erat
1669 1635 1765 1674 rer
1816 1623 1873 1673 in

223 1702 403 1757 Israel
433 1702 527 1757 sed
556 1708 935 1777 unusquisque
964 1708 1104 1777 quod
1142 1710 1251 1763 sibi
1306 1719 1511 1764 rectum
1560 1709 1869 1777 videbatur,

1990 566 2120 604 rum
2147 551 2174 603 ‘?
2205 551 2270 605 Et
2302 556 2494 615 tamen
2525 568 2675 623 saepe
2724 551 2825 622 qui
2877 568 3248 624 nequaquam
3300 555 3631 626 spiritualia

1991 646 2275 712 princepta
2298 646 2690 711 cognoverunt
2722 641 2914 697 cordis
2968 658 3030 697 se
3057 641 3310 698 medicos
3370 646 3630 716 proﬁteri

1992 746 2106 783 non
2139 734 2431 793 metuunt;
2456 729 2594 783 dum
2620 729 2720 799 qui
2748 728 3180 799 pigmentorum
3212 730 3330 787 vim
3363 732 3633 789 nesciunt

1988 817 2166 872 videri
2200 816 2409 872 medici
2439 816 2631 871 carnis
2663 819 3033 873 erubescunt.
3083 823 3229 873 Sunt
3280 820 3455 876 etiam
3488 837 3630 876 non-

1990 906 2132 961 nulli
2168 906 2267 977 qui
2298 908 2451 961 intra
2470 912 2734 961 sanctam
2758 906 3076 963 Ecclesiam
3093 924 3194 980 per
3213 908 3466 979 speciem
3486 911 3633 983 regi-

1988 997 2165 1050 minis
2196 995 2439 1066 gloriam
2459 995 2732 1051 affectant
2748 996 3015 1061 honoris;
3038 996 3218 1051 videri
3242 997 3505 1055 doctores
3527 1016 3629 1071 ap-

1987 1090 2211 1156 petunt,
2246 1086 2654 1140 transcendere
2688 1088 2924 1141 caeteros
2979 1086 3423 1157 concupiscunt,
3483 1093 3629 1145 atte-

1985 1179 2175 1229 stante
2192 1175 2435 1229 veritate
2450 1175 2667 1244 primas
2683 1174 3311 1247 salutationes,primos
3333 1177 3628 1233 recubitus

1984 1263 2042 1316 in
2074 1263 2505 1332 cmnis,primas
2538 1264 2596 1317 in
2628 1263 3007 1318 conventibus
3029 1264 3338 1320 cathedras
3360 1270 3628 1337 quaerunt

1988 1354 2201 1421 (Matth.
2236 1352 2461 1422 xx111,2)
2496 1370 2508 1418 ;
2541 1352 2642 1423 qui
2673 1357 2956 1423 susceptae
2986 1369 3136 1408 cura;
3171 1353 3477 1425 pastoralis
3500 1356 3627 1411 ofﬁ-

1987 1442 2056 1496 cii
2092 1441 2429 1495 ministrare
2459 1440 2635 1511 digne
2667 1445 2826 1495 tanto
2858 1440 3045 1513 magis
3070 1447 3625 1514 nequeunt,quanto

1986 1532 2055 1585 ad
2086 1529 2436 1585 humilitatis
2468 1529 2874 1601 magisterium
2905 1547 2973 1585 ex
3002 1530 3127 1586 sola
3151 1530 3398 1587 elatione
3429 1549 3625 1604 perve-

1983 1623 2215 1673 nerunt.
2246 1619 2377 1689 Ipsa
2410 1618 2627 1689 quippe
2656 1617 2715 1672 in
2748 1618 3087 1689 magisterio
3115 1618 3317 1691 lingua
3375 1620 3626 1675 confun—

1983 1708 2162 1774 ditur,
2192 1708 2428 1779 quando
2458 1706 2615 1763 aliud
2648 1708 2865 1763 dicitur
2892 1713 2950 1763 et
2982 1707 3139 1764 aliud
3174 1709 3627 1765 docetur.»Hinc

220 1792 328 1845 hoc
356 1792 589 1861 faciebat
632 1794 829 1864 (ludio.
882 1813 996 1863 χιιι,
1057 1799 1169 1867 2-4).
1224 1799 1304 1853 De
1338 1798 1553 1854 talibus
1632 1798 1868 1869 quidem
1906 1830 1952 1894 B
1981 1798 2231 1853 Jacobus
2265 1814 2276 1852 :
2310 1799 2488 1852 Nolite
2512 1798 2697 1869 plures
2756 1798 3008 1868 magistri
3062 1797 3195 1869 ﬁeri
3238 1800 3441 1868 fratres
3494 1801 3623 1869 mei,

220 1878 524 1951 legiturin
559 1883 865 1953 Evangelio
900 1902 911 1940 :
949 1886 1137 1940 Omnis
1173 1888 1341 1942 arbor
1396 1904 1521 1958 quae
1579 1904 1687 1942 non
1737 1889 1873 1957 facit

225 1974 475 2039 fructum
552 1972 752 2027 bonum
816 1975 1100 2030 excidetur
1162 1979 1210 2031 et
1253 1980 1312 2030 in
1380 1979 1563 2045 ignem
1626 1979 1875 2032 mittetur

226 2059 431 2130 (Matth.
470 2078 553 2128 111,
592 2063 704 2130 10).
745 2063 1059 2135 Gregorius
1091 2066 1276 2135 (parte
1308 2084 1342 2133 1,
1380 2066 1415 2121 l.
1452 2084 1491 2135 1,
1545 2067 1698 2121 Curw
1726 2075 1868 2136 past.

232 2164 358 2219 cap.
399 2152 440 2217 1)
475 2165 487 2202 :
524 2172 552 2198 ‹‹
586 2154 894 2206 Pastorum
929 2153 1223 2223 imperitia
1242 2171 1378 2209 voce
1399 2155 1656 2209 veritatis
1690 2156 1873 2209 incre-

240 2243 424 2307 patur,
457 2254 591 2293 cum
618 2256 720 2309 per
782 2241 1124 2312 prophetam
1178 2244 1393 2298 dicitur
1427 2262 1439 2298 :
1476 2247 1585 2314 Ipsi
1632 2248 1873 2315 pastores

232 2327 625 2394 ignoraverunt
653 2331 943 2385 scientiam
972 2334 1099 2401 (Isa.
1136 2350 1245 2401 LVI,
1282 2335 1387 2402 11).
1423 2336 1575 2397 Quos
1634 2340 1691 2388 et
1742 2351 1872 2387 rur-

228 2430 329 2468 sus
354 2418 638 2472 Dominus
671 2419 999 2474 detestatur
1029 2422 1230 2476 dicens
1262 2438 1274 2476 ε
1304 2424 1366 2477 Et
1398 2429 1642 2477 tenentes
1703 2424 1873 2489 legem

224 2504 541 2558 nescierunt
572 2523 655 2560 me
684 2508 812 2577 (Jer.
845 2526 903 2573 11,
938 2510 1011 2579 8).
1054 2512 1122 2565 Et
1149 2510 1358 2565 nesciri
1418 2527 1478 2565 se
1509 2528 1643 2582 ergo
1686 2512 1758 2565 ab
1790 2511 1873 2565 eis

220 2592 441 2647 veritas
473 2596 852 2665 conqueritur
881 2602 937 2651 et
966 2600 1190 2653 nescire
1230 2616 1291 2654 se
1344 2600 1737 2671 principatum
1773 2617 1870 2655 ne-

221 2679 535 2735 scientium
572 2699 633 2737 se
665 2690 1019 2754 protestatur
1051 2704 1062 2740 :
1099 2689 1238 2757 quia
1280 2690 1532 2760 profecto
1584 2689 1640 2743 1ιὶ
1675 2690 1773 2759 qui
1807 2706 1873 2743 ea

222 2786 353 2839 quae
384 2778 525 2825 sunt
555 2772 785 2827 Domini
818 2776 1085 2830 nesciunt
1129 2794 1162 2831 a
1219 2778 1465 2832 Domino
1512 2779 1870 2843 nosciuntur,

219 2857 406 2913 Paulo
441 2864 749 2915 attestanlc
784 2864 879 2932 qui
915 2864 1016 2918 ait:
1047 2865 1249 2935 Si’quis
1278 2871 1461 2920 autem
1479 2868 1872 2935 ignorat,igno-

218 2948 449 3000 rabitur
481 2949 528 3016 (I
561 2950 691 3002 Cor.
726 2967 840 3016 xw,
873 2953 983 3016 33).
1020 2952 1367 3023 Plerumque
1426 2958 1725 3022 pastorum
1763 2954 1874 3005 im—

218 3034 441 3104 peritia
468 3034 690 3089 meritis
721 3038 988 3107 congruit
1012 3040 1575 3109 subjectorum,quia
1607 3040 1875 3109 quamvis

217 3121 427 3176 lumen
463 3123 719 3177 scientiae
751 3142 857 3179 sua
904 3125 1075 3196 culpa
1132 3127 1392 3197 exigente
1450 3145 1562 3181 non
1622 3129 1875 3183 habeant

221 3210 495 3265 districto
529 3216 721 3266 tamen
759 3213 857 3267 Dei
892 3190 1117 3283 judicio
1171 3190 1381 3286 agitur,
1434 3222 1496 3269 ut
1540 3233 1642 3286 per
1671 3234 1871 3272 eorum
1905 3190 1947 3254 (ἶ

222 3298 619 3368 ignorantiam
644 3299 700 3353 hi
730 3302 904 3356 etiam
929 3303 1026 3373 qui
1046 3309 1375 3373 sequuntur
1404 3306 1872 3360 otfendant.l1inc

222 3404 481 3458 namque
512 3387 569 3442 in
605 3389 913 3462 Evangelio
935 3408 1035 3461 per
1056 3393 1432 3463 semetipsam
1455 3394 1680 3448 Veritas
1706 3394 1869 3449 dicit:

222 3476 287 3531 Si
315 3493 484 3531 caecus
514 3492 655 3533 cwco
703 3478 967 3534 ducatum
1021 3483 1271 3549 prsebeat
1328 3483 1490 3537 ambo
1552 3485 1607 3535 in
1660 3485 1875 3550 foveam

222 3566 421 3620 cadent
452 3568 665 3633 (Matth.
698 3570 901 3638 xv,l-’1).
940 3568 1083 3623 Hinc
1116 3569 1424 3624 Psalmista
1456 3588 1569 3625 non
1620 3572 1875 3642 Optantis

226 3653 448 3721 animo,
483 3656 581 3709 sed
617 3657 1019 3726 prophetantis
1052 3657 1376 3713 ministerio
1435 3660 1738 3714 denuntiat
1784 3660 1876 3713 di-

227 3758 369 3797 cens
406 3759 418 3797 :
454 3744 833 3800 Obscure-ntur
863 3745 1013 3801 oculi
1043 3762 1235 3801 eorum
1264 3764 1333 3801 ne
1386 3749 1617 3803 rideant
1673 3757 1723 3803 et
1753 3748 1875 3803 dor-

225 3845 349 3884 sum
384 3847 581 3886 eorum
610 3848 820 3903 semper
850 3835 1083 3887 incurva
1110 3834 1283 3905 (Psal.
1317 3853 1505 3905 vam,
1540 3836 1651 3905 24).
1716 3835 1875 3890 Oculi

231 3920 453 3991 quippe
486 3922 751 3991 sunt,qui
780 3922 837 3975 in
870 3922 1251 3993 ipsahonoris
1283 3924 1499 3978 summi
1546 3924 1686 3979 facie
1706 3924 1876 3995 positi

232 4008 574 4079 providendi
600 4010 823 4067 itineris
838 4012 1094 4066 ofﬁcium
1121 4013 1378 4083 suscipiu
1391 4019 1452 4067 nt
1466 4013 1679 4084 quibus
1713 4013 1880 4068 nimi-

232 4114 361 4151 rum
399 4099 499 4170 qui
534 4101 962 4171 subsequcnter
990 4101 1476 4167 inliteront,dorsa
1506 4102 1882 4157 nominantur

233 4186 625 4244 Obscuritatis
643 4206 778 4261 ergo
801 4190 983 4245 oculis
1016 4192 1255 4245 dorsum
1279 4190 1533 4246 ﬂectitur
1557 4192 1719 4261 ;quia
1746 4208 1879 4245 cum

236 4275 435 4331 lumen
462 4279 715 4333 scientia:
740 4280 1103 4351 pcrduntqui
1138 4280 1667 4350 prazeuntprofecto
1690 4279 1883 4334 cuncli

236 4364 305 4418 ad
342 4367 628 4436 portanda
643 4372 1010 4438 peccatorum
1034 4385 1209 4423 onera
1231 4374 1549 4423 curvantur
1561 4369 1660 4439 qui
1676 4386 1885 4439 sequn-

232 4456 349 4506 tur.
384 4475 411 4503 ››
447 4455 587 4509 Item
620 4455 701 4525 (in
744 4458 956 4526 protog.
1014 4462 1165 4527 part.
1210 4458 1248 4525 1)
1283 4474 1293 4511 :
1331 4480 1357 4505 ‹‹
1412 4458 1572 4511 Sunt
1626 4457 1885 4527 plerique

1982 1889 2212 1943 scientes
2271 1888 2533 1957 quoniam
2607 1890 2793 1958 majus
2850 1886 3127 1957 judicium
3192 1888 3411 1943 sumitis
3488 1888 3622 1957 (Jac.

1985 1994 2066 2039 111,
2105 1977 2175 2047 1).

2056 2066 2197 2119 Item
2227 2063 2541 2135 Gregorius
2572 2082 2589 2117 :
2629 2087 2648 2112 ιι
2682 2063 2789 2127 Qui
2823 2063 3003 2118 sacris
3034 2062 3219 2119 nescit
3271 2064 3507 2119 obedire
3536 2078 3628 2119 ca-

1989 2153 2283 2220 monibus,
2322 2169 2426 2207 nec
2458 2152 2639 2207 sacris
2670 2153 2745 2206 sit
2776 2152 2991 2223 dignus
3042 2152 3452 2207 administrare
3482 2151 3625 2207 alta-

1984 2243 2170 2297 ribus.
2204 2241 2327 2296 Non
2363 2242 2534 2296 debet
2564 2240 2802 2295 honoris
2838 2242 3115 2295 ducatum
3176 2244 3491 2311 suscipere,
3524 2241 3625 2312 qui

1984 2332 2171 2387 nescit
2200 2331 2494 2400 subjectos
2522 2329 2757 2383 tramite
2786 2329 2911 2382 vita:
2945 2328 3201 2384 melioris
3234 2328 3459 2400 praeire.
3489 2350 3518 2379 »
3555 2332 3626 2383 Et

1987 2438 2195 2475 rursus
2231 2438 2242 2474 :
2280 2442 2305 2469 ‹‹
2342 2419 2503 2473 Sicut
2535 2417 2721 2489 iniqui
2754 2421 2811 2473 et
2841 2422 3171 2489 peccatores
3230 2418 3624 2472 ministerium

1987 2509 2351 2564 sacerdotale
2382 2506 2615 2578 assequi
2649 2506 2990 2577 prohibetur
3020 2506 3099 2562 ita
3154 2506 3371 2561 indocti
3430 2511 3489 2561 et
3515 2506 3631 2561 im-

1984 2598 2154 2669 periti
2186 2597 2291 2651 tali
2323 2597 2515 2651 ofﬁcio
2548 2596 2944 2661 retrahuntur,
2987 2594 3073 2650 Illi
3131 2595 3287 2650 enim
3346 2594 3629 2666 exemplis

1984 2688 2074 2744 sui
2107 2688 2282 2741 vitam
2317 2688 2604 2741 bonorum
2636 2688 3022 2754 corrumpunt
3077 2682 3173 2738 isti
3232 2700 3341 2738 sua
3394 2682 3628 2755 ignavia

1984 2777 2187 2847 iniquo
2222 2776 2517 2843 corrigere
2552 2773 2839 2828 nesciunt.
2875 2772 3022 2837 Quid
3058 2772 3213 2826 enim
3242 2772 3448 2827 docere
3473 2775 3633 2842 pote-

1984 2872 2121 2920 runt
2154 2866 2307 2935 quod
2341 2881 2455 2917 non
2489 2863 2860 2917 didicerunt?
2889 2861 3130 2917 Desinat
3160 2861 3354 2916 locum
3386 2860 3631 2916 docendi

1986 2954 2279 3023 suscipere
2311 2952 2410 3021 qui
2444 2952 2629 3006 nescit
2652 2950 3222 3021 docere.Ignorantia
3241 2950 3457 3021 quippe
3484 2966 3633 3021 prae-

1986 3040 2181 3094 sulum
2214 3040 2340 3093 vitae
2368 3057 2482 3093 non
2536 3038 2803 3109 congruit
2832 3040 3229 3108 subjectorum
3273 3056 3285 3094 :
3324 3061 3352 3087 »
3382 3038 3451 3091 Et
3479 3036 3618 3092 alibi

1984 3132 2156 3199 (part.
2196 3146 2230 3180 ιι
2266 3129 2364 3181 lib.
2415 3130 2557 3196 past.
2606 3142 2731 3195 cap.
2767 3126 2821 3194 3)
2855 3144 2869 3178 :
2904 3148 2929 3173 ‹‹
2957 3126 3043 3179 Sit
3096 3130 3284 3180 rector
3340 3126 3631 3180 discretus

1986 3215 2491 3280 silentio,humilis
2525 3215 2581 3268 in
2616 3214 2807 3282 verbo,
2842 3230 2913 3268 ne
2945 3220 3046 3268 aut
3070 3214 3314 3268 tacenda
3345 3213 3629 3284 proferat:

1985 3310 2086 3360 aut
2118 3304 2461 3375 proferenda
2494 3306 2701 3356 taceat.
2719 3302 2863 3356 Nam
2897 3301 3049 3356 sicut
3080 3301 3316 3356 incauta
3344 3299 3633 3357 locutioin

1984 3411 2239 3450 errorem
2266 3391 2573 3463 pertrahit,
2592 3391 2670 3444 ita
2689 3390 3069 3445 indiscretum
3100 3390 3396 3445 silentium
3413 3389 3521 3445 bos
3534 3389 3635 3462 qui

1984 3484 2202 3538 erudiri
2234 3486 2499 3548 poterant
2526 3480 2582 3533 in
2607 3478 3356 3561 eporederelinquitSaspe
3382 3495 3637 3549 namque

1987 3577 2237 3627 rectores
2300 3569 2606 3640 improvidi
2677 3568 2997 3622 humanam
3055 3567 3322 3622 amittere
3380 3567 3635 3638 gratiam

2587 3655 3636 3727 ...........Caecuspastor

1987 3753 2097 3814 est,
2125 3747 2224 3817 qui
2254 3762 2520 3817 superum
2554 3746 2752 3800 lumen
2786 3760 2925 3799 cons
2966 3786 2978 3797 .
3028 3787 3040 3798 .
3088 3785 3100 3798 .
3148 3786 3160 3798 .
3206 3787 3219 3800 .
3265 3784 3277 3798 .
3323 3786 3337 3799 .
3382 3786 3396 3799 .
3443 3787 3457 3801 .
3503 3785 3515 3797 .
3560 3784 3575 3800 .
3619 3787 3633 3800 .

1993 3878 2004 3889 .
2052 3877 2064 3889 .
2113 3878 2123 3889 .
2172 3876 2183 3887 .
2232 3876 2243 3887 .
2292 3875 2303 3887 .
2352 3875 2363 3887 .
2412 3875 2423 3886 .
2474 3878 2485 3887 .
2531 3875 2541 3886 .
2593 3832 3082 3901 .praesentisvitae
3110 3831 3369 3887 tenebris
3395 3849 3636 3904 pressus

1988 3925 2131 3977 dum
2162 3927 2467 3977 venturam
2501 3920 2689 3975 lucem
2725 3937 3097 3991 nequaquam
3145 3920 3465 3991 dilligendo
3498 3937 3635 3976 con-

1990 4009 3635 4082 spicit...................aitzParvo

1991 4105 2185 4155 autem
2220 4116 2361 4153 naso
2393 4102 2483 4151 est
2514 4096 2613 4167 qui
2649 4098 2720 4151 ad
2754 4096 3065 4150 tenendam
3116 4111 3454 4150 mensuram
3514 4095 3635 4151 dis-

1991 4188 2266 4244 cretionis
2298 4188 2543 4241 idoneus
2576 4202 2687 4240 non
2714 4189 2822 4240 est.
2872 4184 3106 4254 Nosque
3164 4184 3383 4255 quippe
3430 4182 3637 4239 odores

1993 4280 2321 4347 fetoresque
2352 4273 2761 4330 discernimus.
2785 4273 2957 4326 Recte
2985 4289 3121 4344 ergo
3154 4288 3256 4343 per
3286 4286 3496 4326 nasum
3520 4271 3638 4327 dis-

1994 4370 2169 4424 cretio
2203 4365 2569 4436 exprimitur,
2602 4380 2704 4434 per
2734 4380 2911 4434 quam
2933 4364 3175 4417 virtutes
3206 4360 3503 4433 eligimus,
3536 4360 3634 4416 de-

1993 4457 2131 4512 licta
2165 4454 2570 4526 reprobamus.
2606 4475 2627 4503 »
2666 4453 2731 4507 Et
2766 4468 2972 4507 rursus
3002 4468 3014 4505 :
3050 4474 3077 4500 «
3136 4450 3361 4506 Durum
3420 4449 3640 4520 quippe

237 4556 543 4610 paetorum
574 4544 674 4614 qui
707 4546 846 4599 dum
876 4545 1107 4599 mentiri
1158 4560 1218 4598 se
1252 4546 1547 4609 nesciunt,
1584 4562 1711 4616 qua:
1771 4562 1883 4600 non
1918 4553 1962 4619 Ι)
1995 4552 2083 4601 est
2114 4550 2179 4599 ut
2211 4543 2310 4614 qui
2362 4541 2547 4596 nescit
2603 4544 2799 4595 tenere
2860 4538 3263 4594 moderamina
3316 4538 3444 4593 vita:
3500 4554 3640 4605 suaa,

236 4627 571 4686 didicerunt
602 4633 807 4688 docere
830 4634 1287 4704 concupiscunt:
1316 4633 1413 4703 qui
1439 4635 1668 4704 pondus
1694 4634 1879 4703 magi-

236 4717 397 4772 sterii
419 4722 581 4774 tanto
608 4719 789 4776 levius
811 4723 1105 4776 aestimant
1128 4723 1362 4792 quando
1385 4722 1499 4776 vim
1526 4722 1879 4794 magnitudi-

238 4806 330 4860 nis
362 4805 522 4862 illius
554 4809 922 4879 ignorant.Ut
952 4811 1049 4881 qui
1074 4810 1292 4865 indocti
1323 4828 1387 4865 ac
1420 4811 1748 4882 praecipites
1781 4812 1879 4865 do-

240 4893 435 4948 ctrinae
463 4911 655 4949 arcem
681 4901 871 4953 tenere
894 4903 1238 4969 appetunt,a
1258 4899 1738 4970 praecipitationis
1765 4916 1881 4954 suae

240 4982 483 5037 ausibus
514 4982 573 5037 in
606 4984 732 5055 ipsa
752 4985 1063 5041 locutionis
1087 4989 1274 5057 janua
1304 4986 1687 5058 repelluntur.
1714 4988 1885 5043 Nulla

243 5084 335 5124 ars
365 5071 559 5127 doceri
592 5076 987 5146 praesumitur,
1023 5076 1137 5131 nisi
1169 5080 1330 5132 tanta
1359 5078 1469 5148 (’18)
1504 5077 1667 5147 prius
1707 5077 1885 5130 medi-

245 5160 459 5215 tatione
492 5161 877 5220 discatur.Ab
906 5165 1194 5237 imperitis
1225 5182 1362 5238 ergo
1395 5166 1687 5237 pastorale
1714 5166 1887 5236 magi-

243 5250 487 5305 sterium
521 5267 637 5310 qua
660 5254 979 5310 temeritate
1005 5254 1650 5310 suscipiturPOuoniam
1682 5260 1771 5310 est
1793 5272 1887 5310 ars

1986 4635 2171 4706 judex
2202 4634 2328 4687 vitro
2360 4632 2462 4685 ﬁat
2493 4628 2715 4685 alienae.
2761 4628 2924 4683 Unde
2955 4632 3107 4683 recte
3165 4644 3267 4697 per
3296 4625 3641 4698 prophetam

1994 4723 2210 4779 dicitur
2245 4739 2257 4776 :
2292 4718 2699 4786 Mortiﬁcabant
2740 4718 2956 4771 animas
3014 4730 3139 4786 quae
3171 4732 3280 4770 non
3329 4713 3643 4769 moriuntur

1992 4818 2043 4869 et
2081 4810 2439 4880 viviﬁcabunt
2469 4809 2689 4862 animas
2701 4820 2826 4875 quia
2842 4822 2947 4861 non
2968 4806 3159 4860 vivunt
3182 4799 3638 4874 (Ezech.x1u,19).

1996 4903 2122 4957 Non
2156 4898 2471 4953 morientes
2502 4895 2716 4965 quippe
2750 4894 3088 4957 mortiﬁcat,
3113 4891 3213 4961 qui
3240 4892 3466 4960 justum
3484 4886 3645 4939 dam-

1993 4994 2112 5052 nat,
2158 4993 2215 5041 et
2246 5004 2359 5043 non
2392 4985 2683 5041 victurum
2740 4982 3032 5037 viviﬁcare
3088 4978 3315 5040 nititur,
3348 4972 3448 5043 qui
3480 4988 3643 5026 reum

1994 5095 2025 5132 a
2059 5076 2349 5148 supplicio
2411 5074 2631 5129 solvere
2688 5074 2949 5125 conatur.
3014 5088 3041 5115 »
3110 5062 3370 5117 Isidorus
3423 5058 3547 5148 (lib.
3584 5074 3646 5113 111

1995 5146 2152 5223 Sent:
2182 5146 2230 5218 c.
2264 5166 2378 5236 36.)
2412 5186 2439 5213 «
2496 5162 2640 5216 Tam
2701 5160 2965 5213 doctrina
3020 5165 3224 5243 quam,
3262 5150 3383 5243 vita
3420 5146 3651 5243 clarere

1995 5254 2168 5310 debet
2199 5234 2631 5310 ecclesiasticus
2662 5248 2867 5301 doctor
2893 5262 2905 5299 :
2929 5256 3066 5297 nam
3101 5237 3369 5294 doctrina
3384 5234 3510 5291 sine
3538 5234 3655 5287 vita
