4030 5310
378 371 457 471 ὲ3
1401 417 1737 480 ATTONIS
1780 410 2365 478 venencuuusns
2411 413 2765 477 EPISCOPI
3707 412 3787 475 et

383 544 481 602 cit.
520 566 541 596 ι
580 548 726 603 ltem
757 544 943 619 (Idem
973 546 1138 620 ibid.,
1174 566 1300 625 cap.
1330 550 1419 622 46)
1454 565 1468 605 :
1503 550 1896 607 «Sacerdotes
1918 564 2020 621 po-
2049 548 2105 615 Α
2133 545 2428 616 cogitatum
2461 548 2615 603 tuum
2661 546 2723 603 in
2779 545 3007 604 Domino
3034 553 3085 604 et
3142 544 3257 619 ipse
3314 544 3555 603 enutriet
3606 544 3785 616 (Psal.

383 634 656 706 pulorum
684 636 994 709 iniquitate
1051 639 1426 711 damnantur,
1477 640 1527 696 si
1585 657 1684 696 eos
1738 643 1840 695 aut
1867 638 2026 710 igno-

384 729 581 781 rantes
612 743 725 781 non
755 727 1047 793 erudiant,
1080 732 1181 784 aut
1239 734 1545 801 peccantes
1577 746 1692 784 non
1753 729 2025 800 arguant.

390 814 664 871 Testante
693 816 939 871 Domino
991 818 1062 872 ad
1120 817 1464 890 prophetam
1500 837 1515 874 :
1548 818 1951 889 Speculatorem
1980 823 2029 871 te

388 902 513 959 dedi
541 905 733 959 domus
762 906 952 960 Israel.
979 906 1046 961 Si
1066 922 1174 961 non
1202 909 1381 978 fueris
1442 908 1652 963 locutus
1719 914 1774 961 ut
1830 921 1886 960 se
1930 921 2030 959 cu—

388 993 591 1048 stodiat
622 993 831 1065 impius
859 1010 889 1048 a
912 996 1003 1049 via
1031 1011 1153 1064 sua,
1188 997 1282 1051 ille
1340 999 1398 1051 in
1453 998 1745 1067 iniquitate
1793 1011 1895 1049 sua
1922 1009 2032 1049 mo-

389 1083 567 1137 rietur
597 1103 616 1149 ,-
645 1085 974 1153 sanguinem
1005 1100 1130 1140 vero
1159 1086 1277 1156 ejus
1307 1086 1374 1141 de
1402 1102 1571 1141 manu
1625 1093 1718 1140 tua
1746 1084 2032 1155 requiram

388 1171 610 1239 (Ezech.
644 1188 845 1238 χχχιιι,
878 1174 956 1243 7).
994 1195 1023 1223 ››
1079 1178 1327 1245 Prosper
1356 1174 1496 1243 (sive
1548 1173 1768 1230 Julian.
1829 1172 2030 1227 Pome-

390 1259 533 1328 rius,
565 1260 605 1316 l.
640 1279 656 1316 1
685 1262 750 1317 de
800 1264 1138 1334 Contemplat
1170 1266 1284 1320 vita
1341 1281 1391 1320 c.
1451 1265 1540 1334 20)
1576 1282 1589 1319 :
1626 1285 1653 1313 ‹‹
1684 1262 1846 1328 Quod
1901 1276 2032 1316 vero

391 1349 533 1404 dicit
561 1350 898 1422 Apostolus,
932 1357 997 1408 ut
1025 1370 1131 1408 nos
1185 1354 1434 1409 formam
1495 1353 1812 1408 debeamus
1873 1348 2032 1405 exhi-

394 1437 530 1493 bere
561 1439 832 1496 ﬁdelibus
864 1441 1006 1512 quid
1048 1442 1263 1497 valebit
1319 1443 1367 1497 si
1425 1442 1475 1497 is
1528 1441 1623 1497 cui
1681 1440 1766 1496 vel
1822 1438 2033 1495 exhor-

396 1527 557 1583 tandi
589 1528 792 1596 bonos,
825 1530 912 1585 vel
944 1531 1267 1603 castigandi
1303 1531 1487 1587 malos
1519 1547 1661 1586 cura
1718 1528 2039 1585 commissa

395 1619 503 1686 est,
537 1616 681 1673 bene
708 1617 952 1674 vivendo
1011 1636 1071 1674 se
1125 1619 1481 1676 imitandum
1537 1618 1709 1674 bonis
1766 1635 1879 1674 non
1942 1633 2037 1672 ex-

395 1703 611 1773 hibeat,
669 1710 727 1761 et
783 1707 970 1763 malos
1024 1709 1268 1764 tacendo
1326 1726 1442 1765 non
1500 1712 1707 1781 arguat
1746 1708 1833 1763 7.»
1864 1706 2041 1762 Miror

395 1809 533 1866 ergo
563 1812 680 1866 qua
710 1796 870 1851 inani
899 1796 1256 1853 deludantur
1286 1797 1632 1863 intentione,
1690 1796 1789 1867 qui
1847 1795 2040 1851 Domi-

396 1880 593 1938 nicam
624 1885 1111 1956 parvipendentes
1141 1901 1472 1957 censuram,
1498 1885 1937 1959 qualescunque
1968 1884 2039 1940 ad

405 1970 795 2043 episcopalem
828 1973 1169 2047 dignitatem
1201 1974 1413 2047 eligere
1456 1979 1907 2048 quaerunt,quos
1924 1973 2039 2029 sibi

397 2059 586 2132 magis
617 2061 809 2129 utiles,
842 2079 1020 2133 quam
1053 2062 1319 2120 Ecclesiae
1351 2064 1688 2135 profuturos
1735 2062 2040 2134 suspican-

395 2150 512 2203 tur.
548 2148 710 2205 Uude
769 2167 918 2223 saepe
973 2151 1201 2207 evenire
1260 2151 1426 2220 solet,
1484 2155 1549 2206 ut
1610 2167 1713 2207 nec
1771 2150 2040 2207 Ecclesiae

396 2250 706 2309 congruos,
739 2255 843 2294 nec
874 2239 985 2294 sibi
1014 2240 1304 2311 proﬁcuos
1334 2238 1591 2295 sentiant
1623 2255 1636 2293 :
1669 2242 1728 2294 et
1765 2239 1907 2292 dum
1937 2253 2040 2308 pro

400 2340 601 2380 amore
659 2325 918 2381 hominis
977 2332 1159 2382 Deum
1233 2327 1524 2383 offendere
1579 2343 1693 2382 non
1747 2329 2039 2399 metuunt,

408 2411 480 2466 ab
512 2411 662 2485 ipsis
691 2414 881 2470 solent
906 2415 1082 2470 etiam
1124 2416 1343 2487 perpeti
1375 2416 1674 2485 injuriam,
1733 2432 1849 2486 quo
1906 2431 2042 2469 con-

404 2503 496 2555 tra
520 2502 617 2556 Dei
652 2507 863 2558 nutum
892 2504 1217 2575 provehunt
1248 2505 1317 2560 ad
1347 2504 1681 2560 cathedram
1711 2521 1724 2571 ;
1751 2507 1814 2559 ut
1836 2503 2042 2558 merito

401 2603 463 2643 se
493 2605 687 2646 errare
718 2591 966 2657 doleant,
1003 2580 1101 2664 qui
1132 2592 1231 2647 Dei
1271 2592 1552 2648 honorem
1613 2609 1719 2648 suo
1750 2608 1865 2647 non
1898 2608 2042 2664 prae-

399 2684 737 2750 posuerunt.
798 2681 961 2736 Unde
1018 2682 1226 2737 beatus
1258 2681 1600 2737 Ambrosius
1659 2682 1740 2737 ait
1794 2680 1918 2753 (lib.
1982 2698 2043 2736 ιιι

400 2767 562 2840 Ofﬁc.
592 2785 640 2824 c.
680 2770 764 2841 16)
800 2788 812 2825 :
846 2793 874 2821 «
910 2770 1035 2829 Non
1076 2774 1267 2841 potest
1321 2770 1543 2826 homini
1608 2771 1835 2827 amicus
1892 2786 2041 2838 esse,

398 2857 499 2928 qui
532 2858 648 2914 Deo
680 2859 856 2915 fuerit
881 2858 1120 2915 inﬁdus.
1155 2881 1185 2909 ››
1215 2859 1273 2913 Si
1312 2860 1469 2915 enim
1528 2860 1853 2916 secundum
1914 2858 2046 2913 bea-

400 2950 530 3001 tum
556 2947 926 3019 Apostolum,
960 2949 1101 3017 Quid
1126 2964 1361 3020 oremus,
1394 2953 1469 3003 ut
1509 2952 1718 3018 oportet
1771 2950 2045 3003 nescimus

400 3035 578 3106 (Rom.
610 3053 734 3105 vm,
764 3037 1179 3109 26rquomodo
1211 3038 1360 3094 scire
1391 3054 1710 3109 possumus
1746 3080 1758 3092 .
1840 3078 1852 3091 .
1935 3078 1947 3091 .
2029 3077 2041 3090 .

404 3229 532 3285 quas
562 3214 1221 3282 evideant,itafuerunt
1299 3258 1310 3270 .
1392 3256 1407 3271 .
1488 3256 1500 3270 .
1582 3258 1595 3269 .
1677 3258 1690 3269 .
1773 3256 1785 3269 .
1864 3255 1879 3271 .
1960 3256 2042 3269 ..

404 3344 419 3359 .
502 3346 514 3358 .
597 3346 609 3358 .
692 3346 704 3359 .
789 3347 801 3359 .
883 3348 895 3360 .
977 3345 989 3358 .
1072 3346 1084 3358 .
1167 3345 1180 3359 .
1260 3346 1273 3358 .
1356 3346 1368 3357 .
1450 3345 1462 3357 .
1541 3300 2045 3359 sinostrmsolius

401 3408 552 3448 curse
582 3391 1193 3448 committamus.Hinc
1225 3407 1352 3447 raro
1382 3392 1620 3447 omnino
1642 3390 2044 3461 eveniet,quod

401 3497 506 3552 pro
585 3522 598 3535 .
680 3521 692 3535 .
775 3521 787 3533 .
869 3521 881 3533 .
964 3521 976 3533 .
1058 3520 1070 3532 .
1154 3520 1167 3533 .
1248 3522 1260 3534 .
1343 3521 1355 3533 .
1436 3520 1449 3533 .
1526 3479 2047 3550 Primumquarite

399 3584 639 3637 regnum
665 3568 771 3624 Dei
798 3576 848 3622 et
865 3569 1147 3639 justitiam
1175 3568 1294 3639 ejus
1324 3570 1374 3622 et
1405 3567 1521 3624 Ιιεεε
1558 3569 1746 3623 omnia
1773 3568 2042 3638 adjicien-

395 3661 490 3713 tur
520 3657 670 3712 vobis
699 3656 906 3723 (Matth.
939 3673 1016 3723 vr,
1047 3657 1157 3727 33).
1189 3655 1247 3710 Si
1278 3656 1413 3727 quis
1457 3699 1471 3711 .
1554 3698 1565 3710 .
1648 3699 1660 3711 .
1746 3696 1758 3709 .
1840 3696 1853 3709 .
1932 3696 1944 3710 .
2028 3696 2042 3710 .

400 3744 870 3814 saritentaverit,
905 3748 969 3799 ut
1016 3744 1126 3801 sibi
1186 3745 1493 3816 profutura
1536 3744 1759 3816 absque
1815 3743 2046 3813 justitia

402 3838 685 3905 quaerant,
720 3833 980 3905 seipsum
1011 3833 1310 3888 destruere
1365 3873 1378 3886 .
1461 3874 1473 3886 .
1552 3874 1566 3887 .
1650 3874 1661 3887 .
1744 3875 1757 3889 .
1838 3875 1851 3889 .
1933 3876 1945 3889 .
2028 3877 2042 3889 .

404 3921 667 3978 stabilire
697 3920 928 3976 valebit.
960 3921 1055 3976 Ait
1082 3922 1239 3976 enim
1273 3921 1397 3992 ipse
1427 3921 1497 3975 de
1555 3920 1733 3976 divite
1792 3920 2047 3994 plurima

403 4011 514 4068 sibi
545 4010 605 4065 in
630 4010 826 4067 futuro
883 4010 1299 4082 promittente:
1332 4010 1528 4076 Stulte,
1585 4011 1687 4066 hac
1742 4015 1902 4067 nocte
1957 4027 2044 4067 re-

399 4104 584 4172 petent
608 4102 855 4156 animam
885 4108 1056 4165 tuam,
1087 4116 1206 4170 quae
1236 4108 1425 4155 autem
1450 4101 1679 4170 parasti
1705 4101 1861 4170 cujus
1885 4103 2047 4156 erunt

404 4190 554 4262 (Luc.
584 4206 688 4257 χιι,
718 4189 831 4261 20.)
863 4189 932 4244 Et
963 4188 1101 4244 alibi
1136 4206 1149 4245 :
1186 4188 1376 4244 Omnis
1400 4189 1676 4259 plantalio
1723 4205 1888 4259 quam
1934 4206 2046 4246 non

403 4279 683 4350 plantavit
711 4281 880 4333 Pater
908 4294 1058 4333 meus
1086 4278 1337 4342 caelestis,
1386 4276 1767 4333 eradicabitur
1816 4278 2041 4348 (Matth.

404 4385 501 4435 xv,
534 4368 640 4438 13).
675 4367 745 4421 Et
775 4383 980 4421 rursus
1016 4382 1030 4421 :
1064 4366 1174 4433 Qui
1201 4382 1416 4420 mecum
1443 4382 1551 4421 non
1583 4374 1681 4432 est,
1741 4374 1930 4421 contra
1957 4383 2048 4422 me

402 4463 482 4512 est
512 4476 531 4521 ,-
561 4464 613 4510 et
643 4457 744 4525 qui
771 4470 884 4509 non
913 4455 1124 4525 colligit
1154 4470 1381 4519 mecum,
1417 4457 1636 4527 spargit
1666 4455 1885 4526 (Matth.
1940 4473 2041 4523 χιι,

404 4543 517 4615 30).
549 4543 620 4598 Et
646 4543 905 4598 Joannes
934 4542 1196 4614 Baptista
1230 4560 1242 4597 :
1274 4544 1443 4598 Nemo
1472 4548 1646 4614 potest
1673 4543 1901 4609 habere,
1931 4545 2047 4599 nisi

2135 652 2245 703 LIV,
2294 637 2409 708 23-)
2458 636 2527 692 Et
2577 637 2715 692 item
2751 654 2763 693 :
2796 637 3058 692 Dominus
3109 637 3212 692 scit
3264 637 3616 708 cogitationes
3678 635 3788 691 ho-

2145 726 2362 780 minum
2391 728 2651 796 quoniam
2697 741 2860 783 vanae
2912 733 3041 780 sunt
3096 725 3267 796 (Psal.
3331 742 3487 792 xcm,
3552 725 3662 793 11).
3719 723 3791 779 Et

2140 812 2279 869 alibi
2315 831 2328 868 :
2360 815 2485 870 Nisi
2512 816 2771 870 Dominus
2802 815 3161 886 mdiﬁcaverit
3181 815 3429 881 domum,
3463 816 3521 869 in
3580 829 3788 869 vanum

2150 903 2531 959 laboraverunt
2560 905 2657 975 qui
2683 904 2962 975 azdiﬁcant
2989 920 3111 959 eam
3167 904 3336 976 (Psal.
3397 919 3582 967 αχχνι,
3618 903 3691 969 1).
3721 904 3790 957 Et

2139 992 2318 1048 Isaias
2351 992 2477 1048 ait:
2517 995 2599 1049 Vw
2646 994 2755 1063 ﬁlii
2807 993 3127 1059 desertores,
3182 992 3319 1049 dicit
3371 992 3661 1047 Dominus.
3721 996 3784 1047 ut

2139 1082 2390 1152 [aceritis
2420 1083 2732 1154 consilium,
2762 1091 2814 1138 et
2842 1098 2950 1138 non
2978 1099 3049 1137 ea:
3076 1098 3182 1148 me,
3244 1089 3300 1137 ut
3347 1085 3397 1136 et
3451 1081 3789 1137 ordiremini

2140 1170 2333 1235 telam,
2367 1177 2417 1225 et
2444 1187 2551 1226 non
2578 1188 2678 1243 per
2704 1174 2966 1243 spiritum
2995 1188 3180 1227 meum
3236 1172 3393 1241 (Isai.
3451 1187 3583 1236 xxx,
3615 1171 3690 1237 1).
3719 1169 3789 1223 Et

2144 1260 2355 1315 iterum
2388 1276 2402 1315 :
2434 1262 2637 1317 Fecisti
2667 1262 2878 1315 malum
2907 1262 2965 1314 in
2995 1262 3165 1315 oculis
3195 1261 3349 1326 meis,
3382 1268 3433 1314 et
3463 1273 3588 1331 qua?
3633 1258 3795 1312 nolui

2143 1350 2382 1420 elegistis
2413 1352 2567 1418 (lsai.
2598 1367 2723 1415 va,
2754 1350 2861 1420 12).
2896 1350 2964 1404 Et
2985 1366 3191 1404 rursus
3226 1366 3238 1404 :
3272 1350 3389 1405 Non
3429 1349 3584 1403 enim
3640 1347 3791 1416 cogi-

2144 1440 2376 1494 tationes
2400 1439 2912 1509 meancogitationes
2925 1441 3137 1503 vestrae,
3161 1453 3337 1508 neque
3372 1438 3481 1493 viae
3509 1450 3669 1505 mese,
3692 1437 3795 1490 viae

2144 1530 2361 1591 vestrt'e,
2393 1526 2527 1581 dicit
2555 1527 2815 1583 Dominus
2866 1528 3017 1597 (1δαί.
3072 1543 3160 1592 1.x,
3220 1527 3296 1597 8).
3329 1526 3399 1581 Et
3452 1524 3591 1581 alibi
3628 1541 3640 1580 :
3675 1524 3797 1582 Non

2146 1614 2429 1670 mittebam
2456 1615 2764 1686 prophetas,
2798 1624 2853 1671 et
2882 1616 2993 1687 ipsi
3028 1614 3324 1670 currebant
3380 1614 3593 1685 (Jerem.
3626 1629 3793 1681 χχιιι,

2146 1704 2260 1775 21).
2293 1703 2613 1760 Hieremias
2683 1720 2916 1776 quoque
2974 1704 3055 1759 ait
3085 1719 3099 1758 :
3130 1702 3450 1759 Maledictus
3503 1702 3658 1757 homo
3690 1701 3795 1772 qui

2148 1793 2372 1862 conﬁdit
2399 1795 2461 1847 in
2490 1792 2728 1859 homine,
2761 1797 2812 1848 et
2837 1795 2994 1864 ponit
3020 1808 3249 1848 carnem
3305 1792 3591 1848 brachium
3621 1808 3791 1848 suum

2070 1916 2118 1981 Β
2152 1883 2367 1953 (Jerem.
2396 1899 2529 1949 xvn,
2560 1882 2640 1951 5).
2674 1883 2741 1937 Et
2772 1898 2785 1936 :
2830 1882 3156 1938 Benedictus
3211 1884 3297 1937 vir
3340 1882 3435 1953 qui
3479 1880 3704 1952 conﬁdit
3734 1882 3799 1936 in

2154 1972 2406 2039 Domino,
2438 1976 2490 2027 et
2517 1973 2625 2028 erit
2651 1973 2914 2027 Dominus
2963 1971 3167 2041 ﬁducia
3224 1971 3339 2042 ejus
3395 1970 3584 2042 (Ibid.,
3615 1971 3694 2042 7).
3729 1971 3803 2026 Et

2148 2059 2288 2117 item
2322 2076 2335 2115 :
2368 2060 2509 2128 Scio,
2541 2062 2788 2128 Domine,
2816 2063 2947 2133 quia
2974 2076 3086 2116 non
3111 2064 3237 2116 sunt
3268 2060 3508 2117 hominis
3539 2061 3647 2117 vim
3667 2061 3790 2131 ejus

2148 2165 2247 2205 nec
2273 2151 2385 2204 viri
2411 2154 2569 2205 estut
2586 2149 2914 2217 ambulet,et
2943 2149 3163 2221 dirigat
3180 2165 3399 2221 gressus
3418 2164 3545 2205 suos
3576 2151 3796 2221 (Jerem.

2149 2255 2205 2304 χ,
2236 2239 2350 2307 23).
2384 2238 2450 2293 Et
2480 2255 2686 2295 rursus
2719 2255 2732 2293 :
2764 2235 2921 2294 State
2947 2254 3115 2302 super
3168 2239 3286 2294 vias
3315 2247 3371 2295 et
3424 2238 3600 2294 videte
3628 2246 3679 2294 et
3706 2240 3799 2293 in-

2151 2334 2425 2397 terrogate
2454 2326 2520 2381 de
2545 2328 2757 2383 semitis
2794 2328 3039 2398 antiquis
3097 2343 3214 2399 quae
3242 2329 3316 2382 sit
3371 2328 3459 2382 via
3520 2328 3664 2382 bona
3694 2347 3715 2394 ,-
3747 2330 3801 2382 et

2151 2415 2432 2470 ambulate
2460 2417 2520 2470 in
2551 2432 2616 2471 ea
2636 2420 2687 2471 el
2714 2418 3009 2472 invenietis
3039 2418 3393 2487 refrigerium
3444 2418 3666 2487 (Jerem,
3713 2433 3797 2480 v1,

2158 2504 2262 2572 16).
2283 2504 2531 2560 Maxime
2562 2505 2800 2575 quidem
2823 2504 3172 2561 temeritatis
3201 2509 3291 2561 est
3321 2505 3573 2577 gratiam
3605 2503 3798 2560 sancti

2151 2591 2405 2662 Spiritus
2433 2591 2653 2665 injuste
2684 2594 2908 2663 offerre,
2949 2609 3126 2665 quam
3188 2594 3458 2649 novimus
3515 2594 3794 2649 eumdem

2153 2680 2422 2752 spiritum
2458 2681 2700 2738 minime
2729 2683 3097 2753 [conﬁrmare
3132 2707 3147 2750 ;
3182 2699 3286 2739 nec
3318 2699 3559 2739 securus
3602 2685 3800 2754 potest

2152 2785 2281 2825 esse
2311 2770 2381 2824 de
2411 2786 2671 2839 munere,
2705 2770 2804 2843 qui
2837 2770 3181 2843 hujusmodi
3229 2772 3489 2828 ofﬁcium
3546 2771 3799 2844 suscipit

2151 2856 3794 2931 indlgne]...............

2625 2951 2907 3019 tanquam
2931 2948 3262 3005 Aaron.Sed
3295 2964 3366 3004 ne
3392 2947 3608 3020 aliquis
3687 2989 3699 3002 .
3783 2989 3798 3003 .

3196 3035 3323 3092 odis
3370 3036 3651 3093 Dominus
3690 3052 3803 3093 sua

2155 3125 2324 3182 nobis
2354 3125 2644 3182 concessit
2673 3125 3010 3198 perquirere
3040 3126 3336 3182 mandata.
3360 3125 3798 3198 Interrogemus

2160 3217 3797 3286 .............testamentum,

2157 2988 2171 3002 ο
2253 2989 2265 3002 Ι
2348 2989 2360 3002 ο
2443 2989 2456 3003 ο
2536 2991 2548 3003 ο

2158 3078 2170 3090 ο
2253 3079 2265 3092 ο
2349 3078 2360 3091 ι
2442 3078 2456 3093 σ
2538 3079 2551 3092 ο
2632 3078 2644 3091 ο
2726 3076 2740 3091 ο
2820 3075 2833 3087 ο
2915 3079 2929 3092 ο
3010 3078 3023 3091 ο
3105 3078 3117 3091 ο

2076 3281 2119 3348 C
2157 3318 2334 3373 quam
2364 3302 2539 3357 etiam
2569 3306 2626 3357 et
2653 3318 2756 3373 per
2787 3301 3625 3373 Evangelium,interrogemus
3654 3281 3790 3375 pro;

2155 3390 2382 3463 phetas,
2413 3388 2842 3463 interrogemus
2886 3388 3203 3462 apostolos,
3242 3389 3673 3462 interrogemus
3706 3408 3801 3448 sa-

2154 3495 2386 3535 crorum
2417 3494 2708 3534 canonum
2739 3477 2949 3550 edicta,
2984 3483 3159 3550 atque
3189 3483 3532 3535 caeterorum
3566 3485 3801 3536 sancto-

2154 3585 2285 3624 rum
2315 3572 2553 3623 Patrum
2586 3571 2827 3634 statuta,
2860 3571 2917 3622 et
2944 3568 3098 3639 quod
3149 3569 3221 3623 ab
3279 3568 3363 3625 eis
3416 3567 3800 3624 didicerimus

2151 3694 2168 3711 .
2253 3696 2265 3710 .
2347 3698 2359 3709 .
2442 3697 2453 3708 .
2536 3698 2549 3711 .
2631 3696 2644 3709 .
2725 3697 2737 3710 .
2820 3697 2833 3710 .
2915 3697 2928 3710 .
3010 3698 3021 3710 .
3099 3656 3426 3713 certissime
3465 3660 3795 3714 teneamus.

2153 3744 2343 3801 Nullis
2374 3744 2535 3801 novis
2566 3743 2826 3800 consiliis
2857 3744 3241 3817 decipiamur,
3274 3750 3340 3801 ut
3372 3761 3441 3801 ea
3496 3762 3624 3817 quae
3682 3746 3797 3818 ipsi

2153 3839 2490 3901 sanxerunt,
2520 3832 2721 3890 violari
2754 3833 2948 3905 aliquo
2972 3835 3142 3890 modo
3173 3851 3455 3890 conemur
3485 3834 3796 3905 :quoniam

2159 3923 2258 3995 qui
2287 3922 2524 3979 illorum
2558 3923 2856 3979 contendit
2885 3922 3104 3995 regulis
3125 3924 3492 3996 impugnare,
3521 3927 3705 3979 restat
3736 3927 3803 3980 ut

2155 4029 2357 4069 eorum
2391 4028 2506 4067 non
2528 4016 2820 4069 mereatur
2848 4011 3209 4068 consortium
3232 4011 3617 4089 obtin.ere.Ait
3636 4012 3797 4068 enim

2154 4100 2279 4174 ipse
2311 4101 2614 4168 Dominus,
2650 4105 2715 4155 ut
2744 4100 2971 4155 dictum
3003 4103 3091 4156 est
3124 4117 3137 4154 :
3172 4102 3289 4172 Qui
3313 4116 3528 4156 mecum
3554 4116 3665 4156 non
3695 4108 3796 4172 est,

2154 4193 2341 4245 contra
2370 4206 2458 4245 me
2485 4193 2583 4257 est,
2614 4193 2666 4245 et
2694 4191 2792 4259 qui
2844 4205 2958 4246 non
2998 4188 3215 4261 colligit
3266 4192 3479 4261 spargit
3529 4190 3681 4259 (Luc.
3714 4205 3795 4260 χι,

2152 4279 2263 4350 23).
2298 4279 2365 4333 Et
2393 4278 2607 4333 iterum
2641 4279 2787 4345 :Qui
2814 4293 2923 4334 non
2956 4279 3132 4333 intrat
3157 4293 3260 4349 per
3288 4281 3487 4335 ostium
3532 4280 3593 4334 in
3653 4280 3800 4334 ovile

2151 4367 2242 4423 sed
2272 4366 2498 4421 aliunde
2521 4366 2766 4422 ascendit
2795 4368 2892 4421 ille
2923 4368 3022 4437 fur
3049 4370 3125 4421 est
3153 4375 3203 4422 et
3233 4367 3372 4422 latro
3402 4368 3580 4434 (Joan.
3628 4384 3686 4437 χ,
3721 4369 3796 4436 1).

2158 4456 2315 4512 Unde
2343 4461 2400 4511 et
2432 4472 2564 4510 mox
2592 4456 2861 4527 sequitur
2890 4472 2903 4510 :
2933 4457 3045 4523 Ego
3071 4471 3192 4510 sum
3222 4456 3441 4523 ostium,
3471 4470 3575 4526 per
3623 4471 3709 4512 me
3749 4458 3800 4510 si

2155 4547 2277 4617 quis
2307 4545 2602 4600 intraverit
2626 4545 2930 4600 salvabitur
2958 4543 3140 4615 (Ibid.,
3170 4544 3247 4614 9).
3294 4546 3364 4598 Et
3419 4549 3620 4599 contra
3649 4543 3802 4598 indi-

411 4630 558 4703 quod
585 4630 637 4686 ei
665 4630 840 4703 fuerit
895 4631 1084 4686 datum
1138 4631 1367 4700 desuper
1423 4632 1600 4702 (Joan.
1654 4649 1768 4701 χιχ,
1829 4633 1935 4705 11).
1982 4636 2050 4686 Et
2080 4644 2127 4709 D
2158 4649 2304 4705 gnos
2330 4636 2592 4703 pastores
2623 4634 2748 4703 ipse
2779 4649 2881 4704 per
2910 4631 3255 4703 prophetam
3278 4631 3793 4703 queritur,dicens:

405 4721 615 4777 beatus
650 4723 855 4776 Petrus
885 4719 1223 4791 apostolus:
1257 4720 1646 4775 Humiliamini
1701 4721 1800 4775 sub
1838 4723 2049 4793 potenti

404 4826 577 4866 manu
609 4810 711 4865 Dei
738 4811 795 4864 ut
821 4824 911 4864 vos
966 4810 1168 4865 exultet
1225 4810 1287 4864 in
1344 4813 1585 4881 tempore
1642 4809 2041 4867 tribulationis.

406 4898 636 4955 Omnem
667 4897 1102 4953 sollicitudinem
1130 4907 1369 4953 vestram
1395 4899 1744 4968 proﬁcientes
1799 4900 1860 4952 in
1897 4915 2044 4965 eum,

404 4988 664 5058 quoniam
693 4987 803 5058 ipsi
831 5002 963 5041 cura
991 4990 1069 5040 est
1098 4986 1165 5040 de
1197 4986 1340 5039 vobis
1371 4985 1416 5055 (ι
1443 4987 1653 5053 Ρειν.ν,
1684 4985 1762 5057 6).
1789 4985 2045 5041 Joannes

406 5091 639 5146 quoque
653 5074 1010 5147 evangelista
1022 5073 1298 5129 ait:0mne
1310 5074 1505 5128 datum
1531 5074 1874 5143 oplimum,et
1888 5089 2047 5129 omne

404 5161 607 5216 donum
634 5166 927 5234 perfectum
960 5162 1243 5217 desursum
1271 5165 1374 5231 est,
1439 5159 1767 5216 descendens
1826 5180 1854 5215 a
1880 5165 2046 5232 patre

408 5251 688 5298 luminum
717 5252 849 5298 (Jac-
890 5269 923 5298 ιΔ
961 5251 1067 5298 17).
1101 5250 1170 5298 Et
1225 5248 1483 5298 Jacnbus
1531 5248 1833 5298 annstolus
1866 5266 1878 5298 :
1916 5251 2046 5298 Ecce

2153 4723 2271 4793 Ipsi
2298 4726 2679 4791 regmaverunt
2701 4722 2751 4775 et
2782 4735 2892 4775 non
2919 4734 2989 4775 ea:
3014 4734 3101 4773 me
3111 4735 3132 4780 ;
3160 4720 3439 4791 principes
3458 4721 3791 4776 exstiterunt

2153 4812 2204 4865 et
2233 4824 2343 4864 non
2374 4810 2603 4877 cognovi
2629 4808 2780 4880 (Osee
2810 4824 2931 4878 νιιι,
2966 4808 3041 4878 4).
3095 4806 3257 4862 Unde
3287 4806 3368 4862 ait
3424 4806 3630 4864 beatus
3661 4809 3798 4866 Gre-

2154 4896 2352 4970 gorius
2382 4897 2567 4968 (parte
2597 4913 2616 4953 1
2649 4896 2811 4952 Cura:
2835 4900 3002 4968 past.,
3036 4911 3086 4951 c.
3126 4896 3177 4965 1)
3208 4912 3227 4955 .'
3261 4917 3289 4946 ‹‹
3322 4896 3399 4951 Εχ
3428 4911 3489 4951 se
3521 4912 3795 4968 namque,

2153 4990 2207 5042 et
2241 5002 2354 5041 non
2387 5001 2453 5040 ex
2487 4984 2726 5040 arbitrio
2757 4983 2976 5040 summi
3008 4983 3247 5039 rectoris
3278 4986 3653 5056 regnant,qui
3675 4983 3801 5040 nul-

2153 5074 2226 5131 lis
2256 5074 2387 5130 fulti
2420 5074 3142 5143 virtutibus,nequaquam
3173 5071 3453 5128 divinitus
3482 5074 3795 5142 vocati,sed

2153 5180 2260 5220 sua
2289 5163 2517 5219 accensi
2548 5160 3081 5232 cupidine,culmen
3106 5160 3409 5232 regiminis
3439 5162 3675 5230 rapiunt
3696 5179 3798 5235 po-

2152 5251 2287 5296 tinn,
2325 5267 2501 5296 nimm
2535 5253 2951 5296 assentiuntur.
2990 5270 3017 5294 ››
3052 5248 3294 5294 lnntilnn
3325 5265 3578 5292 namnnp.
3605 5268 3794 5290 canar-
