4030 5310
254 407 336 474 83
1089 412 1191 477 DE
1234 411 1673 478 PBESSUBIS
1723 409 2367 476 ECCLESIASTICIS.
2401 443 2475 457 —
2506 408 2709 472 PARS
2750 405 2829 470 Il.
3590 395 3671 464 86

252 543 411 604 Sane
459 542 795 623 sciendum,
824 544 962 621 quia
993 551 1134 604 tunc
1187 546 1396 619 poterit
1444 544 1793 619 episcOpalis
1822 561 1909 602 re-
1939 547 1996 615 Α
2025 545 2138 602 mei
2164 546 2226 602 in
2254 546 2461 602 cunctis
2490 540 2763 602 montibus
2790 532 2844 601 e't
2873 538 2930 598 in
2962 537 3213 598 universo
3239 537 3383 598 colle
3407 538 3621 598 excelso
3646 552 3668 595 :

250 636 516 693 verentia
547 653 782 693 manere
810 636 1037 694 sincera
1081 641 1138 692 et
1168 636 1410 702 illibata,
1444 636 1492 691 si
1524 634 1909 691 ordinationis

252 725 476 782 fuerint
506 726 897 798 competentia
927 728 984 782 in
1015 727 1290 783 omnibus
1313 727 1452 796 jura
1483 728 1726 782 servata.
1761 724 1906 779 Nam

164 843 175 856 -
253 816 358 887 qui
384 814 651 887 diligenti
671 816 1096 872 examinatione
1114 814 1459 887 regulariter
1476 815 1647 869 fuerit
1667 812 1906 881 electus,

254 920 365 976 pro
395 903 603 960 Christi
652 903 1052 960 misericordia
1100 904 1415 973 credimus,
1448 902 1588 974 quia
1636 902 1760 957 suis
1788 900 1906 956 exi-

253 992 547 1049 stentibus
575 990 766 1063 culpis
792 993 885 1047 vix
914 1009 1176 1063 unquam
1203 992 1312 1047 erit
1332 992 1610 1062 dejectus.
1635 991 1744 1045 Sed
1768 990 1907 1061 quia

250 1079 577 1153 irreligioso
630 1080 948 1154 eliguntur,
980 1081 1233 1137 inaniter
1280 1081 1647 1145 ordinantur,
1676 1079 1903 1134 inditl‘e-

248 1173 445 1224 renter
500 1174 874 1238 accusantur,
930 1170 1149 1242 injuste
1200 1170 1635 1241 opprimuntur,
1687 1168 1904 1239 perﬁde

246 1257 627 1327 dejiciuntur,
650 1258 959 1315 crudeliter
975 1259 1148 1314 etiam
1169 1258 1484 1330 aliquando
1516 1262 1574 1311 et
1597 1261 1899 1312 necantur.

246 1345 460 1402 Omnia
488 1350 682 1403 tamen
713 1364 841 1419 qua
863 1365 966 1420 pro
998 1347 1099 1403 tali
1131 1346 1333 1403 illicita
1361 1346 1728 1402 ordinatione
1752 1344 1903 1400 mala

245 1434 543 1503 eveniunt,
575 1434 646 1491 ad
678 1436 1003 1492 ordinantis
1034 1435 1324 1509 pertinere
1358 1435 1679 1507 periculum
1713 1432 1899 1488 mani-

244 1523 465 1580 testum
492 1528 601 1579 est.
629 1525 888 1597 Denique
916 1525 1117 1582 tandiu
1141 1524 1548 1597 inquirendus,
1574 1524 1659 1578 vel
1682 1522 1897 1577 exami-

245 1612 480 1668 nandus
510 1613 623 1685 (49)
637 1619 725 1670 est
754 1614 855 1686 qui
873 1615 943 1669 ad
978 1613 1368 1686 pontiﬁcalem
1393 1612 1746 1685 provehatur
1766 1627 1898 1683 gra-

243 1702 413 1771 tiam,
448 1702 708 1773 quandiu
729 1703 863 1759 talis
897 1704 1227 1759 inveniatur
1253 1703 1353 1774 qui
1387 1719 1488 1775 pro
1518 1701 1641 1756 suis
1673 1699 1897 1755 meritis

244 1790 426 1862 digne
453 1790 525 1846 ab
555 1792 829 1848 omnibus
876 1798 1201 1861 veneretur,
1234 1797 1291 1847 et
1341 1809 1376 1847 a
1424 1791 1657 1847 nemine
1678 1790 1804 1860 jam
1839 1788 1895 1843 in

239 1884 546 1950 posterum
592 1885 902 1936 accusetur
928 1901 943 1950 ς
973 1880 1313 1952 nullamque
1363 1882 1492 1951 ejus
1523 1883 1726 1935 sancta
1756 1895 1893 1934 oon-

239 1968 498 2023 versatio
528 1973 759 2040 turpem
793 1968 949 2025 ultra
994 1969 1131 2025 oriri
1162 1968 1462 2041 permittat
1490 1967 1577 2024 vel
1611 1967 1896 2039 suspicio-

239 2071 399 2111 nem.
426 2058 513 2112 Ait
529 2056 686 2113 enim
703 2058 912 2114 beatus
936 2059 1298 2132 Augustinus
1323 2074 1336 2112 :
1362 2056 1517 2123 «Qui
1542 2058 1846 2112 Pastorum
1869 2080 1889 2106 ι

240 2161 460 2202 nomen
512 2146 717 2202 audire
765 2147 967 2203 volunt
1009 2191 1020 2202 .
1075 2190 1087 2204 .
1127 2189 1139 2201 .
1191 2190 1203 2201 .
1249 2188 1261 2200 .
1307 2187 1319 2200 .
1368 2188 1379 2200 .
1427 2188 1439 2200 .
1486 2187 1498 2199 .
1542 2146 1689 2215 [Non
1728 2145 1898 2200 debet

243 2232 503 2289 ordinari
536 2235 639 2307 qui
668 2235 927 2308 legitime
957 2236 1143 2305 possit
1170 2235 1454 2292 accusari.
1479 2235 1538 2291 Si
1567 2251 1721 2305 vero,
1744 2238 1806 2289 ut
1835 2234 1895 2288 in

248 2321 462 2379 talibus
494 2325 649 2394 quod
682 2326 852 2396 pejus
873 2324 1101 2380 evenire
1131 2323 1301 2392 solet,
1323 2322 1469 2380 falsa
1498 2324 1568 2379 ab
1599 2322 1894 2395 aliquibus

242 2410 561 2483 vaniloquii
620 2414 997 2485 postmodum
1048 2413 1320 2485 opinione
1368 2412 1701 2480 ventiletur,
1758 2411 1894 2485 ipsi]

244 2541 257 2554 .
303 2541 317 2554 .
363 2541 377 2554 .
426 2544 438 2557 .
484 2543 497 2556 .
545 2543 557 2557 .
603 2543 616 2555 .
663 2542 676 2555 .
723 2543 735 2556 .
783 2544 794 2557 .
842 2544 853 2557 .
900 2544 912 2555 .
956 2502 1194 2575 dignam
1246 2501 1577 2575 iniquitatis
1620 2518 1738 2557 suae
1769 2518 1892 2573 pm-

240 2605 378 2645 nam
415 2589 726 2662 patiantur.
763 2591 845 2648 De
873 2590 973 2647 illo
1004 2594 1201 2649 tamen
1232 2591 1314 2647 nil
1344 2591 1684 2647 indecorum
1718 2594 1893 2662 atque

238 2676 579 2749 [sinistrum
629 2678 746 2736 ullo
791 2681 964 2737 modo
1006 2682 1128 2750 jam
1174 2680 1330 2736 ultra
1378 2681 1694 2751 credatur.]
1741 2680 1890 2744 Quo-

235 2767 416 2823 modo
446 2767 604 2824 enim
626 2767 807 2826 libere
836 2770 1047 2841 poterit
1066 2769 1375 2842 episcopus
1404 2768 1718 2825 stultorum
1739 2785 1892 2825 erro-

228 2870 327 2910 res
382 2856 753 2929 redarguere,
786 2858 836 2912 si
887 2874 949 2914 se
977 2858 1185 2914 timeat
1226 2900 1237 2913 .
1285 2902 1296 2913 .
1344 2898 1357 2912 .
1404 2902 1416 2913 .
1460 2900 1473 2913 .
1522 2900 1534 2914 .
1581 2901 1593 2913 .
1641 2900 1653 2912 .
1699 2901 1711 2913 .
1755 2899 1770 2914 .
1814 2899 1826 2912 .
1873 2901 1885 2913 .

229 2984 243 2997 .
292 2985 306 2997 .
355 2984 368 2999 .
416 2984 428 2999 .
475 2984 487 2999 .
533 2986 547 2999 .
590 2945 885 3017 impediri.
918 2946 1144 3003 Saniori
1188 2950 1541 3018 quapropter
1570 2947 1652 3000 uti
1684 2962 1890 3002 conve-

225 3032 320 3087 nit
352 3032 625 3100 consilio,
656 3038 714 3088 et
742 3034 827 3088 sic
848 3034 1266 3104 omnipotentis
1288 3038 1486 3089 secuta
1522 3050 1635 3088 non
1668 3039 1755 3087 est
1777 3035 1889 3104 (50)

218 3120 529 3188 voluntas,
562 3124 626 3174 ut
666 3120 717 3175 ei
771 3121 861 3191 pia
890 3121 1168 3192 Majestas
1198 3123 1219 3143 "
1250 3126 1379 3176 acta
1427 3125 1631 3177 nostra
1677 3121 1893 3192 dirigat

228 3207 535 3264 universa.
570 3207 712 3279 Ejus
742 3208 790 3264 si
824 3210 933 3264 rite
964 3225 1352 3279 assequamur
1397 3209 1719 3275 servitium,
1754 3225 1887 3264 nos-

225 3300 334 3351 trae
367 3312 602 3367 quoque
620 3296 832 3352 salutis
862 3296 988 3369 ipse
1010 3297 1267 3369 perficiet
1295 3301 1537 3354 statum.
1564 3302 1731 3352 Decet
1751 3314 1886 3370 ergo
1917 3282 1959 3348 C

226 3390 299 3440 ut
330 3401 436 3440 nec
475 3385 699 3455 indigni
754 3386 1119 3455 ordinentur,
1154 3403 1259 3441 nec
1306 3386 1553 3442 ordinati
1588 3391 1884 3442 vexentur.

230 3472 510 3545 Talisqus
529 3474 641 3545 (51)
658 3474 1293 3547 ordinandus,quijam
1318 3475 1375 3530 in
1401 3479 1745 3547 perpetuum
1769 3492 1885 3530 non

231 3562 311 3618 sit
356 3564 679 3629 vexandus,
713 3563 813 3618 sed
854 3580 988 3617 cum
1037 3563 1259 3637 ingenti
1291 3563 1508 3619 honore
1556 3563 1883 3635 habendus,

231 3654 288 3705 et
319 3667 555 3706 summa
576 3650 882 3723 diligentia
910 3652 1329 3707 observandas.
1355 3652 1554 3708 Gratia
1569 3652 1883 3719 absit,cau-

227 3755 355 3794 eam
385 3738 595 3796 merita
634 3740 970 3795 decernant.
1004 3740 1112 3805 Qui
1161 3741 1315 3796 enim
1348 3758 1521 3813 quem
1574 3740 1767 3813 diligit
1793 3741 1882 3796 in-

218 3828 638 3898 justeﬂiderit
685 3829 1020 3900 praelatum,
1052 3833 1192 3884 tunc
1228 3831 1352 3901 jam
1400 3830 1597 3902 lugeat
1646 3845 1884 3886 necesse

225 3920 316 3972 est
345 3920 409 3972 ut
435 3917 748 3988 dejectum.
782 3918 874 3972 Sic
905 3921 995 3973 est
1037 3918 1194 3973 enim
1227 3918 1327 3990 qui
1356 3917 1596 3989 indigne
1627 3917 1880 3989 aliquem

228 4004 551 4061 sublimare
575 4006 997 4078 laborat,quasi
1022 4006 1119 4078 qui
1144 4006 1214 4061 ad
1238 4005 1412 4061 altius
1426 4006 1715 4077 protrahit
1736 4024 1881 4078 prae-

226 4092 522 4165 cipitium,
578 4098 642 4151 ut
690 4094 826 4151 inde
880 4095 1137 4150 deterius
1186 4095 1579 4167 demergatur.
1614 4095 1779 4150 Unde
1826 4100 1883 4151 et

227 4183 511 4239 Dominus
561 4184 633 4239 ad
683 4183 1038 4240 Ezechielem
1089 4183 1368 4256 loquitur,
1415 4184 1615 4240 dicens
1667 4185 1878 4254 (Ezech.

224 4289 419 4340 xxxrv,
449 4274 506 4344 2)
534 4289 547 4328 :
584 4274 694 4328 Fili
721 4274 956 4329 hominis
980 4274 1244 4345 propheta
1273 4274 1338 4329 de
1362 4274 1673 4345 pastoribus
1688 4274 1877 4342 Israel,

218 4360 488 4434 propheta
537 4371 590 4419 et
633 4364 778 4420 dices
820 4365 1137 4434 pastoribus
1187 4383 1205 4417 :
1264 4365 1389 4419 Haec
1433 4364 1568 4419 dicit
1616 4364 1881 4418 Dominus

227 4452 369 4507 Deus
400 4469 419 4506 :
457 4457 546 4509 Vae
575 4452 889 4523 pastoribus
917 4453 1087 4508 Israel
1107 4454 1205 4524 qui
1228 4452 1522 4523 pascebant
1544 4454 1876 4523 semetipsos.

222 4540 412 4597 Nonne
438 4557 626 4613 greges
667 4545 967 4612 pascuntur
1011 4558 1045 4595 a
1067 4541 1379 4612 pastoribus
1398 4545 1422 4594 γ
1451 4542 1543 4595 lac
1569 4540 1879 4596 comedeba-

221 4630 314 4697 tis,
344 4638 396 4686 et
429 4631 580 4685 lanis
607 4630 1024 4701 operiebamini,
1058 4638 1111 4685 et
1139 4633 1281 4700 quod
1301 4645 1555 4684 crassum
1582 4634 1704 4684 erat
1735 4633 1876 4685 occi-
1911 4651 1956 4715 υ

226 4718 441 4775 debatis
458 4736 482 4782 ,·
498 4735 715 4790 gregem
740 4727 922 4775 autem
942 4733 1053 4774 non
1070 4718 1394 4791 poscebatis.
1418 4717 1576 4788 Quod
1597 4718 1882 4787 inﬁrmum

225 4810 430 4879 fuerat,
462 4824 579 4865 non
619 4808 1015 4875 consolidastis,
1045 4813 1097 4863 et
1142 4807 1284 4878 quod
1331 4817 1617 4878 aegrotum,
1650 4823 1763 4863 non
1790 4824 1878 4863 sa-

231 4899 448 4959 nastis;
494 4896 636 4969 quod
682 4899 919 4967 fractum
963 4901 1065 4965 est,
1112 4912 1223 4952 non
1271 4895 1581 4965 alligastis;
1633 4902 1684 4952 et
1741 4897 1879 4968 quod

234 4985 505 5053 abiectum
562 4994 661 5054 est,
709 5003 819 5042 non
882 4985 1182 5042 reduxistis
1227 5004 1245 5040 :
1294 4986 1431 5058 quod
1472 4987 1717 5057 perierat
1768 5002 1878 5042 non

230 5077 527 5147 quasistis,
559 5074 651 5130 sed
679 5091 804 5129 cum
832 5078 1152 5132 austeritate
1180 5074 1535 5147 imperabatis
1556 5078 1655 5143 eis,
1675 5080 1726 5130 et
1752 5091 1878 5132 cum

648 5163 903 5190 λέουσι-ΑΜ
952 5168 1073 5192 -..μδ
1128 5179 1243 5192 Anan.
1295 5178 1434 5194 mam
1489 5180 1549 5194 ΔΛ
1583 5163 1719 5196 ΙΙΙΙΛΑ
1766 5181 1874 5196 ΜΛΔ.

322 5182 377 5188 Α..
395 5174 471 5188 ,ἕο
499 5181 512 5188 ι

2020 640 2068 692 et
2095 652 2259 708 super
2308 651 2524 693 omnem
2566 637 2766 705 faciem
2821 642 2986 690 terra
3031 631 3264 704 dispersi
3305 639 3436 688 sunt
3480 644 3667 688 omnes

2015 742 2202 797 greges
2246 727 2375 795 mei,
2417 732 2468 781 et
2513 741 2624 781 non
2666 727 2786 781 erat
2834 726 2933 798 qui
2981 723 3305 795 requireret,
3360 708 3472 775 non
3520 725 3660 791 erat,

2018 818 2262 888 inquam,
2294 816 2389 887 qui
2435 816 2758 886 requireret.
2807 815 3121 885 Propterea,
3164 814 3431 883 pastores,
3479 811 3664 868 audite

2016 904 2239 959 verbum
2270 904 2508 960 Domini.
2544 905 2681 959 Vivo
2708 918 2821 974 ego,
2844 902 2979 958 dicit
2997 902 3281 966 Dominus,
3305 900 3443 971 quia
3470 914 3572 971 pro
3602 914 3663 957 eo

2015 994 2156 1064 quod
2183 994 2319 1063 facti
2345 998 2477 1048 sunt
2500 1009 2691 1064 greges
2735 993 2845 1047 mei
2872 994 2932 1047 in
2961 992 3246 1063 rapinam,
3281 992 3332 1044 et
3373 1003 3497 1044 oves
3523 1002 3664 1047 mea

2016 1085 2078 1137 in
2105 1083 2510 1138 devorationem
2531 1084 2777 1138 omnium
2801 1081 3102 1137 bestiarum
3128 1080 3273 1149 agri,
3302 1093 3365 1133 eo
3392 1076 3535 1149 quod
3552 1092 3663 1133 non

2013 1174 2149 1226 esset
2177 1180 2362 1242 pastor
2390 1189 2408 1224 :
2438 1186 2611 1240 neque
2633 1171 2784 1225 enim
2810 1168 3146 1239 quaesierunt
3171 1168 3416 1236 pastores
3442 1179 3658 1235 gregem

2012 1275 2233 1322 meum;
2261 1259 2353 1315 sed
2392 1257 2683 1331 pascebant
2730 1265 2971 1328 pastores
3012 1255 3342 1325 semetipsos,
3373 1256 3425 1307 et
3473 1267 3661 1322 greges

2009 1364 2156 1403 meos
2186 1364 2295 1402 non
2320 1349 2636 1420 pascebant.
2669 1348 2988 1417 Propterea,
3023 1351 3283 1416 pastores,
3313 1341 3504 1397 audite
3530 1356 3656 1397 ver-

2012 1436 2139 1491 bum
2169 1438 2394 1494 Domini
2440 1455 2459 1493 :
2504 1439 2632 1493 Haec
2677 1436 2810 1491 dicit
2855 1436 3117 1489 Dominus
3167 1432 3351 1487 Deus:
3382 1432 3512 1486 Ecce
3561 1445 3656 1502 ego

2011 1527 2126 1597 ipse
2153 1542 2319 1598 super
2343 1533 2591 1598 pastores
2620 1526 2900 1597 requiram
2928 1538 3150 1597 gregem
3176 1536 3360 1577 meum
3388 1519 3452 1575 de
3482 1534 3656 1575 manu

2006 1630 2220 1683 eorum,
2252 1623 2303 1671 et
2336 1630 2546 1670 cessare
2594 1630 2682 1670 eos
2727 1615 2954 1685 faciam,
2982 1619 3045 1667 ut
3087 1611 3233 1665 ultra
3277 1625 3389 1665 non
3428 1615 3683 1680 pascant'

2006 1719 2245 1773 gregem,
2276 1719 2374 1758 nec
2398 1714 2630 1775 pascant
2655 1703 2894 1774 amplius
2937 1708 3179 1774 pastores
3206 1700 3520 1769 semetipsos
3549 1715 3571 1751 :
3600 1700 3655 1753 et

2006 1791 2246 1847 liberabo
2275 1808 2493 1863 gregem
2520 1808 2705 1847 meum
2742 1791 2808 1846 de
2835 1807 2931 1847 ore
2957 1806 3167 1854 eorum,
3199 1792 3252 1844 et
3294 1803 3407 1842 non
3432 1787 3546 1842 erit
3574 1787 3655 1842 eis

2004 1881 2154 1936 ultra
2184 1882 2241 1936 in
2272 1897 2467 1937 escam.
2499 1882 2648 1950 Quia
2683 1881 2801 1938 hac
2828 1880 2964 1935 dicit
3013 1879 3271 1934 Dominus
3298 1878 3440 1933 Deus
3467 1893 3489 1931 ,ο
3519 1877 3652 1931 Ecce

2005 1986 2100 2041 ego
2129 1972 2246 2041 ipse
2290 1972 2569 2041 requiram
2614 1986 2733 2025 oves
2778 1982 2949 2037 meas,
2981 1971 3032 2023 et
3072 1967 3306 2023 visitabo
3351 1981 3464 2022 eas.
3497 1962 3650 2021 Sicut

2005 2060 2192 2114 visitat
2215 2064 2402 2139 pastor
2444 2074 2662 2129 gregem
2687 2074 2849 2113 suum
2878 2057 2939 2112 in
2982 2056 3090 2123 die,
3123 2054 3339 2127 quando
3380 2055 3555 2126 fuerit
3594 2054 3657 2110 in

2003 2149 2187 2204 medio
2214 2150 2403 2204 ovium
2432 2164 2663 2203 suarum
2691 2146 3084 2219 dissipaturam
3111 2161 3131 2199 :
3160 2145 3241 2198 sic
3268 2143 3499 2199 visitabo
3532 2158 3654 2199 oves

2004 2252 2177 2305 meas,
2208 2240 2261 2292 et
2291 2237 2531 2292 liberabo
2562 2253 2652 2292 eas
2679 2236 2745 2291 de
2791 2234 3046 2290 omnibus
3095 2234 3225 2289 locis
3254 2234 3317 2288 in
3345 2232 3540 2303 quibus
3568 2230 3654 2287 di-

2002 2341 2208 2397 spersae
2233 2327 2461 2397 fuerant
2502 2328 2562 2381 in
2591 2324 2679 2380 die
2721 2325 2884 2380 nubis
2910 2330 2963 2379 et
3003 2323 3280 2393 caliginis.
3316 2322 3379 2376 Et
3426 2319 3653 2376 educam

2003 2430 2096 2471 eas
2124 2414 2190 2471 de
2214 2417 2457 2488 pepulis,
2471 2420 2525 2471 et
2541 2414 2880 2484 congregabo
2899 2428 2989 2468 eas
3009 2411 3076 2467 de
3094 2412 3280 2479 terris,
3305 2419 3359 2467 et
3386 2410 3649 2466 inducam

2001 2520 2092 2560 eas
2122 2507 2183 2560 in
2235 2513 2440 2560 terram
2485 2520 2642 2560 suam
2686 2522 2705 2557 :
2753 2510 2804 2558 et
2848 2517 3074 2573 pascam
3117 2516 3216 2556 eas
3262 2501 3323 2555 in
3368 2498 3649 2555 montibus

2001 2594 2192 2661 Israel,
2226 2595 2287 2650 in
2315 2593 2469 2661 rivis,
2500 2600 2552 2649 et
2580 2594 2641 2647 in
2667 2592 2883 2649 cunctis
2910 2589 3124 2647 sedibus
3150 2596 3327 2645 terrae.
3342 2590 3406 2644 In
3424 2588 3650 2660 pascuis

2000 2683 2295 2739 uberrimis
2318 2698 2547 2755 pascam
2572 2697 2683 2747 eas,
2713 2683 2764 2737 et
2813 2682 2875 2735 in
2902 2670 3182 2736 montibus
3222 2677 3450 2734 excelsis
3478 2676 3649 2733 Israel

1999 2775 2124 2826 sunt
2153 2788 2358 2844 pascua
2384 2788 2576 2828 earum
2605 2789 2624 2826 :
2655 2770 2734 2825 ibi
2761 2771 3103 2840 requiescent
3143 2769 3203 2823 in
3250 2766 3431 2823 herbis
3461 2766 3645 2822 viven-

1998 2862 2163 2932 tibus,
2194 2869 2244 2917 et
2275 2863 2331 2916 in
2359 2862 2577 2933 pascuis
2602 2859 2904 2932 pinguibus
2926 2864 3222 2931 pascentur
3247 2870 3411 2927 super
3438 2862 3648 2911 montes

1998 2950 2193 3005 Israel.
2225 2950 2337 3021 Ego
2380 2965 2599 3021 pascam
2646 2964 2770 3005 oves
2813 2961 2983 3015 meas,
3015 2954 3067 3003 et
3093 2960 3194 3015 ego
3241 2960 3332 3000 eas
3380 2942 3649 2999 accubare

1996 3039 2235 3108 faciam,
2264 3038 2398 3092 dicit
2430 3038 2691 3093 Dominus
2718 3041 2879 3093 Deus.
2895 3034 3051 3105 Quod
3064 3035 3326 3106 perierat,
3339 3032 3643 3104 requiram,

2000 3126 2050 3178 et
2080 3124 2223 3194 quod
2251 3125 2518 3195 abjectum
2549 3135 2689 3191 erat,
2712 3124 2970 3180 reducam
2998 3142 3017 3178 :
3048 3127 3102 3178 et
3129 3121 3274 3194 quod
3300 3124 3645 3193 confractum

1997 3213 2200 3282 fuerat,
2232 3213 2472 3281 alligabo
2493 3229 2511 3265 :
2541 3220 2593 3268 et
2618 3212 2758 3285 quod
2787 3213 3073 3281 inﬁmum
3103 3208 3599 3278 erat,consolidabo
3624 3228 3645 3265 :

1998 3303 2050 3355 et
2108 3301 2247 3373 quod
2285 3303 2493 3372 pingue
2544 3309 2595 3357 et
2638 3300 2857 3372 fortius,
2905 3298 3202 3355 custodiam
3258 3315 3278 3353 :
3333 3305 3386 3355 et
3421 3312 3648 3370 pascam

1996 3390 2125 3445 illas
2158 3392 2218 3445 in
2237 3391 2470 3461 judicio.
2501 3390 2648 3453 Quid
2702 3404 2861 3461 rogo,
2893 3390 2982 3444 est
3010 3387 3185 3455 Deus,
3209 3391 3275 3443 ut
3318 3403 3387 3443 ea
3414 3402 3541 3459 quas
3570 3386 3644 3443 ad

1994 3478 2191 3550 ipsum
2210 3478 2537 3551 specialiter
2553 3478 2846 3550 pertinent
2862 3477 3080 3533 nostris
3096 3476 3420 3533 audeamus
3434 3475 3646 3533 usibus

1996 3572 2347 3639 retorquere,
2379 3571 2437 3624 et
2467 3584 2597 3639 quae
2630 3565 2755 3622 suis
2777 3566 2948 3637 jubet
2995 3565 3359 3623 committere
3389 3563 3643 3637 dilectis,

1994 3656 2213 3712 nostris
2230 3674 2300 3713 ne
2320 3656 2636 3712 timeamus
2656 3655 2914 3711 tribuere
2927 3654 3167 3711 asseclis
3187 3654 3215 3708 ?
3236 3654 3511 3727 Nunquid
3536 3670 3644 3711 nos

1993 3746 2211 3817 pariter
2240 3749 2296 3800 et
2327 3745 2487 3817 ipsos
2517 3761 2651 3799 cum
2684 3742 2931 3799 voluerit
2969 3742 3263 3815 perpetuis
3293 3742 3505 3814 poterit
3533 3741 3643 3799 im-

1992 3834 2210 3905 plicare
2240 3833 2477 3889 ruinis‘t
2507 3834 2630 3889 Non
2662 3832 2817 3889 enim
2840 3822 2966 3904 quia
2999 3832 3168 3888 nobis
3198 3830 3488 3888 delectant
3515 3831 3638 3888 hinc

1991 3937 2182 3993 agere,
2216 3922 2318 3977 sed
2348 3938 2475 3992 quae
2518 3939 2552 3976 a
2580 3922 2696 3978 Deo
2734 3922 3024 3992 jubentur
3068 3921 3361 3977 custodire
3390 3924 3636 3989 oportet.

1989 4009 2103 4065 Nec
2133 4010 2574 4065 consideremus
2606 4010 2759 4080 quod
2794 4008 2911 4065 sint
2932 4025 3158 4080 aspera,
3192 4009 3292 4065 sed
3324 4009 3519 4082 potius
3550 4010 3639 4066 in-

1989 4098 2302 4152 tendamus
2334 4097 2487 4167 quod
2510 4096 2747 4151 omnino
2777 4097 2897 4151 sint
2923 4096 3303 4152 observanda.
3332 4097 3479 4154 Nam
3502 4113 3638 4153 cum

1989 4185 2207 4241 diceret
2240 4185 2519 4241 Dominus
2557 4185 2627 4239 ad
2659 4183 2954 4239 Abraham
2990 4200 3003 4239 :
3040 4185 3147 4240 Exi
3170 4186 3243 4240 de
3273 4188 3425 4240 terra
3450 4189 3567 4257 tua,
3588 4194 3645 4243 et

1987 4273 2052 4329 de
2078 4275 2398 4343 cognatione
2427 4282 2521 4329 tua
2541 4290 2562 4336 ;
2592 4276 2643 4329 et
2671 4272 2803 4328 vade
2849 4274 2910 4328 in
2936 4275 3144 4329 terram
3172 4289 3339 4345 quam
3367 4276 3639 4330 monstra-

1986 4378 2110 4418 rero
2139 4363 2245 4418 tibi
2274 4362 2485 4434 (Cenes.
2518 4379 2617 4433 x11,
2652 4362 2723 4421 il.
2754 4360 3044 4418 Mulcehat
3072 4361 3367 4418 Abraham
3392 4379 3635 4420 suorum

1987 4452 2267 4519 suavitas,
2301 4454 2400 4508 sed
2462 4451 2694 4524 imperii
2746 4449 3018 4515 scelestis,
3050 4454 3109 4506 et
3150 4452 3640 4510 remunerationis

1986 4545 2212 4596 aeternae
2242 4540 2633 4596 consideratio
2648 4555 2783 4595 eum
2814 4538 3070 4612 amplius
3090 4539 3398 4598 movebat:
3421 4541 3636 4599 immu-

1987 4630 2099 4685 tari
2132 4634 2484 4705 quapropter
2504 4629 2562 4684 in
2595 4628 2805 4685 melius
2822 4628 3009 4684 malas
3040 4629 3310 4684 convenit
3328 4635 3638 4687 consuetu-

1992 4719 2181 4787 dines,
2209 4724 2267 4775 et
2297 4719 2707 4791 unusquisque
2736 4734 2912 4773 suum
2940 4717 3337 4774 ministerium
3387 4718 3637 4775 sollicite
3690 4782 3695 4789 ,

1991 4809 2303 4877 custodiat,
2338 4826 2442 4864 nec
2490 4807 2747 4863 alienum
2793 4823 3079 4879 usurpare
3122 4806 3410 4865 intendat.
3430 4806 3634 4863 Clerici

1991 4897 2258 4953 militiam
2284 4916 2397 4955 non
2435 4900 2759 4967 exerceant,
2799 4913 2903 4953 nec
2932 4894 3167 4969 publica
3193 4894 3496 4967 vectigalia
3515 4895 3635 4950 exi-

1988 4990 2148 5059 gant,
2181 4992 2239 5042 et
2271 4989 2440 5044 fenus
2472 4985 2636 5041 nullo
2670 4987 2841 5043 modo
2862 4987 3273 5056 exsequantur.
3307 4982 3461 5039 Laici
3491 4999 3635 5054 quo-

1989 5092 2103 5148 que
2129 5076 2539 5147 cujuscunque
2570 5074 2690 5129 sint
2717 5074 2944 5131 ordinis
2983 5071 3072 5127 vel
3103 5069 3427 5141 dignitatis,
3457 5070 3639 5126 eccle-

2045 5165 2361 5198 na‘innnnm
2383 5164 3037 5198 ΜῇιιΜᾹΛΜῖηιιΗΛποπὶ
3052 5156 3637 5198 νοΙΑίειηοηαοΗηηρπι
