4030 5310
373 403 450 465 87
1386 407 1726 469 ATTONIS
1772 405 2361 468 VERCELLENSIS
2408 405 2760 467 EPISCOPI
3700 400 3779 465 88

373 536 485 595 nisi
517 535 587 592 ab
605 535 913 610 episcopis,
940 538 1009 593 ad
1032 554 1199 611 quos,
1228 540 1431 611 utjam
1455 557 1634 612 supra
1656 541 1876 596 dictum
1900 545 2010 611 est,
2042 539 2094 607 Α
2123 540 2420 610 glutientes
2464 539 2649 609 (lbid.,
2695 538 2808 609 24).
2860 537 3122 609 Denique
3177 535 3227 593 si
3286 550 3521 593 necesse
3576 535 3774 604 fuerit,

372 626 684 699 pertinent,
720 644 823 699 pro
863 626 1061 698 aliqua
1109 628 1358 684 utilitate
1389 629 1727 685 invitentur.
1764 629 1855 684 Ait
1882 646 2014 684 vero

372 717 579 773 beatus
611 733 760 787 papa
789 716 1090 771 Cornelius
1124 734 1135 771 :
1172 740 1198 767 «
1239 717 1419 773 Laicis
1464 719 1731 789 quamvis
1764 718 2015 789 religiosi

374 805 511 874 sint,
546 805 708 860 nulla
739 809 931 860 tamen
964 807 1034 859 de
1064 804 1475 861 ecclesiasticis
1508 798 1879 862 facultatibus
1910 808 2015 862 ali-

377 894 516 965 quid
536 894 880 965 disponendi
900 894 1113 965 legitur
1135 912 1394 966 unquam
1410 897 1693 951 attributa
1716 896 2018 951 facultas.»

376 984 587 1038 Beatus
621 999 851 1053 quoque
877 983 1132 1038 Joannes
1174 983 1435 1055 Baptista
1465 984 1794 1056 publicanis
1826 990 1881 1039 et
1912 985 2019 1039 mi-

376 1072 578 1127 litibus
609 1073 679 1126 ad
713 1088 887 1126 suum
920 1072 1215 1143 baptisma
1247 1074 1635 1141 venientibus,
1661 1078 1715 1128 et
1748 1075 1900 1145 quod
1936 1075 2019 1129 fa-

377 1165 574 1216 cerent
617 1161 1113 1231 interrogantibus
1163 1162 1309 1215 dixit
1342 1179 1353 1216 :
1388 1163 1543 1218 Nihil
1572 1164 1809 1233 amplius
1859 1180 2021 1235 quam

375 1250 516 1321 quod
543 1252 896 1305 constitutum
923 1255 1001 1304 est
1035 1251 1204 1317 vobis,
1228 1254 1446 1310 faciatis
1470 1272 1485 1315 ;
1517 1257 1570 1307 et
1598 1254 1873 1307 neminem
1893 1268 2021 1306 con-

374 1340 620 1405 cutiatis,
649 1354 823 1410 neque
850 1339 1187 1393 calumniam
1214 1341 1455 1409 faciatis,
1494 1347 1545 1394 et
1590 1342 1829 1394 contenti
1860 1342 2025 1393 estote

376 1427 667 1496 stipendiis
716 1429 909 1481 vestris
957 1428 1107 1495 (Luc.
1142 1446 1225 1493 In,
1264 1430 1369 1497 13),
1417 1428 1734 1499 Stipendiis
1785 1429 2022 1499 quidem

379 1514 503 1571 suis
535 1515 791 1570 contenti
842 1520 1003 1581 sunt,
1032 1517 1131 1586 qui
1166 1516 1367 1571 illicita
1417 1533 1531 1571 non
1567 1521 1885 1587 apponunt,
1921 1532 2024 1570 nec

380 1604 569 1659 aliena
599 1604 1039 1675 concupiscunt.
1075 1606 1137 1658 In
1188 1603 1469 1659 electione
1516 1622 1647 1659 vero
1680 1604 2024 1675 pontificum

380 1692 741 1764 [sanctorum
791 1693 851 1747 in
900 1694 1172 1747 omnibus
1213 1709 1503 1748 canonum
1550 1694 1690 1748 ordo
1744 1698 2023 1764 servetur,

381 1780 581 1836 nullus
599 1781 789 1837 clerus
805 1782 889 1837 vel
908 1782 1157 1853 populus
1180 1782 1582 1853 praejudicium
1608 1783 1896 1854 patiatur;
1924 1784 2024 1837 sed

2127 630 2318 685 omnis
2351 628 2614 684 Ecclesiae
2645 628 2958 683 thesaurus
2988 625 3362 682 laudabiliter
3393 626 3451 681 in
3484 626 3777 697 praedictis

2126 719 2547 789 expenderetur
2569 735 2582 784 ;
2603 716 2747 771 nihil
2764 722 2955 771 tamen
2976 717 3183 771 horum
3210 711 3599 787 proithesauro
3624 731 3779 769 com-

2129 807 2474 861 mutandum
2506 810 2840 860 estzverum
2864 805 3059 860 omnia
3082 821 3206 875 quae
3239 806 3309 859 ad
3344 820 3487 858 usus
3508 800 3776 857 Ecclesia

2130 895 2440 967 pertinent,
2476 900 2821 949 ornamenta
2860 893 3123 948 Ecclesiae
3176 897 3331 960 sunt,
3367 893 3652 963 praecipue
3684 907 3777 946 sa-

2128 984 2412 1052 cerdotes,
2445 983 2635 1038 clerus
2665 988 2721 1037 et
2754 983 2993 1047 familia,
3019 998 3121 1037 nec
3155 986 3400 1053 possunt
3426 981 3650 1051 absque
3680 996 3780 1051 pe~

2130 1071 2313 1127 rioulo
2336 1071 2517 1126 abuti.
2538 1071 2953 1141 Hujuscemodi
2980 1087 3115 1141 ergo
3140 1074 3477 1125 sanctarum
3504 1068 3781 1124 ecclesia-

2132 1178 2261 1215 rum
2296 1165 2693 1231 persecutores
2738 1161 2944 1215 beatus
2980 1159 3116 1214 Pius
3167 1160 3468 1214 Romanus
3522 1158 3784 1229 pontifex

2133 1248 2290 1319 (Pius
2322 1266 2470 1320 papa
2506 1250 2550 1317 Ι)
2582 1249 2909 1319 increpans,
2942 1248 3021 1302 ait
3052 1250 3229 1319 (epist.
3261 1249 3317 1315 2)
3354 1265 3365 1301 :
3401 1269 3428 1296 «
3463 1247 3545 1301 Ad
3581 1247 3781 1300 sedem

2133 1337 2516 1409 apostolicam
2549 1336 2839 1408 perlatum
2872 1342 2960 1392 est
2988 1338 3140 1408 quod
3174 1336 3292 1391 sint
3338 1335 3493 1390 inter
3518 1352 3619 1390 vos
3652 1351 3787 1389 con-

2132 1427 2423 1481 tentiones
2454 1431 2511 1481 et
2541 1426 2962 1496 aemulationes,
2995 1430 3050 1480 et
3080 1425 3298 1497 prandia
3328 1424 3543 1479 divinis
3575 1424 3785 1480 usibus

2134 1515 2348 1569 tradita
2376 1515 2611 1584 quidam
2662 1514 2940 1570 humanis
2984 1513 3274 1586 applicant
3322 1513 3548 1580 usibus,
3581 1518 3639 1567 et
3681 1512 3787 1568 Do-

2136 1603 2293 1659 mino
2325 1604 2462 1671 Deo,
2491 1604 2581 1658 cui
2615 1604 2829 1659 tradita
2858 1608 3018 1669 sunt,
3051 1620 3117 1658 ea
3156 1604 3530 1670 subtrahunt,
3566 1607 3629 1657 ut
3659 1602 3785 1657 suis

2136 1693 2344 1748 usibus
2392 1692 2732 1749 inserviant.
2766 1693 3127 1764 Quapropter
3175 1692 3248 1747 ab
3300 1692 3575 1747 omnibus
3624 1690 3789 1745 illius

2138 1781 2536 1851 usurpationis
2572 1781 2925 1837 contumelia
2956 1781 3299 1853 depellenda
3328 1785 3435 1847 est,
3468 1797 3540 1836 ne
3571 1780 3792 1852 prmdia

382 1870 567 1925 libera
598 1870 675 1926 sit
703 1870 785 1925 eis
818 1871 1037 1941 absque
1069 1871 1734 1941 alicujus‘controversia
1781 1872 2027 1927 facultas
2061 1906 2107 1971 B
2140 1871 2349 1926 usibus
2381 1875 2738 1925 secretorum
2766 1869 3088 1925 caelestium
3123 1870 3332 1936 dicata,
3366 1887 3399 1923 a
3427 1869 3787 1940 quibusdam

382 1958 701 2031 tranquille
734 1976 907 2030 quem
931 1959 1143 2015 melius
1167 1960 1550 2031 praeviderint,
1572 1960 1843 2033 eligendi.
1869 1960 2027 2016 Elec-

381 2052 478 2102 tus
510 2062 742 2117 quoque
782 2051 902 2101 tam
939 2064 972 2100 a
1016 2047 1486 2117 metropolitano,
1519 2063 1695 2118 quam
1744 2065 1777 2103 a
1808 2049 2028 2103 caeteris

381 2134 964 2206 comprovincialibus
993 2135 1279 2207 episcopis
1335 2135 1785 2208 diligentissime
1819 2137 2031 2192 exami-

382 2225 614 2279 nandus
644 2224 771 2279 erit.
797 2225 960 2288 Quod
993 2224 1039 2278 si
1075 2224 1205 2294 quis
1230 2228 1431 2279 contra
1457 2229 1613 2295 eum]
1640 2226 1799 2294 juste
1830 2225 2028 2298 aliqua

386 2314 597 2385 poterit
614 2313 884 2382 objicere,
919 2312 1210 2367 licentiam
1236 2313 1489 2368 habeant
1509 2313 1567 2368 in
1596 2316 1872 2370 omnibus
1892 2321 2031 2371 tunc

389 2401 711 2474 [ventilare,
745 2416 917 2470 quem
951 2401 997 2455 si
1032 2400 1369 2455 convincere
1402 2402 1613 2471 poterit
1654 2403 1723 2457 de
1754 2403 1966 2475 culpa,]
2001 2422 2034 2460 a

386 2489 807 2546 benedictionis
856 2492 1260 2544 removeantur
1300 2490 1503 2561 gratia.
1537 2489 1591 2544 Si
1636 2508 1769 2546 vero
1817 2493 2031 2564 dignus

312 2582 321 2583 “
384 2579 655 2635 inventus
683 2578 877 2648 fuerit,
897 2582 1037 2632 tunc
1068 2580 1532 2649 cumlconsensu
1565 2583 1621 2634 et
1651 2580 1856 2635 notitia
1873 2582 2031 2653 prin-

384 2668 553 2739 cipis]
585 2667 657 2722 ad
687 2667 857 2737 cujus
888 2666 1169 2721 ditionem
1204 2667 1405 2722 eadem
1438 2668 1714 2738 parochia
1744 2670 2033 2740 pertinere

382 2756 629 2823 videtur,
690 2754 1025 2810 solemniter
1080 2758 1137 2809 et
1187 2754 1557 2811 devotissime
1615 2759 2029 2827 [consecretur.

382 2847 521 2902 Post
550 2845 718 2915 cujus
751 2844 1195 2911 ordinationem]
1248 2845 1516 2899 omnium
1562 2847 2031 2904 adversariorum

385 2934 596 3005 lingua
626 2934 1007 3003 refrenentur,
1036 2949 1138 2987 nec
1168 2933 1421 3003 sibijam
1456 2934 1627 2989 licere
1660 2941 1865 3006 putent
1895 2955 2031 2993 con-

380 3028 472 3078 tra
502 3022 806 3094 praelatum
839 3022 994 3092 quod
1028 3023 1251 3077 dudum
1286 3022 1447 3077 licuit
1469 3025 1550 3094 [in
1574 3024 1820 3097 collega]
1854 3044 1867 3081 :
1904 3027 2031 3082 nul-

381 3110 595 3182 lusque
622 3129 755 3167 eum
789 3126 1062 3167 accusare
1102 3110 1191 3167 vel
1234 3112 1502 3182 judicare
1533 3112 1778 3169 ulterius
1811 3133 2030 3187 praesu-

383 3205 525 3269 mat,
562 3200 672 3255 nisi
706 3200 1202 3271 quemadmodum
1252 3217 1545 3256 canonum
1579 3203 1785 3258 decent
1814 3205 2026 3259 edicta.

382 3289 464 3344 De
494 3289 730 3360 quibus,
762 3305 834 3344 ne
879 3305 912 3343 a
942 3289 1109 3343 nobis
1141 3290 1379 3344 omnino
1426 3290 1764 3345 viderentur
1788 3293 2025 3362 omissa,
2060 3272 2102 3338 (ἶ

386 3377 652 3448 quaedam
684 3376 949 3447 quamvis
981 3393 1168 3446 pauca
1198 3377 1257 3429 in
1290 3377 1576 3447 principio
1611 3378 1856 3448 hujusce
1896 3397 2030 3436 nos-

384 3475 485 3520 trae
518 3464 911 3519 adnotationis
959 3479 1418 3519 commemorare
1448 3467 1802 3521 curavimus.
1835 3469 1943 3523 Sed
1976 3474 2032 3524 et

385 3551 565 3608 sicui
615 3552 861 3606 fortasse
891 3555 947 3605 et
997 3550 1097 3606 illa
1148 3568 1260 3605 non
1312 3552 1635 3622 sufficiunt,
1693 3560 2029 3611 sanctorum

387 3640 632 3695 Patrum
667 3644 887 3695 statuta
906 3639 1355 3710 diligentissime
1384 3643 1776 3713 perquirat,ut
1805 3645 2034 3715 plenius

384 3729 519 3786 inde
549 3728 760 3783 instrui
790 3727 999 3783 valeat.

592 3836 837 3907 Emplicit
862 3849 1002 3905 pars
1031 3834 1265 3919 secunda
1295 3834 1360 3889 de
1387 3836 1829 3895 ordinationibus

1005 3921 1394 3977 episwporum.

952 4048 1136 4104 PARS
1176 4049 1464 4104 TERTIA.

776 4138 851 4191 De
879 4138 1232 4208 facultatibus
1262 4140 1647 4195 Ecclesiarum.

458 4261 754 4317 Praeterire
784 4278 899 4317 non
930 4278 1268 4333 possumus,
1303 4264 1456 4331 quod
1506 4280 1598 4317 res
1630 4264 2031 4322 ecclesiasticae

388 4354 519 4421 post
546 4356 793 4406 mortem
821 4350 905 4405 vel
939 4350 1343 4420 expulsionem
1377 4350 1634 4422 episcopi
1666 4353 1725 4406 in
1757 4354 2031 4424 direptio-

389 4454 521 4493 nem
535 4442 593 4493 et
615 4438 876 4509 rapinam
898 4437 1275 4493 saecularibus
1290 4439 1597 4494 tradantur
1612 4457 1623 4493 :
1641 4458 1772 4495 cum
1788 4442 2029 4515 dignum

389 4527 635 4595 sitquod
662 4544 727 4582 ea
747 4527 806 4580 in
830 4527 1121 4597 episcopio
1153 4533 1632 4599 remapeant,per
1662 4546 2029 4588 mconomum

389 4618 445 4670 et
474 4618 710 4668 caeteros
740 4614 1171 4685 dispensatores
1198 4613 1451 4670 ecclesiae
1484 4632 1667 4687 usque
1695 4619 1765 4672 ad
1797 4621 2028 4677 ordina-
2063 4644 2110 4705 ι)

388 4702 604 4758 tionem
640 4703 817 4757 futuri
841 4702 1097 4774 episcopi
1129 4702 1472 4758 intemerata
1502 4712 1825 4775 serventur,
1852 4726 1924 4764 ne
1956 4712 2028 4765 ab

390 4790 520 4847 aliis
554 4808 654 4863 per
675 4792 917 4863 quodvis
949 4792 1247 4863 ingenium
1272 4792 1390 4847 ullo
1418 4795 1588 4849 modo
1612 4796 2032 4867 subripiantur.

390 4880 537 4943 Quid
571 4880 725 4935 enim
777 4881 1020 4935 interest
1066 4881 1112 4933 si
1162 4880 1386 4936 vivente
1435 4884 1727 4956 episcopo,
1760 4891 1861 4941 aut
1907 4893 2038 4958 post

392 4974 638 5025 mortem
672 4970 819 5039 ejus,
853 4986 943 5023 res
965 4968 1367 5024 ecclesiasticae
1400 4971 1470 5025 ab
1504 4973 1713 5028 exteris
1755 4975 2035 5046 diripian-

390 5059 640 5113 tur?aut
663 5058 801 5128 quid
826 5059 1063 5130 prodest
1085 5058 1133 5112 si
1155 5058 1370 5113 similia
1391 5063 2037 5130 conserventur,horrea

391 5151 583 5199 autem
612 5150 669 5200 et
696 5147 948 5200 cellaria.
981 5146 1170 5200 clerus
1204 5152 1261 5200 et
1314 5147 1555 5200 familia.
1588 5154 1645 5200 et
1677 5155 1879 5200 caetera
1910 5169 2036 5200 amp.

2142 1958 2501 2014 irruentibus
2530 1962 2826 2014 vexentur.
2861 1960 3022 2023 Quod
3053 1959 3103 2014 si
3154 1958 3468 2031 quisquam
3500 1974 3788 2029 praesum—

2142 2050 2342 2119 pserit,
2367 2047 2685 2120 sacrilegus
2707 2048 3009 2114 habeatur,
3035 2052 3091 2103 et
3112 2048 3263 2104 sicut
3293 2047 3613 2119 sacrilegus
3632 2046 3791 2117 judi-

2140 2141 2323 2192 celur.
2360 2138 2521 2207 Ipsos
2553 2140 2747 2191 autem
2780 2137 2879 2207 qui
2904 2137 3011 2192 hoc
3041 2135 3490 2207 agunt,clericos
3516 2139 3572 2190 et
3593 2134 3789 2189 Domi-

2141 2225 2198 2279 ni
2251 2226 2579 2280 sacerdotes
2629 2226 2920 2297 persequi,
2968 2242 3184 2296 eosque
3228 2225 3512 2279 infamare
3565 2222 3790 2278 audivi-

2142 2330 2294 2380 mus,
2332 2318 2394 2367 ut
2420 2314 2639 2369 malum
2672 2332 2849 2386 supra
2872 2314 3092 2369 malum
3121 2314 3359 2380 addant,
3386 2317 3443 2368 et
3473 2313 3790 2368 deteriores

2143 2404 2327 2469 ﬁant;
2361 2419 2474 2457 non
2526 2402 2916 2474 intelligentes
2960 2404 3113 2474 quod
3164 2402 3418 2458 Ecclesia
3470 2401 3697 2458 Domini
3730 2402 3791 2455 in

2142 2491 2545 2546 sacerdotibus
2578 2492 2861 2557 consistit,
2896 2497 2951 2547 et
3006 2493 3216 2547 crescit
3245 2492 3304 2545 in
3349 2491 3635 2562 templum
3671 2489 3788 2545 Dei.

2143 2584 2208 2634 Et
2244 2580 2397 2635 sicut
2426 2580 2526 2651 qui
2573 2580 2889 2635 Ecclesiam
2939 2580 3038 2635 Dei
3072 2584 3277 2647 vastat,
3313 2585 3367 2634 et
3415 2581 3542 2649 ejus
3574 2578 3793 2651 pradia

2143 2673 2199 2723 et
2228 2669 2469 2724 donaria
2498 2669 2800 2740 exspoliat,
2834 2673 2888 2724 et
2927 2668 3166 2735 invadit,
3202 2670 3268 2724 ﬁt
3312 2666 3628 2740 sacrilegus
3658 2686 3671 2722 :
3705 2667 3790 2722 sic

2142 2758 2236 2813 ille
2269 2758 2367 2828 qui
2400 2760 2528 2828 ejus
2565 2759 2896 2814 sacerdotes
2946 2758 3293 2829 insequitur,
3330 2756 3618 2829 sacrilegii
3651 2772 3787 2811 reus

2143 2846 2358 2916 existit,
2394 2850 2450 2901 et
2479 2846 3140 2919 sacrilegusjudicatur.
3174 2847 3449 2917 Nunquid
3493 2846 3541 2900 si
3576 2845 3789 2914 aliquis

2143 2934 2383 2990 monilia
2413 2953 2766 3005 sponsarum
2791 2940 3116 2991 vestrarum
3138 2934 3788 3004 detraxisset,injuriam

2142 3025 2248 3095 eis,
2282 3031 2339 3079 et
2387 3025 2582 3096 potius
2630 3026 2793 3079 vobis
2844 3027 3053 3079 iactam
3103 3021 3654 3095 conquereremini‘?
3698 3021 3793 3076 Ait

2141 3113 2296 3168 enim
2338 3114 2545 3169 beatus
2577 3114 2926 3187 Gregorius:
2955 3137 2981 3163 ‹‹
3006 3114 3209 3168 Omnis
3255 3113 3355 3183 qui
3407 3117 3609 3167 nostra
3640 3109 3792 3165 tollit

2140 3202 2419 3256 inimicus
2450 3208 2556 3257 est.
2582 3208 2726 3256 Cum
2757 3203 2910 3257 enim
2941 3202 3137 3257 omnia
3168 3217 3297 3270 quae
3329 3216 3546 3269 sponsa
3576 3198 3792 3253 habere

2141 3289 2475 3354 videtur,ad
2509 3291 2635 3357 ejus
2652 3291 2854 3360 sponsi
2873 3293 3099 3345 constet
3119 3288 3406 3357 respicere
3435 3286 3789 3355 dominium,

2141 3381 2197 3431 et
2227 3381 2491 3432 sanctam
2525 3375 2840 3431 Ecclesiam
2875 3375 3085 3431 Christi
3117 3391 3395 3446 sponsam
3427 3390 3555 3429 esse
3586 3374 3792 3429 nullus

2141 3466 2388 3535 abneget
2418 3463 2762 3533 catholicus,
2787 3464 2986 3520 omnia
3006 3480 3133 3534 quae
3167 3462 3429 3517 Ecclesiae
3461 3467 3600 3517 sunt
3628 3462 3793 3517 Chri-

2141 3553 2215 3609 sti
2247 3569 2375 3608 esse
2414 3553 2773 3623 probantur;
2808 3557 2865 3607 et
2895 3569 3021 3623 quae
3055 3553 3126 3607 ab
3178 3568 3247 3607 ea
3275 3552 3640 3619 auferuntur,
3673 3550 3791 3622 ipsi

2141 3641 2341 3713 procul
2373 3641 2550 3696 dubio
2581 3640 2885 3696 tolluntur.
2924 3664 2950 3689 »

2213 3730 2429 3785 Revera
2459 3745 2593 3800 ergo
2628 3728 2901 3784 inimicus
2952 3728 3163 3784 Christi
3194 3728 3443 3784 efﬁcitur
3474 3726 3787 3798 quiecole-

2142 3819 2187 3874 si
2198 3819 2408 3874 asticas
2436 3834 2528 3873 res
2552 3835 2834 3890 usurpare
2852 3822 3114 3889 conatur,
3139 3834 3243 3872 nec
3270 3816 3561 3871 immerito
3582 3816 3787 3871 eadem

2141 3906 2366 3962 decidet
2398 3908 2704 3971 sententia,
2740 3923 2916 3977 quam
2974 3907 3176 3961 beatus
3206 3905 3386 3960 David
3418 3903 3789 3975 proclamans

2141 3997 2267 4051 ait:
2303 3999 2526 4051 Inimici
2575 4012 2698 4052 vero
2746 3997 2964 4051 Domini
3010 4011 3143 4049 mox
3195 3998 3255 4049 ut
3300 3993 3646 4063 honoriﬁcali
3673 3994 3793 4062 fue-

2139 4087 2260 4140 rint
2302 4091 2357 4140 et
2412 4086 2672 4155 exaltati,
2722 4085 3033 4153 deﬁcientes
3081 4082 3544 4155 quemadmodum
3600 4083 3790 4150 fumus

2140 4176 2391 4245 deﬁcient
2439 4174 2609 4244 (Psal.
2661 4190 2852 4239 xxxv1,
2887 4174 2999 4243 ‘20).
3035 4172 3139 4235 Qui
3193 4171 3347 4225 enim
3398 4174 3511 4225 Deo
3542 4167 3788 4223 creatori

2142 4280 2269 4333 suo,
2332 4268 2387 4318 et
2443 4262 2707 4317 omnium
2769 4261 3189 4317 beneficiorum
3268 4259 3456 4314 datori
3514 4256 3790 4312 inimicus

2141 4367 2268 4407 esse
2316 4352 2629 4422 probatur;
2680 4350 2927 4417 homini,
2982 4365 3084 4421 per
3127 4364 3301 4419 quem
3352 4348 3473 4402 haec
3523 4350 3791 4401 tantum-

2144 4441 2315 4495 modo
2348 4438 2672 4494 ministrari
2705 4439 2903 4509 aliquo
2938 4439 3110 4493 modo
3160 4440 3432 4507 possunt,
3464 4433 3696 4489 fidelem
3730 4448 3792 4488 se

2142 4546 2269 4583 esse
2320 4545 2516 4583 revera
2574 4528 2879 4582 mentitur.
2915 4526 3061 4590 Quid
3114 4541 3250 4597 ergo
3301 4525 3469 4594 juvat
3516 4538 3613 4577 eos
3663 4536 3793 4577 esse

2141 4618 2521 4686 Christianos,
2546 4621 2603 4671 et
2634 4616 2848 4670 Christi
2872 4614 3193 4686 deprmdari
3231 4612 3540 4667 Ecclesium
3568 4612 3595 4665 ?
3626 4610 3787 4674 Quod

2139 4708 2344 4762 beatus
2378 4705 2591 4760 Paulus
2612 4704 2914 4775 apostolus
2948 4704 3257 4773 increpans
3280 4701 3360 4756 ait
3394 4718 3406 4756 :
3446 4700 3550 4768 Qui
3580 4699 3789 4754 abomi-

2143 4797 2303 4849 naris
2334 4794 2501 4860 idola,
2542 4793 2899 4861 sacrilegium
2944 4793 3087 4859 facis
3134 4790 3307 4860 (Rom.
3338 4806 3397 4856 11,
3431 4789 3542 4859 22).
3575 4788 3791 4843 Divinas

2146 4884 2302 4939 enim
2360 4900 2454 4937 res
2506 4899 2623 4937 non
2672 4880 2979 4936 hominum
3031 4879 3433 4950 possessiones
3480 4893 3609 4933 esse
3661 4893 3791 4931 nos-

2148 4979 2378 5036 cuntur,
2412 4988 2516 5025 nec
2548 4971 2680 5026 licet
2710 4968 3075 5026 saecularium
3114 4968 3472 5038 dignitatum
3503 4966 3640 5037 inde
3669 4964 3791 5021 ﬁeri

2147 5060 2643 5117 additamentum:
2667 5057 2944 5129 quoniam
2980 5055 3510 5111 ecclesiasticorum
3541 5054 3628 5109 vel
3656 5071 3792 5125 pau-

2147 5167 2349 5200 nerum
2393 5154 2533 5200 sunt
2562 5150 2882 5200 praeparata.
2911 5146 2979 5198 ad
3018 5160 3211 5198 usum.
3246 5144 3419 5199 Decet
3446 5160 3701 5200 namque
3731 5146 3793 5197 ut
