4030 5310
245 406 325 467 89
1069 408 1167 468 DE
1212 407 1636 471 PRESSUHYS2
1686 408 2337 469 ECCLESIASTICIS.
2373 444 2449 454 —
2477 412 2679 471 PARS
2727 408 2829 469 lll.
3575 407 3654 469 90

248 540 671 616 presumptive
690 540 951 614 perfrui?
970 542 1265 614 Scriptum
1288 542 1501 615 quippe
1522 549 1645 599 est:
1681 544 1795 599 Non
1816 546 1891 599 est
1922 543 1976 611 Α
2005 544 2177 615 (Psal.
2204 560 2409 611 Lxxxu,
2443 547 2551 615 15).
2589 540 2656 601 Et
2683 512 3007 602 Jeremias:
3041 545 3169 601 Haec
3196 544 3329 601 dicit
3360 547 3652 603 Dominus:

246 648 437 688 servus
467 648 633 702 super
658 633 949 688 dominum
976 649 1141 689 suum
1172 633 1355 705 (Matii.
1388 651 1442 703 χ,
1475 635 1587 699 24),
1646 634 1894 705 Dignum

248 721 408 777 enim
443 726 872 792 procuratorem
904 723 955 781 ei
1000 723 1152 778 inter
1198 723 1466 778 homines
1512 723 1767 785 invenire
1806 722 1900 779 vix

253 826 594 882 possumus,
617 811 931 867 Dominum
952 817 1147 867 autem
1166 814 1294 883 ejus
1312 812 1898 884 penitusignoramus

254 899 666 971 praeterillum,
692 901 763 955 de
785 918 898 971 quo
920 902 1175 957 Joannes
1201 902 1462 973 Baptista
1479 902 1589 957 ait:
1617 903 1724 970 Qui
1742 902 1896 956 habet

247 1004 525 1058 sponsam,
556 1004 785 1059 sponsus
835 998 914 1044 est
957 991 1132 1059 (Joan.
1165 1006 1247 1055 in,
1278 992 1391 1061 29).
1432 992 1512 1045 An
1562 996 1765 1046 sancta
1792 991 1895 1045 Ec-

254 1076 674 1149 clesiasponsa
713 1077 949 1133 Christi.
996 1121 1007 1133 .
1056 1120 1066 1132 .
1114 1121 1125 1133 .
1173 1121 1184 1135 .
1233 1121 1245 1133 .
1290 1120 1303 1133 .
1350 1122 1361 1134 .
1411 1121 1424 1133 .
1472 1121 1482 1133 .
1531 1121 1543 1133 .
1591 1121 1602 1132 .
1649 1121 1659 1132 .
1709 1122 1721 1133 .
1764 1120 1775 1133 .
1824 1121 1836 1135 .
1882 1122 1897 1135 .

255 1206 269 1221 .
318 1206 331 1218 .
378 1207 389 1219 .
436 1207 449 1220 .
498 1208 510 1221 .
553 1184 789 1221 summa
822 1168 1019 1238 itaque
1050 1166 1360 1224 Salomone
1389 1169 1600 1239 ipsam.
1647 1212 1659 1223 .
1705 1210 1717 1223 .
1765 1211 1777 1223 .
1824 1208 1836 1222 .
1882 1208 1895 1222 .

250 1272 457 1311 rursus
482 1256 857 1311 devotissime
877 1257 1281 1329 imploremus,
1303 1262 1367 1312 ut
1391 1257 1579 1328 ipsam
1605 1275 1708 1329 pro
1730 1258 1897 1312 nobis

251 1344 324 1398 ad
378 1360 515 1398 eum
562 1344 818 1399 interced
861 1388 874 1399 .
921 1388 933 1399 .
981 1387 993 1399 .
1042 1386 1054 1399 .
1102 1388 1112 1401 .
1162 1386 1173 1399 .
1222 1388 1233 1400 .
1274 1347 1522 1416 auferre,
1578 1348 1677 1401 sed
1736 1347 1901 1401 devo-

248 1432 501 1500 tissime,
535 1450 660 1504 quae
684 1434 1014 1489 necessaria
1041 1435 1342 1489 suntinibi
1369 1434 1665 1507 postulare
1707 1478 1719 1489 .
1766 1476 1779 1489 .
1826 1476 1837 1487 .
1884 1476 1896 1488 .

253 1562 266 1575 .
314 1564 325 1575 .
375 1564 387 1575 .
434 1562 447 1575 .
494 1564 507 1575 .
555 1564 566 1575 .
611 1539 689 1589 re,
725 1540 859 1577 nam
893 1528 949 1578 et
970 1523 1145 1578 David
1180 1524 1445 1579 esuriens
1477 1523 1898 1595 propositionis

251 1626 436 1682 panes
467 1610 537 1665 de
569 1611 785 1681 templo
815 1612 1071 1683 arripere
1103 1612 1157 1666 vi
1190 1630 1302 1668 non
1328 1613 1719 1684 praesumpsit.
1766 1654 1778 1666 .
1824 1654 1837 1665 .
1884 1654 1896 1666 .

255 1741 268 1754 .
317 1741 331 1753 .
376 1741 389 1754 .
437 1741 449 1754 .
484 1699 654 1755 donis
676 1717 831 1765 vero,
864 1702 1132 1771 quamvis
1162 1718 1195 1757 a
1222 1718 1355 1773 rege
1387 1702 1627 1768 missus,
1661 1702 1799 1772 quia
1827 1704 1899 1756 de

250 1788 473 1861 templo
492 1789 588 1843 Dei
622 1788 841 1861 aliquid
864 1791 1091 1847 auferre
1113 1790 1310 1857 voluit,
1335 1792 1407 1846 ab
1429 1788 1633 1863 angelo
1656 1806 1900 1863 percus-

249 1895 359 1935 sus
390 1882 498 1979 est.
525 1876 634 1933 Sed
667 1878 807 1977 quid
841 1879 1080 1978 mirum,
1132 1880 1180 1935 si
1214 1880 1401 1979 ﬁdelis
1452 1880 1723 1979 princeps
1775 1895 1897 1935 rem
1937 1915 1979 1979 Β

250 1973 371 2023 Deo
398 1967 649 2022 dicatam
679 1967 738 2021 in
762 1967 1017 2022 maxima
1038 1968 1305 2039 quamvis
1329 1968 1685 2024 constitutus
1708 1985 1900 2025 neces-

252 2057 429 2113 sitate
458 2057 714 2128 arripere
744 2056 961 2117 timuit.
992 2073 1127 2113 cum
1158 2058 1334 2113 etiam
1367 2059 1438 2112 ab
1468 2058 1615 2129 ipsis
1647 2059 1893 2130 paganis

252 2150 311 2202 et
340 2146 609 2201 barbaris
660 2150 780 2201 tam
814 2146 873 2200 in
936 2146 1123 2202 Veteri
1183 2148 1556 2202 Testamento
1615 2162 1790 2217 quam
1839 2148 1898 2202 in

255 2236 410 2291 Novo
439 2236 549 2290 hoc
580 2235 775 2306 ipsum
806 2236 1179 2290 observatum
1230 2235 1495 2306 legamus
1546 2237 1690 2291 Nam
1723 2240 1901 2291 Pom-

260 2325 419 2396 peius
448 2324 537 2378 vir
567 2324 802 2395 gentilis
849 2328 908 2379 et
937 2324 1274 2391 bellicosus,
1324 2341 1457 2379 cum
1518 2325 1895 2381 rebellantem

254 2413 577 2469 Jerusalem
592 2418 1005 2485 expugnasset,
1022 2414 1311 2469 inﬁnitam
1324 2414 1583 2469 thesauri
1599 2415 1825 2487 copiam
1840 2415 1897 2469 in

251 2502 470 2574 templo
496 2502 724 2557 Domini
745 2502 1008 2558 audierat
1021 2504 1540 2575 congregatam,ad
1565 2520 1741 2576 quam
1764 2519 1898 2559 cum

254 2591 428 2646 modo
447 2590 681 2646 videndi
703 2590 892 2646 solum
915 2608 1093 2647 causa
1126 2593 1488 2660 accessisset,
1530 2597 1740 2648 cuncta
1770 2608 1900 2664 quae

251 2680 495 2735 aderant
517 2680 629 2735 sibi
651 2678 958 2751 sigillatim
976 2681 1157 2751 jussit
1177 2681 1403 2753 exponi.
1424 2682 1683 2745 Quarum
1706 2681 1901 2737 multi-

248 2770 518 2824 tudinem
552 2769 871 2835 admirans,
905 2770 1051 2824 nihil
1075 2770 1307 2841 penitus
1338 2771 1543 2826 exinde
1564 2772 1899 2843 contingere

248 2858 647 2930 praesumpsit-
676 2859 819 2913 Item
840 2858 1103 2913 Alericus
1123 2860 1211 2914 vir
1231 2860 1485 2915 inﬁdelis
1508 2864 1565 2914 et
1587 2862 1893 2927 barbarus,

247 2962 385 3001 cum
412 2946 566 3001 bello
591 2948 911 3001 Romanam
934 2948 1184 3019 cepisset
1204 2949 1430 3012 urbem,
1456 2950 1651 3002 omnia
1676 2965 1804 3018 quae
1825 2950 1895 3003 ad

245 3034 573 3090 Ecclesiam
604 3034 988 3104 confugerant
1016 3036 1175 3089 salva
1205 3052 1331 3089 esse
1374 3035 1656 3105 permisit.
1692 3036 1761 3088 Et
1790 3035 1897 3089 hoc

240 3122 336 3177 illi
367 3122 568 3175 divina
588 3122 865 3192 mysteria
893 3121 1250 3191 ignorantes.
1276 3122 1551 3176 Catholici
1585 3139 1719 3177 vero
1745 3124 1899 3193 prin-

242 3211 413 3282 cipes
427 3208 805 3264 manifestum
821 3214 907 3263 est
923 3209 1438 3279 quiaEcclesiaeDei
1452 3227 1565 3265 non
1582 3228 1897 3282 praesump-

245 3278 451 3355 serant
470 3296 784 3362 dominari,
804 3298 905 3352 sed
928 3278 1219 3369 elegerant
1241 3298 1440 3353 sedule
1463 3278 1752 3355 famulari.
1777 3278 1896 3355 Ido-
1929 3278 1971 3345 Ο

248 3387 323 3443 lis
349 3402 582 3458 quoque
614 3385 933 3440 servientes
960 3390 1176 3441 terram
1209 3388 1599 3453 sacerdotum,
1631 3388 1720 3443 vel
1750 3394 1896 3444 tem-

252 3475 486 3548 plorum
528 3490 771 3530 suorum
805 3491 837 3529 a
885 3474 1119 3546 publica
1167 3476 1462 3531 iunctione
1505 3478 1897 3533 removebant.

250 3563 415 3626 Quod
446 3568 503 3617 et
532 3563 604 3618 de
635 3562 932 3618 Pharaone
990 3580 1122 3635 rege
1178 3564 1407 3635 [Egypti
1467 3564 1739 3635 legimus,
1799 3566 1899 3637 qui

253 3668 392 3707 cum
424 3668 658 3707 omnem
690 3656 905 3707 terram
937 3652 1165 3724 x‘Egypti
1214 3668 1331 3709 suis
1362 3653 1681 3724 redegisset
1725 3654 1899 3709 ditio-

255 3740 339 3806 ni,
374 3745 589 3797 terram
621 3740 1042 3796 sacerdotalem
1074 3741 1318 3813 excepit,
1345 3746 1400 3797 et
1422 3731 1753 3797 indemnem
1778 3760 1902 3814 per-

254 3829 440 3885 misit.

329 3919 477 3985 Quid
508 3934 646 3991 ergo
680 3919 749 3974 de
778 3917 917 3987 illis,
952 3918 1053 3989 qui
1084 3935 1151 3973 ea
1177 3936 1305 3989 quae
1336 3921 1407 3975 ad
1458 3936 1715 3989 praesens
1744 3920 1900 3975 inve-

257 4007 429 4063 niunt
470 4008 900 4080 depraedantur,
949 4012 1007 4063 et
1054 4025 1180 4078 qua:
1230 4008 1290 4062 in
1332 4010 1526 4064 futuro
1566 4012 1901 4081 congregari

254 4113 429 4168 posse
459 4099 723 4164 credunt,
757 4097 1009 4152 exactori
1042 4097 1210 4168 quasi
1234 4098 1344 4152 sub
1375 4098 1626 4169 pastoris
1666 4100 1902 4155 nomine

252 4187 540 4254 vendunt,
572 4191 629 4242 et
676 4191 896 4257 quanto
955 4188 1179 4257 majora
1237 4188 1473 4241 fuerunt
1529 4188 1901 4259 patrimonia,

258 4280 426 4331 tanto
448 4275 727 4348 prolixius
758 4275 1104 4347 episcopalis
1126 4276 1412 4331 ordinatio
1442 4277 1779 4348 propalatur
1802 4294 1814 4344 ;
1840 4284 1905 4333 ut

256 4364 405 4420 nihil
439 4369 737 4421 remaneat
760 4364 1181 4431 indiscussum,
1206 4365 1360 4435 quod
1382 4364 1523 4420 utile
1542 4365 1809 4421 videatur
1829 4368 1899 4421 ad

258 4452 483 4509 usum?
510 4452 582 4508 Ut
612 4454 696 4509 sic
727 4452 945 4524 pariter
976 4453 1097 4507 luat
1129 4452 1387 4508 Ecclesia
1416 4454 1747 4509 animarum
1783 4456 1900 4511 dis-

257 4540 559 4611 pendium,
596 4539 975 4595 amissionem
1009 4545 1065 4594 et
1096 4556 1311 4595 rerum.
1360 4542 1428 4595 Et
1473 4546 1613 4596 tunc
1664 4543 1900 4599 tandem

2008 635 2298 690 Adversum
2330 653 2513 693 omnes
2542 640 2748 692 vicinos
2792 652 2938 692 meos
2966 639 3246 707 pessimos,
3298 638 3394 708 qui
3420 640 3654 709 tangunt

2005 726 2402 793 heereditatem,
2463 743 2627 797 quam
2675 727 2843 781 tribui
2886 727 3087 797 populo
3137 741 3256 780 meo
3288 726 3470 781 Israel.
3523 729 3651 783 Ecce

2006 828 2098 884 ego
2128 814 2360 869 evellam
2402 830 2491 870 eos
2533 816 2599 869 de
2644 823 2791 870 terra
2848 831 2951 869 sua
3000 817 3214 883 (Jerem.
3249 831 3349 880 x11,
3383 815 3490 884 14).
3549 816 3651 870 Di-

2007 918 2188 974 gnum
2219 904 2328 974 [est
2371 905 2455 974 ut]
2489 905 2586 975 qui
2619 903 3194 969 ecclesiasticasres,
3229 902 3325 957 Dei
3358 902 3650 973 siquidem

2008 992 2407 1048 hazreditatem
2447 995 2847 1049 contaminare
2898 997 3281 1065 praesumunt,
3333 1011 3367 1048 a
3418 995 3652 1066 propria

2008 1098 2123 1151 qua
2145 1082 2305 1152 juste
2328 1082 2543 1153 perfrui
2575 1088 2848 1155 poterunt
2879 1082 3285 1138 excludantur.

2083 1172 2195 1225 Hoc
2214 1187 2345 1225 vero
2364 1170 2815 1243 diligentissime
2836 1171 3187 1226 intuendum
3212 1176 3319 1241 est,
3340 1171 3476 1243 quia
3503 1175 3651 1225 Deus

2008 1260 2401 1331 omnipotens,
2436 1260 2700 1332 quamvis
2724 1261 2940 1315 nostris
2957 1260 3323 1331 exigentibus
3347 1259 3536 1330 culpis
3558 1260 3652 1314 Ec-

2009 1347 2248 1403 clesiam
2268 1366 2434 1404 suam
2461 1349 2748 1421 ﬁagellare
2760 1349 3004 1405 voluerit
3020 1366 3123 1420 per
3140 1349 3650 1420 depraedationem,

2007 1437 2093 1492 vel
2126 1438 2385 1509 aliquam
2405 1439 2836 1507 contritionem,
2856 1455 2969 1494 non
2994 1438 3120 1494 suis
3139 1438 3383 1508 dilectis,
3410 1439 3508 1494 sed
3532 1438 3651 1493 illis

2009 1528 2117 1582 hoc
2151 1544 2317 1599 agere
2340 1528 2643 1597 permittit,
2678 1529 2895 1600 quibus
2918 1528 3105 1583 diram
3138 1528 3342 1584 exinde
3372 1528 3432 1583 in
3464 1533 3653 1599 poste-

2009 1632 2140 1671 rum
2172 1617 2379 1671 reddat
2398 1616 2881 1672 vicissitudinem.
2917 1618 2985 1673 Ut
3006 1618 3064 1671 in
3098 1616 3248 1671 Isaia
3276 1616 3549 1688 legimus,
3582 1618 3653 1672 de

2007 1705 2334 1761 Jerusalem
2363 1705 2591 1760 dicente
2642 1705 2888 1760 Domino
2933 1706 3003 1760 ad
3057 1704 3470 1777 Babyloniam:
3523 1705 3654 1761 Sede

2010 1796 2192 1848 tacens
2224 1796 2372 1847 intra
2415 1794 2689 1863 tenebras,
2738 1793 2860 1864 ﬁlia
2904 1793 3313 1855 Chaldaeorum;
3362 1795 3496 1864 quia
3544 1810 3654 1849 non

2009 1883 2287 1937 vocaberis
2320 1881 2474 1937 ultra
2503 1883 2727 1938 domina
2768 1899 3088 1951 regnorum.
3138 1885 3316 1938 Iratus
3345 1899 3466 1937 sum
3494 1898 3655 1955 super

2007 1973 2272 2043 populum
2300 1987 2507 2040 meum,
2540 1976 2589 2028 et
2620 1974 2997 2028 contaminavi
3025 1972 3400 2029 haereditatem
3448 1987 3650 2040 meam,

2009 2063 2060 2115 et
2087 2058 2215 2114 dedi
2240 2074 2328 2114 eos
2363 2061 2423 2113 in
2452 2075 2625 2113 manu
2652 2063 2764 2126 tua,
2797 2076 2905 2113 non
2957 2061 3188 2130 posuisti
3215 2060 3292 2114 eis
3337 2057 3653 2113 misericor-

2010 2150 2131 2204 dias
2159 2150 2321 2221 (Isai.
2346 2164 2515 2214 xnvn,
2548 2150 2623 2219 5).
2657 2148 2931 2213 Quamvis
2963 2149 3117 2202 enim
3141 2146 3437 2202 Chaldaeos
3460 2146 3654 2201 Domi-

2011 2256 2123 2293 nus
2153 2238 2224 2293 ad
2258 2237 2605 2309 capiendum
2634 2236 2809 2292 Israel
2834 2236 3081 2303 miserit,
3116 2237 3215 2291 sed
3247 2235 3385 2306 quia
3414 2234 3657 2289 crudeli-

2010 2333 2131 2383 tate
2161 2328 2220 2382 in
2253 2328 2337 2381 eis
2370 2326 2603 2398 propria
2632 2325 2799 2380 abusi
2834 2329 2991 2392 sunt,
3025 2328 3082 2379 et
3111 2325 3361 2393 majores
3394 2322 3508 2377 illis
3540 2324 3653 2377 im-

2010 2415 2550 2488 posueruntplagas
2568 2429 2744 2484 quam
2767 2413 2863 2467 Dei
2888 2412 3031 2467 ultio
3044 2411 3423 2483 efﬂagitabat,
3437 2410 3652 2466 iratum

2010 2522 2072 2561 se
2098 2506 2377 2560 adversus
2408 2520 2505 2559 eos
2553 2502 3033 2557 manifestissime
3081 2499 3313 2556 clamat.
3366 2501 3434 2554 Et
3480 2499 3652 2570 paulo

2011 2598 2142 2667 post
2172 2609 2380 2648 rursus
2414 2593 2483 2648 ad
2517 2591 2920 2647 Hierusalem:
2954 2594 3058 2646 Eos
3085 2605 3208 2645 vero
3234 2591 3330 2660 qui
3360 2588 3653 2661 judicave-

2008 2692 2143 2738 runt
2185 2688 2258 2753 te,
2312 2697 2408 2749 ego
2456 2681 2718 2752 judicabo
2773 2681 2923 2751 (Isai.
2984 2696 3133 2744 xmx,
3163 2678 3275 2749 25),
3334 2682 3384 2732 et
3439 2692 3653 2732 omnem

2009 2772 2261 2839 linguam
2290 2771 2627 2824 resistentem
2654 2771 2777 2835 tibi,
2810 2768 3026 2839 judicio
3044 2766 3320 2839 judicabis
3349 2765 3503 2835 (Isai.
3539 2782 3647 2835 LIV,

2010 2861 2119 2929 l7);
2152 2864 2208 2914 et
2238 2858 2410 2913 item:
2466 2858 2585 2913 Non
2633 2858 2692 2911 in
2722 2859 3110 2928 sempiternum
3160 2855 3444 2925 litigabor,
3477 2870 3651 2923 neque

2006 2964 2176 3018 usque
2206 2947 2274 3001 ad
2305 2947 2468 3015 ﬁnem
2516 2948 2727 3001 irascar
2774 2947 2924 3015 (Isai.
2960 2962 3089 3009 LVII,
3134 2945 3259 3014 16);
3310 2946 3366 2997 et
3395 2942 3645 2996 iterum:

2008 3037 2071 3089 In
2101 3036 2476 3104 indignatione
2502 3051 2625 3089 mea
2658 3036 2901 3105 percussi
2930 3038 2998 3103 te,
3034 3042 3084 3087 et
3116 3035 3175 3087 in
3206 3031 3655 3087 reconciliatione

2007 3138 2128 3176 mea
2160 3125 2408 3177 misertus
2438 3138 2560 3175 sum
2611 3125 2695 3176 tui
2746 3123 2895 3190 (Isai.
2930 3138 3017 3187 ιχ,
3053 3123 3161 3191 10).
3216 3125 3281 3174 Et
3327 3119 3650 3175 Jeremias:

2010 3209 2241 3265 Sanctus
2271 3209 2442 3263 Israel
2472 3210 2700 3263 Domino
2728 3209 2992 3277 primitiw
3021 3211 3248 3278 frugum
3287 3209 3431 3278 ejus,
3472 3223 3655 3262 omnes

2011 3300 2107 3368 qui
2135 3298 2394 3352 devorant
2420 3313 2545 3352 eum
2571 3296 2907 3366 delinquent,
2938 3296 3089 3350 mala
3112 3296 3331 3350 venient
3359 3311 3526 3366 super
3544 3311 3653 3361 eos,

2009 3386 2145 3442 dicit
2168 3387 2425 3440 Dominus
2456 3385 2673 3455 (Jerem.
2725 3401 2787 3450 ιι,
2816 3385 2891 3453 3).
2948 3384 3016 3438 Et
3046 3382 3224 3438 David
3258 3382 3316 3437 in
3366 3381 3651 3454 psalmis:

2012 3476 2125 3545 Ipsi
2152 3475 2379 3541 obligati
2407 3482 2551 3539 sunt,
2582 3478 2639 3527 et
2660 3472 3005 3533 ceciderunt;
3062 3488 3157 3527 nos
3189 3474 3373 3526 autem
3403 3472 3656 3526 surrexi-

2010 3578 2134 3617 mus
2164 3566 2213 3617 et
2271 3564 2439 3617 erecti
2491 3577 2679 3615 sumus
2737 3562 2904 3628 (Psal.
2938 3578 3055 3629 xix,
3084 3562 3161 3633 9);
3222 3565 3279 3615 et
3316 3562 3495 3615 item:
3556 3562 3659 3629 Qui

2012 3652 2281 3707 tribulant
2308 3667 2393 3706 me
2414 3652 2630 3705 inimici
2667 3652 2795 3717 mei,
2830 3652 2938 3721 ipsi
2965 3652 3238 3721 infirmati
3266 3657 3411 3720 sunt,
3443 3653 3492 3705 et
3520 3651 3657 3705 ceci-

2011 3739 2209 3795 derunt
2239 3740 2411 3810 (Psal.
2444 3756 2597 3807 xxvr,
2620 3739 2698 3809 2).
2731 3742 2801 3793 Et
2831 3739 3112 3809 Dominus
3135 3740 3206 3794 de
3227 3737 3404 3793 Israel
3428 3754 3653 3793 rursus:

2016 3828 2251 3883 Visitabo
2285 3829 2346 3882 in
2376 3830 2533 3899 virga
2563 3830 2888 3899 iniquitates
2916 3842 3120 3895 eorum,
3164 3830 3215 3883 et
3253 3828 3313 3883 in
3342 3826 3657 3882 verberibus

2008 3921 2229 3987 peccata
2266 3932 2474 3971 eorum.
2504 3916 2933 3973 Misericordiam
2963 3925 3147 3972 autem
3190 3932 3364 3971 meam
3412 3931 3521 3970 non
3551 3915 3658 3968 dis-

2008 4020 2236 4075 pergam
2265 4006 2331 4059 ab
2362 4007 2441 4059 eis
2459 4022 2479 4066 ;
2512 4021 2687 4075 neque
2726 4005 2923 4061 nocebo
2955 4006 3016 4059 in
3044 4006 3273 4060 veritate
3299 4020 3421 4059 mea
3478 4003 3652 4074 (Psal.

2015 4110 2283 4163 Lxxxvm,
2342 4093 2453 4164 33).
2516 4094 2585 4147 Et
2642 4093 2778 4147 item
2826 4093 3112 4147 Jeremias
3160 4094 3231 4147 ad
3301 4092 3651 4148 Dominum:

2016 4182 2309 4237 Tradidisti
2337 4184 2486 4237 enim
2545 4198 2660 4249 nos,
2721 4190 2780 4235 ut
2829 4182 3284 4245 emendaremur;
3330 4182 3421 4235 illi
3467 4184 3656 4235 autem

2012 4276 2455 4341 aggravaverunt
2476 4272 2680 4343 jugum
2704 4286 2866 4325 suum~
2894 4286 3061 4338 super
3086 4286 3204 4326 nos.
3257 4271 3324 4325 Et
3379 4268 3655 4324 Dominus

2013 4360 2070 4415 in
2094 4360 2400 4432 Evangelio
2433 4376 2445 4415 :
2480 4362 2540 4415 Si
2568 4362 2690 4431 quis
2720 4349 3180 4415 scandalizaverit
3203 4375 3372 4413 unum
3394 4358 3458 4413 de
3482 4357 3657 4429 pusil-

2012 4450 2083 4505 lis
2104 4450 2224 4505 istis
2253 4450 2345 4521 qui
2371 4452 2432 4504 in
2464 4466 2546 4505 me
2569 4450 2821 4519 credunt,
2854 4449 3073 4521 expedit
3102 4450 3173 4515 ei,
3206 4457 3265 4503 ut
3293 4448 3657 4519 suspendatur

2010 4540 2154 4594 mola
2178 4541 2427 4594 asinaria
2457 4541 2516 4593 in
2544 4540 2682 4594 collo
2714 4539 2852 4608 ejus,
2886 4542 2937 4593 et
2954 4538 3314 4607 demergatur
3344 4540 3402 4593 in
3428 4540 3656 4609 profun-

259 4627 578 4683 novissime
599 4627 867 4697 sequitur
887 4626 1235 4699 episcOpalis
1256 4629 1756 4705 ordinatio,quam
1780 4647 1907 4703 par-
1937 4642 1983 4706 D
2014 4628 2146 4683 dum
2202 4630 2381 4683 maris
2428 4628 2645 4695 (Matth.
2696 4645 2859 4693 xvm,
2907 4628 2984 4696 6).
3042 4628 3152 4682 Sed
3202 4628 3353 4682 dicet
3398 4626 3652 4697 aliquis:

256 4731 463 4771 corum
490 4715 764 4787 praecedit
782 4714 986 4771 electio
1012 4734 1025 4784 ;
1051 4731 1238 4787 neque
1260 4717 1641 4789 inquiruntur
1678 4721 1904 4790 merita,

259 4806 360 4861 sed
386 4805 580 4877 potius
600 4804 897 4876 eliguntur
918 4821 1181 4860 munera.
1206 4807 1384 4878 Cujus
1408 4824 1665 4879 unquam
1692 4810 1906 4881 prazdia

254 4893 427 4950 toties
454 4893 784 4966 depraedata
799 4898 855 4948 et
866 4894 1247 4964 postmodum
1262 4897 1613 4968 venundata,
1630 4914 1801 4967 quem
1811 4900 1907 4954 ad-

258 4984 499 5039 modum
534 4986 749 5038 sanctaa
780 4982 1046 5039 Ecclesiae
1077 4983 1456 5040 inveniuntur
1476 4986 1502 5038 Τ
1549 4988 1658 5041 Aut
1689 4988 1905 5057 quibus

256 5072 568 5127 sacriﬁciis
590 5070 739 5126 tales
760 5076 1030 5142 poterunt
1050 5073 1269 5145 expiari
1283 5074 1625 5146 praedones?
1649 5077 1905 5147 Denique

297 5162 548 5186 -‘:—‘--~§
588 5161 673 5186 ⁸⁸*
700 5175 713 5186 ο
834 5165 1144 5188 “ιΑ.ι“-,Αωι”ο
1170 5165 1256 5188 Δια...
1284 5166 1339 5188 4...-
1372 5166 1550 5190 -..ιη-..ιω
1607 5166 1795 5190 “lanna

2018 4717 2291 4781 Quamvis
2323 4718 2480 4772 enim
2513 4733 2605 4771 res
2634 4716 3037 4772 ecclesiasticae
3078 4733 3111 4771 a
3142 4732 3233 4771 me
3264 4715 3655 4783 detineantur,

2015 4805 2200 4877 liquet
2231 4806 2369 4877 quia
2400 4806 2568 4877 plura
2597 4806 2880 4861 beneﬁcia
2909 4808 3001 4875 [ex
3026 4805 3171 4877 ipsis
3202 4822 3304 4876 per
3333 4821 3426 4858 me
3456 4804 3656 4857 adver-

2015 4913 2118 4952 sus
2151 4898 2416 4951 eamdem
2448 4894 2756 4951 ecclesiam
2790 4895 3224 4961 ministrantur,
3276 4908 3453 4963 quam
3486 4890 3535 4944 si
3583 4890 3656 4943 ab

2014 4984 2221 5040 iisdem
2281 4983 2694 5041 ecclesiasticis
2752 4985 3187 5040 detinerentur:
3249 4980 3349 5034 sed
3416 4979 3659 5046 errant.]

2014 5077 2148 5140 Quae
2161 5090 2297 5145 ergo
2312 5091 2485 5148 Opera
2499 5072 2936 5144 [misericordia
2955 5072 3025 5125 de
3036 5064 3376 5137 hujusmodi
3391 5065 3663 5137 frugibus

2014 5181 2040 5192 ι.
2076 5162 2295 5192 ιηιειτη..
2340 5165 2608 5192 ,Μυκη-..ιιι
2660 5161 2919 5192 Ιιυνξιζνηη
2974 5155 3327 5192 ηνωηονιανιίἶ)
3384 5153 3658 5192 Νηηηιιῖἆ
