  <div class='ocr_page' id='page_1' title='image "/cluster/home/n/w/nwhite01/storage/ocr_20150623/134/hvd.32044015471741/043.png"; bbox 0 0 4030 5310; ppageno 0'>
   <div class='ocr_carea' id='block_1_1' title="bbox 367 352 3765 427">
    <p class='ocr_par' dir='ltr' id='par_1_1' title="bbox 367 352 3765 427">
     <span class='ocr_line' id='line_1_1' title="bbox 367 352 3765 427; baseline 0.002 -11"><span class='ocrx_word' id='word_1_1' title='bbox 367 352 436 416; x_wconf 82' lang='grc'><strong>91</strong></span> <span class='ocrx_word' id='word_1_2' title='bbox 1379 360 1710 424; x_wconf 85' lang='lat' dir='ltr'>ATTONIS</span> <span class='ocrx_word' id='word_1_3' title='bbox 1759 360 2342 424; x_wconf 78' lang='lat' dir='ltr'>VERCELLENSIS</span> <span class='ocrx_word' id='word_1_4' title='bbox 2393 363 2739 427; x_wconf 79' lang='lat' dir='ltr'>EPISCOPI</span> <span class='ocrx_word' id='word_1_5' title='bbox 3689 364 3765 426; x_wconf 72' lang='lat'>92</span> 
     </span>
    </p>
   </div>
   <div class='ocr_carea' id='block_1_2' title="bbox 364 488 3767 572">
    <p class='ocr_par' dir='ltr' id='par_1_2' title="bbox 364 488 3767 572">
     <span class='ocr_line' id='line_1_2' title="bbox 364 488 3767 572; baseline 0.002 -27"><span class='ocrx_word' id='word_1_6' title='bbox 364 488 535 562; x_wconf 87' lang='lat' dir='ltr'>cium,</span> <span class='ocrx_word' id='word_1_7' title='bbox 567 490 622 547; x_wconf 87' lang='lat' dir='ltr'>et</span> <span class='ocrx_word' id='word_1_8' title='bbox 651 490 770 547; x_wconf 87' lang='lat' dir='ltr'>odio</span> <span class='ocrx_word' id='word_1_9' title='bbox 801 489 1004 550; x_wconf 78' lang='lat' dir='ltr'>habens</span> <span class='ocrx_word' id='word_1_10' title='bbox 1024 495 1282 569; x_wconf 89' lang='lat' dir='ltr'>rapinam</span> <span class='ocrx_word' id='word_1_11' title='bbox 1302 496 1362 553; x_wconf 89' lang='lat' dir='ltr'>in</span> <span class='ocrx_word' id='word_1_12' title='bbox 1382 495 1690 557; x_wconf 84' lang='lat' dir='ltr'>holocausta</span> <span class='ocrx_word' id='word_1_13' title='bbox 1711 498 1871 572; x_wconf 86' lang='lat' dir='ltr'>(Isai.</span> <span class='ocrx_word' id='word_1_14' title='bbox 1896 516 2005 572; x_wconf 83' lang='lat' dir='ltr'><strong>Lx1,</strong></span> <span class='ocrx_word' id='word_1_15' title='bbox 2038 495 2093 562; x_wconf 84' lang='grc' dir='ltr'><strong>Α</strong></span> <span class='ocrx_word' id='word_1_16' title='bbox 2123 512 2320 553; x_wconf 89' lang='lat' dir='ltr'>remur</span> <span class='ocrx_word' id='word_1_17' title='bbox 2336 496 2489 554; x_wconf 88' lang='lat' dir='ltr'>bona</span> <span class='ocrx_word' id='word_1_18' title='bbox 2510 498 2581 553; x_wconf 88' lang='lat' dir='ltr'>ad</span> <span class='ocrx_word' id='word_1_19' title='bbox 2605 512 2826 567; x_wconf 90' lang='lat' dir='ltr'>omnes,</span> <span class='ocrx_word' id='word_1_20' title='bbox 2844 495 3095 555; x_wconf 81' lang='lat' dir='ltr'><strong>maxime</strong></span> <span class='ocrx_word' id='word_1_21' title='bbox 3109 498 3303 554; x_wconf 88' lang='lat' dir='ltr'>autem</span> <span class='ocrx_word' id='word_1_22' title='bbox 3327 496 3396 552; x_wconf 87' lang='lat' dir='ltr'>ad</span> <span class='ocrx_word' id='word_1_23' title='bbox 3411 495 3767 553; x_wconf 88' lang='lat' dir='ltr'>domesticos</span> 
     </span>
    </p>
   </div>
   <div class='ocr_carea' id='block_1_3' title="bbox 366 579 2007 660">
    <p class='ocr_par' dir='ltr' id='par_1_3' title="bbox 366 579 2007 660">
     <span class='ocr_line' id='line_1_3' title="bbox 366 579 2007 660; baseline 0.005 -26"><span class='ocrx_word' id='word_1_24' title='bbox 366 579 443 651; x_wconf 91' lang='lat'>8).</span> <span class='ocrx_word' id='word_1_25' title='bbox 478 580 632 635; x_wconf 87' lang='lat' dir='ltr'>Deus</span> <span class='ocrx_word' id='word_1_26' title='bbox 654 581 951 651; x_wconf 89' lang='lat' dir='ltr'>justorum</span> <span class='ocrx_word' id='word_1_27' title='bbox 984 584 1175 658; x_wconf 84' lang='lat' dir='ltr'>diligit</span> <span class='ocrx_word' id='word_1_28' title='bbox 1204 592 1629 659; x_wconf 80' lang='lat' dir='ltr'>paupertatem,</span> <span class='ocrx_word' id='word_1_29' title='bbox 1655 606 1831 660; x_wconf 90' lang='lat' dir='ltr'>quam</span> <span class='ocrx_word' id='word_1_30' title='bbox 1864 589 2007 644; x_wconf 88' lang='lat' dir='ltr'>divi-</span> 
     </span>
    </p>
   </div>
   <div class='ocr_carea' id='block_1_4' title="bbox 368 672 1444 747">
    <p class='ocr_par' dir='ltr' id='par_1_4' title="bbox 368 672 1444 747">
     <span class='ocr_line' id='line_1_4' title="bbox 368 672 1444 747; baseline 0.009 -25"><span class='ocrx_word' id='word_1_31' title='bbox 368 672 495 723; x_wconf 91' lang='lat' dir='ltr'>tum</span> <span class='ocrx_word' id='word_1_32' title='bbox 531 686 793 741; x_wconf 89' lang='lat' dir='ltr'>munera,</span> <span class='ocrx_word' id='word_1_33' title='bbox 818 689 943 743; x_wconf 64' lang='lat' dir='ltr'>quae</span> <span class='ocrx_word' id='word_1_34' title='bbox 967 675 1038 729; x_wconf 91' lang='lat' dir='ltr'>de</span> <span class='ocrx_word' id='word_1_35' title='bbox 1060 675 1281 747; x_wconf 85' lang='lat' dir='ltr'>rapinis</span> <span class='ocrx_word' id='word_1_36' title='bbox 1303 682 1444 732; x_wconf 89' lang='lat' dir='ltr'>sunt</span> 
     </span>
    </p>
   </div>
   <div class='ocr_carea' id='block_1_5' title="bbox 368 757 2007 837">
    <p class='ocr_par' dir='ltr' id='par_1_5' title="bbox 368 757 2007 837">
     <span class='ocr_line' id='line_1_5' title="bbox 368 757 2007 837; baseline 0.004 -24"><span class='ocrx_word' id='word_1_37' title='bbox 368 757 522 813; x_wconf 85' lang='lat' dir='ltr'>Deus</span> <span class='ocrx_word' id='word_1_38' title='bbox 555 759 625 812; x_wconf 92' lang='lat' dir='ltr'>ad</span> <span class='ocrx_word' id='word_1_39' title='bbox 659 776 903 817; x_wconf 90' lang='lat' dir='ltr'>munera</span> <span class='ocrx_word' id='word_1_40' title='bbox 932 763 1071 819; x_wconf 88' lang='lat' dir='ltr'>Cain</span> <span class='ocrx_word' id='word_1_41' title='bbox 1099 782 1111 831; x_wconf 91' lang='lat'>;</span> <span class='ocrx_word' id='word_1_42' title='bbox 1139 765 1276 835; x_wconf 83' lang='lat' dir='ltr'>quia</span> <span class='ocrx_word' id='word_1_43' title='bbox 1296 766 1565 836; x_wconf 84' lang='lat' dir='ltr'>quamvis</span> <span class='ocrx_word' id='word_1_44' title='bbox 1583 772 1735 822; x_wconf 90' lang='lat' dir='ltr'>recte</span> <span class='ocrx_word' id='word_1_45' title='bbox 1759 767 2007 837; x_wconf 85' lang='lat' dir='ltr'>oﬁ‘erret,</span> 
     </span>
    </p>
   </div>
   <div class='ocr_carea' id='block_1_6' title="bbox 370 849 2009 911">
    <p class='ocr_par' dir='ltr' id='par_1_6' title="bbox 370 849 2009 911">
     <span class='ocr_line' id='line_1_6' title="bbox 370 849 2009 911; baseline 0.007 -12"><span class='ocrx_word' id='word_1_46' title='bbox 370 849 563 901; x_wconf 89' lang='lat' dir='ltr'>tamen</span> <span class='ocrx_word' id='word_1_47' title='bbox 600 865 712 903; x_wconf 90' lang='lat' dir='ltr'>non</span> <span class='ocrx_word' id='word_1_48' title='bbox 746 854 898 905; x_wconf 86' lang='lat' dir='ltr'>recte</span> <span class='ocrx_word' id='word_1_49' title='bbox 941 852 1235 909; x_wconf 81' lang='lat' dir='ltr'>dividebat</span> <span class='ocrx_word' id='word_1_50' title='bbox 1284 871 1415 909; x_wconf 89' lang='lat' dir='ltr'>cum</span> <span class='ocrx_word' id='word_1_51' title='bbox 1452 856 1646 911; x_wconf 81' lang='lat' dir='ltr'>fratre.</span> <span class='ocrx_word' id='word_1_52' title='bbox 1704 857 1799 910; x_wconf 82' lang='lat' dir='ltr'>Ait</span> <span class='ocrx_word' id='word_1_53' title='bbox 1853 855 2009 911; x_wconf 89' lang='lat' dir='ltr'>enim</span> 
     </span>
    </p>
   </div>
   <div class='ocr_carea' id='block_1_7' title="bbox 370 934 2008 1015">
    <p class='ocr_par' dir='ltr' id='par_1_7' title="bbox 370 934 2008 1015">
     <span class='ocr_line' id='line_1_7' title="bbox 370 934 2008 1015; baseline 0.005 -26"><span class='ocrx_word' id='word_1_54' title='bbox 370 934 576 991; x_wconf 90' lang='lat' dir='ltr'>beatus</span> <span class='ocrx_word' id='word_1_55' title='bbox 626 939 969 995; x_wconf 82' lang='lat' dir='ltr'>Ambrosius</span> <span class='ocrx_word' id='word_1_56' title='bbox 1028 941 1151 1008; x_wconf 88' lang='lat' dir='ltr'>(lib.</span> <span class='ocrx_word' id='word_1_57' title='bbox 1207 961 1223 997; x_wconf 86' lang='lat'>1</span> <span class='ocrx_word' id='word_1_58' title='bbox 1282 943 1461 1015; x_wconf 77' lang='lat' dir='ltr'>0/‘ﬁc.,</span> <span class='ocrx_word' id='word_1_59' title='bbox 1522 961 1571 999; x_wconf 92' lang='lat' dir='ltr'>c.</span> <span class='ocrx_word' id='word_1_60' title='bbox 1631 945 1757 1015; x_wconf 89' lang='lat'>30):</span> <span class='ocrx_word' id='word_1_61' title='bbox 1823 967 1851 994; x_wconf 89' lang='grc'>‹‹</span> <span class='ocrx_word' id='word_1_62' title='bbox 1885 944 2008 1001; x_wconf 88' lang='lat' dir='ltr'>Non</span> 
     </span>
    </p>
   </div>
   <div class='ocr_carea' id='block_1_8' title="bbox 370 1024 2009 1103">
    <p class='ocr_par' dir='ltr' id='par_1_8' title="bbox 370 1024 2009 1103">
     <span class='ocr_line' id='line_1_8' title="bbox 370 1024 2009 1103; baseline 0.005 -26"><span class='ocrx_word' id='word_1_63' title='bbox 370 1024 651 1093; x_wconf 80' lang='lat' dir='ltr'>probatur</span> <span class='ocrx_word' id='word_1_64' title='bbox 678 1025 940 1099; x_wconf 88' lang='lat' dir='ltr'>largitas,</span> <span class='ocrx_word' id='word_1_65' title='bbox 965 1030 1014 1083; x_wconf 88' lang='lat' dir='ltr'>si</span> <span class='ocrx_word' id='word_1_66' title='bbox 1036 1032 1189 1101; x_wconf 90' lang='lat' dir='ltr'>quod</span> <span class='ocrx_word' id='word_1_67' title='bbox 1215 1031 1381 1087; x_wconf 78' lang='lat' dir='ltr'>alteri</span> <span class='ocrx_word' id='word_1_68' title='bbox 1403 1031 1667 1103; x_wconf 85' lang='lat' dir='ltr'>largitur,</span> <span class='ocrx_word' id='word_1_69' title='bbox 1694 1032 1855 1087; x_wconf 83' lang='lat' dir='ltr'>alteri</span> <span class='ocrx_word' id='word_1_70' title='bbox 1879 1031 2009 1103; x_wconf 85' lang='lat' dir='ltr'>quis</span> 
     </span>
    </p>
   </div>
   <div class='ocr_carea' id='block_1_9' title="bbox 370 1117 2010 1193">
    <p class='ocr_par' dir='ltr' id='par_1_9' title="bbox 370 1117 2010 1193">
     <span class='ocr_line' id='line_1_9' title="bbox 370 1117 2010 1193; baseline 0.007 -28"><span class='ocrx_word' id='word_1_71' title='bbox 370 1117 730 1185; x_wconf 82' lang='lat' dir='ltr'>extorqueat,</span> <span class='ocrx_word' id='word_1_72' title='bbox 765 1117 812 1171; x_wconf 90' lang='lat' dir='ltr'>si</span> <span class='ocrx_word' id='word_1_73' title='bbox 847 1118 1062 1187; x_wconf 82' lang='lat' dir='ltr'>injuste</span> <span class='ocrx_word' id='word_1_74' title='bbox 1114 1121 1397 1191; x_wconf 89' lang='lat' dir='ltr'>acquirat,</span> <span class='ocrx_word' id='word_1_75' title='bbox 1448 1137 1514 1177; x_wconf 86' lang='lat' dir='ltr'>ac</span> <span class='ocrx_word' id='word_1_76' title='bbox 1555 1124 1715 1191; x_wconf 81' lang='lat' dir='ltr'>juste</span> <span class='ocrx_word' id='word_1_77' title='bbox 1770 1122 2010 1193; x_wconf 89' lang='lat' dir='ltr'>dispen-</span> 
     </span>
    </p>
   </div>
   <div class='ocr_carea' id='block_1_10' title="bbox 371 1201 2014 1282">
    <p class='ocr_par' dir='ltr' id='par_1_10' title="bbox 371 1201 2014 1282">
     <span class='ocr_line' id='line_1_10' title="bbox 371 1201 2014 1282; baseline 0.006 -27"><span class='ocrx_word' id='word_1_78' title='bbox 371 1201 627 1257; x_wconf 90' lang='lat' dir='ltr'>dendum</span> <span class='ocrx_word' id='word_1_79' title='bbox 664 1209 845 1275; x_wconf 86' lang='lat' dir='ltr'>putet.</span> <span class='ocrx_word' id='word_1_80' title='bbox 880 1230 906 1256; x_wconf 92' lang='grc'>››</span> <span class='ocrx_word' id='word_1_81' title='bbox 940 1209 1007 1263; x_wconf 90' lang='lat' dir='ltr'>Et</span> <span class='ocrx_word' id='word_1_82' title='bbox 1036 1208 1215 1264; x_wconf 88' lang='lat' dir='ltr'>item:</span> <span class='ocrx_word' id='word_1_83' title='bbox 1273 1230 1300 1259; x_wconf 86' lang='lat'><strong><em>«</em></strong></span> <span class='ocrx_word' id='word_1_84' title='bbox 1332 1211 1800 1267; x_wconf 84' lang='lat' dir='ltr'>Fundamentum</span> <span class='ocrx_word' id='word_1_85' title='bbox 1833 1211 2014 1282; x_wconf 83' lang='lat' dir='ltr'>igitur</span> 
     </span>
    </p>
   </div>
   <div class='ocr_carea' id='block_1_11' title="bbox 373 1289 2011 1372">
    <p class='ocr_par' dir='ltr' id='par_1_11' title="bbox 373 1289 2011 1372">
     <span class='ocr_line' id='line_1_11' title="bbox 373 1289 2011 1372; baseline 0.006 -27"><span class='ocrx_word' id='word_1_86' title='bbox 373 1289 583 1346; x_wconf 88' lang='lat' dir='ltr'>habeat</span> <span class='ocrx_word' id='word_1_87' title='bbox 600 1292 917 1351; x_wconf 87' lang='lat' dir='ltr'>liberalitas</span> <span class='ocrx_word' id='word_1_88' title='bbox 935 1301 1053 1357; x_wconf 84' lang='lat' dir='ltr'>tua.</span> <span class='ocrx_word' id='word_1_89' title='bbox 1074 1302 1191 1353; x_wconf 90' lang='lat' dir='ltr'>Hoc</span> <span class='ocrx_word' id='word_1_90' title='bbox 1214 1298 1469 1371; x_wconf 91' lang='lat' dir='ltr'>primum</span> <span class='ocrx_word' id='word_1_91' title='bbox 1493 1300 1773 1372; x_wconf 68' lang='lat' dir='ltr'>quaeritur</span> <span class='ocrx_word' id='word_1_92' title='bbox 1793 1304 1858 1355; x_wconf 91' lang='lat' dir='ltr'>ut</span> <span class='ocrx_word' id='word_1_93' title='bbox 1877 1316 2011 1355; x_wconf 89' lang='lat' dir='ltr'>cum</span> 
     </span>
    </p>
   </div>
   <div class='ocr_carea' id='block_1_12' title="bbox 374 1378 2014 1449">
    <p class='ocr_par' dir='ltr' id='par_1_12' title="bbox 374 1378 2014 1449">
     <span class='ocr_line' id='line_1_12' title="bbox 374 1378 2014 1449; baseline 0.006 -17"><span class='ocrx_word' id='word_1_94' title='bbox 374 1378 488 1434; x_wconf 90' lang='lat' dir='ltr'>ﬁde</span> <span class='ocrx_word' id='word_1_95' title='bbox 522 1381 842 1449; x_wconf 89' lang='lat' dir='ltr'>conferens,</span> <span class='ocrx_word' id='word_1_96' title='bbox 879 1385 1143 1441; x_wconf 87' lang='lat' dir='ltr'>fraudem</span> <span class='ocrx_word' id='word_1_97' title='bbox 1207 1405 1320 1443; x_wconf 90' lang='lat' dir='ltr'>non</span> <span class='ocrx_word' id='word_1_98' title='bbox 1374 1390 1552 1444; x_wconf 84' lang='lat' dir='ltr'>facias</span> <span class='ocrx_word' id='word_1_99' title='bbox 1599 1388 1831 1444; x_wconf 87' lang='lat' dir='ltr'>oblatis.</span> <span class='ocrx_word' id='word_1_100' title='bbox 1868 1412 1895 1436; x_wconf 84' lang='lat'><strong>»</strong></span> <span class='ocrx_word' id='word_1_101' title='bbox 1944 1390 2014 1443; x_wconf 87' lang='lat' dir='ltr'>Et</span> 
     </span>
    </p>
   </div>
   <div class='ocr_carea' id='block_1_13' title="bbox 373 1467 2011 1546">
    <p class='ocr_par' dir='ltr' id='par_1_13' title="bbox 373 1467 2011 1546">
     <span class='ocr_line' id='line_1_13' title="bbox 373 1467 2011 1546; baseline 0.006 -25"><span class='ocrx_word' id='word_1_102' title='bbox 373 1467 544 1538; x_wconf 89' lang='lat' dir='ltr'>paulo</span> <span class='ocrx_word' id='word_1_103' title='bbox 572 1473 740 1541; x_wconf 88' lang='lat' dir='ltr'>post:</span> <span class='ocrx_word' id='word_1_104' title='bbox 795 1493 823 1521; x_wconf 89' lang='grc'>‹‹</span> <span class='ocrx_word' id='word_1_105' title='bbox 855 1474 914 1528; x_wconf 90' lang='lat' dir='ltr'>Si</span> <span class='ocrx_word' id='word_1_106' title='bbox 946 1491 1062 1529; x_wconf 92' lang='lat' dir='ltr'>non</span> <span class='ocrx_word' id='word_1_107' title='bbox 1093 1480 1285 1546; x_wconf 87' lang='lat' dir='ltr'>potest</span> <span class='ocrx_word' id='word_1_108' title='bbox 1316 1476 1481 1531; x_wconf 84' lang='lat' dir='ltr'>alteri</span> <span class='ocrx_word' id='word_1_109' title='bbox 1532 1478 1848 1546; x_wconf 88' lang='lat' dir='ltr'>subveniri,</span> <span class='ocrx_word' id='word_1_110' title='bbox 1902 1477 2011 1532; x_wconf 89' lang='lat' dir='ltr'>nisi</span> 
     </span>
    </p>
   </div>
   <div class='ocr_carea' id='block_1_14' title="bbox 371 1555 2012 1636">
    <p class='ocr_par' dir='ltr' id='par_1_14' title="bbox 371 1555 2012 1636">
     <span class='ocr_line' id='line_1_14' title="bbox 371 1555 2012 1636; baseline 0.005 -24"><span class='ocrx_word' id='word_1_111' title='bbox 371 1555 791 1628; x_wconf 85' lang='lat' dir='ltr'>alterlaedatur,</span> <span class='ocrx_word' id='word_1_112' title='bbox 818 1564 1182 1620; x_wconf 90' lang='lat' dir='ltr'>commodius</span> <span class='ocrx_word' id='word_1_113' title='bbox 1204 1571 1293 1621; x_wconf 90' lang='lat' dir='ltr'>est</span> <span class='ocrx_word' id='word_1_114' title='bbox 1313 1566 1806 1636; x_wconf 88' lang='lat' dir='ltr'>neutrumjuvari,</span> <span class='ocrx_word' id='word_1_115' title='bbox 1834 1582 2012 1636; x_wconf 89' lang='lat' dir='ltr'>quam</span> 
     </span>
    </p>
   </div>
   <div class='ocr_carea' id='block_1_15' title="bbox 372 1647 2010 1726">
    <p class='ocr_par' dir='ltr' id='par_1_15' title="bbox 372 1647 2010 1726">
     <span class='ocr_line' id='line_1_15' title="bbox 372 1647 2010 1726; baseline 0.006 -28"><span class='ocrx_word' id='word_1_116' title='bbox 372 1648 598 1717; x_wconf 84' lang='lat' dir='ltr'>gravari</span> <span class='ocrx_word' id='word_1_117' title='bbox 632 1647 901 1705; x_wconf 89' lang='lat' dir='ltr'>alterum.</span> <span class='ocrx_word' id='word_1_118' title='bbox 930 1653 1205 1715; x_wconf 88' lang='lat' dir='ltr'>Quamvis</span> <span class='ocrx_word' id='word_1_119' title='bbox 1236 1654 1474 1725; x_wconf 87' lang='lat' dir='ltr'>quidam</span> <span class='ocrx_word' id='word_1_120' title='bbox 1500 1671 1765 1726; x_wconf 86' lang='lat' dir='ltr'>perverse</span> <span class='ocrx_word' id='word_1_121' title='bbox 1798 1653 2010 1708; x_wconf 88' lang='lat' dir='ltr'>intelli-</span> 
     </span>
    </p>
   </div>
   <div class='ocr_carea' id='block_1_16' title="bbox 372 1738 2011 1814">
    <p class='ocr_par' dir='ltr' id='par_1_16' title="bbox 372 1738 2011 1814">
     <span class='ocr_line' id='line_1_16' title="bbox 372 1738 2011 1814; baseline 0.005 -26"><span class='ocrx_word' id='word_1_122' title='bbox 372 1738 573 1804; x_wconf 88' lang='lat' dir='ltr'>gentes</span> <span class='ocrx_word' id='word_1_123' title='bbox 596 1740 1100 1796; x_wconf 86' lang='lat' dir='ltr'>assumantsibiin</span> <span class='ocrx_word' id='word_1_124' title='bbox 1115 1742 1542 1813; x_wconf 88' lang='lat' dir='ltr'>testimonium,</span> <span class='ocrx_word' id='word_1_125' title='bbox 1558 1743 1712 1814; x_wconf 91' lang='lat' dir='ltr'>quod</span> <span class='ocrx_word' id='word_1_126' title='bbox 1734 1743 2011 1797; x_wconf 88' lang='lat' dir='ltr'>Dominus</span> 
     </span>
    </p>
   </div>
   <div class='ocr_carea' id='block_1_17' title="bbox 373 1822 2090 1928">
    <p class='ocr_par' dir='ltr' id='par_1_17' title="bbox 373 1822 2090 1928">
     <span class='ocr_line' id='line_1_17' title="bbox 373 1822 2090 1928; baseline 0.005 -52"><span class='ocrx_word' id='word_1_127' title='bbox 373 1822 537 1922; x_wconf 78' lang='lat' dir='ltr'>aitin</span> <span class='ocrx_word' id='word_1_128' title='bbox 560 1826 867 1899; x_wconf 88' lang='lat' dir='ltr'>Evangelio</span> <span class='ocrx_word' id='word_1_129' title='bbox 894 1847 906 1884; x_wconf 93' lang='lat'>:</span> <span class='ocrx_word' id='word_1_130' title='bbox 931 1832 1113 1885; x_wconf 86' lang='lat' dir='ltr'>Facite</span> <span class='ocrx_word' id='word_1_131' title='bbox 1141 1832 1289 1887; x_wconf 83' lang='lat' dir='ltr'>vobis</span> <span class='ocrx_word' id='word_1_132' title='bbox 1332 1834 1535 1887; x_wconf 83' lang='lat' dir='ltr'>amicos</span> <span class='ocrx_word' id='word_1_133' title='bbox 1581 1833 1647 1887; x_wconf 88' lang='lat' dir='ltr'>de</span> <span class='ocrx_word' id='word_1_134' title='bbox 1698 1847 2013 1887; x_wconf 84' lang='lat' dir='ltr'>mammona</span> <span class='ocrx_word' id='word_1_135' title='bbox 2043 1865 2090 1928; x_wconf 83' lang='lat' dir='ltr'><strong>B</strong></span> 
     </span>
    </p>
   </div>
   <div class='ocr_carea' id='block_1_18' title="bbox 372 1911 2016 1991">
    <p class='ocr_par' dir='ltr' id='par_1_18' title="bbox 372 1911 2016 1991">
     <span class='ocr_line' id='line_1_18' title="bbox 372 1911 2016 1991; baseline 0.006 -27"><span class='ocrx_word' id='word_1_136' title='bbox 372 1911 713 1983; x_wconf 75' lang='lat' dir='ltr'>iniquitatis,</span> <span class='ocrx_word' id='word_1_137' title='bbox 747 1924 808 1972; x_wconf 88' lang='lat' dir='ltr'>ut</span> <span class='ocrx_word' id='word_1_138' title='bbox 830 1934 952 1973; x_wconf 90' lang='lat' dir='ltr'>cum</span> <span class='ocrx_word' id='word_1_139' title='bbox 972 1919 1299 1989; x_wconf 78' lang='lat' dir='ltr'>defeceritis,</span> <span class='ocrx_word' id='word_1_140' title='bbox 1322 1922 1600 1991; x_wconf 89' lang='lat' dir='ltr'>recipiant</span> <span class='ocrx_word' id='word_1_141' title='bbox 1616 1938 1707 1977; x_wconf 87' lang='lat' dir='ltr'>vos</span> <span class='ocrx_word' id='word_1_142' title='bbox 1728 1921 1785 1975; x_wconf 87' lang='lat' dir='ltr'>in</span> <span class='ocrx_word' id='word_1_143' title='bbox 1806 1922 2016 1977; x_wconf 59' lang='lat' dir='ltr'>{eterna</span> 
     </span>
    </p>
   </div>
   <div class='ocr_carea' id='block_1_19' title="bbox 373 2001 2012 2076">
    <p class='ocr_par' dir='ltr' id='par_1_19' title="bbox 373 2001 2012 2076">
     <span class='ocr_line' id='line_1_19' title="bbox 373 2001 2012 2076; baseline 0.005 -22"><span class='ocrx_word' id='word_1_144' title='bbox 373 2001 735 2059; x_wconf 88' lang='lat' dir='ltr'>tabernacula</span> <span class='ocrx_word' id='word_1_145' title='bbox 783 2009 935 2072; x_wconf 87' lang='lat' dir='ltr'>(Luc.</span> <span class='ocrx_word' id='word_1_146' title='bbox 971 2025 1086 2072; x_wconf 88' lang='lat' dir='ltr'>xv1,</span> <span class='ocrx_word' id='word_1_147' title='bbox 1118 2011 1193 2076; x_wconf 85' lang='lat'>9).</span> <span class='ocrx_word' id='word_1_148' title='bbox 1248 2010 1584 2065; x_wconf 89' lang='lat' dir='ltr'>Mammona</span> <span class='ocrx_word' id='word_1_149' title='bbox 1614 2010 1768 2065; x_wconf 91' lang='lat' dir='ltr'>enim</span> <span class='ocrx_word' id='word_1_150' title='bbox 1803 2009 2012 2064; x_wconf 60' lang='lat' dir='ltr'>divitia:</span> 
     </span>
    </p>
   </div>
   <div class='ocr_carea' id='block_1_20' title="bbox 374 2094 2015 2171">
    <p class='ocr_par' dir='ltr' id='par_1_20' title="bbox 374 2094 2015 2171">
     <span class='ocr_line' id='line_1_20' title="bbox 374 2094 2015 2171; baseline 0.004 -27"><span class='ocrx_word' id='word_1_151' title='bbox 374 2094 534 2156; x_wconf 88' lang='lat' dir='ltr'>sunt,</span> <span class='ocrx_word' id='word_1_152' title='bbox 557 2109 680 2161; x_wconf 69' lang='lat' dir='ltr'>quae</span> <span class='ocrx_word' id='word_1_153' title='bbox 703 2094 847 2150; x_wconf 90' lang='lat' dir='ltr'>bene</span> <span class='ocrx_word' id='word_1_154' title='bbox 868 2096 1206 2167; x_wconf 87' lang='lat' dir='ltr'>iniquitates</span> <span class='ocrx_word' id='word_1_155' title='bbox 1219 2098 1513 2166; x_wconf 89' lang='lat' dir='ltr'>dicuntur,</span> <span class='ocrx_word' id='word_1_156' title='bbox 1536 2100 1688 2171; x_wconf 90' lang='lat' dir='ltr'>quod</span> <span class='ocrx_word' id='word_1_157' title='bbox 1708 2097 2015 2154; x_wconf 67' lang='lat' dir='ltr'>saeculares</span> 
     </span>
    </p>
   </div>
   <div class='ocr_carea' id='block_1_21' title="bbox 374 2179 2014 2258">
    <p class='ocr_par' dir='ltr' id='par_1_21' title="bbox 374 2179 2014 2258">
     <span class='ocr_line' id='line_1_21' title="bbox 374 2179 2014 2258; baseline 0.005 -26"><span class='ocrx_word' id='word_1_158' title='bbox 374 2179 586 2234; x_wconf 69' lang='lat' dir='ltr'>divitiae</span> <span class='ocrx_word' id='word_1_159' title='bbox 609 2182 701 2236; x_wconf 85' lang='lat' dir='ltr'>vix</span> <span class='ocrx_word' id='word_1_160' title='bbox 727 2192 994 2239; x_wconf 91' lang='lat' dir='ltr'>crescunt</span> <span class='ocrx_word' id='word_1_161' title='bbox 1014 2186 1123 2241; x_wconf 90' lang='lat' dir='ltr'>nisi</span> <span class='ocrx_word' id='word_1_162' title='bbox 1148 2187 1370 2258; x_wconf 88' lang='lat' dir='ltr'>absque</span> <span class='ocrx_word' id='word_1_163' title='bbox 1390 2188 1610 2258; x_wconf 90' lang='lat' dir='ltr'>rapina.</span> <span class='ocrx_word' id='word_1_164' title='bbox 1635 2186 1837 2242; x_wconf 90' lang='lat' dir='ltr'>Omnis</span> <span class='ocrx_word' id='word_1_165' title='bbox 1858 2186 2014 2241; x_wconf 90' lang='lat' dir='ltr'>enim</span> 
     </span>
    </p>
   </div>
   <div class='ocr_carea' id='block_1_22' title="bbox 375 2268 2011 2346">
    <p class='ocr_par' dir='ltr' id='par_1_22' title="bbox 375 2268 2011 2346">
     <span class='ocr_line' id='line_1_22' title="bbox 375 2268 2011 2346; baseline 0.005 -25"><span class='ocrx_word' id='word_1_166' title='bbox 375 2268 580 2338; x_wconf 87' lang='lat' dir='ltr'>rapina</span> <span class='ocrx_word' id='word_1_167' title='bbox 602 2269 881 2340; x_wconf 87' lang='lat' dir='ltr'>iniquitas</span> <span class='ocrx_word' id='word_1_168' title='bbox 904 2277 1010 2340; x_wconf 89' lang='lat' dir='ltr'>est,</span> <span class='ocrx_word' id='word_1_169' title='bbox 1035 2276 1135 2328; x_wconf 88' lang='lat' dir='ltr'>sed</span> <span class='ocrx_word' id='word_1_170' title='bbox 1160 2292 1273 2329; x_wconf 88' lang='lat' dir='ltr'>non</span> <span class='ocrx_word' id='word_1_171' title='bbox 1289 2274 1775 2346; x_wconf 89' lang='lat' dir='ltr'>omnisiniquitas</span> <span class='ocrx_word' id='word_1_172' title='bbox 1789 2275 2011 2346; x_wconf 85' lang='lat' dir='ltr'>rapina:</span> 
     </span>
    </p>
   </div>
   <div class='ocr_carea' id='block_1_23' title="bbox 375 2354 2015 2434">
    <p class='ocr_par' dir='ltr' id='par_1_23' title="bbox 375 2354 2015 2434">
     <span class='ocr_line' id='line_1_23' title="bbox 375 2354 2015 2434; baseline 0.006 -26"><span class='ocrx_word' id='word_1_173' title='bbox 375 2354 656 2427; x_wconf 88' lang='lat' dir='ltr'>iniquitas</span> <span class='ocrx_word' id='word_1_174' title='bbox 669 2358 822 2413; x_wconf 89' lang='lat' dir='ltr'>enim</span> <span class='ocrx_word' id='word_1_175' title='bbox 839 2360 1053 2415; x_wconf 88' lang='lat' dir='ltr'>dicitur</span> <span class='ocrx_word' id='word_1_176' title='bbox 1074 2362 1357 2434; x_wconf 89' lang='lat' dir='ltr'>quidquid</span> <span class='ocrx_word' id='word_1_177' title='bbox 1374 2363 1505 2434; x_wconf 90' lang='lat' dir='ltr'>plus</span> <span class='ocrx_word' id='word_1_178' title='bbox 1526 2374 1611 2418; x_wconf 90' lang='lat' dir='ltr'>vel</span> <span class='ocrx_word' id='word_1_179' title='bbox 1631 2364 1831 2418; x_wconf 88' lang='lat' dir='ltr'>minus</span> <span class='ocrx_word' id='word_1_180' title='bbox 1853 2379 2015 2434; x_wconf 61' lang='lat' dir='ltr'>aequo</span> 
     </span>
    </p>
   </div>
   <div class='ocr_carea' id='block_1_24' title="bbox 376 2442 2016 2523">
    <p class='ocr_par' dir='ltr' id='par_1_24' title="bbox 376 2442 2016 2523">
     <span class='ocr_line' id='line_1_24' title="bbox 376 2442 2016 2523; baseline 0.005 -27"><span class='ocrx_word' id='word_1_181' title='bbox 376 2442 476 2510; x_wconf 91' lang='lat' dir='ltr'>ﬁt;</span> <span class='ocrx_word' id='word_1_182' title='bbox 505 2445 709 2516; x_wconf 89' lang='lat' dir='ltr'>rapina</span> <span class='ocrx_word' id='word_1_183' title='bbox 728 2452 924 2503; x_wconf 88' lang='lat' dir='ltr'>autem</span> <span class='ocrx_word' id='word_1_184' title='bbox 952 2453 1041 2506; x_wconf 83' lang='lat' dir='ltr'>est</span> <span class='ocrx_word' id='word_1_185' title='bbox 1061 2451 1274 2521; x_wconf 76' lang='lat' dir='ltr'>praeda,</span> <span class='ocrx_word' id='word_1_186' title='bbox 1300 2452 1455 2506; x_wconf 87' lang='lat' dir='ltr'>dicta</span> <span class='ocrx_word' id='word_1_187' title='bbox 1475 2469 1507 2505; x_wconf 86' lang='lat' dir='ltr'>a</span> <span class='ocrx_word' id='word_1_188' title='bbox 1524 2452 1822 2523; x_wconf 87' lang='lat' dir='ltr'>rapiendo,</span> <span class='ocrx_word' id='word_1_189' title='bbox 1847 2450 1902 2506; x_wconf 91' lang='lat' dir='ltr'>id</span> <span class='ocrx_word' id='word_1_190' title='bbox 1929 2455 2016 2506; x_wconf 88' lang='lat' dir='ltr'>est</span> 
     </span>
    </p>
   </div>
   <div class='ocr_carea' id='block_1_25' title="bbox 375 2531 2015 2611">
    <p class='ocr_par' dir='ltr' id='par_1_25' title="bbox 375 2531 2015 2611">
     <span class='ocr_line' id='line_1_25' title="bbox 375 2531 2015 2611; baseline 0.007 -27"><span class='ocrx_word' id='word_1_191' title='bbox 375 2548 407 2584; x_wconf 87' lang='lat' dir='ltr'>a</span> <span class='ocrx_word' id='word_1_192' title='bbox 436 2531 715 2587; x_wconf 89' lang='lat' dir='ltr'>violenter</span> <span class='ocrx_word' id='word_1_193' title='bbox 744 2537 1043 2607; x_wconf 89' lang='lat' dir='ltr'>capiendo.</span> <span class='ocrx_word' id='word_1_194' title='bbox 1077 2538 1200 2594; x_wconf 91' lang='lat' dir='ltr'>Non</span> <span class='ocrx_word' id='word_1_195' title='bbox 1230 2556 1366 2611; x_wconf 89' lang='lat' dir='ltr'>ergo</span> <span class='ocrx_word' id='word_1_196' title='bbox 1389 2540 1671 2611; x_wconf 90' lang='lat' dir='ltr'>jubemur</span> <span class='ocrx_word' id='word_1_197' title='bbox 1695 2540 1915 2595; x_wconf 90' lang='lat' dir='ltr'>amicos</span> <span class='ocrx_word' id='word_1_198' title='bbox 1945 2541 2015 2595; x_wconf 91' lang='lat' dir='ltr'>de</span> 
     </span>
    </p>
   </div>
   <div class='ocr_carea' id='block_1_26' title="bbox 378 2620 2016 2700">
    <p class='ocr_par' dir='ltr' id='par_1_26' title="bbox 378 2620 2016 2700">
     <span class='ocr_line' id='line_1_26' title="bbox 378 2620 2016 2700; baseline 0.007 -27"><span class='ocrx_word' id='word_1_199' title='bbox 378 2620 582 2691; x_wconf 88' lang='lat' dir='ltr'>rapina</span> <span class='ocrx_word' id='word_1_200' title='bbox 615 2622 820 2693; x_wconf 88' lang='lat' dir='ltr'>facere,</span> <span class='ocrx_word' id='word_1_201' title='bbox 854 2626 953 2680; x_wconf 90' lang='lat' dir='ltr'>sed</span> <span class='ocrx_word' id='word_1_202' title='bbox 987 2627 1057 2682; x_wconf 89' lang='lat' dir='ltr'>de</span> <span class='ocrx_word' id='word_1_203' title='bbox 1090 2644 1427 2684; x_wconf 88' lang='lat' dir='ltr'>mammona</span> <span class='ocrx_word' id='word_1_204' title='bbox 1455 2628 1803 2700; x_wconf 87' lang='lat' dir='ltr'>iniquitatis.</span> <span class='ocrx_word' id='word_1_205' title='bbox 1829 2630 1908 2684; x_wconf 94' lang='lat' dir='ltr'>De</span> <span class='ocrx_word' id='word_1_206' title='bbox 1931 2646 2016 2685; x_wconf 85' lang='lat' dir='ltr'>ra-</span> 
     </span>
    </p>
   </div>
   <div class='ocr_carea' id='block_1_27' title="bbox 376 2708 2013 2788">
    <p class='ocr_par' dir='ltr' id='par_1_27' title="bbox 376 2708 2013 2788">
     <span class='ocr_line' id='line_1_27' title="bbox 376 2708 2013 2788; baseline 0.007 -27"><span class='ocrx_word' id='word_1_207' title='bbox 376 2708 516 2779; x_wconf 88' lang='lat' dir='ltr'>pina</span> <span class='ocrx_word' id='word_1_208' title='bbox 528 2715 722 2766; x_wconf 88' lang='lat' dir='ltr'>autem</span> <span class='ocrx_word' id='word_1_209' title='bbox 739 2712 1165 2788; x_wconf 76' lang='lat' dir='ltr'>eleemosynam</span> <span class='ocrx_word' id='word_1_210' title='bbox 1181 2717 1318 2773; x_wconf 88' lang='lat' dir='ltr'>dare</span> <span class='ocrx_word' id='word_1_211' title='bbox 1333 2716 1666 2773; x_wconf 89' lang='lat' dir='ltr'>nullatenus</span> <span class='ocrx_word' id='word_1_212' title='bbox 1680 2734 2013 2788; x_wconf 86' lang='lat' dir='ltr'>possumus.</span> 
     </span>
    </p>
   </div>
   <div class='ocr_carea' id='block_1_28' title="bbox 377 2799 2015 2879">
    <p class='ocr_par' dir='ltr' id='par_1_28' title="bbox 377 2799 2015 2879">
     <span class='ocr_line' id='line_1_28' title="bbox 377 2799 2015 2879; baseline 0.005 -27"><span class='ocrx_word' id='word_1_213' title='bbox 377 2799 538 2863; x_wconf 90' lang='lat' dir='ltr'>Quod</span> <span class='ocrx_word' id='word_1_214' title='bbox 571 2800 844 2858; x_wconf 68' lang='lat' dir='ltr'>Zachaeus</span> <span class='ocrx_word' id='word_1_215' title='bbox 893 2803 988 2859; x_wconf 92' lang='lat' dir='ltr'>ille</span> <span class='ocrx_word' id='word_1_216' title='bbox 1021 2805 1368 2876; x_wconf 90' lang='lat' dir='ltr'>publicanus</span> <span class='ocrx_word' id='word_1_217' title='bbox 1406 2807 1723 2879; x_wconf 86' lang='lat' dir='ltr'>prudenter</span> <span class='ocrx_word' id='word_1_218' title='bbox 1752 2806 2015 2862; x_wconf 89' lang='lat' dir='ltr'>conside—</span> 
     </span>
    </p>
   </div>
   <div class='ocr_carea' id='block_1_29' title="bbox 378 2889 2019 2954">
    <p class='ocr_par' dir='ltr' id='par_1_29' title="bbox 378 2889 2019 2954">
     <span class='ocr_line' id='line_1_29' title="bbox 378 2889 2019 2954; baseline 0.007 -14"><span class='ocrx_word' id='word_1_219' title='bbox 378 2902 535 2954; x_wconf 89' lang='lat' dir='ltr'>rans,</span> <span class='ocrx_word' id='word_1_220' title='bbox 572 2889 655 2945; x_wconf 88' lang='lat' dir='ltr'>ait</span> <span class='ocrx_word' id='word_1_221' title='bbox 704 2893 773 2946; x_wconf 89' lang='lat' dir='ltr'>ad</span> <span class='ocrx_word' id='word_1_222' title='bbox 808 2892 1160 2949; x_wconf 89' lang='lat' dir='ltr'>Dominum:</span> <span class='ocrx_word' id='word_1_223' title='bbox 1217 2896 1347 2951; x_wconf 84' lang='lat' dir='ltr'>Ecce</span> <span class='ocrx_word' id='word_1_224' title='bbox 1404 2896 1696 2952; x_wconf 82' lang='lat' dir='ltr'>dimidium</span> <span class='ocrx_word' id='word_1_225' title='bbox 1753 2895 2019 2951; x_wconf 87' lang='lat' dir='ltr'>bonorum</span> 
     </span>
    </p>
   </div>
   <div class='ocr_carea' id='block_1_30' title="bbox 379 2980 2021 3056">
    <p class='ocr_par' dir='ltr' id='par_1_30' title="bbox 379 2980 2021 3056">
     <span class='ocr_line' id='line_1_30' title="bbox 379 2980 2021 3056; baseline 0.006 -27"><span class='ocrx_word' id='word_1_226' title='bbox 379 2991 649 3045; x_wconf 84' lang='lat' dir='ltr'>meorum,</span> <span class='ocrx_word' id='word_1_227' title='bbox 674 2980 922 3048; x_wconf 87' lang='lat' dir='ltr'>Domine,</span> <span class='ocrx_word' id='word_1_228' title='bbox 948 2982 1013 3038; x_wconf 88' lang='lat' dir='ltr'>do</span> <span class='ocrx_word' id='word_1_229' title='bbox 1036 2985 1372 3054; x_wconf 81' lang='lat' dir='ltr'>pauperibus</span> <span class='ocrx_word' id='word_1_230' title='bbox 1390 3002 1411 3047; x_wconf 87' lang='lat'><em>;</em></span> <span class='ocrx_word' id='word_1_231' title='bbox 1459 2994 1509 3041; x_wconf 87' lang='lat' dir='ltr'>et</span> <span class='ocrx_word' id='word_1_232' title='bbox 1536 2987 1585 3040; x_wconf 97' lang='lat' dir='ltr'>si</span> <span class='ocrx_word' id='word_1_233' title='bbox 1613 2984 1745 3056; x_wconf 87' lang='lat' dir='ltr'>quid</span> <span class='ocrx_word' id='word_1_234' title='bbox 1783 2985 2021 3056; x_wconf 84' lang='lat' dir='ltr'>aliquem</span> 
     </span>
    </p>
   </div>
   <div class='ocr_carea' id='block_1_31' title="bbox 379 3063 2018 3146">
    <p class='ocr_par' dir='ltr' id='par_1_31' title="bbox 379 3063 2018 3146">
     <span class='ocr_line' id='line_1_31' title="bbox 379 3063 2018 3146; baseline 0.004 -25"><span class='ocrx_word' id='word_1_235' title='bbox 379 3063 724 3139; x_wconf 81' lang='lat' dir='ltr'>defraudavi,</span> <span class='ocrx_word' id='word_1_236' title='bbox 757 3071 919 3126; x_wconf 84' lang='lat' dir='ltr'>reddo</span> <span class='ocrx_word' id='word_1_237' title='bbox 948 3073 1325 3145; x_wconf 79' lang='lat' dir='ltr'>quadruplum</span> <span class='ocrx_word' id='word_1_238' title='bbox 1355 3075 1501 3145; x_wconf 86' lang='lat' dir='ltr'>(Luc.</span> <span class='ocrx_word' id='word_1_239' title='bbox 1535 3091 1649 3141; x_wconf 86' lang='lat' dir='ltr'>x1x,</span> <span class='ocrx_word' id='word_1_240' title='bbox 1682 3074 1758 3146; x_wconf 91' lang='lat'>8).</span> <span class='ocrx_word' id='word_1_241' title='bbox 1808 3074 2018 3129; x_wconf 88' lang='lat' dir='ltr'>Totum</span> 
     </span>
    </p>
   </div>
   <div class='ocr_carea' id='block_1_32' title="bbox 382 3156 2019 3232">
    <p class='ocr_par' dir='ltr' id='par_1_32' title="bbox 382 3156 2019 3232">
     <span class='ocr_line' id='line_1_32' title="bbox 382 3156 2019 3232; baseline 0.005 -24"><span class='ocrx_word' id='word_1_242' title='bbox 382 3156 536 3210; x_wconf 91' lang='lat' dir='ltr'>enim</span> <span class='ocrx_word' id='word_1_243' title='bbox 571 3158 734 3213; x_wconf 89' lang='lat' dir='ltr'>daret</span> <span class='ocrx_word' id='word_1_244' title='bbox 763 3161 1139 3232; x_wconf 88' lang='lat' dir='ltr'>pauperibus,</span> <span class='ocrx_word' id='word_1_245' title='bbox 1172 3163 1221 3218; x_wconf 90' lang='lat' dir='ltr'>si</span> <span class='ocrx_word' id='word_1_246' title='bbox 1253 3179 1314 3218; x_wconf 91' lang='lat' dir='ltr'>se</span> <span class='ocrx_word' id='word_1_247' title='bbox 1354 3164 1692 3219; x_wconf 89' lang='lat' dir='ltr'>innocenter</span> <span class='ocrx_word' id='word_1_248' title='bbox 1721 3168 1852 3218; x_wconf 88' lang='lat' dir='ltr'>ante</span> <span class='ocrx_word' id='word_1_249' title='bbox 1883 3178 2019 3217; x_wconf 89' lang='lat' dir='ltr'>con-</span> 
     </span>
    </p>
   </div>
   <div class='ocr_carea' id='block_1_33' title="bbox 377 3228 2093 3325">
    <p class='ocr_par' dir='ltr' id='par_1_33' title="bbox 377 3228 2093 3325">
     <span class='ocr_line' id='line_1_33' title="bbox 377 3228 2093 3325; baseline 0.004 -26"><span class='ocrx_word' id='word_1_250' title='bbox 377 3246 699 3302; x_wconf 88' lang='lat' dir='ltr'>versionem</span> <span class='ocrx_word' id='word_1_251' title='bbox 723 3248 935 3306; x_wconf 81' lang='lat' dir='ltr'>vixisse</span> <span class='ocrx_word' id='word_1_252' title='bbox 957 3257 1356 3323; x_wconf 84' lang='lat' dir='ltr'>cognosceret;</span> <span class='ocrx_word' id='word_1_253' title='bbox 1390 3255 1491 3309; x_wconf 89' lang='lat' dir='ltr'>sed</span> <span class='ocrx_word' id='word_1_254' title='bbox 1516 3254 1653 3325; x_wconf 90' lang='lat' dir='ltr'>quia</span> <span class='ocrx_word' id='word_1_255' title='bbox 1674 3252 1896 3325; x_wconf 91' lang='lat' dir='ltr'>aliquid</span> <span class='ocrx_word' id='word_1_256' title='bbox 1919 3269 2021 3323; x_wconf 90' lang='lat' dir='ltr'>per</span> <span class='ocrx_word' id='word_1_257' title='bbox 2050 3228 2093 3295; x_wconf 58' lang='grc' dir='ltr'>(ἶ</span> 
     </span>
    </p>
   </div>
   <div class='ocr_carea' id='block_1_34' title="bbox 381 3334 2023 3412">
    <p class='ocr_par' dir='ltr' id='par_1_34' title="bbox 381 3334 2023 3412">
     <span class='ocr_line' id='line_1_34' title="bbox 381 3334 2023 3412; baseline 0.004 -24"><span class='ocrx_word' id='word_1_258' title='bbox 381 3334 646 3390; x_wconf 81' lang='lat' dir='ltr'>fraudem</span> <span class='ocrx_word' id='word_1_259' title='bbox 680 3354 740 3391; x_wconf 87' lang='lat' dir='ltr'>se</span> <span class='ocrx_word' id='word_1_260' title='bbox 772 3339 1083 3395; x_wconf 90' lang='lat' dir='ltr'>abstulisse</span> <span class='ocrx_word' id='word_1_261' title='bbox 1104 3342 1588 3407; x_wconf 86' lang='lat' dir='ltr'>consideraverat,</span> <span class='ocrx_word' id='word_1_262' title='bbox 1622 3342 1865 3412; x_wconf 90' lang='lat' dir='ltr'>dignum</span> <span class='ocrx_word' id='word_1_263' title='bbox 1889 3357 2023 3395; x_wconf 86' lang='lat' dir='ltr'>cen-</span> 
     </span>
    </p>
   </div>
   <div class='ocr_carea' id='block_1_35' title="bbox 383 3423 2023 3501">
    <p class='ocr_par' dir='ltr' id='par_1_35' title="bbox 383 3423 2023 3501">
     <span class='ocr_line' id='line_1_35' title="bbox 383 3423 2023 3501; baseline 0.005 -24"><span class='ocrx_word' id='word_1_264' title='bbox 383 3423 505 3477; x_wconf 90' lang='lat' dir='ltr'>suit</span> <span class='ocrx_word' id='word_1_265' title='bbox 523 3424 685 3495; x_wconf 88' lang='lat' dir='ltr'>prius</span> <span class='ocrx_word' id='word_1_266' title='bbox 706 3424 1088 3497; x_wconf 81' lang='lat' dir='ltr'>ablatajuxta</span> <span class='ocrx_word' id='word_1_267' title='bbox 1109 3428 1293 3499; x_wconf 88' lang='lat' dir='ltr'>legem</span> <span class='ocrx_word' id='word_1_268' title='bbox 1311 3430 1569 3493; x_wconf 88' lang='lat' dir='ltr'>reddere,</span> <span class='ocrx_word' id='word_1_269' title='bbox 1594 3435 1647 3484; x_wconf 91' lang='lat' dir='ltr'>et</span> <span class='ocrx_word' id='word_1_270' title='bbox 1665 3430 1748 3485; x_wconf 92' lang='lat' dir='ltr'>sic</span> <span class='ocrx_word' id='word_1_271' title='bbox 1762 3434 2023 3501; x_wconf 83' lang='lat' dir='ltr'>postmo-</span> 
     </span>
    </p>
   </div>
   <div class='ocr_carea' id='block_1_36' title="bbox 388 3511 2026 3589">
    <p class='ocr_par' dir='ltr' id='par_1_36' title="bbox 388 3511 2026 3589">
     <span class='ocr_line' id='line_1_36' title="bbox 388 3511 2026 3589; baseline 0.005 -25"><span class='ocrx_word' id='word_1_272' title='bbox 388 3511 527 3565; x_wconf 82' lang='lat' dir='ltr'>dum</span> <span class='ocrx_word' id='word_1_273' title='bbox 551 3529 675 3583; x_wconf 68' lang='lat' dir='ltr'>quas</span> <span class='ocrx_word' id='word_1_274' title='bbox 700 3521 1101 3571; x_wconf 88' lang='lat' dir='ltr'>remanserant</span> <span class='ocrx_word' id='word_1_275' title='bbox 1120 3516 1475 3588; x_wconf 86' lang='lat' dir='ltr'>pauperibus</span> <span class='ocrx_word' id='word_1_276' title='bbox 1499 3533 1754 3589; x_wconf 89' lang='lat' dir='ltr'>erogare.</span> <span class='ocrx_word' id='word_1_277' title='bbox 1774 3517 2026 3589; x_wconf 88' lang='lat' dir='ltr'>Antiqua</span> 
     </span>
    </p>
   </div>
   <div class='ocr_carea' id='block_1_37' title="bbox 386 3599 2025 3677">
    <p class='ocr_par' dir='ltr' id='par_1_37' title="bbox 386 3599 2025 3677">
     <span class='ocr_line' id='line_1_37' title="bbox 386 3599 2025 3677; baseline 0.005 -24"><span class='ocrx_word' id='word_1_278' title='bbox 386 3599 541 3655; x_wconf 91' lang='lat' dir='ltr'>enim</span> <span class='ocrx_word' id='word_1_279' title='bbox 574 3600 665 3656; x_wconf 87' lang='lat' dir='ltr'>lex</span> <span class='ocrx_word' id='word_1_280' title='bbox 695 3602 752 3656; x_wconf 90' lang='lat' dir='ltr'>in</span> <span class='ocrx_word' id='word_1_281' title='bbox 787 3604 1183 3677; x_wconf 90' lang='lat' dir='ltr'>quadruplum</span> <span class='ocrx_word' id='word_1_282' title='bbox 1204 3606 1431 3662; x_wconf 88' lang='lat' dir='ltr'>restitui</span> <span class='ocrx_word' id='word_1_283' title='bbox 1453 3608 1697 3677; x_wconf 83' lang='lat' dir='ltr'>jubebat</span> <span class='ocrx_word' id='word_1_284' title='bbox 1722 3606 1932 3663; x_wconf 89' lang='lat' dir='ltr'>ablata.</span> <span class='ocrx_word' id='word_1_285' title='bbox 1958 3608 2025 3661; x_wconf 90' lang='lat' dir='ltr'>Et</span> 
     </span>
    </p>
   </div>
   <div class='ocr_carea' id='block_1_38' title="bbox 386 3690 2026 3768">
    <p class='ocr_par' dir='ltr' id='par_1_38' title="bbox 386 3690 2026 3768">
     <span class='ocr_line' id='line_1_38' title="bbox 386 3690 2026 3768; baseline 0.005 -24"><span class='ocrx_word' id='word_1_286' title='bbox 386 3690 524 3760; x_wconf 89' lang='lat' dir='ltr'>quia</span> <span class='ocrx_word' id='word_1_287' title='bbox 555 3691 858 3747; x_wconf 88' lang='lat' dir='ltr'>dimidiam</span> <span class='ocrx_word' id='word_1_288' title='bbox 894 3694 1181 3750; x_wconf 89' lang='lat' dir='ltr'>bonorum</span> <span class='ocrx_word' id='word_1_289' title='bbox 1226 3712 1465 3751; x_wconf 91' lang='lat' dir='ltr'>suorum</span> <span class='ocrx_word' id='word_1_290' title='bbox 1498 3700 1746 3768; x_wconf 89' lang='lat' dir='ltr'>partem,</span> <span class='ocrx_word' id='word_1_291' title='bbox 1796 3697 1865 3751; x_wconf 90' lang='lat' dir='ltr'>ad</span> <span class='ocrx_word' id='word_1_292' title='bbox 1916 3696 2026 3753; x_wconf 89' lang='lat' dir='ltr'>hoc</span> 
     </span>
    </p>
   </div>
   <div class='ocr_carea' id='block_1_39' title="bbox 386 3780 2025 3858">
    <p class='ocr_par' dir='ltr' id='par_1_39' title="bbox 386 3780 2025 3858">
     <span class='ocr_line' id='line_1_39' title="bbox 386 3780 2025 3858; baseline 0.004 -23"><span class='ocrx_word' id='word_1_293' title='bbox 386 3780 655 3836; x_wconf 87' lang='lat' dir='ltr'>sufﬁcere</span> <span class='ocrx_word' id='word_1_294' title='bbox 683 3782 950 3848; x_wconf 86' lang='lat' dir='ltr'>credidit,</span> <span class='ocrx_word' id='word_1_295' title='bbox 984 3788 1379 3854; x_wconf 87' lang='lat' dir='ltr'>competenter</span> <span class='ocrx_word' id='word_1_296' title='bbox 1406 3789 1462 3841; x_wconf 88' lang='lat' dir='ltr'>et</span> <span class='ocrx_word' id='word_1_297' title='bbox 1491 3785 1796 3841; x_wconf 90' lang='lat' dir='ltr'>dimidiam</span> <span class='ocrx_word' id='word_1_298' title='bbox 1828 3786 2025 3858; x_wconf 88' lang='lat' dir='ltr'>egenis</span> 
     </span>
    </p>
   </div>
   <div class='ocr_carea' id='block_1_40' title="bbox 388 3868 2023 3946">
    <p class='ocr_par' dir='ltr' id='par_1_40' title="bbox 388 3868 2023 3946">
     <span class='ocr_line' id='line_1_40' title="bbox 388 3868 2023 3946; baseline 0.004 -23"><span class='ocrx_word' id='word_1_299' title='bbox 388 3868 710 3940; x_wconf 87' lang='lat' dir='ltr'>distribuit,</span> <span class='ocrx_word' id='word_1_300' title='bbox 758 3871 986 3943; x_wconf 90' lang='lat' dir='ltr'>sibique</span> <span class='ocrx_word' id='word_1_301' title='bbox 1039 3873 1183 3928; x_wconf 91' lang='lat' dir='ltr'>nihil</span> <span class='ocrx_word' id='word_1_302' title='bbox 1236 3874 1293 3928; x_wconf 90' lang='lat' dir='ltr'>in</span> <span class='ocrx_word' id='word_1_303' title='bbox 1347 3879 1642 3946; x_wconf 88' lang='lat' dir='ltr'>posterum</span> <span class='ocrx_word' id='word_1_304' title='bbox 1694 3876 2023 3931; x_wconf 89' lang='lat' dir='ltr'>reservavit.</span> 
     </span>
    </p>
   </div>
   <div class='ocr_carea' id='block_1_41' title="bbox 389 3958 2028 4036">
    <p class='ocr_par' dir='ltr' id='par_1_41' title="bbox 389 3958 2028 4036">
     <span class='ocr_line' id='line_1_41' title="bbox 389 3958 2028 4036; baseline 0.005 -25"><span class='ocrx_word' id='word_1_305' title='bbox 389 3958 572 4030; x_wconf 85' lang='lat' dir='ltr'>Igitur</span> <span class='ocrx_word' id='word_1_306' title='bbox 592 3960 642 4014; x_wconf 89' lang='lat' dir='ltr'>si</span> <span class='ocrx_word' id='word_1_307' title='bbox 665 3960 918 4017; x_wconf 89' lang='lat' dir='ltr'>evenerit</span> <span class='ocrx_word' id='word_1_308' title='bbox 951 3966 1013 4017; x_wconf 95' lang='lat' dir='ltr'>ut</span> <span class='ocrx_word' id='word_1_309' title='bbox 1044 3962 1259 4034; x_wconf 90' lang='lat' dir='ltr'>quibus</span> <span class='ocrx_word' id='word_1_310' title='bbox 1292 3964 1630 4031; x_wconf 90' lang='lat' dir='ltr'>reddantur,</span> <span class='ocrx_word' id='word_1_311' title='bbox 1664 3982 1788 4036; x_wconf 74' lang='lat' dir='ltr'>quae</span> <span class='ocrx_word' id='word_1_312' title='bbox 1810 3964 2028 4036; x_wconf 87' lang='lat' dir='ltr'>injuste</span> 
     </span>
    </p>
   </div>
   <div class='ocr_carea' id='block_1_42' title="bbox 389 4046 2025 4125">
    <p class='ocr_par' dir='ltr' id='par_1_42' title="bbox 389 4046 2025 4125">
     <span class='ocr_line' id='line_1_42' title="bbox 389 4046 2025 4125; baseline 0.004 -23"><span class='ocrx_word' id='word_1_313' title='bbox 389 4046 583 4103; x_wconf 81' lang='lat' dir='ltr'>ablata</span> <span class='ocrx_word' id='word_1_314' title='bbox 622 4053 779 4113; x_wconf 86' lang='lat' dir='ltr'>sunt,</span> <span class='ocrx_word' id='word_1_315' title='bbox 844 4050 927 4106; x_wconf 87' lang='lat' dir='ltr'>vel</span> <span class='ocrx_word' id='word_1_316' title='bbox 972 4050 1230 4109; x_wconf 69' lang='lat' dir='ltr'>haeredes</span> <span class='ocrx_word' id='word_1_317' title='bbox 1288 4052 1549 4125; x_wconf 91' lang='lat' dir='ltr'>ipsorum</span> <span class='ocrx_word' id='word_1_318' title='bbox 1613 4054 1858 4109; x_wconf 88' lang='lat' dir='ltr'>inveniri</span> <span class='ocrx_word' id='word_1_319' title='bbox 1912 4071 2025 4110; x_wconf 90' lang='lat' dir='ltr'>non</span> 
     </span>
    </p>
   </div>
   <div class='ocr_carea' id='block_1_43' title="bbox 387 4138 2029 4214">
    <p class='ocr_par' dir='ltr' id='par_1_43' title="bbox 387 4138 2029 4214">
     <span class='ocr_line' id='line_1_43' title="bbox 387 4138 2029 4214; baseline 0.002 -21"><span class='ocrx_word' id='word_1_320' title='bbox 387 4138 956 4208; x_wconf 86' lang='lat' dir='ltr'>possint,meliusest</span> <span class='ocrx_word' id='word_1_321' title='bbox 972 4141 1332 4213; x_wconf 90' lang='lat' dir='ltr'>utipsorum,</span> <span class='ocrx_word' id='word_1_322' title='bbox 1348 4143 2029 4214; x_wconf 85' lang='lat' dir='ltr'>cujus[fuerantnomine</span> 
     </span>
    </p>
   </div>
   <div class='ocr_carea' id='block_1_44' title="bbox 388 4226 2028 4302">
    <p class='ocr_par' dir='ltr' id='par_1_44' title="bbox 388 4226 2028 4302">
     <span class='ocr_line' id='line_1_44' title="bbox 388 4226 2028 4302; baseline 0.004 -22"><span class='ocrx_word' id='word_1_323' title='bbox 388 4226 446 4281; x_wconf 84' lang='lat' dir='ltr'>in</span> <span class='ocrx_word' id='word_1_324' title='bbox 481 4226 866 4301; x_wconf 82' lang='lat' dir='ltr'>eleemosynis</span> <span class='ocrx_word' id='word_1_325' title='bbox 898 4230 1352 4296; x_wconf 89' lang='lat' dir='ltr'>distribuantur,</span> <span class='ocrx_word' id='word_1_326' title='bbox 1404 4249 1579 4302; x_wconf 91' lang='lat' dir='ltr'>quam</span> <span class='ocrx_word' id='word_1_327' title='bbox 1621 4249 1654 4285; x_wconf 91' lang='lat' dir='ltr'>a</span> <span class='ocrx_word' id='word_1_328' title='bbox 1693 4231 2028 4301; x_wconf 88' lang='lat' dir='ltr'>raptoribus</span> 
     </span>
    </p>
   </div>
   <div class='ocr_carea' id='block_1_45' title="bbox 390 4316 2027 4391">
    <p class='ocr_par' dir='ltr' id='par_1_45' title="bbox 390 4316 2027 4391">
     <span class='ocr_line' id='line_1_45' title="bbox 390 4316 2027 4391; baseline 0.003 -22"><span class='ocrx_word' id='word_1_329' title='bbox 390 4316 716 4387; x_wconf 86' lang='lat' dir='ltr'>capiantur.</span> <span class='ocrx_word' id='word_1_330' title='bbox 752 4318 864 4373; x_wconf 90' lang='lat' dir='ltr'>Sed</span> <span class='ocrx_word' id='word_1_331' title='bbox 898 4319 945 4373; x_wconf 92' lang='lat' dir='ltr'>si</span> <span class='ocrx_word' id='word_1_332' title='bbox 969 4318 1088 4374; x_wconf 90' lang='lat' dir='ltr'>ﬁeri</span> <span class='ocrx_word' id='word_1_333' title='bbox 1108 4324 1317 4390; x_wconf 88' lang='lat' dir='ltr'>potest,</span> <span class='ocrx_word' id='word_1_334' title='bbox 1350 4320 1536 4391; x_wconf 88' lang='lat' dir='ltr'>magis</span> <span class='ocrx_word' id='word_1_335' title='bbox 1556 4320 1849 4375; x_wconf 90' lang='lat' dir='ltr'>reddenda</span> <span class='ocrx_word' id='word_1_336' title='bbox 1869 4323 2027 4389; x_wconf 91' lang='lat' dir='ltr'>sunt,</span> 
     </span>
    </p>
   </div>
   <div class='ocr_carea' id='block_1_46' title="bbox 394 4406 2026 4480">
    <p class='ocr_par' dir='ltr' id='par_1_46' title="bbox 394 4406 2026 4480">
     <span class='ocr_line' id='line_1_46' title="bbox 394 4406 2026 4480; baseline 0.003 -22"><span class='ocrx_word' id='word_1_337' title='bbox 394 4406 1688 4480; x_wconf 77' lang='lat' dir='ltr'>quamaliterquoquomododispensanda.»]</span> <span class='ocrx_word' id='word_1_338' title='bbox 1732 4450 1744 4463; x_wconf 94' lang='lat'>.</span> <span class='ocrx_word' id='word_1_339' title='bbox 1826 4450 1838 4462; x_wconf 95' lang='lat'>.</span> <span class='ocrx_word' id='word_1_340' title='bbox 1920 4450 1933 4463; x_wconf 94' lang='lat'>.</span> <span class='ocrx_word' id='word_1_341' title='bbox 2015 4451 2026 4462; x_wconf 93' lang='lat'>.</span> 
     </span>
    </p>
   </div>
   <div class='ocr_carea' id='block_1_47' title="bbox 392 4493 2025 4553">
    <p class='ocr_par' dir='ltr' id='par_1_47' title="bbox 392 4493 2025 4553">
     <span class='ocr_line' id='line_1_47' title="bbox 392 4493 2025 4553; baseline 0.001 -5"><span class='ocrx_word' id='word_1_342' title='bbox 392 4493 891 4550; x_wconf 87' lang='lat' dir='ltr'>feceritDomino.</span> <span class='ocrx_word' id='word_1_343' title='bbox 972 4537 984 4549; x_wconf 92' lang='lat'>.</span> <span class='ocrx_word' id='word_1_344' title='bbox 1067 4538 1078 4551; x_wconf 94' lang='lat'>.</span> <span class='ocrx_word' id='word_1_345' title='bbox 1164 4538 1174 4550; x_wconf 95' lang='lat'>.</span> <span class='ocrx_word' id='word_1_346' title='bbox 1256 4539 1267 4551; x_wconf 95' lang='lat'>.</span> <span class='ocrx_word' id='word_1_347' title='bbox 1351 4539 1362 4551; x_wconf 92' lang='lat'>.</span> <span class='ocrx_word' id='word_1_348' title='bbox 1446 4540 1457 4551; x_wconf 95' lang='lat'>.</span> <span class='ocrx_word' id='word_1_349' title='bbox 1540 4540 1552 4553; x_wconf 94' lang='lat'>.</span> <span class='ocrx_word' id='word_1_350' title='bbox 1636 4538 1647 4551; x_wconf 94' lang='lat'>.</span> <span class='ocrx_word' id='word_1_351' title='bbox 1730 4538 1739 4550; x_wconf 93' lang='lat'>.</span> <span class='ocrx_word' id='word_1_352' title='bbox 1824 4541 1835 4552; x_wconf 96' lang='lat'>.</span> <span class='ocrx_word' id='word_1_353' title='bbox 1919 4540 1929 4551; x_wconf 94' lang='lat'>.</span> <span class='ocrx_word' id='word_1_354' title='bbox 2013 4538 2025 4550; x_wconf 94' lang='lat'>.</span> 
     </span>
    </p>
   </div>
   <div class='ocr_carea' id='block_1_48' title="bbox 2120 586 3768 658">
    <p class='ocr_par' dir='ltr' id='par_1_48' title="bbox 2120 586 3768 658">
     <span class='ocr_line' id='line_1_48' title="bbox 2120 586 3768 658; baseline 0.001 -18"><span class='ocrx_word' id='word_1_355' title='bbox 2120 586 2273 641; x_wconf 87' lang='lat' dir='ltr'>ﬁdei.</span> <span class='ocrx_word' id='word_1_356' title='bbox 2309 588 2593 651; x_wconf 90' lang='lat' dir='ltr'>Quoniam</span> <span class='ocrx_word' id='word_1_357' title='bbox 2627 587 2778 643; x_wconf 89' lang='lat' dir='ltr'>sicut</span> <span class='ocrx_word' id='word_1_358' title='bbox 2827 588 2909 643; x_wconf 90' lang='lat' dir='ltr'>ait</span> <span class='ocrx_word' id='word_1_359' title='bbox 2957 588 3163 643; x_wconf 89' lang='lat' dir='ltr'>beatus</span> <span class='ocrx_word' id='word_1_360' title='bbox 3211 586 3556 643; x_wconf 87' lang='lat' dir='ltr'>Ambrosius</span> <span class='ocrx_word' id='word_1_361' title='bbox 3590 586 3714 658; x_wconf 91' lang='lat' dir='ltr'>(lib.</span> <span class='ocrx_word' id='word_1_362' title='bbox 3750 604 3768 641; x_wconf 98' lang='lat'>1</span> 
     </span>
    </p>
   </div>
   <div class='ocr_carea' id='block_1_49' title="bbox 2124 675 3767 747">
    <p class='ocr_par' dir='ltr' id='par_1_49' title="bbox 2124 675 3767 747">
     <span class='ocr_line' id='line_1_49' title="bbox 2124 675 3767 747; baseline -0.001 -16"><span class='ocrx_word' id='word_1_363' title='bbox 2124 676 2287 745; x_wconf 79' lang='lat' dir='ltr'>Ofﬁc.</span> <span class='ocrx_word' id='word_1_364' title='bbox 2324 692 2373 730; x_wconf 81' lang='grc' dir='ltr'>ο.</span> <span class='ocrx_word' id='word_1_365' title='bbox 2399 678 2487 745; x_wconf 85' lang='grc'>30,</span> <span class='ocrx_word' id='word_1_366' title='bbox 2521 680 2652 732; x_wconf 89' lang='lat' dir='ltr'>ante</span> <span class='ocrx_word' id='word_1_367' title='bbox 2688 676 2883 747; x_wconf 89' lang='lat' dir='ltr'>med.):</span> <span class='ocrx_word' id='word_1_368' title='bbox 2919 700 2944 725; x_wconf 84' lang='lat'><strong>«</strong></span> <span class='ocrx_word' id='word_1_369' title='bbox 2972 676 3260 732; x_wconf 87' lang='lat' dir='ltr'>Omnibus</span> <span class='ocrx_word' id='word_1_370' title='bbox 3287 676 3566 730; x_wconf 85' lang='lat' dir='ltr'>debemus</span> <span class='ocrx_word' id='word_1_371' title='bbox 3590 675 3767 730; x_wconf 87' lang='lat' dir='ltr'>mise-</span> 
     </span>
    </p>
   </div>
   <div class='ocr_carea' id='block_1_50' title="bbox 2121 764 3764 837">
    <p class='ocr_par' dir='ltr' id='par_1_50' title="bbox 2121 764 3764 837">
     <span class='ocr_line' id='line_1_50' title="bbox 2121 764 3764 837; baseline 0 -19"><span class='ocrx_word' id='word_1_372' title='bbox 2121 764 2433 819; x_wconf 89' lang='lat' dir='ltr'>ricordiam</span> <span class='ocrx_word' id='word_1_373' title='bbox 2461 783 2473 830; x_wconf 90' lang='lat'><strong>;</strong></span> <span class='ocrx_word' id='word_1_374' title='bbox 2499 765 2598 820; x_wconf 91' lang='lat' dir='ltr'>sed</span> <span class='ocrx_word' id='word_1_375' title='bbox 2623 766 2775 837; x_wconf 89' lang='lat' dir='ltr'>quod</span> <span class='ocrx_word' id='word_1_376' title='bbox 2804 764 3065 837; x_wconf 89' lang='lat' dir='ltr'>plerique</span> <span class='ocrx_word' id='word_1_377' title='bbox 3085 781 3212 821; x_wconf 90' lang='lat' dir='ltr'>eam</span> <span class='ocrx_word' id='word_1_378' title='bbox 3237 765 3439 819; x_wconf 86' lang='lat' dir='ltr'>fraude</span> <span class='ocrx_word' id='word_1_379' title='bbox 3473 768 3764 835; x_wconf 67' lang='lat' dir='ltr'>quierunt,</span> 
     </span>
    </p>
   </div>
   <div class='ocr_carea' id='block_1_51' title="bbox 2121 852 3765 925">
    <p class='ocr_par' dir='ltr' id='par_1_51' title="bbox 2121 852 3765 925">
     <span class='ocr_line' id='line_1_51' title="bbox 2121 852 3765 925; baseline -0.001 -18"><span class='ocrx_word' id='word_1_380' title='bbox 2121 857 2177 907; x_wconf 91' lang='lat' dir='ltr'>et</span> <span class='ocrx_word' id='word_1_381' title='bbox 2194 853 2485 925; x_wconf 78' lang='lat' dir='ltr'>efﬁngunt</span> <span class='ocrx_word' id='word_1_382' title='bbox 2502 871 2852 920; x_wconf 82' lang='lat' dir='ltr'>aerumnam;</span> <span class='ocrx_word' id='word_1_383' title='bbox 2878 854 3004 909; x_wconf 90' lang='lat' dir='ltr'>ideo</span> <span class='ocrx_word' id='word_1_384' title='bbox 3023 854 3119 909; x_wconf 91' lang='lat' dir='ltr'>ubi</span> <span class='ocrx_word' id='word_1_385' title='bbox 3140 864 3317 909; x_wconf 84' lang='lat' dir='ltr'>causa</span> <span class='ocrx_word' id='word_1_386' title='bbox 3336 852 3765 918; x_wconf 86' lang='lat' dir='ltr'>manifestatur,</span> 
     </span>
    </p>
   </div>
   <div class='ocr_carea' id='block_1_52' title="bbox 2122 940 3767 1014">
    <p class='ocr_par' dir='ltr' id='par_1_52' title="bbox 2122 940 3767 1014">
     <span class='ocr_line' id='line_1_52' title="bbox 2122 940 3767 1014; baseline -0.001 -19"><span class='ocrx_word' id='word_1_387' title='bbox 2122 957 2369 1011; x_wconf 90' lang='lat' dir='ltr'>persona</span> <span class='ocrx_word' id='word_1_388' title='bbox 2392 942 2784 1013; x_wconf 88' lang='lat' dir='ltr'>cognoscitur,</span> <span class='ocrx_word' id='word_1_389' title='bbox 2802 947 3035 1014; x_wconf 88' lang='lat' dir='ltr'>tempus</span> <span class='ocrx_word' id='word_1_390' title='bbox 3058 946 3244 1013; x_wconf 87' lang='lat' dir='ltr'>urget,</span> <span class='ocrx_word' id='word_1_391' title='bbox 3268 941 3489 1013; x_wconf 86' lang='lat' dir='ltr'>largius</span> <span class='ocrx_word' id='word_1_392' title='bbox 3513 958 3573 996; x_wconf 89' lang='lat' dir='ltr'>se</span> <span class='ocrx_word' id='word_1_393' title='bbox 3595 940 3767 994; x_wconf 90' lang='lat' dir='ltr'>debet</span> 
     </span>
    </p>
   </div>
   <div class='ocr_carea' id='block_1_53' title="bbox 2124 1030 3769 1101">
    <p class='ocr_par' dir='ltr' id='par_1_53' title="bbox 2124 1030 3769 1101">
     <span class='ocr_line' id='line_1_53' title="bbox 2124 1030 3769 1101; baseline -0.002 -16"><span class='ocrx_word' id='word_1_394' title='bbox 2124 1030 2474 1101; x_wconf 86' lang='lat' dir='ltr'>profundere</span> <span class='ocrx_word' id='word_1_395' title='bbox 2503 1030 2918 1085; x_wconf 87' lang='lat' dir='ltr'>misericordia.</span> <span class='ocrx_word' id='word_1_396' title='bbox 2964 1056 2985 1082; x_wconf 72' lang='grc' dir='ltr'>ι</span> <span class='ocrx_word' id='word_1_397' title='bbox 3047 1031 3209 1087; x_wconf 89' lang='lat' dir='ltr'>Unde</span> <span class='ocrx_word' id='word_1_398' title='bbox 3249 1031 3454 1085; x_wconf 91' lang='lat' dir='ltr'>beatus</span> <span class='ocrx_word' id='word_1_399' title='bbox 3510 1030 3769 1084; x_wconf 88' lang='lat' dir='ltr'>Joannes</span> 
     </span>
    </p>
   </div>
   <div class='ocr_carea' id='block_1_54' title="bbox 2121 1118 3771 1190">
    <p class='ocr_par' dir='ltr' id='par_1_54' title="bbox 2121 1118 3771 1190">
     <span class='ocr_line' id='line_1_54' title="bbox 2121 1118 3771 1190; baseline -0.001 -16"><span class='ocrx_word' id='word_1_400' title='bbox 2121 1118 2419 1190; x_wconf 87' lang='lat' dir='ltr'>apostolus</span> <span class='ocrx_word' id='word_1_401' title='bbox 2452 1119 2569 1174; x_wconf 87' lang='lat' dir='ltr'>ait:</span> <span class='ocrx_word' id='word_1_402' title='bbox 2598 1120 2778 1177; x_wconf 82' lang='lat' dir='ltr'>Nolite</span> <span class='ocrx_word' id='word_1_403' title='bbox 2804 1120 3025 1175; x_wconf 84' lang='lat' dir='ltr'>credere</span> <span class='ocrx_word' id='word_1_404' title='bbox 3071 1121 3224 1175; x_wconf 87' lang='lat' dir='ltr'>omni</span> <span class='ocrx_word' id='word_1_405' title='bbox 3250 1119 3497 1190; x_wconf 84' lang='lat' dir='ltr'>spiritui,</span> <span class='ocrx_word' id='word_1_406' title='bbox 3526 1118 3617 1173; x_wconf 85' lang='lat' dir='ltr'>sed</span> <span class='ocrx_word' id='word_1_407' title='bbox 3644 1134 3771 1189; x_wconf 90' lang='lat' dir='ltr'>pro-</span> 
     </span>
    </p>
   </div>
   <div class='ocr_carea' id='block_1_55' title="bbox 2125 1207 3770 1279">
    <p class='ocr_par' dir='ltr' id='par_1_55' title="bbox 2125 1207 3770 1279">
     <span class='ocr_line' id='line_1_55' title="bbox 2125 1207 3770 1279; baseline -0.001 -16"><span class='ocrx_word' id='word_1_408' title='bbox 2125 1210 2246 1263; x_wconf 87' lang='lat' dir='ltr'>bate</span> <span class='ocrx_word' id='word_1_409' title='bbox 2276 1216 2461 1263; x_wconf 85' lang='lat' dir='ltr'>utrum</span> <span class='ocrx_word' id='word_1_410' title='bbox 2494 1224 2564 1264; x_wconf 74' lang='lat' dir='ltr'>ex</span> <span class='ocrx_word' id='word_1_411' title='bbox 2593 1210 2697 1265; x_wconf 89' lang='lat' dir='ltr'>Deo</span> <span class='ocrx_word' id='word_1_412' title='bbox 2726 1211 2797 1263; x_wconf 89' lang='lat' dir='ltr'>sit</span> <span class='ocrx_word' id='word_1_413' title='bbox 2844 1209 2889 1279; x_wconf 92' lang='grc'>(1</span> <span class='ocrx_word' id='word_1_414' title='bbox 2916 1212 3070 1265; x_wconf 86' lang='lat' dir='ltr'>Joan.</span> <span class='ocrx_word' id='word_1_415' title='bbox 3106 1226 3178 1274; x_wconf 89' lang='lat' dir='ltr'>1v,</span> <span class='ocrx_word' id='word_1_416' title='bbox 3216 1209 3287 1278; x_wconf 86' lang='grc'>1).</span> <span class='ocrx_word' id='word_1_417' title='bbox 3339 1207 3579 1263; x_wconf 91' lang='lat' dir='ltr'>Talibus</span> <span class='ocrx_word' id='word_1_418' title='bbox 3631 1223 3770 1278; x_wconf 88' lang='lat' dir='ltr'>ergo</span> 
     </span>
    </p>
   </div>
   <div class='ocr_carea' id='block_1_56' title="bbox 2124 1296 3773 1369">
    <p class='ocr_par' dir='ltr' id='par_1_56' title="bbox 2124 1296 3773 1369">
     <span class='ocr_line' id='line_1_56' title="bbox 2124 1296 3773 1369; baseline -0.002 -17"><span class='ocrx_word' id='word_1_419' title='bbox 2124 1312 2290 1369; x_wconf 86' lang='lat' dir='ltr'>opem</span> <span class='ocrx_word' id='word_1_420' title='bbox 2320 1297 2534 1353; x_wconf 88' lang='lat' dir='ltr'>inferre</span> <span class='ocrx_word' id='word_1_421' title='bbox 2556 1314 2670 1354; x_wconf 89' lang='lat' dir='ltr'>non</span> <span class='ocrx_word' id='word_1_422' title='bbox 2693 1297 3066 1366; x_wconf 86' lang='lat' dir='ltr'>desistamus,</span> <span class='ocrx_word' id='word_1_423' title='bbox 3093 1302 3157 1352; x_wconf 88' lang='lat' dir='ltr'>ut</span> <span class='ocrx_word' id='word_1_424' title='bbox 3177 1298 3439 1369; x_wconf 89' lang='lat' dir='ltr'>ipsorum</span> <span class='ocrx_word' id='word_1_425' title='bbox 3464 1296 3690 1351; x_wconf 87' lang='lat' dir='ltr'>meritis</span> <span class='ocrx_word' id='word_1_426' title='bbox 3713 1299 3773 1350; x_wconf 89' lang='lat' dir='ltr'>et</span> 
     </span>
    </p>
   </div>
   <div class='ocr_carea' id='block_1_57' title="bbox 2122 1385 3766 1443">
    <p class='ocr_par' dir='ltr' id='par_1_57' title="bbox 2122 1385 3766 1443">
     <span class='ocr_line' id='line_1_57' title="bbox 2122 1385 3766 1443; baseline -0.001 -3"><span class='ocrx_word' id='word_1_427' title='bbox 2122 1385 2642 1443; x_wconf 88' lang='lat' dir='ltr'>intercessionibus</span> <span class='ocrx_word' id='word_1_428' title='bbox 2674 1387 2965 1443; x_wconf 89' lang='lat' dir='ltr'>introduci</span> <span class='ocrx_word' id='word_1_429' title='bbox 2996 1402 3328 1442; x_wconf 89' lang='lat' dir='ltr'>mereamur</span> <span class='ocrx_word' id='word_1_430' title='bbox 3357 1387 3416 1441; x_wconf 92' lang='lat' dir='ltr'>in</span> <span class='ocrx_word' id='word_1_431' title='bbox 3447 1389 3663 1441; x_wconf 82' lang='lat' dir='ltr'>aeterna</span> <span class='ocrx_word' id='word_1_432' title='bbox 3684 1390 3766 1438; x_wconf 89' lang='lat' dir='ltr'>ta-</span> 
     </span>
    </p>
   </div>
   <div class='ocr_carea' id='block_1_58' title="bbox 2124 1476 2457 1533">
    <p class='ocr_par' dir='ltr' id='par_1_58' title="bbox 2124 1476 2457 1533">
     <span class='ocr_line' id='line_1_58' title="bbox 2124 1476 2457 1533; baseline 0.003 -3"><span class='ocrx_word' id='word_1_433' title='bbox 2124 1476 2262 1531; x_wconf 89' lang='lat' dir='ltr'>bern</span> <span class='ocrx_word' id='word_1_434' title='bbox 2273 1477 2457 1533; x_wconf 90' lang='lat' dir='ltr'>acula.</span> 
     </span>
    </p>
   </div>
   <div class='ocr_carea' id='block_1_59' title="bbox 2196 1562 3769 1636">
    <p class='ocr_par' dir='ltr' id='par_1_59' title="bbox 2196 1562 3769 1636">
     <span class='ocr_line' id='line_1_59' title="bbox 2196 1562 3769 1636; baseline -0.003 -17"><span class='ocrx_word' id='word_1_435' title='bbox 2196 1565 2304 1619; x_wconf 87' lang='lat' dir='ltr'>Sed</span> <span class='ocrx_word' id='word_1_436' title='bbox 2341 1565 2479 1635; x_wconf 91' lang='lat' dir='ltr'>quia</span> <span class='ocrx_word' id='word_1_437' title='bbox 2510 1582 2780 1636; x_wconf 87' lang='lat' dir='ltr'>asperum</span> <span class='ocrx_word' id='word_1_438' title='bbox 2823 1566 2978 1635; x_wconf 89' lang='lat' dir='ltr'>quod</span> <span class='ocrx_word' id='word_1_439' title='bbox 3009 1563 3430 1620; x_wconf 90' lang='lat' dir='ltr'>denuntiamus</span> <span class='ocrx_word' id='word_1_440' title='bbox 3457 1562 3769 1618; x_wconf 85' lang='lat' dir='ltr'>observare</span> 
     </span>
    </p>
   </div>
   <div class='ocr_carea' id='block_1_60' title="bbox 2125 1650 3770 1724">
    <p class='ocr_par' dir='ltr' id='par_1_60' title="bbox 2125 1650 3770 1724">
     <span class='ocr_line' id='line_1_60' title="bbox 2125 1650 3770 1724; baseline -0.003 -15"><span class='ocrx_word' id='word_1_441' title='bbox 2125 1654 2451 1709; x_wconf 89' lang='lat' dir='ltr'>volentibus</span> <span class='ocrx_word' id='word_1_442' title='bbox 2482 1655 2720 1709; x_wconf 90' lang='lat' dir='ltr'>omnino</span> <span class='ocrx_word' id='word_1_443' title='bbox 2750 1654 3001 1719; x_wconf 90' lang='lat' dir='ltr'>videtur,</span> <span class='ocrx_word' id='word_1_444' title='bbox 3036 1655 3179 1709; x_wconf 91' lang='lat' dir='ltr'>dum</span> <span class='ocrx_word' id='word_1_445' title='bbox 3223 1652 3456 1724; x_wconf 89' lang='lat' dir='ltr'>penitus</span> <span class='ocrx_word' id='word_1_446' title='bbox 3496 1650 3770 1721; x_wconf 87' lang='lat' dir='ltr'>blasphe-</span> 
     </span>
    </p>
   </div>
   <div class='ocr_carea' id='block_1_61' title="bbox 2124 1741 3767 1813">
    <p class='ocr_par' dir='ltr' id='par_1_61' title="bbox 2124 1741 3767 1813">
     <span class='ocr_line' id='line_1_61' title="bbox 2124 1741 3767 1813; baseline -0.002 -16"><span class='ocrx_word' id='word_1_447' title='bbox 2124 1760 2283 1798; x_wconf 89' lang='lat' dir='ltr'>mare</span> <span class='ocrx_word' id='word_1_448' title='bbox 2304 1747 2637 1798; x_wconf 87' lang='lat' dir='ltr'>sanctarum</span> <span class='ocrx_word' id='word_1_449' title='bbox 2660 1742 3090 1813; x_wconf 86' lang='lat' dir='ltr'>Scripturarum</span> <span class='ocrx_word' id='word_1_450' title='bbox 3114 1758 3229 1796; x_wconf 92' lang='lat' dir='ltr'>non</span> <span class='ocrx_word' id='word_1_451' title='bbox 3241 1741 3459 1796; x_wconf 90' lang='lat' dir='ltr'>audent</span> <span class='ocrx_word' id='word_1_452' title='bbox 3474 1744 3767 1805; x_wconf 87' lang='lat' dir='ltr'>auctores,</span> 
     </span>
    </p>
   </div>
   <div class='ocr_carea' id='block_1_62' title="bbox 2124 1828 3772 1903">
    <p class='ocr_par' dir='ltr' id='par_1_62' title="bbox 2124 1828 3772 1903">
     <span class='ocr_line' id='line_1_62' title="bbox 2124 1828 3772 1903; baseline -0.004 -16"><span class='ocrx_word' id='word_1_453' title='bbox 2124 1832 2283 1903; x_wconf 88' lang='lat' dir='ltr'>ipsos</span> <span class='ocrx_word' id='word_1_454' title='bbox 2311 1831 2708 1903; x_wconf 89' lang='lat' dir='ltr'>persequinon</span> <span class='ocrx_word' id='word_1_455' title='bbox 2732 1830 3015 1885; x_wconf 90' lang='lat' dir='ltr'>omittunt</span> <span class='ocrx_word' id='word_1_456' title='bbox 3027 1829 3323 1897; x_wconf 90' lang='lat' dir='ltr'>relatores,</span> <span class='ocrx_word' id='word_1_457' title='bbox 3341 1833 3406 1884; x_wconf 89' lang='lat' dir='ltr'>ut</span> <span class='ocrx_word' id='word_1_458' title='bbox 3426 1828 3590 1899; x_wconf 90' lang='lat' dir='ltr'>quasi</span> <span class='ocrx_word' id='word_1_459' title='bbox 3609 1844 3772 1882; x_wconf 88' lang='lat' dir='ltr'>secu-</span> 
     </span>
    </p>
   </div>
   <div class='ocr_carea' id='block_1_63' title="bbox 2126 1916 3771 1991">
    <p class='ocr_par' dir='ltr' id='par_1_63' title="bbox 2126 1916 3771 1991">
     <span class='ocr_line' id='line_1_63' title="bbox 2126 1916 3771 1991; baseline -0.003 -17"><span class='ocrx_word' id='word_1_460' title='bbox 2126 1920 2249 1975; x_wconf 90' lang='lat' dir='ltr'>rius</span> <span class='ocrx_word' id='word_1_461' title='bbox 2275 1920 2343 1974; x_wconf 90' lang='lat' dir='ltr'>de</span> <span class='ocrx_word' id='word_1_462' title='bbox 2365 1919 2695 1991; x_wconf 90' lang='lat' dir='ltr'>ignorantia</span> <span class='ocrx_word' id='word_1_463' title='bbox 2708 1935 2769 1973; x_wconf 90' lang='lat' dir='ltr'>se</span> <span class='ocrx_word' id='word_1_464' title='bbox 2781 1918 3045 1974; x_wconf 87' lang='lat' dir='ltr'>excusari</span> <span class='ocrx_word' id='word_1_465' title='bbox 3063 1918 3308 1989; x_wconf 89' lang='lat' dir='ltr'>possint,</span> <span class='ocrx_word' id='word_1_466' title='bbox 3323 1916 3371 1971; x_wconf 92' lang='lat' dir='ltr'>si</span> <span class='ocrx_word' id='word_1_467' title='bbox 3386 1917 3507 1971; x_wconf 66' lang='lat' dir='ltr'>haec</span> <span class='ocrx_word' id='word_1_468' title='bbox 3526 1916 3771 1970; x_wconf 89' lang='lat' dir='ltr'>minime</span> 
     </span>
    </p>
   </div>
   <div class='ocr_carea' id='block_1_64' title="bbox 2125 2003 3773 2064">
    <p class='ocr_par' dir='ltr' id='par_1_64' title="bbox 2125 2003 3773 2064">
     <span class='ocr_line' id='line_1_64' title="bbox 2125 2003 3773 2064; baseline -0.003 0"><span class='ocrx_word' id='word_1_469' title='bbox 2125 2008 2436 2064; x_wconf 88' lang='lat' dir='ltr'>audierint.</span> <span class='ocrx_word' id='word_1_470' title='bbox 2472 2012 2714 2063; x_wconf 84' lang='lat' dir='ltr'>Econtra</span> <span class='ocrx_word' id='word_1_471' title='bbox 2736 2024 2841 2062; x_wconf 88' lang='lat' dir='ltr'>nos</span> <span class='ocrx_word' id='word_1_472' title='bbox 2874 2006 3155 2062; x_wconf 91' lang='lat' dir='ltr'>Dominus</span> <span class='ocrx_word' id='word_1_473' title='bbox 3185 2008 3459 2062; x_wconf 87' lang='lat' dir='ltr'>admonet</span> <span class='ocrx_word' id='word_1_474' title='bbox 3491 2003 3773 2059; x_wconf 87' lang='lat' dir='ltr'>Ezechieli</span> 
     </span>
    </p>
   </div>
   <div class='ocr_carea' id='block_1_65' title="bbox 2125 2095 3775 2169">
    <p class='ocr_par' dir='ltr' id='par_1_65' title="bbox 2125 2095 3775 2169">
     <span class='ocr_line' id='line_1_65' title="bbox 2125 2095 3775 2169; baseline -0.003 -17"><span class='ocrx_word' id='word_1_475' title='bbox 2125 2097 2418 2169; x_wconf 81' lang='lat' dir='ltr'>prophetae</span> <span class='ocrx_word' id='word_1_476' title='bbox 2449 2096 2683 2152; x_wconf 87' lang='lat' dir='ltr'>dicens:</span> <span class='ocrx_word' id='word_1_477' title='bbox 2724 2099 2818 2163; x_wconf 83' lang='lat' dir='ltr'>Tu,</span> <span class='ocrx_word' id='word_1_478' title='bbox 2851 2095 2943 2165; x_wconf 78' lang='lat' dir='ltr'>fili</span> <span class='ocrx_word' id='word_1_479' title='bbox 2990 2097 3248 2162; x_wconf 87' lang='lat' dir='ltr'>hominis,</span> <span class='ocrx_word' id='word_1_480' title='bbox 3302 2095 3690 2165; x_wconf 88' lang='lat' dir='ltr'>speculatorem</span> <span class='ocrx_word' id='word_1_481' title='bbox 3721 2102 3775 2148; x_wconf 89' lang='lat' dir='ltr'>te</span> 
     </span>
    </p>
   </div>
   <div class='ocr_carea' id='block_1_66' title="bbox 2121 2183 3770 2257">
    <p class='ocr_par' dir='ltr' id='par_1_66' title="bbox 2121 2183 3770 2257">
     <span class='ocr_line' id='line_1_66' title="bbox 2121 2183 3770 2257; baseline -0.004 -16"><span class='ocrx_word' id='word_1_482' title='bbox 2121 2188 2281 2257; x_wconf 84' lang='lat' dir='ltr'>posui</span> <span class='ocrx_word' id='word_1_483' title='bbox 2331 2186 2518 2241; x_wconf 86' lang='lat' dir='ltr'>domui</span> <span class='ocrx_word' id='word_1_484' title='bbox 2575 2184 2772 2254; x_wconf 82' lang='lat' dir='ltr'>Israel,</span> <span class='ocrx_word' id='word_1_485' title='bbox 2831 2184 3060 2239; x_wconf 86' lang='lat' dir='ltr'>audiens</span> <span class='ocrx_word' id='word_1_486' title='bbox 3117 2184 3181 2239; x_wconf 87' lang='lat' dir='ltr'>de</span> <span class='ocrx_word' id='word_1_487' title='bbox 3210 2200 3306 2239; x_wconf 89' lang='lat' dir='ltr'>ore</span> <span class='ocrx_word' id='word_1_488' title='bbox 3358 2199 3479 2238; x_wconf 89' lang='lat' dir='ltr'>meo</span> <span class='ocrx_word' id='word_1_489' title='bbox 3529 2183 3770 2252; x_wconf 83' lang='lat' dir='ltr'>verbum,</span> 
     </span>
    </p>
   </div>
   <div class='ocr_carea' id='block_1_67' title="bbox 2126 2271 3771 2342">
    <p class='ocr_par' dir='ltr' id='par_1_67' title="bbox 2126 2271 3771 2342">
     <span class='ocr_line' id='line_1_67' title="bbox 2126 2271 3771 2342; baseline -0.003 -13"><span class='ocrx_word' id='word_1_490' title='bbox 2126 2275 2483 2329; x_wconf 81' lang='lat' dir='ltr'>annuntiabis</span> <span class='ocrx_word' id='word_1_491' title='bbox 2513 2275 2589 2328; x_wconf 87' lang='lat' dir='ltr'>eis</span> <span class='ocrx_word' id='word_1_492' title='bbox 2618 2291 2688 2329; x_wconf 76' lang='lat' dir='ltr'>ex</span> <span class='ocrx_word' id='word_1_493' title='bbox 2729 2290 2832 2329; x_wconf 86' lang='lat' dir='ltr'>me.</span> <span class='ocrx_word' id='word_1_494' title='bbox 2898 2273 2957 2328; x_wconf 87' lang='lat' dir='ltr'>Si</span> <span class='ocrx_word' id='word_1_495' title='bbox 3003 2272 3215 2328; x_wconf 79' lang='lat' dir='ltr'>dicente</span> <span class='ocrx_word' id='word_1_496' title='bbox 3266 2289 3351 2326; x_wconf 91' lang='lat' dir='ltr'>me</span> <span class='ocrx_word' id='word_1_497' title='bbox 3406 2271 3474 2325; x_wconf 89' lang='lat' dir='ltr'>ad</span> <span class='ocrx_word' id='word_1_498' title='bbox 3512 2272 3771 2342; x_wconf 89' lang='lat' dir='ltr'>impium,</span> 
     </span>
    </p>
   </div>
   <div class='ocr_carea' id='block_1_68' title="bbox 2125 2360 3773 2433">
    <p class='ocr_par' dir='ltr' id='par_1_68' title="bbox 2125 2360 3773 2433">
     <span class='ocr_line' id='line_1_68' title="bbox 2125 2360 3773 2433; baseline -0.002 -17"><span class='ocrx_word' id='word_1_499' title='bbox 2125 2372 2301 2418; x_wconf 82' lang='lat' dir='ltr'>morte</span> <span class='ocrx_word' id='word_1_500' title='bbox 2325 2365 2597 2433; x_wconf 84' lang='lat' dir='ltr'>morieris,</span> <span class='ocrx_word' id='word_1_501' title='bbox 2638 2379 2747 2417; x_wconf 84' lang='lat' dir='ltr'>non</span> <span class='ocrx_word' id='word_1_502' title='bbox 2773 2364 3202 2417; x_wconf 78' lang='lat' dir='ltr'>annuntiarcris</span> <span class='ocrx_word' id='word_1_503' title='bbox 3233 2362 3304 2426; x_wconf 88' lang='lat' dir='ltr'>ei,</span> <span class='ocrx_word' id='word_1_504' title='bbox 3335 2376 3508 2431; x_wconf 86' lang='lat' dir='ltr'>neque</span> <span class='ocrx_word' id='word_1_505' title='bbox 3560 2360 3773 2415; x_wconf 85' lang='lat' dir='ltr'>locutus</span> 
     </span>
    </p>
   </div>
   <div class='ocr_carea' id='block_1_69' title="bbox 2123 2450 3767 2523">
    <p class='ocr_par' dir='ltr' id='par_1_69' title="bbox 2123 2450 3767 2523">
     <span class='ocr_line' id='line_1_69' title="bbox 2123 2450 3767 2523; baseline -0.003 -16"><span class='ocrx_word' id='word_1_506' title='bbox 2123 2454 2319 2523; x_wconf 81' lang='lat' dir='ltr'>fueris,</span> <span class='ocrx_word' id='word_1_507' title='bbox 2382 2455 2441 2506; x_wconf 87' lang='lat' dir='ltr'>ut</span> <span class='ocrx_word' id='word_1_508' title='bbox 2494 2455 2779 2507; x_wconf 84' lang='lat' dir='ltr'>avertatur</span> <span class='ocrx_word' id='word_1_509' title='bbox 2834 2468 2867 2504; x_wconf 89' lang='lat' dir='ltr'>a</span> <span class='ocrx_word' id='word_1_510' title='bbox 2913 2453 3007 2506; x_wconf 88' lang='lat' dir='ltr'>via</span> <span class='ocrx_word' id='word_1_511' title='bbox 3062 2467 3161 2503; x_wconf 87' lang='lat' dir='ltr'>sua</span> <span class='ocrx_word' id='word_1_512' title='bbox 3216 2450 3408 2520; x_wconf 84' lang='lat' dir='ltr'>impia,</span> <span class='ocrx_word' id='word_1_513' title='bbox 3470 2451 3521 2503; x_wconf 87' lang='lat' dir='ltr'>et</span> <span class='ocrx_word' id='word_1_514' title='bbox 3576 2450 3767 2502; x_wconf 80' lang='lat' dir='ltr'>vivat:</span> 
     </span>
    </p>
   </div>
   <div class='ocr_carea' id='block_1_70' title="bbox 2124 2538 3772 2612">
    <p class='ocr_par' dir='ltr' id='par_1_70' title="bbox 2124 2538 3772 2612">
     <span class='ocr_line' id='line_1_70' title="bbox 2124 2538 3772 2612; baseline -0.002 -17"><span class='ocrx_word' id='word_1_515' title='bbox 2124 2542 2239 2612; x_wconf 88' lang='lat' dir='ltr'>ipse</span> <span class='ocrx_word' id='word_1_516' title='bbox 2271 2543 2471 2612; x_wconf 89' lang='lat' dir='ltr'>impius</span> <span class='ocrx_word' id='word_1_517' title='bbox 2497 2542 2554 2594; x_wconf 88' lang='lat' dir='ltr'>in</span> <span class='ocrx_word' id='word_1_518' title='bbox 2588 2541 2883 2610; x_wconf 87' lang='lat' dir='ltr'>iniquitate</span> <span class='ocrx_word' id='word_1_519' title='bbox 2933 2556 3033 2595; x_wconf 87' lang='lat' dir='ltr'>sua</span> <span class='ocrx_word' id='word_1_520' title='bbox 3092 2540 3391 2593; x_wconf 85' lang='lat' dir='ltr'>morietur:</span> <span class='ocrx_word' id='word_1_521' title='bbox 3438 2538 3772 2610; x_wconf 82' lang='lat' dir='ltr'>sanguinem</span> 
     </span>
    </p>
   </div>
   <div class='ocr_carea' id='block_1_71' title="bbox 2126 2627 3769 2700">
    <p class='ocr_par' dir='ltr' id='par_1_71' title="bbox 2126 2627 3769 2700">
     <span class='ocr_line' id='line_1_71' title="bbox 2126 2627 3769 2700; baseline -0.003 -16"><span class='ocrx_word' id='word_1_522' title='bbox 2126 2633 2310 2685; x_wconf 86' lang='lat' dir='ltr'>autem</span> <span class='ocrx_word' id='word_1_523' title='bbox 2364 2631 2485 2700; x_wconf 89' lang='lat' dir='ltr'>ejus</span> <span class='ocrx_word' id='word_1_524' title='bbox 2511 2630 2579 2685; x_wconf 88' lang='lat' dir='ltr'>de</span> <span class='ocrx_word' id='word_1_525' title='bbox 2634 2646 2806 2683; x_wconf 87' lang='lat' dir='ltr'>manu</span> <span class='ocrx_word' id='word_1_526' title='bbox 2871 2632 2973 2683; x_wconf 89' lang='lat' dir='ltr'>tua</span> <span class='ocrx_word' id='word_1_527' title='bbox 3030 2629 3331 2698; x_wconf 82' lang='lat' dir='ltr'>requiram.</span> <span class='ocrx_word' id='word_1_528' title='bbox 3392 2627 3455 2681; x_wconf 89' lang='lat' dir='ltr'>Si</span> <span class='ocrx_word' id='word_1_529' title='bbox 3499 2630 3679 2681; x_wconf 86' lang='lat' dir='ltr'>autem</span> <span class='ocrx_word' id='word_1_530' title='bbox 3714 2630 3769 2679; x_wconf 87' lang='lat' dir='ltr'>tu</span> 
     </span>
    </p>
   </div>
   <div class='ocr_carea' id='block_1_72' title="bbox 2125 2717 3772 2789">
    <p class='ocr_par' dir='ltr' id='par_1_72' title="bbox 2125 2717 3772 2789">
     <span class='ocr_line' id='line_1_72' title="bbox 2125 2717 3772 2789; baseline -0.003 -15"><span class='ocrx_word' id='word_1_531' title='bbox 2125 2720 2542 2774; x_wconf 85' lang='lat' dir='ltr'>annuntiaveris</span> <span class='ocrx_word' id='word_1_532' title='bbox 2600 2719 2792 2789; x_wconf 88' lang='lat' dir='ltr'>impio,</span> <span class='ocrx_word' id='word_1_533' title='bbox 2848 2726 2899 2772; x_wconf 89' lang='lat' dir='ltr'>et</span> <span class='ocrx_word' id='word_1_534' title='bbox 2958 2717 3053 2771; x_wconf 89' lang='lat' dir='ltr'>ille</span> <span class='ocrx_word' id='word_1_535' title='bbox 3100 2732 3207 2771; x_wconf 84' lang='lat' dir='ltr'>non</span> <span class='ocrx_word' id='word_1_536' title='bbox 3265 2718 3434 2786; x_wconf 77' lang='lat' dir='ltr'>fuerit</span> <span class='ocrx_word' id='word_1_537' title='bbox 3480 2731 3772 2770; x_wconf 87' lang='lat' dir='ltr'>conversus</span> 
     </span>
    </p>
   </div>
   <div class='ocr_carea' id='block_1_73' title="bbox 2124 2804 3771 2879">
    <p class='ocr_par' dir='ltr' id='par_1_73' title="bbox 2124 2804 3771 2879">
     <span class='ocr_line' id='line_1_73' title="bbox 2124 2804 3771 2879; baseline -0.004 -16"><span class='ocrx_word' id='word_1_538' title='bbox 2124 2808 2195 2864; x_wconf 91' lang='lat' dir='ltr'>ab</span> <span class='ocrx_word' id='word_1_539' title='bbox 2229 2810 2513 2879; x_wconf 84' lang='lat' dir='ltr'>impietate</span> <span class='ocrx_word' id='word_1_540' title='bbox 2562 2813 2615 2862; x_wconf 85' lang='lat' dir='ltr'>et</span> <span class='ocrx_word' id='word_1_541' title='bbox 2646 2809 2736 2863; x_wconf 88' lang='lat' dir='ltr'>via</span> <span class='ocrx_word' id='word_1_542' title='bbox 2763 2823 2866 2862; x_wconf 83' lang='lat' dir='ltr'>sua</span> <span class='ocrx_word' id='word_1_543' title='bbox 2901 2807 3093 2873; x_wconf 87' lang='lat' dir='ltr'>mala;</span> <span class='ocrx_word' id='word_1_544' title='bbox 3141 2808 3258 2876; x_wconf 88' lang='lat' dir='ltr'>ipse</span> <span class='ocrx_word' id='word_1_545' title='bbox 3301 2804 3515 2875; x_wconf 86' lang='lat' dir='ltr'>quidem</span> <span class='ocrx_word' id='word_1_546' title='bbox 3566 2806 3626 2858; x_wconf 86' lang='lat' dir='ltr'>in</span> <span class='ocrx_word' id='word_1_547' title='bbox 3657 2804 3771 2858; x_wconf 86' lang='lat' dir='ltr'>ini-</span> 
     </span>
    </p>
   </div>
   <div class='ocr_carea' id='block_1_74' title="bbox 2128 2893 3775 2969">
    <p class='ocr_par' dir='ltr' id='par_1_74' title="bbox 2128 2893 3775 2969">
     <span class='ocr_line' id='line_1_74' title="bbox 2128 2893 3775 2969; baseline -0.004 -17"><span class='ocrx_word' id='word_1_548' title='bbox 2128 2899 2336 2969; x_wconf 87' lang='lat' dir='ltr'>quitate</span> <span class='ocrx_word' id='word_1_549' title='bbox 2363 2912 2466 2951; x_wconf 87' lang='lat' dir='ltr'>sua</span> <span class='ocrx_word' id='word_1_550' title='bbox 2494 2898 2781 2964; x_wconf 86' lang='lat' dir='ltr'>morietur,</span> <span class='ocrx_word' id='word_1_551' title='bbox 2823 2904 2884 2950; x_wconf 87' lang='lat' dir='ltr'>tu</span> <span class='ocrx_word' id='word_1_552' title='bbox 2930 2899 3112 2950; x_wconf 85' lang='lat' dir='ltr'>autem</span> <span class='ocrx_word' id='word_1_553' title='bbox 3141 2896 3389 2949; x_wconf 88' lang='lat' dir='ltr'>animam</span> <span class='ocrx_word' id='word_1_554' title='bbox 3444 2898 3597 2948; x_wconf 86' lang='lat' dir='ltr'>tuam</span> <span class='ocrx_word' id='word_1_555' title='bbox 3645 2893 3775 2947; x_wconf 87' lang='lat' dir='ltr'>libe-</span> 
     </span>
    </p>
   </div>
   <div class='ocr_carea' id='block_1_75' title="bbox 2130 2982 3777 3056">
    <p class='ocr_par' dir='ltr' id='par_1_75' title="bbox 2130 2982 3777 3056">
     <span class='ocr_line' id='line_1_75' title="bbox 2130 2982 3777 3056; baseline -0.004 -15"><span class='ocrx_word' id='word_1_556' title='bbox 2130 2986 2505 3055; x_wconf 68' lang='lat' dir='ltr'>rasti(E.iech.</span> <span class='ocrx_word' id='word_1_557' title='bbox 2560 3002 2644 3051; x_wconf 90' lang='lat'><strong>111,</strong></span> <span class='ocrx_word' id='word_1_558' title='bbox 2696 2984 2801 3056; x_wconf 92' lang='grc'>17).</span> <span class='ocrx_word' id='word_1_559' title='bbox 2849 2985 2915 3039; x_wconf 91' lang='lat' dir='ltr'>Et</span> <span class='ocrx_word' id='word_1_560' title='bbox 2960 2984 3217 3039; x_wconf 89' lang='lat' dir='ltr'>Jacobus</span> <span class='ocrx_word' id='word_1_561' title='bbox 3269 2982 3607 3055; x_wconf 87' lang='lat' dir='ltr'>apostolus:</span> <span class='ocrx_word' id='word_1_562' title='bbox 3670 2982 3777 3049; x_wconf 86' lang='lat' dir='ltr'>Qui</span> 
     </span>
    </p>
   </div>
   <div class='ocr_carea' id='block_1_76' title="bbox 2127 3071 3779 3146">
    <p class='ocr_par' dir='ltr' id='par_1_76' title="bbox 2127 3071 3779 3146">
     <span class='ocr_line' id='line_1_76' title="bbox 2127 3071 3779 3146; baseline -0.004 -15"><span class='ocrx_word' id='word_1_563' title='bbox 2127 3077 2369 3131; x_wconf 85' lang='lat' dir='ltr'>converti</span> <span class='ocrx_word' id='word_1_564' title='bbox 2386 3076 2579 3146; x_wconf 83' lang='lat' dir='ltr'>fecerit</span> <span class='ocrx_word' id='word_1_565' title='bbox 2595 3077 2927 3145; x_wconf 86' lang='lat' dir='ltr'>peccatorem</span> <span class='ocrx_word' id='word_1_566' title='bbox 2959 3074 3026 3127; x_wconf 88' lang='lat' dir='ltr'>ab</span> <span class='ocrx_word' id='word_1_567' title='bbox 3047 3088 3233 3128; x_wconf 89' lang='lat' dir='ltr'>errore</span> <span class='ocrx_word' id='word_1_568' title='bbox 3256 3074 3364 3128; x_wconf 68' lang='lat' dir='ltr'>via:</span> <span class='ocrx_word' id='word_1_569' title='bbox 3381 3086 3519 3137; x_wconf 62' lang='lat' dir='ltr'>suw,</span> <span class='ocrx_word' id='word_1_570' title='bbox 3542 3071 3779 3125; x_wconf 87' lang='lat' dir='ltr'>salvabit</span> 
     </span>
    </p>
   </div>
   <div class='ocr_carea' id='block_1_77' title="bbox 2131 3161 3775 3234">
    <p class='ocr_par' dir='ltr' id='par_1_77' title="bbox 2131 3161 3775 3234">
     <span class='ocr_line' id='line_1_77' title="bbox 2131 3161 3775 3234; baseline -0.003 -15"><span class='ocrx_word' id='word_1_571' title='bbox 2131 3167 2377 3219; x_wconf 89' lang='lat' dir='ltr'>animam</span> <span class='ocrx_word' id='word_1_572' title='bbox 2426 3180 2591 3218; x_wconf 87' lang='lat' dir='ltr'>suam</span> <span class='ocrx_word' id='word_1_573' title='bbox 2612 3181 2632 3225; x_wconf 86' lang='grc'>,·</span> <span class='ocrx_word' id='word_1_574' title='bbox 2691 3170 2741 3218; x_wconf 85' lang='lat' dir='ltr'>et</span> <span class='ocrx_word' id='word_1_575' title='bbox 2796 3163 3011 3234; x_wconf 84' lang='lat' dir='ltr'>aperiet</span> <span class='ocrx_word' id='word_1_576' title='bbox 3059 3161 3485 3216; x_wconf 85' lang='lat' dir='ltr'>multitudinem</span> <span class='ocrx_word' id='word_1_577' title='bbox 3531 3162 3775 3229; x_wconf 88' lang='lat' dir='ltr'>peccato-</span> 
     </span>
    </p>
   </div>
   <div class='ocr_carea' id='block_1_78' title="bbox 2130 3232 3811 3324">
    <p class='ocr_par' dir='ltr' id='par_1_78' title="bbox 2130 3232 3811 3324">
     <span class='ocr_line' id='line_1_78' title="bbox 2130 3232 3811 3324; baseline -0.004 -16"><span class='ocrx_word' id='word_1_578' title='bbox 2130 3270 2257 3308; x_wconf 86' lang='lat' dir='ltr'>rum</span> <span class='ocrx_word' id='word_1_579' title='bbox 2299 3253 2431 3324; x_wconf 86' lang='lat' dir='ltr'>(Jac.</span> <span class='ocrx_word' id='word_1_580' title='bbox 2467 3252 2664 3321; x_wconf 82' lang='lat' dir='ltr'>v,20).</span> <span class='ocrx_word' id='word_1_581' title='bbox 2727 3232 2907 3305; x_wconf 82' lang='lat' dir='ltr'>Isaias</span> <span class='ocrx_word' id='word_1_582' title='bbox 2966 3265 3197 3319; x_wconf 89' lang='lat' dir='ltr'>quoque</span> <span class='ocrx_word' id='word_1_583' title='bbox 3257 3248 3375 3303; x_wconf 90' lang='lat' dir='ltr'>ait:</span> <span class='ocrx_word' id='word_1_584' title='bbox 3438 3246 3647 3316; x_wconf 86' lang='lat' dir='ltr'>Clama,</span> <span class='ocrx_word' id='word_1_585' title='bbox 3709 3232 3811 3303; x_wconf 33' lang='lat' dir='ltr'>ne‘</span> 
     </span>
    </p>
   </div>
   <div class='ocr_carea' id='block_1_79' title="bbox 2131 3338 3781 3411">
    <p class='ocr_par' dir='ltr' id='par_1_79' title="bbox 2131 3338 3781 3411">
     <span class='ocr_line' id='line_1_79' title="bbox 2131 3338 3781 3411; baseline -0.004 -14"><span class='ocrx_word' id='word_1_586' title='bbox 2131 3357 2321 3409; x_wconf 86' lang='lat' dir='ltr'>cesses,</span> <span class='ocrx_word' id='word_1_587' title='bbox 2369 3342 2531 3411; x_wconf 90' lang='lat' dir='ltr'>quasi</span> <span class='ocrx_word' id='word_1_588' title='bbox 2587 3340 2716 3393; x_wconf 89' lang='lat' dir='ltr'>tuba</span> <span class='ocrx_word' id='word_1_589' title='bbox 2759 3338 2944 3393; x_wconf 74' lang='lat' dir='ltr'>exalia</span> <span class='ocrx_word' id='word_1_590' title='bbox 2973 3352 3153 3391; x_wconf 86' lang='lat' dir='ltr'>vocem</span> <span class='ocrx_word' id='word_1_591' title='bbox 3206 3340 3379 3405; x_wconf 85' lang='lat' dir='ltr'>tuam,</span> <span class='ocrx_word' id='word_1_592' title='bbox 3412 3339 3464 3390; x_wconf 85' lang='lat' dir='ltr'>et</span> <span class='ocrx_word' id='word_1_593' title='bbox 3502 3338 3781 3391; x_wconf 83' lang='lat' dir='ltr'>annuntia</span> 
     </span>
    </p>
   </div>
   <div class='ocr_carea' id='block_1_80' title="bbox 2128 3425 3780 3503">
    <p class='ocr_par' dir='ltr' id='par_1_80' title="bbox 2128 3425 3780 3503">
     <span class='ocr_line' id='line_1_80' title="bbox 2128 3425 3780 3503; baseline -0.004 -16"><span class='ocrx_word' id='word_1_594' title='bbox 2128 3431 2327 3503; x_wconf 87' lang='lat' dir='ltr'>populo</span> <span class='ocrx_word' id='word_1_595' title='bbox 2347 3444 2463 3483; x_wconf 89' lang='lat' dir='ltr'>meo</span> <span class='ocrx_word' id='word_1_596' title='bbox 2483 3428 2688 3483; x_wconf 87' lang='lat' dir='ltr'>scelera</span> <span class='ocrx_word' id='word_1_597' title='bbox 2708 3442 2917 3497; x_wconf 85' lang='lat' dir='ltr'>eorum,</span> <span class='ocrx_word' id='word_1_598' title='bbox 2942 3430 2993 3482; x_wconf 88' lang='lat' dir='ltr'>et</span> <span class='ocrx_word' id='word_1_599' title='bbox 3013 3425 3200 3480; x_wconf 85' lang='lat' dir='ltr'>domui</span> <span class='ocrx_word' id='word_1_600' title='bbox 3248 3426 3422 3482; x_wconf 86' lang='lat' dir='ltr'>Israel</span> <span class='ocrx_word' id='word_1_601' title='bbox 3440 3433 3661 3496; x_wconf 82' lang='lat' dir='ltr'>peccata</span> <span class='ocrx_word' id='word_1_602' title='bbox 3692 3441 3780 3480; x_wconf 88' lang='lat' dir='ltr'>eo-</span> 
     </span>
    </p>
   </div>
   <div class='ocr_carea' id='block_1_81' title="bbox 2132 3516 3781 3584">
    <p class='ocr_par' dir='ltr' id='par_1_81' title="bbox 2132 3516 3781 3584">
     <span class='ocr_line' id='line_1_81' title="bbox 2132 3516 3781 3584; baseline -0.004 -10"><span class='ocrx_word' id='word_1_603' title='bbox 2132 3535 2275 3574; x_wconf 88' lang='lat' dir='ltr'>rum.</span> <span class='ocrx_word' id='word_1_604' title='bbox 2313 3521 2401 3574; x_wconf 78' lang='lat' dir='ltr'>Me</span> <span class='ocrx_word' id='word_1_605' title='bbox 2427 3519 2626 3573; x_wconf 88' lang='lat' dir='ltr'>etenim</span> <span class='ocrx_word' id='word_1_606' title='bbox 2661 3516 2724 3571; x_wconf 79' lang='lat' dir='ltr'>de</span> <span class='ocrx_word' id='word_1_607' title='bbox 2744 3516 2834 3572; x_wconf 84' lang='lat' dir='ltr'>die</span> <span class='ocrx_word' id='word_1_608' title='bbox 2855 3518 2915 3570; x_wconf 91' lang='lat' dir='ltr'>in</span> <span class='ocrx_word' id='word_1_609' title='bbox 2935 3516 3077 3570; x_wconf 86' lang='lat' dir='ltr'>diem</span> <span class='ocrx_word' id='word_1_610' title='bbox 3101 3518 3378 3584; x_wconf 76' lang='lat' dir='ltr'>quaerunt,</span> <span class='ocrx_word' id='word_1_611' title='bbox 3412 3518 3462 3569; x_wconf 86' lang='lat' dir='ltr'>et</span> <span class='ocrx_word' id='word_1_612' title='bbox 3492 3516 3630 3569; x_wconf 85' lang='lat' dir='ltr'>scire</span> <span class='ocrx_word' id='word_1_613' title='bbox 3659 3516 3781 3569; x_wconf 84' lang='lat' dir='ltr'>vias</span> 
     </span>
    </p>
   </div>
   <div class='ocr_carea' id='block_1_82' title="bbox 2133 3605 3778 3676">
    <p class='ocr_par' dir='ltr' id='par_1_82' title="bbox 2133 3605 3778 3676">
     <span class='ocr_line' id='line_1_82' title="bbox 2133 3605 3778 3676; baseline -0.004 -13"><span class='ocrx_word' id='word_1_614' title='bbox 2133 3624 2278 3663; x_wconf 89' lang='lat' dir='ltr'>meas</span> <span class='ocrx_word' id='word_1_615' title='bbox 2308 3607 2538 3662; x_wconf 88' lang='lat' dir='ltr'>volunt:</span> <span class='ocrx_word' id='word_1_616' title='bbox 2559 3606 2719 3676; x_wconf 85' lang='lat' dir='ltr'>quasi</span> <span class='ocrx_word' id='word_1_617' title='bbox 2744 3620 2873 3675; x_wconf 83' lang='lat' dir='ltr'>gens</span> <span class='ocrx_word' id='word_1_618' title='bbox 2903 3618 3027 3676; x_wconf 68' lang='lat' dir='ltr'>quae</span> <span class='ocrx_word' id='word_1_619' title='bbox 3043 3605 3322 3676; x_wconf 84' lang='lat' dir='ltr'>justitiam</span> <span class='ocrx_word' id='word_1_620' title='bbox 3351 3605 3564 3673; x_wconf 80' lang='lat' dir='ltr'>fecerit,</span> <span class='ocrx_word' id='word_1_621' title='bbox 3604 3606 3656 3658; x_wconf 87' lang='lat' dir='ltr'>et</span> <span class='ocrx_word' id='word_1_622' title='bbox 3677 3605 3778 3674; x_wconf 89' lang='lat' dir='ltr'>ju-</span> 
     </span>
    </p>
   </div>
   <div class='ocr_carea' id='block_1_83' title="bbox 2133 3691 3778 3765">
    <p class='ocr_par' dir='ltr' id='par_1_83' title="bbox 2133 3691 3778 3765">
     <span class='ocr_line' id='line_1_83' title="bbox 2133 3691 3778 3765; baseline -0.004 -14"><span class='ocrx_word' id='word_1_623' title='bbox 2133 3696 2338 3752; x_wconf 84' lang='lat' dir='ltr'>dicium</span> <span class='ocrx_word' id='word_1_624' title='bbox 2369 3696 2464 3751; x_wconf 88' lang='lat' dir='ltr'>Dei</span> <span class='ocrx_word' id='word_1_625' title='bbox 2490 3696 2581 3750; x_wconf 84' lang='lat' dir='ltr'>sui</span> <span class='ocrx_word' id='word_1_626' title='bbox 2608 3710 2717 3749; x_wconf 87' lang='lat' dir='ltr'>non</span> <span class='ocrx_word' id='word_1_627' title='bbox 2747 3694 3073 3765; x_wconf 85' lang='lat' dir='ltr'>reliquerit:</span> <span class='ocrx_word' id='word_1_628' title='bbox 3096 3697 3287 3764; x_wconf 86' lang='lat' dir='ltr'>rogant</span> <span class='ocrx_word' id='word_1_629' title='bbox 3315 3708 3403 3747; x_wconf 88' lang='lat' dir='ltr'>me</span> <span class='ocrx_word' id='word_1_630' title='bbox 3407 3691 3635 3763; x_wconf 84' lang='lat' dir='ltr'>judicia</span> <span class='ocrx_word' id='word_1_631' title='bbox 3652 3691 3778 3761; x_wconf 85' lang='lat' dir='ltr'>jus-</span> 
     </span>
    </p>
   </div>
   <div class='ocr_carea' id='block_1_84' title="bbox 2134 3780 3835 3856">
    <p class='ocr_par' dir='ltr' id='par_1_84' title="bbox 2134 3780 3835 3856">
     <span class='ocr_line' id='line_1_84' title="bbox 2134 3780 3835 3856; baseline -0.006 -14"><span class='ocrx_word' id='word_1_632' title='bbox 2134 3786 2298 3853; x_wconf 65' lang='lat' dir='ltr'>titiae,</span> <span class='ocrx_word' id='word_1_633' title='bbox 2334 3785 2777 3856; x_wconf 84' lang='lat' dir='ltr'>appropinquare</span> <span class='ocrx_word' id='word_1_634' title='bbox 2802 3784 2910 3838; x_wconf 90' lang='lat' dir='ltr'>Deo</span> <span class='ocrx_word' id='word_1_635' title='bbox 2958 3783 3145 3838; x_wconf 88' lang='lat' dir='ltr'>volunt</span> <span class='ocrx_word' id='word_1_636' title='bbox 3176 3783 3325 3853; x_wconf 91' lang='lat' dir='ltr'>(Isai.</span> <span class='ocrx_word' id='word_1_637' title='bbox 3359 3797 3514 3849; x_wconf 83' lang='lat' dir='ltr'>Lvm,</span> <span class='ocrx_word' id='word_1_638' title='bbox 3550 3780 3599 3851; x_wconf 91' lang='grc'>1)</span> <span class='ocrx_word' id='word_1_639' title='bbox 3644 3821 3655 3832; x_wconf 94' lang='grc'><strong><em>.</em></strong></span> <span class='ocrx_word' id='word_1_640' title='bbox 3703 3821 3714 3832; x_wconf 94' lang='grc'><strong>.</strong></span> <span class='ocrx_word' id='word_1_641' title='bbox 3760 3819 3774 3832; x_wconf 94' lang='grc'><strong>.</strong></span> <span class='ocrx_word' id='word_1_642' title='bbox 3825 3802 3835 3810; x_wconf 87' lang='grc'><strong>·</strong></span> 
     </span>
    </p>
   </div>
   <div class='ocr_carea' id='block_1_85' title="bbox 2139 3870 3780 3941">
    <p class='ocr_par' dir='ltr' id='par_1_85' title="bbox 2139 3870 3780 3941">
     <span class='ocr_line' id='line_1_85' title="bbox 2139 3870 3780 3941; baseline -0.006 -11"><span class='ocrx_word' id='word_1_643' title='bbox 2139 3918 2151 3931; x_wconf 93' lang='grc'><em>.</em></span> <span class='ocrx_word' id='word_1_644' title='bbox 2200 3916 2211 3929; x_wconf 95' lang='grc'><strong>.</strong></span> <span class='ocrx_word' id='word_1_645' title='bbox 2259 3917 2271 3930; x_wconf 93' lang='grc'><strong>.</strong></span> <span class='ocrx_word' id='word_1_646' title='bbox 2317 3915 2330 3930; x_wconf 93' lang='grc'><strong>.</strong></span> <span class='ocrx_word' id='word_1_647' title='bbox 2376 3915 2388 3928; x_wconf 90' lang='grc'><strong>.</strong></span> <span class='ocrx_word' id='word_1_648' title='bbox 2423 3875 2492 3928; x_wconf 89' lang='lat' dir='ltr'>Et</span> <span class='ocrx_word' id='word_1_649' title='bbox 2522 3889 2765 3928; x_wconf 89' lang='lat' dir='ltr'>rursus:</span> <span class='ocrx_word' id='word_1_650' title='bbox 2793 3871 2899 3926; x_wconf 89' lang='lat' dir='ltr'>Sed</span> <span class='ocrx_word' id='word_1_651' title='bbox 2922 3879 2972 3927; x_wconf 91' lang='lat' dir='ltr'>et</span> <span class='ocrx_word' id='word_1_652' title='bbox 3013 3874 3063 3926; x_wconf 91' lang='lat' dir='ltr'>si</span> <span class='ocrx_word' id='word_1_653' title='bbox 3091 3870 3221 3941; x_wconf 84' lang='lat' dir='ltr'>quid</span> <span class='ocrx_word' id='word_1_654' title='bbox 3248 3870 3515 3941; x_wconf 85' lang='lat' dir='ltr'>patimini</span> <span class='ocrx_word' id='word_1_655' title='bbox 3555 3870 3780 3939; x_wconf 88' lang='lat' dir='ltr'>propter</span> 
     </span>
    </p>
   </div>
   <div class='ocr_carea' id='block_1_86' title="bbox 2126 3957 3774 4036">
    <p class='ocr_par' dir='ltr' id='par_1_86' title="bbox 2126 3957 3774 4036">
     <span class='ocr_line' id='line_1_86' title="bbox 2126 3957 3774 4036; baseline -0.005 -17"><span class='ocrx_word' id='word_1_656' title='bbox 2126 3964 2423 4036; x_wconf 85' lang='lat' dir='ltr'>justitiam,</span> <span class='ocrx_word' id='word_1_657' title='bbox 2485 3963 2628 4017; x_wconf 87' lang='lat' dir='ltr'>beati</span> <span class='ocrx_word' id='word_1_658' title='bbox 2673 3963 2828 4017; x_wconf 89' lang='lat' dir='ltr'>eritis</span> <span class='ocrx_word' id='word_1_659' title='bbox 2872 3962 2918 4031; x_wconf 79' lang='grc' dir='ltr'>(Ι</span> <span class='ocrx_word' id='word_1_660' title='bbox 2942 3962 3058 4015; x_wconf 86' lang='lat' dir='ltr'>Pet.</span> <span class='ocrx_word' id='word_1_661' title='bbox 3114 3976 3197 4024; x_wconf 86' lang='grc' dir='ltr'>ιιι,</span> <span class='ocrx_word' id='word_1_662' title='bbox 3231 3959 3357 4029; x_wconf 81' lang='grc'>14);</span> <span class='ocrx_word' id='word_1_663' title='bbox 3417 3962 3472 4012; x_wconf 90' lang='lat' dir='ltr'>et</span> <span class='ocrx_word' id='word_1_664' title='bbox 3521 3957 3774 4012; x_wconf 89' lang='lat' dir='ltr'>iterum:</span> 
     </span>
    </p>
   </div>
   <div class='ocr_carea' id='block_1_87' title="bbox 2139 4045 3777 4117">
    <p class='ocr_par' dir='ltr' id='par_1_87' title="bbox 2139 4045 3777 4117">
     <span class='ocr_line' id='line_1_87' title="bbox 2139 4045 3777 4117; baseline -0.006 -9"><span class='ocrx_word' id='word_1_665' title='bbox 2139 4055 2403 4109; x_wconf 87' lang='lat' dir='ltr'>Timorem</span> <span class='ocrx_word' id='word_1_666' title='bbox 2432 4067 2541 4106; x_wconf 85' lang='lat' dir='ltr'>non</span> <span class='ocrx_word' id='word_1_667' title='bbox 2563 4051 2891 4117; x_wconf 86' lang='lat' dir='ltr'>timueritis,</span> <span class='ocrx_word' id='word_1_668' title='bbox 2922 4052 2973 4105; x_wconf 85' lang='lat' dir='ltr'>et</span> <span class='ocrx_word' id='word_1_669' title='bbox 3002 4064 3112 4104; x_wconf 83' lang='lat' dir='ltr'>non</span> <span class='ocrx_word' id='word_1_670' title='bbox 3138 4047 3539 4103; x_wconf 84' lang='lat' dir='ltr'>conturbemini</span> <span class='ocrx_word' id='word_1_671' title='bbox 3571 4045 3777 4117; x_wconf 88' lang='lat' dir='ltr'>(Ibid.).</span> 
     </span>
    </p>
   </div>
   <div class='ocr_carea' id='block_1_88' title="bbox 2137 4135 3782 4210">
    <p class='ocr_par' dir='ltr' id='par_1_88' title="bbox 2137 4135 3782 4210">
     <span class='ocr_line' id='line_1_88' title="bbox 2137 4135 3782 4210; baseline -0.006 -12"><span class='ocrx_word' id='word_1_672' title='bbox 2137 4142 2281 4198; x_wconf 89' lang='lat' dir='ltr'>Cum</span> <span class='ocrx_word' id='word_1_673' title='bbox 2305 4140 2459 4195; x_wconf 88' lang='lat' dir='ltr'>enim</span> <span class='ocrx_word' id='word_1_674' title='bbox 2485 4138 2905 4210; x_wconf 88' lang='lat' dir='ltr'>subjectionem</span> <span class='ocrx_word' id='word_1_675' title='bbox 2920 4136 3089 4192; x_wconf 89' lang='lat' dir='ltr'>nobis</span> <span class='ocrx_word' id='word_1_676' title='bbox 3104 4137 3436 4207; x_wconf 89' lang='lat' dir='ltr'>imperaret,</span> <span class='ocrx_word' id='word_1_677' title='bbox 3452 4135 3532 4190; x_wconf 91' lang='lat' dir='ltr'>ait</span> <span class='ocrx_word' id='word_1_678' title='bbox 3546 4138 3782 4207; x_wconf 88' lang='lat' dir='ltr'>propter</span> 
     </span>
    </p>
   </div>
   <div class='ocr_carea' id='block_1_89' title="bbox 2136 4223 3775 4298">
    <p class='ocr_par' dir='ltr' id='par_1_89' title="bbox 2136 4223 3775 4298">
     <span class='ocr_line' id='line_1_89' title="bbox 2136 4223 3775 4298; baseline -0.005 -13"><span class='ocrx_word' id='word_1_679' title='bbox 2136 4230 2322 4285; x_wconf 86' lang='lat' dir='ltr'>Deum</span> <span class='ocrx_word' id='word_1_680' title='bbox 2352 4246 2365 4295; x_wconf 91' lang='lat'><strong>;</strong></span> <span class='ocrx_word' id='word_1_681' title='bbox 2401 4226 2539 4297; x_wconf 89' lang='lat' dir='ltr'>quia</span> <span class='ocrx_word' id='word_1_682' title='bbox 2567 4229 2771 4298; x_wconf 81' lang='lat' dir='ltr'>praeter</span> <span class='ocrx_word' id='word_1_683' title='bbox 2800 4240 2933 4281; x_wconf 90' lang='lat' dir='ltr'>eum</span> <span class='ocrx_word' id='word_1_684' title='bbox 2967 4223 3045 4279; x_wconf 90' lang='lat' dir='ltr'>nil</span> <span class='ocrx_word' id='word_1_685' title='bbox 3078 4223 3245 4279; x_wconf 90' lang='lat' dir='ltr'>nobis</span> <span class='ocrx_word' id='word_1_686' title='bbox 3276 4224 3479 4279; x_wconf 89' lang='lat' dir='ltr'>intend</span> <span class='ocrx_word' id='word_1_687' title='bbox 3523 4264 3535 4278; x_wconf 93' lang='lat'>.</span> <span class='ocrx_word' id='word_1_688' title='bbox 3583 4265 3595 4277; x_wconf 95' lang='lat'>.</span> <span class='ocrx_word' id='word_1_689' title='bbox 3642 4264 3654 4276; x_wconf 94' lang='lat'>.</span> <span class='ocrx_word' id='word_1_690' title='bbox 3704 4266 3715 4277; x_wconf 95' lang='lat'>.</span> <span class='ocrx_word' id='word_1_691' title='bbox 3764 4265 3775 4277; x_wconf 97' lang='lat'>.</span> 
     </span>
    </p>
   </div>
   <div class='ocr_carea' id='block_1_90' title="bbox 2138 4314 3783 4386">
    <p class='ocr_par' dir='ltr' id='par_1_90' title="bbox 2138 4314 3783 4386">
     <span class='ocr_line' id='line_1_90' title="bbox 2138 4314 3783 4386; baseline -0.005 -12"><span class='ocrx_word' id='word_1_692' title='bbox 2138 4321 2263 4374; x_wconf 88' lang='lat' dir='ltr'>arte</span> <span class='ocrx_word' id='word_1_693' title='bbox 2295 4315 2737 4386; x_wconf 88' lang='lat' dir='ltr'>compellamur.</span> <span class='ocrx_word' id='word_1_694' title='bbox 2776 4315 2842 4369; x_wconf 86' lang='lat' dir='ltr'>Et</span> <span class='ocrx_word' id='word_1_695' title='bbox 2872 4330 3113 4369; x_wconf 91' lang='lat' dir='ltr'>rursus:</span> <span class='ocrx_word' id='word_1_696' title='bbox 3148 4314 3317 4368; x_wconf 90' lang='lat' dir='ltr'>Deum</span> <span class='ocrx_word' id='word_1_697' title='bbox 3348 4315 3549 4379; x_wconf 87' lang='lat' dir='ltr'>timete,</span> <span class='ocrx_word' id='word_1_698' title='bbox 3600 4327 3783 4379; x_wconf 85' lang='lat' dir='ltr'>regem</span> 
     </span>
    </p>
   </div>
   <div class='ocr_carea' id='block_1_91' title="bbox 2137 4400 3782 4475">
    <p class='ocr_par' dir='ltr' id='par_1_91' title="bbox 2137 4400 3782 4475">
     <span class='ocr_line' id='line_1_91' title="bbox 2137 4400 3782 4475; baseline -0.004 -16"><span class='ocrx_word' id='word_1_699' title='bbox 2137 4405 2490 4475; x_wconf 84' lang='lat' dir='ltr'>honoriﬁcate</span> <span class='ocrx_word' id='word_1_700' title='bbox 2519 4406 2565 4474; x_wconf 93' lang='lat' dir='ltr'>(I</span> <span class='ocrx_word' id='word_1_701' title='bbox 2592 4405 2738 4459; x_wconf 84' lang='lat' dir='ltr'>Peir.</span> <span class='ocrx_word' id='word_1_702' title='bbox 2775 4421 2835 4468; x_wconf 92' lang='lat'><strong>11,</strong></span> <span class='ocrx_word' id='word_1_703' title='bbox 2870 4403 2978 4473; x_wconf 86' lang='lat'>17).</span> <span class='ocrx_word' id='word_1_704' title='bbox 3026 4401 3174 4467; x_wconf 89' lang='lat' dir='ltr'>Quia</span> <span class='ocrx_word' id='word_1_705' title='bbox 3224 4401 3306 4456; x_wconf 89' lang='lat' dir='ltr'>sic</span> <span class='ocrx_word' id='word_1_706' title='bbox 3353 4417 3449 4456; x_wconf 91' lang='lat' dir='ltr'>rex</span> <span class='ocrx_word' id='word_1_707' title='bbox 3501 4400 3782 4456; x_wconf 87' lang='lat' dir='ltr'>honoriﬁ-</span> 
     </span>
    </p>
   </div>
   <div class='ocr_carea' id='block_1_92' title="bbox 2139 4487 3784 4563">
    <p class='ocr_par' dir='ltr' id='par_1_92' title="bbox 2139 4487 3784 4563">
     <span class='ocr_line' id='line_1_92' title="bbox 2139 4487 3784 4563; baseline -0.006 -12"><span class='ocrx_word' id='word_1_708' title='bbox 2139 4494 2363 4551; x_wconf 88' lang='lat' dir='ltr'>candus</span> <span class='ocrx_word' id='word_1_709' title='bbox 2394 4498 2502 4560; x_wconf 87' lang='lat' dir='ltr'>est,</span> <span class='ocrx_word' id='word_1_710' title='bbox 2531 4498 2594 4547; x_wconf 91' lang='lat' dir='ltr'>ut</span> <span class='ocrx_word' id='word_1_711' title='bbox 2618 4492 2718 4547; x_wconf 91' lang='lat' dir='ltr'>Dei</span> <span class='ocrx_word' id='word_1_712' title='bbox 2742 4491 2917 4546; x_wconf 87' lang='lat' dir='ltr'>timor</span> <span class='ocrx_word' id='word_1_713' title='bbox 2952 4490 3272 4563; x_wconf 70' lang='lat' dir='ltr'>praecedere</span> <span class='ocrx_word' id='word_1_714' title='bbox 3300 4488 3585 4544; x_wconf 87' lang='lat' dir='ltr'>videatur.</span> <span class='ocrx_word' id='word_1_715' title='bbox 3620 4487 3784 4542; x_wconf 92' lang='lat' dir='ltr'>Unde</span> 
     </span>
    </p>
   </div>
   <div class='ocr_carea' id='block_1_93' title="bbox 587 4576 3783 4658">
    <p class='ocr_par' dir='ltr' id='par_1_93' title="bbox 587 4576 3783 4658">
     <span class='ocr_line' id='line_1_93' title="bbox 587 4576 3783 4658; baseline -0.002 -22"><span class='ocrx_word' id='word_1_716' title='bbox 587 4624 598 4635; x_wconf 94' lang='lat'>.</span> <span class='ocrx_word' id='word_1_717' title='bbox 683 4582 1074 4655; x_wconf 87' lang='lat' dir='ltr'>.exemplum,</span> <span class='ocrx_word' id='word_1_718' title='bbox 1104 4588 1165 4638; x_wconf 93' lang='lat' dir='ltr'>ut</span> <span class='ocrx_word' id='word_1_719' title='bbox 1196 4601 1298 4657; x_wconf 92' lang='lat' dir='ltr'>spe</span> <span class='ocrx_word' id='word_1_720' title='bbox 1327 4585 1707 4658; x_wconf 78' lang='lat' dir='ltr'>eleemosynee</span> <span class='ocrx_word' id='word_1_721' title='bbox 1734 4585 2030 4653; x_wconf 60' lang='lat' dir='ltr'>facienda,</span> <span class='ocrx_word' id='word_1_722' title='bbox 2063 4588 2110 4653; x_wconf 89' lang='lat' dir='ltr'>D</span> <span class='ocrx_word' id='word_1_723' title='bbox 2141 4588 2198 4640; x_wconf 90' lang='lat' dir='ltr'>et</span> <span class='ocrx_word' id='word_1_724' title='bbox 2228 4581 2756 4638; x_wconf 85' lang='lat' dir='ltr'>remunerationem</span> <span class='ocrx_word' id='word_1_725' title='bbox 2790 4579 3135 4650; x_wconf 87' lang='lat' dir='ltr'>promittens</span> <span class='ocrx_word' id='word_1_726' title='bbox 3166 4594 3300 4633; x_wconf 82' lang='lat' dir='ltr'>mox</span> <span class='ocrx_word' id='word_1_727' title='bbox 3327 4576 3579 4647; x_wconf 86' lang='lat' dir='ltr'>adjecit:</span> <span class='ocrx_word' id='word_1_728' title='bbox 3614 4576 3714 4632; x_wconf 89' lang='lat' dir='ltr'>Sed</span> <span class='ocrx_word' id='word_1_729' title='bbox 3730 4584 3783 4630; x_wconf 87' lang='lat' dir='ltr'>et</span> 
     </span>
    </p>
   </div>
   <div class='ocr_carea' id='block_1_94' title="bbox 391 4669 2030 4746">
    <p class='ocr_par' dir='ltr' id='par_1_94' title="bbox 391 4669 2030 4746">
     <span class='ocr_line' id='line_1_94' title="bbox 391 4669 2030 4746; baseline 0.002 -22"><span class='ocrx_word' id='word_1_730' title='bbox 391 4669 433 4725; x_wconf 94' lang='lat' dir='ltr'>l.</span> <span class='ocrx_word' id='word_1_731' title='bbox 513 4713 525 4725; x_wconf 95' lang='lat'>.</span> <span class='ocrx_word' id='word_1_732' title='bbox 608 4714 619 4725; x_wconf 94' lang='lat'>.</span> <span class='ocrx_word' id='word_1_733' title='bbox 703 4714 714 4726; x_wconf 94' lang='lat'>.</span> <span class='ocrx_word' id='word_1_734' title='bbox 799 4716 810 4727; x_wconf 96' lang='lat'>.</span> <span class='ocrx_word' id='word_1_735' title='bbox 894 4714 905 4726; x_wconf 94' lang='lat'>.</span> <span class='ocrx_word' id='word_1_736' title='bbox 989 4672 1296 4729; x_wconf 87' lang='lat' dir='ltr'>.laudatus</span> <span class='ocrx_word' id='word_1_737' title='bbox 1328 4678 1436 4740; x_wconf 90' lang='lat' dir='ltr'>est,</span> <span class='ocrx_word' id='word_1_738' title='bbox 1471 4676 1569 4730; x_wconf 91' lang='lat' dir='ltr'>sed</span> <span class='ocrx_word' id='word_1_739' title='bbox 1603 4675 1671 4730; x_wconf 90' lang='lat' dir='ltr'>de</span> <span class='ocrx_word' id='word_1_740' title='bbox 1702 4674 2030 4746; x_wconf 88' lang='lat' dir='ltr'>prudentia.</span> 
     </span>
    </p>
   </div>
   <div class='ocr_carea' id='block_1_95' title="bbox 390 4759 2024 4820">
    <p class='ocr_par' dir='ltr' id='par_1_95' title="bbox 390 4759 2024 4820">
     <span class='ocr_line' id='line_1_95' title="bbox 390 4759 2024 4820; baseline 0.002 -6"><span class='ocrx_word' id='word_1_741' title='bbox 390 4759 1078 4817; x_wconf 87' lang='lat' dir='ltr'>Namsidebonitate.</span> <span class='ocrx_word' id='word_1_742' title='bbox 1161 4804 1172 4817; x_wconf 91' lang='lat'>.</span> <span class='ocrx_word' id='word_1_743' title='bbox 1256 4804 1266 4816; x_wconf 93' lang='lat'>.</span> <span class='ocrx_word' id='word_1_744' title='bbox 1350 4806 1362 4819; x_wconf 94' lang='lat'>.</span> <span class='ocrx_word' id='word_1_745' title='bbox 1445 4806 1456 4818; x_wconf 92' lang='lat'>.</span> <span class='ocrx_word' id='word_1_746' title='bbox 1535 4804 1550 4820; x_wconf 94' lang='lat'>.</span> <span class='ocrx_word' id='word_1_747' title='bbox 1635 4805 1646 4817; x_wconf 96' lang='lat'>.</span> <span class='ocrx_word' id='word_1_748' title='bbox 1729 4805 1740 4817; x_wconf 96' lang='lat'>.</span> <span class='ocrx_word' id='word_1_749' title='bbox 1824 4806 1835 4818; x_wconf 90' lang='lat'>.</span> <span class='ocrx_word' id='word_1_750' title='bbox 1918 4804 1929 4816; x_wconf 97' lang='lat'>.</span> <span class='ocrx_word' id='word_1_751' title='bbox 2012 4806 2024 4818; x_wconf 94' lang='lat'>.</span> 
     </span>
    </p>
   </div>
   <div class='ocr_carea' id='block_1_96' title="bbox 396 4852 2028 4921">
    <p class='ocr_par' dir='ltr' id='par_1_96' title="bbox 396 4852 2028 4921">
     <span class='ocr_line' id='line_1_96' title="bbox 396 4852 2028 4921; baseline 0.001 -17"><span class='ocrx_word' id='word_1_752' title='bbox 396 4890 409 4904; x_wconf 95' lang='lat'>.</span> <span class='ocrx_word' id='word_1_753' title='bbox 492 4891 504 4904; x_wconf 91' lang='lat'>.</span> <span class='ocrx_word' id='word_1_754' title='bbox 587 4892 599 4904; x_wconf 94' lang='lat'>.</span> <span class='ocrx_word' id='word_1_755' title='bbox 680 4890 694 4904; x_wconf 95' lang='lat'>.</span> <span class='ocrx_word' id='word_1_756' title='bbox 776 4892 788 4905; x_wconf 94' lang='lat'>.</span> <span class='ocrx_word' id='word_1_757' title='bbox 872 4893 883 4905; x_wconf 93' lang='lat'>.</span> <span class='ocrx_word' id='word_1_758' title='bbox 967 4891 980 4907; x_wconf 91' lang='lat'>.</span> <span class='ocrx_word' id='word_1_759' title='bbox 1059 4867 1212 4907; x_wconf 89' lang='lat' dir='ltr'>.non</span> <span class='ocrx_word' id='word_1_760' title='bbox 1244 4857 1568 4918; x_wconf 88' lang='lat' dir='ltr'>vocaretur,</span> <span class='ocrx_word' id='word_1_761' title='bbox 1611 4852 2028 4921; x_wconf 88' lang='lat' dir='ltr'>scdineoejus</span> 
     </span>
    </p>
   </div>
   <div class='ocr_carea' id='block_1_97' title="bbox 387 4937 1467 5012">
    <p class='ocr_par' dir='ltr' id='par_1_97' title="bbox 387 4937 1467 5012">
     <span class='ocr_line' id='line_1_97' title="bbox 387 4937 1467 5012; baseline 0.002 -20"><span class='ocrx_word' id='word_1_762' title='bbox 387 4937 1000 5011; x_wconf 86' lang='lat' dir='ltr'>laudaturprudentia,</span> <span class='ocrx_word' id='word_1_763' title='bbox 1022 4942 1159 5011; x_wconf 91' lang='lat' dir='ltr'>quia</span> <span class='ocrx_word' id='word_1_764' title='bbox 1172 4942 1467 5012; x_wconf 84' lang='lat' dir='ltr'>prospexit</span> 
     </span>
    </p>
   </div>
   <div class='ocr_carea' id='block_1_98' title="bbox 391 5027 2026 5097">
    <p class='ocr_par' dir='ltr' id='par_1_98' title="bbox 391 5027 2026 5097">
     <span class='ocr_line' id='line_1_98' title="bbox 391 5027 2026 5097; baseline -0.001 -15"><span class='ocrx_word' id='word_1_765' title='bbox 391 5044 425 5082; x_wconf 88' lang='lat' dir='ltr'>a</span> <span class='ocrx_word' id='word_1_766' title='bbox 456 5027 623 5083; x_wconf 91' lang='lat' dir='ltr'>nobis</span> <span class='ocrx_word' id='word_1_767' title='bbox 654 5028 1004 5083; x_wconf 89' lang='lat' dir='ltr'>imitandum</span> <span class='ocrx_word' id='word_1_768' title='bbox 1039 5033 1148 5083; x_wconf 88' lang='lat' dir='ltr'>est.</span> <span class='ocrx_word' id='word_1_769' title='bbox 1185 5028 1372 5083; x_wconf 90' lang='lat' dir='ltr'>Villici</span> <span class='ocrx_word' id='word_1_770' title='bbox 1404 5045 1543 5083; x_wconf 88' lang='lat' dir='ltr'>sane</span> <span class='ocrx_word' id='word_1_771' title='bbox 1564 5043 1767 5083; x_wconf 88' lang='lat' dir='ltr'>omnes</span> <span class='ocrx_word' id='word_1_772' title='bbox 1798 5042 2026 5097; x_wconf 89' lang='lat' dir='ltr'>sumus,</span> 
     </span>
    </p>
   </div>
   <div class='ocr_carea' id='block_1_99' title="bbox 392 5116 2028 5156">
    <p class='ocr_par' dir='ltr' id='par_1_99' title="bbox 392 5116 2028 5156">
     <span class='ocr_line' id='line_1_99' title="bbox 392 5116 2028 5156; baseline 0 0"><span class='ocrx_word' id='word_1_773' title='bbox 392 5116 524 5156; x_wconf 69' lang='lat' dir='ltr'>nnis:</span> <span class='ocrx_word' id='word_1_774' title='bbox 561 5117 1055 5156; x_wconf 70' lang='lat' dir='ltr'>diunnncntinnnm</span> <span class='ocrx_word' id='word_1_775' title='bbox 1114 5117 1543 5156; x_wconf 66' lang='lat' dir='ltr'>“nmininnrnm</span> <span class='ocrx_word' id='word_1_776' title='bbox 1599 5133 1789 5156; x_wconf 65' lang='lat' dir='ltr'>norum</span> <span class='ocrx_word' id='word_1_777' title='bbox 1826 5130 2028 5156; x_wconf 72' lang='lat' dir='ltr'>nmnan</span> 
     </span>
    </p>
   </div>
   <div class='ocr_carea' id='block_1_100' title="bbox 2142 4664 3781 4743">
    <p class='ocr_par' dir='ltr' id='par_1_100' title="bbox 2142 4664 3781 4743">
     <span class='ocr_line' id='line_1_100' title="bbox 2142 4664 3781 4743; baseline -0.007 -14"><span class='ocrx_word' id='word_1_778' title='bbox 2142 4674 2194 4729; x_wconf 87' lang='lat' dir='ltr'>si</span> <span class='ocrx_word' id='word_1_779' title='bbox 2223 4671 2355 4743; x_wconf 86' lang='lat' dir='ltr'>quid</span> <span class='ocrx_word' id='word_1_780' title='bbox 2377 4670 2645 4741; x_wconf 84' lang='lat' dir='ltr'>patimini</span> <span class='ocrx_word' id='word_1_781' title='bbox 2658 4672 2883 4739; x_wconf 84' lang='lat' dir='ltr'>propter</span> <span class='ocrx_word' id='word_1_782' title='bbox 2903 4668 3203 4737; x_wconf 85' lang='lat' dir='ltr'>justitiam,</span> <span class='ocrx_word' id='word_1_783' title='bbox 3227 4666 3371 4720; x_wconf 86' lang='lat' dir='ltr'>beati</span> <span class='ocrx_word' id='word_1_784' title='bbox 3399 4666 3555 4719; x_wconf 87' lang='lat' dir='ltr'>eritis</span> <span class='ocrx_word' id='word_1_785' title='bbox 3576 4664 3781 4736; x_wconf 68' lang='lat' dir='ltr'>(Ibid);</span> 
     </span>
    </p>
   </div>
   <div class='ocr_carea' id='block_1_101' title="bbox 2137 4755 3781 4819">
    <p class='ocr_par' dir='ltr' id='par_1_101' title="bbox 2137 4755 3781 4819">
     <span class='ocr_line' id='line_1_101' title="bbox 2137 4755 3781 4819; baseline -0.007 -2"><span class='ocrx_word' id='word_1_786' title='bbox 2137 4766 2198 4817; x_wconf 90' lang='lat' dir='ltr'>et</span> <span class='ocrx_word' id='word_1_787' title='bbox 2249 4760 2426 4813; x_wconf 89' lang='lat' dir='ltr'>item:</span> <span class='ocrx_word' id='word_1_788' title='bbox 2498 4758 2769 4812; x_wconf 87' lang='lat' dir='ltr'>Timorem</span> <span class='ocrx_word' id='word_1_789' title='bbox 2826 4758 3008 4811; x_wconf 88' lang='lat' dir='ltr'>autem</span> <span class='ocrx_word' id='word_1_790' title='bbox 3064 4771 3133 4810; x_wconf 83' lang='lat' dir='ltr'>ne</span> <span class='ocrx_word' id='word_1_791' title='bbox 3190 4755 3510 4819; x_wconf 89' lang='lat' dir='ltr'>timueritis,</span> <span class='ocrx_word' id='word_1_792' title='bbox 3570 4762 3621 4808; x_wconf 87' lang='lat' dir='ltr'>et</span> <span class='ocrx_word' id='word_1_793' title='bbox 3671 4768 3781 4807; x_wconf 84' lang='lat' dir='ltr'>non</span> 
     </span>
    </p>
   </div>
   <div class='ocr_carea' id='block_1_102' title="bbox 2137 4840 3778 4916">
    <p class='ocr_par' dir='ltr' id='par_1_102' title="bbox 2137 4840 3778 4916">
     <span class='ocr_line' id='line_1_102' title="bbox 2137 4840 3778 4916; baseline -0.005 -13"><span class='ocrx_word' id='word_1_794' title='bbox 2137 4847 2538 4903; x_wconf 86' lang='lat' dir='ltr'>conturbemini</span> <span class='ocrx_word' id='word_1_795' title='bbox 2569 4845 2781 4916; x_wconf 87' lang='lat' dir='ltr'>(lbid.).</span> <span class='ocrx_word' id='word_1_796' title='bbox 2806 4848 2871 4899; x_wconf 86' lang='lat' dir='ltr'>Et</span> <span class='ocrx_word' id='word_1_797' title='bbox 2902 4844 3111 4899; x_wconf 88' lang='lat' dir='ltr'>beatus</span> <span class='ocrx_word' id='word_1_798' title='bbox 3138 4842 3353 4897; x_wconf 91' lang='lat' dir='ltr'>Paulus</span> <span class='ocrx_word' id='word_1_799' title='bbox 3382 4840 3687 4912; x_wconf 87' lang='lat' dir='ltr'>apostolus</span> <span class='ocrx_word' id='word_1_800' title='bbox 3708 4841 3778 4894; x_wconf 87' lang='lat' dir='ltr'>ad</span> 
     </span>
    </p>
   </div>
   <div class='ocr_carea' id='block_1_103' title="bbox 2138 4929 3779 5005">
    <p class='ocr_par' dir='ltr' id='par_1_103' title="bbox 2138 4929 3779 5005">
     <span class='ocr_line' id='line_1_103' title="bbox 2138 4929 3779 5005; baseline -0.005 -14"><span class='ocrx_word' id='word_1_801' title='bbox 2138 4936 2337 4991; x_wconf 90' lang='lat' dir='ltr'>Titum</span> <span class='ocrx_word' id='word_1_802' title='bbox 2364 4953 2376 4991; x_wconf 90' lang='lat'>:</span> <span class='ocrx_word' id='word_1_803' title='bbox 2410 4934 2647 4990; x_wconf 86' lang='lat' dir='ltr'>Admone</span> <span class='ocrx_word' id='word_1_804' title='bbox 2666 4934 2790 4989; x_wconf 87' lang='lat' dir='ltr'>illos</span> <span class='ocrx_word' id='word_1_805' title='bbox 2816 4934 3169 5005; x_wconf 85' lang='lat' dir='ltr'>principibus</span> <span class='ocrx_word' id='word_1_806' title='bbox 3200 4934 3250 4986; x_wconf 89' lang='lat' dir='ltr'>et</span> <span class='ocrx_word' id='word_1_807' title='bbox 3274 4931 3635 5001; x_wconf 80' lang='lat' dir='ltr'>potestatibus</span> <span class='ocrx_word' id='word_1_808' title='bbox 3654 4929 3779 4984; x_wconf 86' lang='lat' dir='ltr'>sub-</span> 
     </span>
    </p>
   </div>
   <div class='ocr_carea' id='block_1_104' title="bbox 2130 5018 3779 5096">
    <p class='ocr_par' dir='ltr' id='par_1_104' title="bbox 2130 5018 3779 5096">
     <span class='ocr_line' id='line_1_104' title="bbox 2130 5018 3779 5096; baseline -0.005 -16"><span class='ocrx_word' id='word_1_809' title='bbox 2130 5027 2299 5096; x_wconf 85' lang='lat' dir='ltr'>jectos</span> <span class='ocrx_word' id='word_1_810' title='bbox 2329 5040 2457 5091; x_wconf 87' lang='lat' dir='ltr'>esse,</span> <span class='ocrx_word' id='word_1_811' title='bbox 2490 5023 2629 5079; x_wconf 87' lang='lat' dir='ltr'>dicto</span> <span class='ocrx_word' id='word_1_812' title='bbox 2680 5022 2914 5088; x_wconf 89' lang='lat' dir='ltr'>obedire,</span> <span class='ocrx_word' id='word_1_813' title='bbox 2961 5020 3030 5075; x_wconf 89' lang='lat' dir='ltr'>ad</span> <span class='ocrx_word' id='word_1_814' title='bbox 3072 5036 3231 5075; x_wconf 85' lang='lat' dir='ltr'>omne</span> <span class='ocrx_word' id='word_1_815' title='bbox 3270 5035 3402 5090; x_wconf 88' lang='lat' dir='ltr'>opus</span> <span class='ocrx_word' id='word_1_816' title='bbox 3454 5018 3656 5073; x_wconf 85' lang='lat' dir='ltr'>bonum</span> <span class='ocrx_word' id='word_1_817' title='bbox 3679 5033 3779 5089; x_wconf 85' lang='lat' dir='ltr'>pa-</span> 
     </span>
    </p>
   </div>
   <div class='ocr_carea' id='block_1_105' title="bbox 2138 5106 3775 5156">
    <p class='ocr_par' dir='ltr' id='par_1_105' title="bbox 2138 5106 3775 5156">
     <span class='ocr_line' id='line_1_105' title="bbox 2138 5106 3775 5156; baseline 0 0"><span class='ocrx_word' id='word_1_818' title='bbox 2138 5123 2281 5156; x_wconf 60' lang='lat' dir='ltr'>rum:</span> <span class='ocrx_word' id='word_1_819' title='bbox 2310 5129 2420 5156; x_wconf 56' lang='lat' dir='ltr'>nam</span> <span class='ocrx_word' id='word_1_820' title='bbox 2452 5114 2571 5156; x_wconf 39' lang='lat' dir='ltr'>(Tit.</span> <span class='ocrx_word' id='word_1_821' title='bbox 2606 5128 2670 5156; x_wconf 84' lang='grc' dir='ltr'>ιῐῐ</span> <span class='ocrx_word' id='word_1_822' title='bbox 2728 5112 2799 5156; x_wconf 72' lang='grc' dir='ltr'>Η-</span> <span class='ocrx_word' id='word_1_823' title='bbox 2835 5109 2998 5156; x_wconf 73' lang='lat' dir='ltr'>Unde</span> <span class='ocrx_word' id='word_1_824' title='bbox 3023 5108 3101 5156; x_wconf 79' lang='lat' dir='ltr'>ait</span> <span class='ocrx_word' id='word_1_825' title='bbox 3128 5112 3330 5156; x_wconf 75' lang='lat' dir='ltr'>beatus</span> <span class='ocrx_word' id='word_1_826' title='bbox 3351 5106 3737 5156; x_wconf 78' lang='lat' dir='ltr'>Hiernnvmus</span> <span class='ocrx_word' id='word_1_827' title='bbox 3762 5121 3775 5156; x_wconf 74' lang='grc' dir='ltr'>ζ</span> 
     </span>
    </p>
   </div>
  </div>
